|j|☆alter
|j|☆Chigusa_24zono
|t:|1757921113
|gametype|singles
|player|p1|alter|#labyrinthine|1526
|player|p2|Chigusa_24zono|lass|1486
|gen|9
|tier|[Gen 9] OU
|rated|
|rule|HP Percentage Mod: HP is shown in percentages
|rule|Endless Battle Clause: Forcing endless battles is banned
|rule|Species Clause: Limit one of each Pokémon
|rule|OHKO Clause: OHKO moves are banned
|rule|Evasion Items Clause: Evasion items are banned
|rule|Evasion Moves Clause: Evasion moves are banned
|rule|Evasion Abilities Clause: Evasion abilities are banned
|rule|Sleep Moves Clause: Sleep-inducing moves are banned
|clearpoke
|poke|p1|Volcanion|
|poke|p1|Iron Hands|
|poke|p1|Ursaluna, F|
|poke|p1|Cresselia, F|
|poke|p1|Hatterene, F|
|poke|p1|Porygon2|
|poke|p2|Ogerpon-Cornerstone, F|
|poke|p2|Pecharunt|
|poke|p2|Landorus-Therian, M|
|poke|p2|Latios, M|
|poke|p2|Kingambit, F|
|poke|p2|Hatterene, F|
|teampreview
|inactive|Battle timer is ON: inactive players will automatically lose when time's up. (requested by alter)
|
|t:|1757921120
|teamsize|p1|6
|teamsize|p2|6
|start
|switch|p1a: wallbreak #1|Iron Hands|100/100
|switch|p2a: Latios|Latios, M, shiny|100/100
|-enditem|p1a: wallbreak #1|Booster Energy
|-activate|p1a: wallbreak #1|ability: Quark Drive|[fromitem]
|-start|p1a: wallbreak #1|quarkdriveatk
|turn|1
|
|t:|1757921125
|move|p2a: Latios|Trick|p1a: wallbreak #1
|-activate|p2a: Latios|move: Trick|[of] p1a: wallbreak #1
|-item|p1a: wallbreak #1|Choice Scarf|[from] move: Trick
|-enditem|p2a: Latios|Choice Scarf|[silent]|[from] move: Trick
|move|p1a: wallbreak #1|Ice Punch|p2a: Latios
|-supereffective|p2a: Latios
|-damage|p2a: Latios|0 fnt
|faint|p2a: Latios
|
|upkeep
|
|t:|1757921132
|switch|p2a: Kingambit|Kingambit, F, shiny|100/100
|-activate|p2a: Kingambit|ability: Supreme Overlord
|-start|p2a: Kingambit|fallen1|[silent]
|turn|2
|
|t:|1757921141
|-end|p1a: wallbreak #1|Quark Drive|[silent]
|switch|p1a: no skill|Ursaluna, F|100/100
|move|p2a: Kingambit|Swords Dance|p2a: Kingambit
|-boost|p2a: Kingambit|atk|2
|
|-status|p1a: no skill|brn|[from] item: Flame Orb
|upkeep
|turn|3
|
|t:|1757921149
|move|p2a: Kingambit|Low Kick|p1a: no skill
|-supereffective|p1a: no skill
|-damage|p1a: no skill|0 fnt
|faint|p1a: no skill
|
|upkeep
|
|t:|1757921160
|switch|p1a: better bronz|Hatterene, F|100/100
|turn|4
|
|t:|1757921162
|move|p2a: Kingambit|Kowtow Cleave|p1a: better bronz
|-enditem|p1a: better bronz|Focus Sash
|-damage|p1a: better bronz|1/100
|move|p1a: better bronz|Trick Room|p1a: better bronz
|-fieldstart|move: Trick Room|[of] p1a: better bronz
|
|upkeep
|turn|5
|
|t:|1757921174
|move|p2a: Kingambit|Sucker Punch|p1a: better bronz
|-damage|p1a: better bronz|0 fnt
|faint|p1a: better bronz
|
|upkeep
|
|t:|1757921185
|switch|p1a: wallbreak #1|Iron Hands|100/100
|turn|6
|
|t:|1757921190
|-end|p2a: Kingambit|fallen1|[silent]
|switch|p2a: Hatterene|Hatterene, F, shiny|100/100
|move|p1a: wallbreak #1|Ice Punch|p2a: Hatterene
|-damage|p2a: Hatterene|65/100
|
|upkeep
|turn|7
|
|t:|1757921198
|-end|p1a: wallbreak #1|Quark Drive|[silent]
|switch|p1a: wall|Cresselia, F|100/100
|move|p2a: Hatterene|Nuzzle|p1a: wall
|-damage|p1a: wall|98/100
|-status|p1a: wall|par
|
|upkeep
|turn|8
|
|t:|1757921205
|switch|p2a: Kingambit|Kingambit, F, shiny|100/100
|-activate|p2a: Kingambit|ability: Supreme Overlord
|-start|p2a: Kingambit|fallen1|[silent]
|move|p1a: wall|Moonblast|p2a: Kingambit
|-damage|p2a: Kingambit|81/100
|
|-heal|p2a: Kingambit|87/100|[from] item: Leftovers
|-fieldend|move: Trick Room
|upkeep
|turn|9
|
|t:|1757921209
|move|p2a: Kingambit|Kowtow Cleave|p1a: wall
|-supereffective|p1a: wall
|-damage|p1a: wall|40/100 par
|move|p1a: wall|Trick Room|p1a: wall
|-fieldstart|move: Trick Room|[of] p1a: wall
|
|-heal|p2a: Kingambit|93/100|[from] item: Leftovers
|upkeep
|turn|10
|
|t:|1757921222
|cant|p1a: wall|par
|move|p2a: Kingambit|Kowtow Cleave|p1a: wall
|-supereffective|p1a: wall
|-damage|p1a: wall|0 fnt
|faint|p1a: wall
|
|-heal|p2a: Kingambit|99/100|[from] item: Leftovers
|upkeep
|
|t:|1757921224
|switch|p1a: basically wake|Volcanion|100/100
|turn|11
|
|t:|1757921229
|-end|p2a: Kingambit|fallen1|[silent]
|switch|p2a: Hatterene|Hatterene, F, shiny|65/100
|-terastallize|p1a: basically wake|Water
|move|p1a: basically wake|Steam Eruption|p2a: Hatterene
|-damage|p2a: Hatterene|0 fnt
|faint|p2a: Hatterene
|
|upkeep
|
|t:|1757921235
|switch|p2a: Ogerpon|Ogerpon-Cornerstone, F|100/100
|turn|12
|
|t:|1757921237
|move|p1a: basically wake|Steam Eruption|p2a: Ogerpon
|-ability|p2a: Ogerpon|Sturdy
|-damage|p2a: Ogerpon|1/100
|move|p2a: Ogerpon|Power Whip|p1a: basically wake
|-supereffective|p1a: basically wake
|-damage|p1a: basically wake|0 fnt
|faint|p1a: basically wake
|
|upkeep
|
|t:|1757921243
|switch|p1a: gen2 demon|Porygon2|100/100
|-ability|p1a: gen2 demon|Sturdy|Trace|[from] ability: Trace|[of] p2a: Ogerpon
|turn|13
|
|t:|1757921252
|switch|p2a: Pecharunt|Pecharunt|100/100
|move|p1a: gen2 demon|Thunderbolt|p2a: Pecharunt
|-damage|p2a: Pecharunt|81/100
|
|-fieldend|move: Trick Room
|upkeep
|turn|14
|
|t:|1757921256
|move|p2a: Pecharunt|Parting Shot|p1a: gen2 demon
|-unboost|p1a: gen2 demon|atk|1
|-unboost|p1a: gen2 demon|spa|1
|
|t:|1757921258
|switch|p2a: Ogerpon|Ogerpon-Cornerstone, F|1/100|[from] Parting Shot
|move|p1a: gen2 demon|Trick Room|p1a: gen2 demon
|-fieldstart|move: Trick Room|[of] p1a: gen2 demon
|
|upkeep
|turn|15
|
|t:|1757921262
|switch|p2a: Pecharunt|Pecharunt|81/100
|move|p1a: gen2 demon|Thunderbolt|p2a: Pecharunt
|-damage|p2a: Pecharunt|67/100
|
|upkeep
|turn|16
|
|t:|1757921268
|move|p1a: gen2 demon|Thunderbolt|p2a: Pecharunt
|-damage|p2a: Pecharunt|53/100
|move|p2a: Pecharunt|Recover|p2a: Pecharunt
|-heal|p2a: Pecharunt|100/100
|
|upkeep
|turn|17
|
|t:|1757921274
|move|p1a: gen2 demon|Thunderbolt|p2a: Pecharunt
|-damage|p2a: Pecharunt|88/100
|move|p2a: Pecharunt|Parting Shot|p1a: gen2 demon
|-unboost|p1a: gen2 demon|atk|1
|-unboost|p1a: gen2 demon|spa|1
|
|t:|1757921276
|switch|p2a: Ogerpon|Ogerpon-Cornerstone, F|1/100|[from] Parting Shot
|
|upkeep
|turn|18
|
|t:|1757921283
|switch|p2a: Pecharunt|Pecharunt|88/100
|move|p1a: gen2 demon|Thunderbolt|p2a: Pecharunt
|-damage|p2a: Pecharunt|78/100
|
|-fieldend|move: Trick Room
|upkeep
|turn|19
|
|t:|1757921285
|move|p2a: Pecharunt|Malignant Chain|p1a: gen2 demon
|-damage|p1a: gen2 demon|85/100
|-status|p1a: gen2 demon|tox
|-start|p1a: gen2 demon|confusion|[from] ability: Poison Puppeteer|[of] p2a: Pecharunt
|-activate|p1a: gen2 demon|confusion
|move|p1a: gen2 demon|Trick Room|p1a: gen2 demon
|-fieldstart|move: Trick Room|[of] p1a: gen2 demon
|
|-damage|p1a: gen2 demon|79/100 tox|[from] psn
|upkeep
|turn|20
|
|t:|1757921290
|switch|p1a: wallbreak #1|Iron Hands|100/100
|move|p2a: Pecharunt|Parting Shot|p1a: wallbreak #1
|-unboost|p1a: wallbreak #1|atk|1
|-unboost|p1a: wallbreak #1|spa|1
|
|t:|1757921293
|switch|p2a: Ogerpon|Ogerpon-Cornerstone, F|1/100|[from] Parting Shot
|
|upkeep
|turn|21
|
|t:|1757921297
|move|p1a: wallbreak #1|Ice Punch|p2a: Ogerpon
|-supereffective|p2a: Ogerpon
|-damage|p2a: Ogerpon|0 fnt
|faint|p2a: Ogerpon
|
|upkeep
|
|t:|1757921301
|switch|p2a: Pecharunt|Pecharunt|78/100
|turn|22
|
|t:|1757921304
|-end|p1a: wallbreak #1|Quark Drive|[silent]
|switch|p1a: gen2 demon|Porygon2|79/100 tox
|move|p2a: Pecharunt|Malignant Chain|p1a: gen2 demon
|-damage|p1a: gen2 demon|64/100 tox
|
|-damage|p1a: gen2 demon|58/100 tox|[from] psn
|upkeep
|turn|23
|
|t:|1757921313
|move|p1a: gen2 demon|Recover|p1a: gen2 demon
|-heal|p1a: gen2 demon|100/100 tox
|move|p2a: Pecharunt|Recover|p2a: Pecharunt
|-heal|p2a: Pecharunt|100/100
|
|-damage|p1a: gen2 demon|88/100 tox|[from] psn
|-fieldend|move: Trick Room
|upkeep
|turn|24
|
|t:|1757921319
|move|p2a: Pecharunt|Parting Shot|p1a: gen2 demon
|-unboost|p1a: gen2 demon|atk|1
|-unboost|p1a: gen2 demon|spa|1
|
|t:|1757921322
|switch|p2a: Landorus|Landorus-Therian, M, shiny|100/100|[from] Parting Shot
|-ability|p1a: gen2 demon|Intimidate|Trace|[from] ability: Trace|[of] p2a: Landorus
|-ability|p1a: gen2 demon|Intimidate|boost
|-unboost|p2a: Landorus|atk|1
|-ability|p2a: Landorus|Intimidate|boost
|-unboost|p1a: gen2 demon|atk|1
|move|p1a: gen2 demon|Trick Room|p1a: gen2 demon
|-fieldstart|move: Trick Room|[of] p1a: gen2 demon
|
|-damage|p1a: gen2 demon|70/100 tox|[from] psn
|upkeep
|turn|25
|
|t:|1757921331
|move|p1a: gen2 demon|Ice Beam|p2a: Landorus
|-supereffective|p2a: Landorus
|-damage|p2a: Landorus|33/100
|move|p2a: Landorus|Stealth Rock|p1a: gen2 demon
|-sidestart|p1: alter|move: Stealth Rock
|
|-damage|p1a: gen2 demon|45/100 tox|[from] psn
|upkeep
|turn|26
|
|t:|1757921336
|switch|p2a: Pecharunt|Pecharunt|100/100
|move|p1a: gen2 demon|Ice Beam|p2a: Pecharunt
|-damage|p2a: Pecharunt|85/100
|
|-damage|p1a: gen2 demon|14/100 tox|[from] psn
|upkeep
|turn|27
|
|t:|1757921341
|move|p1a: gen2 demon|Thunderbolt|p2a: Pecharunt
|-damage|p2a: Pecharunt|72/100
|move|p2a: Pecharunt|Malignant Chain|p1a: gen2 demon
|-damage|p1a: gen2 demon|0 fnt
|faint|p1a: gen2 demon
|
|upkeep
|
|t:|1757921343
|switch|p1a: wallbreak #1|Iron Hands|100/100
|-damage|p1a: wallbreak #1|94/100|[from] Stealth Rock
|turn|28
|
|t:|1757921350
|switch|p2a: Landorus|Landorus-Therian, M, shiny|33/100
|-ability|p2a: Landorus|Intimidate|boost
|-unboost|p1a: wallbreak #1|atk|1
|move|p1a: wallbreak #1|Earthquake|p2a: Landorus
|-immune|p2a: Landorus
|
|-fieldend|move: Trick Room
|upkeep
|turn|29
|
|t:|1757921356
|move|p2a: Landorus|Earthquake|p1a: wallbreak #1
|-supereffective|p1a: wallbreak #1
|-damage|p1a: wallbreak #1|31/100
|move|p1a: wallbreak #1|Earthquake|p2a: Landorus
|-immune|p2a: Landorus
|
|upkeep
|turn|30
|-message|alter forfeited.
|
|win|Chigusa_24zono
|raw|alter's rating: 1526 &rarr; <strong>1504</strong><br />(-22 for losing)
|raw|Chigusa_24zono's rating: 1486 &rarr; <strong>1508</strong><br />(+22 for winning)
|l|☆alter
|player|p1|
