|j|☆TroubleFindsMe
|j|☆modegobelin
|t:|1757902123
|gametype|singles
|player|p1|TroubleFindsMe|rika|1630
|player|p2|modegobelin|170|1657
|gen|9
|tier|[Gen 9] OU
|rated|
|rule|HP Percentage Mod: HP is shown in percentages
|rule|Endless Battle Clause: Forcing endless battles is banned
|rule|Species Clause: Limit one of each Pokémon
|rule|OHKO Clause: OHKO moves are banned
|rule|Evasion Items Clause: Evasion items are banned
|rule|Evasion Moves Clause: Evasion moves are banned
|rule|Evasion Abilities Clause: Evasion abilities are banned
|rule|Sleep Moves Clause: Sleep-inducing moves are banned
|clearpoke
|poke|p1|Cloyster, F|
|poke|p1|Iron Valiant|
|poke|p1|Moltres|
|poke|p1|Dragonite, F|
|poke|p1|Zamazenta-*|
|poke|p1|Ogerpon-Cornerstone, F|
|poke|p2|Samurott-Hisui, F|
|poke|p2|Garganacl, F|
|poke|p2|Iron Treads|
|poke|p2|Moltres|
|poke|p2|Pecharunt|
|poke|p2|Hoopa-Unbound|
|teampreview
|inactive|Battle timer is ON: inactive players will automatically lose when time's up. (requested by TroubleFindsMe)
|
|t:|1757902127
|teamsize|p1|6
|teamsize|p2|6
|start
|switch|p1a: o_o|Cloyster, F|100/100
|switch|p2a: Samurott|Samurott-Hisui, F|100/100
|turn|1
|
|t:|1757902131
|move|p2a: Samurott|Ceaseless Edge|p1a: o_o
|-damage|p1a: o_o|39/100
|-sidestart|p1: TroubleFindsMe|Spikes
|move|p1a: o_o|Shell Smash|p1a: o_o
|-unboost|p1a: o_o|def|1
|-unboost|p1a: o_o|spd|1
|-boost|p1a: o_o|atk|2
|-boost|p1a: o_o|spa|2
|-boost|p1a: o_o|spe|2
|
|upkeep
|turn|2
|
|t:|1757902134
|move|p1a: o_o|Spikes|p2a: Samurott
|-sidestart|p2: modegobelin|Spikes
|move|p2a: Samurott|Ceaseless Edge|p1a: o_o
|-damage|p1a: o_o|0 fnt
|-sidestart|p1: TroubleFindsMe|Spikes
|faint|p1a: o_o
|
|upkeep
|
|t:|1757902136
|switch|p1a: #Girl|Ogerpon-Cornerstone, F|100/100
|-damage|p1a: #Girl|84/100|[from] Spikes
|turn|3
|
|t:|1757902139
|switch|p2a: Pecharunt|Pecharunt|100/100
|move|p1a: #Girl|Horn Leech|p2a: Pecharunt
|-resisted|p2a: Pecharunt
|-damage|p2a: Pecharunt|90/100
|-heal|p1a: #Girl|91/100|[from] drain|[of] p2a: Pecharunt
|
|upkeep
|turn|4
|
|t:|1757902142
|move|p1a: #Girl|Swords Dance|p1a: #Girl
|-boost|p1a: #Girl|atk|2
|move|p2a: Pecharunt|Malignant Chain|p1a: #Girl
|-damage|p1a: #Girl|53/100
|-status|p1a: #Girl|tox
|-start|p1a: #Girl|confusion|[from] ability: Poison Puppeteer|[of] p2a: Pecharunt
|
|-damage|p1a: #Girl|47/100 tox|[from] psn
|upkeep
|turn|5
|j| ulisesdiogenes
|
|t:|1757902147
|-activate|p1a: #Girl|confusion
|move|p1a: #Girl|Knock Off|p2a: Pecharunt
|-supereffective|p2a: Pecharunt
|-damage|p2a: Pecharunt|20/100
|-enditem|p2a: Pecharunt|Heavy-Duty Boots|[from] move: Knock Off|[of] p1a: #Girl
|move|p2a: Pecharunt|Hex|p1a: #Girl
|-damage|p1a: #Girl|0 fnt
|faint|p1a: #Girl
|
|upkeep
|
|t:|1757902151
|switch|p1a: AHHHH IM ON FIRE|Moltres|100/100
|turn|6
|
|t:|1757902155
|switch|p2a: Garganacl|Garganacl, F|100/100
|-damage|p2a: Garganacl|88/100|[from] Spikes
|move|p1a: AHHHH IM ON FIRE|Scorching Sands|p2a: Garganacl
|-supereffective|p2a: Garganacl
|-damage|p2a: Garganacl|56/100
|
|-heal|p2a: Garganacl|63/100|[from] item: Leftovers
|upkeep
|turn|7
|
|t:|1757902158
|move|p1a: AHHHH IM ON FIRE|U-turn|p2a: Garganacl
|-damage|p2a: Garganacl|53/100
|
|t:|1757902162
|switch|p1a: BarneyFromDinosaur|Dragonite, F|100/100|[from] U-turn
|move|p2a: Garganacl|Salt Cure|p1a: BarneyFromDinosaur
|-supereffective|p1a: BarneyFromDinosaur
|-damage|p1a: BarneyFromDinosaur|84/100
|-start|p1a: BarneyFromDinosaur|Salt Cure
|
|-heal|p2a: Garganacl|59/100|[from] item: Leftovers
|-damage|p1a: BarneyFromDinosaur|72/100|[from] Salt Cure
|upkeep
|turn|8
|
|t:|1757902165
|move|p1a: BarneyFromDinosaur|Dragon Dance|p1a: BarneyFromDinosaur
|-boost|p1a: BarneyFromDinosaur|atk|1
|-boost|p1a: BarneyFromDinosaur|spe|1
|move|p2a: Garganacl|Recover|p2a: Garganacl
|-heal|p2a: Garganacl|100/100
|
|-damage|p1a: BarneyFromDinosaur|60/100|[from] Salt Cure
|upkeep
|turn|9
|
|t:|1757902168
|switch|p2a: Moltres|Moltres|100/100
|move|p1a: BarneyFromDinosaur|Dragon Dance|p1a: BarneyFromDinosaur
|-boost|p1a: BarneyFromDinosaur|atk|1
|-boost|p1a: BarneyFromDinosaur|spe|1
|
|-damage|p1a: BarneyFromDinosaur|47/100|[from] Salt Cure
|upkeep
|turn|10
|
|t:|1757902171
|-terastallize|p1a: BarneyFromDinosaur|Normal
|move|p1a: BarneyFromDinosaur|Extreme Speed|p2a: Moltres
|-damage|p2a: Moltres|38/100
|-status|p1a: BarneyFromDinosaur|brn|[from] ability: Flame Body|[of] p2a: Moltres
|move|p2a: Moltres|Will-O-Wisp|p1a: BarneyFromDinosaur
|-fail|p1a: BarneyFromDinosaur|brn
|
|-damage|p1a: BarneyFromDinosaur|41/100 brn|[from] brn
|-damage|p1a: BarneyFromDinosaur|29/100 brn|[from] Salt Cure
|upkeep
|turn|11
|
|t:|1757902174
|move|p1a: BarneyFromDinosaur|Extreme Speed|p2a: Moltres
|-damage|p2a: Moltres|9/100
|move|p2a: Moltres|Roost|p2a: Moltres
|-heal|p2a: Moltres|59/100
|-singleturn|p2a: Moltres|move: Roost
|
|-damage|p1a: BarneyFromDinosaur|22/100 brn|[from] brn
|-damage|p1a: BarneyFromDinosaur|10/100 brn|[from] Salt Cure
|upkeep
|turn|12
|
|t:|1757902178
|move|p1a: BarneyFromDinosaur|Dragon Dance|p1a: BarneyFromDinosaur
|-boost|p1a: BarneyFromDinosaur|atk|1
|-boost|p1a: BarneyFromDinosaur|spe|1
|move|p2a: Moltres|Roost|p2a: Moltres
|-heal|p2a: Moltres|100/100
|-singleturn|p2a: Moltres|move: Roost
|
|-damage|p1a: BarneyFromDinosaur|4/100 brn|[from] brn
|-damage|p1a: BarneyFromDinosaur|0 fnt|[from] Salt Cure
|faint|p1a: BarneyFromDinosaur
|upkeep
|
|t:|1757902180
|switch|p1a: AHHHH IM ON FIRE|Moltres|100/100
|turn|13
|
|t:|1757902185
|move|p1a: AHHHH IM ON FIRE|Hurricane|p2a: Moltres
|-damage|p2a: Moltres|42/100
|move|p2a: Moltres|Roar|p1a: AHHHH IM ON FIRE
|drag|p1a: Wokeness Unleashed|Iron Valiant|100/100
|-damage|p1a: Wokeness Unleashed|84/100|[from] Spikes
|-enditem|p1a: Wokeness Unleashed|Booster Energy
|-activate|p1a: Wokeness Unleashed|ability: Quark Drive|[fromitem]
|-start|p1a: Wokeness Unleashed|quarkdrivespe
|
|upkeep
|turn|14
|
|t:|1757902192
|switch|p2a: Iron Treads|Iron Treads|100/100
|-damage|p2a: Iron Treads|88/100|[from] Spikes
|move|p1a: Wokeness Unleashed|Thunderbolt|p2a: Iron Treads
|-immune|p2a: Iron Treads
|
|-heal|p2a: Iron Treads|94/100|[from] item: Leftovers
|upkeep
|turn|15
|
|t:|1757902197
|move|p1a: Wokeness Unleashed|Aura Sphere|p2a: Iron Treads
|-supereffective|p2a: Iron Treads
|-damage|p2a: Iron Treads|24/100
|move|p2a: Iron Treads|Knock Off|p1a: Wokeness Unleashed
|-resisted|p1a: Wokeness Unleashed
|-damage|p1a: Wokeness Unleashed|79/100
|
|-heal|p2a: Iron Treads|30/100|[from] item: Leftovers
|upkeep
|turn|16
|
|t:|1757902200
|move|p1a: Wokeness Unleashed|Aura Sphere|p2a: Iron Treads
|-supereffective|p2a: Iron Treads
|-damage|p2a: Iron Treads|0 fnt
|faint|p2a: Iron Treads
|-end|p2a: Iron Treads|Quark Drive|[silent]
|
|upkeep
|
|t:|1757902203
|switch|p2a: Hoopa|Hoopa-Unbound|100/100
|-damage|p2a: Hoopa|88/100|[from] Spikes
|turn|17
|
|t:|1757902207
|move|p1a: Wokeness Unleashed|Moonblast|p2a: Hoopa
|-supereffective|p2a: Hoopa
|-damage|p2a: Hoopa|45/100
|move|p2a: Hoopa|Psychic Noise|p1a: Wokeness Unleashed
|-supereffective|p1a: Wokeness Unleashed
|-damage|p1a: Wokeness Unleashed|0 fnt
|faint|p1a: Wokeness Unleashed
|-end|p1a: Wokeness Unleashed|Quark Drive|[silent]
|
|upkeep
|
|t:|1757902210
|switch|p1a: AHHHH IM ON FIRE|Moltres|100/100
|turn|18
|
|t:|1757902215
|move|p1a: AHHHH IM ON FIRE|U-turn|p2a: Hoopa
|-supereffective|p2a: Hoopa
|-damage|p2a: Hoopa|0 fnt
|faint|p2a: Hoopa
|
|t:|1757902217
|switch|p1a: dogecoin !|Zamazenta|100/100|[from] U-turn
|-damage|p1a: dogecoin !|84/100|[from] Spikes
|-ability|p1a: dogecoin !|Dauntless Shield|boost
|-boost|p1a: dogecoin !|def|1
|
|upkeep
|l| ulisesdiogenes
|
|t:|1757902224
|switch|p2a: Moltres|Moltres|42/100
|turn|19
|
|t:|1757902228
|switch|p2a: Garganacl|Garganacl, F|100/100
|-damage|p2a: Garganacl|88/100|[from] Spikes
|move|p1a: dogecoin !|Stone Edge|p2a: Garganacl
|-crit|p2a: Garganacl
|-damage|p2a: Garganacl|42/100
|
|-heal|p2a: Garganacl|48/100|[from] item: Leftovers
|upkeep
|turn|20
|
|t:|1757902233
|move|p1a: dogecoin !|Stone Edge|p2a: Garganacl
|-crit|p2a: Garganacl
|-damage|p2a: Garganacl|0 fnt
|faint|p2a: Garganacl
|
|upkeep
|
|t:|1757902236
|switch|p2a: Samurott|Samurott-Hisui, F|100/100
|-damage|p2a: Samurott|88/100|[from] Spikes
|turn|21
|
|t:|1757902239
|switch|p1a: AHHHH IM ON FIRE|Moltres|100/100
|move|p2a: Samurott|Razor Shell|p1a: AHHHH IM ON FIRE
|-supereffective|p1a: AHHHH IM ON FIRE
|-damage|p1a: AHHHH IM ON FIRE|0 fnt
|faint|p1a: AHHHH IM ON FIRE
|
|upkeep
|
|t:|1757902241
|switch|p1a: dogecoin !|Zamazenta|84/100
|-damage|p1a: dogecoin !|67/100|[from] Spikes
|turn|22
|
|t:|1757902247
|move|p1a: dogecoin !|Crunch|p2a: Samurott
|-resisted|p2a: Samurott
|-damage|p2a: Samurott|61/100
|move|p2a: Samurott|Razor Shell|p1a: dogecoin !
|-damage|p1a: dogecoin !|0 fnt
|faint|p1a: dogecoin !
|
|win|modegobelin
|raw|TroubleFindsMe's rating: 1630 &rarr; <strong>1612</strong><br />(-18 for losing)
|raw|modegobelin's rating: 1657 &rarr; <strong>1675</strong><br />(+18 for winning)
|l|☆TroubleFindsMe
|player|p1|
|l|☆modegobelin
|player|p2|
