|j|☆Reptile Intrusion
|j|☆crunk juice34
|t:|1757832217
|gametype|singles
|player|p1|Reptile Intrusion|2|1469
|player|p2|crunk juice34|gambler|1470
|gen|9
|tier|[Gen 9] OU
|rated|
|rule|HP Percentage Mod: HP is shown in percentages
|rule|Endless Battle Clause: Forcing endless battles is banned
|rule|Species Clause: Limit one of each Pokémon
|rule|OHKO Clause: OHKO moves are banned
|rule|Evasion Items Clause: Evasion items are banned
|rule|Evasion Moves Clause: Evasion moves are banned
|rule|Evasion Abilities Clause: Evasion abilities are banned
|rule|Sleep Moves Clause: Sleep-inducing moves are banned
|clearpoke
|poke|p1|Pelipper, M|
|poke|p1|Basculegion, M|
|poke|p1|Goodra, F|
|poke|p1|Overqwil, M|
|poke|p1|Kingambit, M|
|poke|p1|Great Tusk|
|poke|p2|Araquanid, F|
|poke|p2|Gholdengo|
|poke|p2|Landorus-Therian, M|
|poke|p2|Iron Moth|
|poke|p2|Ogerpon-Wellspring, F|
|poke|p2|Great Tusk|
|teampreview
|inactive|Battle timer is ON: inactive players will automatically lose when time's up. (requested by crunk juice34)
|
|t:|1757832249
|teamsize|p1|6
|teamsize|p2|6
|start
|switch|p1a: Pelipper|Pelipper, M, shiny|100/100
|switch|p2a: Tortilla|Iron Moth|100/100
|-weather|RainDance|[from] ability: Drizzle|[of] p1a: Pelipper
|-enditem|p2a: Tortilla|Booster Energy
|-activate|p2a: Tortilla|ability: Quark Drive|[fromitem]
|-start|p2a: Tortilla|quarkdrivespa
|turn|1
|
|t:|1757832258
|-terastallize|p1a: Pelipper|Ground
|move|p2a: Tortilla|Sludge Wave|p1a: Pelipper
|-resisted|p1a: Pelipper
|-damage|p1a: Pelipper|44/100
|move|p1a: Pelipper|Weather Ball|p2a: Tortilla
|-supereffective|p2a: Tortilla
|-damage|p2a: Tortilla|0 fnt
|faint|p2a: Tortilla
|-end|p2a: Tortilla|Quark Drive|[silent]
|
|-weather|RainDance|[upkeep]
|upkeep
|
|t:|1757832263
|switch|p2a: Mascara|Ogerpon-Wellspring, F|100/100
|turn|2
|
|t:|1757832267
|switch|p1a: Kingambit|Kingambit, M, shiny|100/100
|move|p2a: Mascara|Ivy Cudgel|p1a: Kingambit|[anim] Ivy Cudgel Water
|-damage|p1a: Kingambit|24/100
|
|-weather|RainDance|[upkeep]
|upkeep
|turn|3
|
|t:|1757832271
|move|p2a: Mascara|Ivy Cudgel|p1a: Kingambit|[anim] Ivy Cudgel Water
|-damage|p1a: Kingambit|0 fnt
|faint|p1a: Kingambit
|-end|p1a: Kingambit|fallenundefined|[silent]
|
|-weather|RainDance|[upkeep]
|upkeep
|
|t:|1757832275
|switch|p1a: Overqwil|Overqwil, M, shiny|100/100
|turn|4
|
|t:|1757832282
|switch|p2a: Tigre|Landorus-Therian, M|100/100
|-ability|p2a: Tigre|Intimidate|boost
|-unboost|p1a: Overqwil|atk|1
|move|p1a: Overqwil|Poison Jab|p2a: Tigre
|-resisted|p2a: Tigre
|-damage|p2a: Tigre|88/100
|-damage|p1a: Overqwil|84/100|[from] item: Rocky Helmet|[of] p2a: Tigre
|
|-weather|RainDance|[upkeep]
|-heal|p1a: Overqwil|90/100|[from] item: Leftovers
|upkeep
|turn|5
|
|t:|1757832294
|move|p1a: Overqwil|Swords Dance|p1a: Overqwil
|-boost|p1a: Overqwil|atk|2
|move|p2a: Tigre|U-turn|p1a: Overqwil
|-damage|p1a: Overqwil|66/100
|
|t:|1757832301
|switch|p2a: Agua|Araquanid, F|100/100|[from] U-turn
|
|-weather|RainDance|[upkeep]
|-heal|p1a: Overqwil|73/100|[from] item: Leftovers
|upkeep
|turn|6
|
|t:|1757832314
|move|p1a: Overqwil|Crunch|p2a: Agua
|-damage|p2a: Agua|44/100
|move|p2a: Agua|Surf|p1a: Overqwil
|-damage|p1a: Overqwil|0 fnt
|faint|p1a: Overqwil
|
|-weather|RainDance|[upkeep]
|upkeep
|
|t:|1757832323
|switch|p1a: Great Tusk|Great Tusk, shiny|100/100
|-enditem|p1a: Great Tusk|Booster Energy
|-activate|p1a: Great Tusk|ability: Protosynthesis|[fromitem]
|-start|p1a: Great Tusk|protosynthesisatk
|turn|7
|
|t:|1757832332
|move|p1a: Great Tusk|Rapid Spin|p2a: Agua
|-damage|p2a: Agua|25/100
|-boost|p1a: Great Tusk|spe|1
|move|p2a: Agua|Surf|p1a: Great Tusk
|-supereffective|p1a: Great Tusk
|-damage|p1a: Great Tusk|0 fnt
|faint|p1a: Great Tusk
|-end|p1a: Great Tusk|Protosynthesis|[silent]
|
|-weather|RainDance|[upkeep]
|upkeep
|
|t:|1757832335
|switch|p1a: Goodra|Goodra, F, shiny|100/100
|turn|8
|-enditem|p2a: Agua|Custap Berry|[eat]
|-activate|p2a: Agua|item: Custap Berry|[consumed]
|
|t:|1757832339
|move|p2a: Agua|Sticky Web|p1a: Goodra
|-sidestart|p1: Reptile Intrusion|move: Sticky Web
|move|p1a: Goodra|Weather Ball|p2a: Agua
|-resisted|p2a: Agua
|-damage|p2a: Agua|6/100
|
|-weather|none
|upkeep
|turn|9
|
|t:|1757832362
|move|p1a: Goodra|Dragon Pulse|p2a: Agua
|-damage|p2a: Agua|0 fnt
|faint|p2a: Agua
|
|upkeep
|
|t:|1757832373
|switch|p2a: Mascara|Ogerpon-Wellspring, F|100/100
|turn|10
|
|t:|1757832380
|switch|p1a: Pelipper|Pelipper, M, shiny, tera:Ground|44/100
|-activate|p1a: Pelipper|move: Sticky Web
|-unboost|p1a: Pelipper|spe|1
|-weather|RainDance|[from] ability: Drizzle|[of] p1a: Pelipper
|move|p2a: Mascara|Swords Dance|p2a: Mascara
|-boost|p2a: Mascara|atk|2
|
|-weather|RainDance|[upkeep]
|upkeep
|turn|11
|
|t:|1757832384
|move|p2a: Mascara|Ivy Cudgel|p1a: Pelipper|[anim] Ivy Cudgel Water
|-supereffective|p1a: Pelipper
|-damage|p1a: Pelipper|0 fnt
|faint|p1a: Pelipper
|
|-weather|RainDance|[upkeep]
|upkeep
|
|t:|1757832399
|switch|p1a: Goodra|Goodra, F, shiny|100/100
|-activate|p1a: Goodra|move: Sticky Web
|-unboost|p1a: Goodra|spe|1
|turn|12
|
|t:|1757832405
|move|p2a: Mascara|Ivy Cudgel|p1a: Goodra|[anim] Ivy Cudgel Water
|-resisted|p1a: Goodra
|-damage|p1a: Goodra|0 fnt
|faint|p1a: Goodra
|
|-weather|RainDance|[upkeep]
|upkeep
|
|t:|1757832414
|switch|p1a: Basculegion|Basculegion, M|100/100
|-activate|p1a: Basculegion|move: Sticky Web
|-unboost|p1a: Basculegion|spe|1
|turn|13
|
|t:|1757832417
|move|p1a: Basculegion|Wave Crash|p2a: Mascara
|-immune|p2a: Mascara|[from] ability: Water Absorb
|move|p2a: Mascara|Knock Off|p1a: Basculegion
|-supereffective|p1a: Basculegion
|-damage|p1a: Basculegion|0 fnt
|-enditem|p1a: Basculegion|Choice Band|[from] move: Knock Off|[of] p2a: Mascara
|faint|p1a: Basculegion
|
|win|crunk juice34
|raw|Reptile Intrusion's rating: 1469 &rarr; <strong>1449</strong><br />(-20 for losing)
|raw|crunk juice34's rating: 1470 &rarr; <strong>1490</strong><br />(+20 for winning)
|l|☆crunk juice34
|player|p2|
|l|☆Reptile Intrusion
|player|p1|
