|j|☆azeyar
|j|☆kinsword
|t:|1757854542
|gametype|singles
|player|p1|azeyar|maid|1396
|player|p2|kinsword|170|1331
|gen|9
|tier|[Gen 9] OU
|rated|
|rule|HP Percentage Mod: HP is shown in percentages
|rule|Endless Battle Clause: Forcing endless battles is banned
|rule|Species Clause: Limit one of each Pokémon
|rule|OHKO Clause: OHKO moves are banned
|rule|Evasion Items Clause: Evasion items are banned
|rule|Evasion Moves Clause: Evasion moves are banned
|rule|Evasion Abilities Clause: Evasion abilities are banned
|rule|Sleep Moves Clause: Sleep-inducing moves are banned
|clearpoke
|poke|p1|Tyranitar, M|
|poke|p1|Gholdengo|
|poke|p1|Zamazenta-*|
|poke|p1|Rillaboom, M|
|poke|p1|Garchomp, F|
|poke|p1|Zapdos|
|poke|p2|Iron Thorns|
|poke|p2|Samurott, F|
|poke|p2|Zapdos-Galar|
|poke|p2|Excadrill, M|
|poke|p2|Enamorus-Therian, F|
|poke|p2|Overqwil, F|
|teampreview
|inactive|Battle timer is ON: inactive players will automatically lose when time's up. (requested by kinsword)
|
|t:|1757854556
|teamsize|p1|6
|teamsize|p2|6
|start
|switch|p1a: Gholdengo|Gholdengo|100/100
|switch|p2a: Zapdos|Zapdos-Galar|100/100
|-item|p1a: Gholdengo|Air Balloon
|turn|1
|
|t:|1757854564
|move|p2a: Zapdos|Knock Off|p1a: Gholdengo
|-supereffective|p1a: Gholdengo
|-crit|p1a: Gholdengo
|-damage|p1a: Gholdengo|37/100
|-enditem|p1a: Gholdengo|Air Balloon
|move|p1a: Gholdengo|Make It Rain|p2a: Zapdos
|-damage|p2a: Zapdos|39/100
|-unboost|p1a: Gholdengo|spa|1
|
|upkeep
|turn|2
|
|t:|1757854574
|switch|p1a: Garchomp|Garchomp, F|100/100
|move|p2a: Zapdos|Knock Off|p1a: Garchomp
|-damage|p1a: Garchomp|82/100
|-damage|p2a: Zapdos|26/100|[from] ability: Rough Skin|[of] p1a: Garchomp
|-damage|p2a: Zapdos|10/100|[from] item: Rocky Helmet|[of] p1a: Garchomp
|-enditem|p1a: Garchomp|Rocky Helmet|[from] move: Knock Off|[of] p2a: Zapdos
|
|upkeep
|turn|3
|
|t:|1757854585
|switch|p2a: Enamorus|Enamorus-Therian, F|100/100
|move|p1a: Garchomp|Stealth Rock|p2a: Enamorus
|-sidestart|p2: kinsword|move: Stealth Rock
|
|upkeep
|turn|4
|
|t:|1757854595
|switch|p1a: Gholdengo|Gholdengo|37/100
|move|p2a: Enamorus|Earth Power|p1a: Gholdengo
|-supereffective|p1a: Gholdengo
|-damage|p1a: Gholdengo|0 fnt
|faint|p1a: Gholdengo
|
|upkeep
|
|t:|1757854601
|switch|p1a: Zapdos|Zapdos|100/100
|turn|5
|
|t:|1757854606
|switch|p2a: Excadrill|Excadrill, M|100/100
|-damage|p2a: Excadrill|97/100|[from] Stealth Rock
|-ability|p2a: Excadrill|Mold Breaker
|move|p1a: Zapdos|Volt Switch|p2a: Excadrill
|-immune|p2a: Excadrill
|
|upkeep
|turn|6
|
|t:|1757854617
|-terastallize|p1a: Zapdos|Fire
|move|p1a: Zapdos|Heat Wave|p2a: Excadrill
|-supereffective|p2a: Excadrill
|-damage|p2a: Excadrill|11/100
|move|p2a: Excadrill|Earthquake|p1a: Zapdos
|-supereffective|p1a: Zapdos
|-damage|p1a: Zapdos|0 fnt
|faint|p1a: Zapdos
|
|upkeep
|
|t:|1757854624
|switch|p1a: Rillaboom|Rillaboom, M|100/100
|-fieldstart|move: Grassy Terrain|[from] ability: Grassy Surge|[of] p1a: Rillaboom
|turn|7
|
|t:|1757854631
|switch|p2a: Overqwil|Overqwil, F|100/100
|-damage|p2a: Overqwil|88/100|[from] Stealth Rock
|-ability|p2a: Overqwil|Intimidate|boost
|-unboost|p1a: Rillaboom|atk|1
|move|p1a: Rillaboom|Grassy Glide|p2a: Overqwil
|-resisted|p2a: Overqwil
|-damage|p2a: Overqwil|75/100
|
|-heal|p2a: Overqwil|82/100|[from] Grassy Terrain
|-heal|p2a: Overqwil|88/100|[from] item: Leftovers
|upkeep
|turn|8
|
|t:|1757854647
|move|p1a: Rillaboom|U-turn|p2a: Overqwil
|-damage|p2a: Overqwil|72/100
|
|t:|1757854649
|switch|p1a: Garchomp|Garchomp, F|82/100|[from] U-turn
|move|p2a: Overqwil|Liquidation|p1a: Garchomp
|-damage|p1a: Garchomp|62/100
|-damage|p2a: Overqwil|60/100|[from] ability: Rough Skin|[of] p1a: Garchomp
|
|-heal|p1a: Garchomp|68/100|[from] Grassy Terrain
|-heal|p2a: Overqwil|66/100|[from] Grassy Terrain
|-heal|p2a: Overqwil|72/100|[from] item: Leftovers
|upkeep
|turn|9
|
|t:|1757854663
|switch|p2a: Enamorus|Enamorus-Therian, F|100/100
|-damage|p2a: Enamorus|75/100|[from] Stealth Rock
|move|p1a: Garchomp|Spikes|p2a: Enamorus
|-sidestart|p2: kinsword|Spikes
|
|-heal|p1a: Garchomp|74/100|[from] Grassy Terrain
|upkeep
|turn|10
|
|t:|1757854676
|move|p1a: Garchomp|Spikes|p2a: Enamorus
|-sidestart|p2: kinsword|Spikes
|move|p2a: Enamorus|Moonblast|p1a: Garchomp
|-supereffective|p1a: Garchomp
|-damage|p1a: Garchomp|0 fnt
|faint|p1a: Garchomp
|
|upkeep
|
|t:|1757854681
|switch|p1a: Zamazenta|Zamazenta|100/100
|-ability|p1a: Zamazenta|Dauntless Shield|boost
|-boost|p1a: Zamazenta|def|1
|turn|11
|
|t:|1757854687
|move|p1a: Zamazenta|Heavy Slam|p2a: Enamorus
|-supereffective|p2a: Enamorus
|-damage|p2a: Enamorus|20/100
|move|p2a: Enamorus|Moonblast|p1a: Zamazenta
|-supereffective|p1a: Zamazenta
|-damage|p1a: Zamazenta|0 fnt
|faint|p1a: Zamazenta
|
|-fieldend|move: Grassy Terrain
|upkeep
|
|t:|1757854690
|switch|p1a: Rillaboom|Rillaboom, M|100/100
|-fieldstart|move: Grassy Terrain|[from] ability: Grassy Surge|[of] p1a: Rillaboom
|turn|12
|
|t:|1757854701
|move|p1a: Rillaboom|U-turn|p2a: Enamorus
|-resisted|p2a: Enamorus
|-damage|p2a: Enamorus|14/100
|
|t:|1757854703
|switch|p1a: Tyranitar|Tyranitar, M|100/100|[from] U-turn
|-weather|Sandstorm|[from] ability: Sand Stream|[of] p1a: Tyranitar
|move|p2a: Enamorus|Moonblast|p1a: Tyranitar
|-supereffective|p1a: Tyranitar
|-damage|p1a: Tyranitar|29/100
|
|-weather|Sandstorm|[upkeep]
|-heal|p1a: Tyranitar|35/100|[from] Grassy Terrain
|upkeep
|turn|13
|
|t:|1757854714
|move|p1a: Tyranitar|Knock Off|p2a: Enamorus
|-resisted|p2a: Enamorus
|-damage|p2a: Enamorus|0 fnt
|-enditem|p2a: Enamorus|Assault Vest|[from] move: Knock Off|[of] p1a: Tyranitar
|faint|p2a: Enamorus
|
|-weather|Sandstorm|[upkeep]
|-heal|p1a: Tyranitar|41/100|[from] Grassy Terrain
|upkeep
|
|t:|1757854724
|switch|p2a: Iron Thorns|Iron Thorns|100/100
|-damage|p2a: Iron Thorns|88/100|[from] Stealth Rock
|-damage|p2a: Iron Thorns|72/100|[from] Spikes
|turn|14
|
|t:|1757854732
|switch|p1a: Rillaboom|Rillaboom, M|100/100
|move|p2a: Iron Thorns|Rock Blast|p1a: Rillaboom
|-damage|p1a: Rillaboom|83/100
|-damage|p1a: Rillaboom|67/100
|-damage|p1a: Rillaboom|51/100
|-damage|p1a: Rillaboom|35/100
|-damage|p1a: Rillaboom|19/100
|-hitcount|p1a: Rillaboom|5
|
|-weather|Sandstorm|[upkeep]
|-damage|p1a: Rillaboom|12/100|[from] Sandstorm
|-heal|p1a: Rillaboom|19/100|[from] Grassy Terrain
|-heal|p2a: Iron Thorns|78/100|[from] Grassy Terrain
|upkeep
|turn|15
|
|t:|1757854747
|-terastallize|p2a: Iron Thorns|Grass
|move|p1a: Rillaboom|Grassy Glide|p2a: Iron Thorns
|-resisted|p2a: Iron Thorns
|-damage|p2a: Iron Thorns|60/100
|move|p2a: Iron Thorns|Ice Punch|p1a: Rillaboom
|-supereffective|p1a: Rillaboom
|-damage|p1a: Rillaboom|0 fnt
|faint|p1a: Rillaboom
|
|-weather|Sandstorm|[upkeep]
|-damage|p2a: Iron Thorns|54/100|[from] Sandstorm
|-heal|p2a: Iron Thorns|60/100|[from] Grassy Terrain
|upkeep
|
|t:|1757854751
|switch|p1a: Tyranitar|Tyranitar, M|41/100
|turn|16
|
|t:|1757854763
|move|p1a: Tyranitar|Knock Off|p2a: Iron Thorns
|-damage|p2a: Iron Thorns|18/100
|-enditem|p2a: Iron Thorns|Loaded Dice|[from] move: Knock Off|[of] p1a: Tyranitar
|move|p2a: Iron Thorns|Rock Blast|p1a: Tyranitar
|-damage|p1a: Tyranitar|28/100
|-damage|p1a: Tyranitar|15/100
|-damage|p1a: Tyranitar|3/100
|-damage|p1a: Tyranitar|0 fnt
|faint|p1a: Tyranitar
|-hitcount|p1: Tyranitar|4
|
|win|kinsword
|raw|azeyar's rating: 1396 &rarr; <strong>1372</strong><br />(-24 for losing)
|raw|kinsword's rating: 1331 &rarr; <strong>1355</strong><br />(+24 for winning)
|l|☆azeyar
|player|p1|
|l|☆kinsword
|player|p2|
