|j|☆PepeNike
|j|☆flygonisdragon
|t:|1757830890
|gametype|singles
|player|p1|PepeNike|1|1409
|player|p2|flygonisdragon|serena-masters|1513
|gen|9
|tier|[Gen 9] OU
|rated|
|rule|HP Percentage Mod: HP is shown in percentages
|rule|Endless Battle Clause: Forcing endless battles is banned
|rule|Species Clause: Limit one of each Pokémon
|rule|OHKO Clause: OHKO moves are banned
|rule|Evasion Items Clause: Evasion items are banned
|rule|Evasion Moves Clause: Evasion moves are banned
|rule|Evasion Abilities Clause: Evasion abilities are banned
|rule|Sleep Moves Clause: Sleep-inducing moves are banned
|clearpoke
|poke|p1|Milotic, M|
|poke|p1|Kingambit, F|
|poke|p1|Serperior, M|
|poke|p1|Araquanid, F|
|poke|p1|Cinderace, F|
|poke|p1|Malamar, F|
|poke|p2|Volcanion|
|poke|p2|Metagross|
|poke|p2|Zamazenta-*|
|poke|p2|Rillaboom, F|
|poke|p2|Fezandipiti, M|
|poke|p2|Regidrago|
|teampreview
|inactive|Battle timer is ON: inactive players will automatically lose when time's up. (requested by PepeNike)
|
|t:|1757830907
|teamsize|p1|6
|teamsize|p2|6
|start
|switch|p1a: Araquanid|Araquanid, F|100/100
|switch|p2a: Regidrago|Regidrago|100/100
|turn|1
|
|t:|1757830909
|move|p2a: Regidrago|Dragon Energy|p1a: Araquanid
|-damage|p1a: Araquanid|0 fnt
|faint|p1a: Araquanid
|
|upkeep
|
|t:|1757830913
|switch|p1a: Milotic|Milotic, M|100/100
|turn|2
|
|t:|1757830916
|move|p2a: Regidrago|Dragon Energy|p1a: Milotic
|-damage|p1a: Milotic|36/100
|move|p1a: Milotic|Ice Beam|p2a: Regidrago
|-supereffective|p2a: Regidrago
|-damage|p2a: Regidrago|41/100
|
|upkeep
|turn|3
|
|t:|1757830925
|move|p2a: Regidrago|Dragon Energy|p1a: Milotic
|-damage|p1a: Milotic|7/100
|move|p1a: Milotic|Ice Beam|p2a: Regidrago
|-supereffective|p2a: Regidrago
|-damage|p2a: Regidrago|0 fnt
|faint|p2a: Regidrago
|
|upkeep
|
|t:|1757830930
|switch|p2a: Metagross|Metagross|100/100
|turn|4
|
|t:|1757830936
|move|p2a: Metagross|Stealth Rock|p1a: Milotic
|-sidestart|p1: PepeNike|move: Stealth Rock
|move|p1a: Milotic|Surf|p2a: Metagross
|-damage|p2a: Metagross|49/100
|
|upkeep
|turn|5
|
|t:|1757830939
|move|p2a: Metagross|Psychic Fangs|p1a: Milotic
|-damage|p1a: Milotic|0 fnt
|faint|p1a: Milotic
|-damage|p2a: Metagross|39/100|[from] item: Life Orb
|
|upkeep
|
|t:|1757830941
|switch|p1a: Cinderace|Cinderace, F|100/100
|turn|6
|
|t:|1757830944
|move|p1a: Cinderace|Will-O-Wisp|p2a: Metagross|[miss]
|-miss|p1a: Cinderace|p2a: Metagross
|move|p2a: Metagross|Explosion|p1a: Cinderace
|-damage|p1a: Cinderace|0 fnt
|faint|p2a: Metagross
|faint|p1a: Cinderace
|
|upkeep
|
|t:|1757830955
|switch|p1a: Malamar|Malamar, F|100/100
|switch|p2a: Volcanion|Volcanion|100/100
|-damage|p1a: Malamar|88/100|[from] Stealth Rock
|turn|7
|
|t:|1757830958
|move|p1a: Malamar|Superpower|p2a: Volcanion
|-damage|p2a: Volcanion|69/100
|-boost|p1a: Malamar|atk|1
|-boost|p1a: Malamar|def|1
|move|p2a: Volcanion|Steam Eruption|p1a: Malamar
|-damage|p1a: Malamar|0 fnt
|faint|p1a: Malamar
|
|upkeep
|
|t:|1757830965
|switch|p1a: Serperior|Serperior, M|100/100
|-damage|p1a: Serperior|88/100|[from] Stealth Rock
|turn|8
|
|t:|1757830969
|switch|p2a: Fezandipiti|Fezandipiti, M|100/100
|move|p1a: Serperior|Substitute|p1a: Serperior
|-start|p1a: Serperior|Substitute
|-damage|p1a: Serperior|63/100
|
|-heal|p1a: Serperior|70/100|[from] item: Leftovers
|upkeep
|turn|9
|
|t:|1757830972
|move|p1a: Serperior|Glare|p2a: Fezandipiti
|-status|p2a: Fezandipiti|par
|move|p2a: Fezandipiti|Moonblast|p1a: Serperior
|-end|p1a: Serperior|Substitute
|
|-heal|p1a: Serperior|76/100|[from] item: Leftovers
|upkeep
|turn|10
|
|t:|1757830981
|move|p1a: Serperior|Leech Seed|p2a: Fezandipiti
|-start|p2a: Fezandipiti|move: Leech Seed
|cant|p2a: Fezandipiti|par
|
|-heal|p1a: Serperior|82/100|[from] item: Leftovers
|-damage|p2a: Fezandipiti|88/100 par|[from] Leech Seed|[of] p1a: Serperior
|-heal|p1a: Serperior|98/100|[silent]
|upkeep
|turn|11
|
|t:|1757830985
|move|p1a: Serperior|Substitute|p1a: Serperior
|-start|p1a: Serperior|Substitute
|-damage|p1a: Serperior|73/100
|move|p2a: Fezandipiti|U-turn|p1a: Serperior
|-supereffective|p1a: Serperior
|-end|p1a: Serperior|Substitute
|
|t:|1757830991
|switch|p2a: Rillaboom|Rillaboom, F|100/100|[from] U-turn
|-fieldstart|move: Grassy Terrain|[from] ability: Grassy Surge|[of] p2a: Rillaboom
|
|-heal|p1a: Serperior|80/100|[from] Grassy Terrain
|-heal|p1a: Serperior|86/100|[from] item: Leftovers
|upkeep
|turn|12
|
|t:|1757831005
|move|p1a: Serperior|Substitute|p1a: Serperior
|-start|p1a: Serperior|Substitute
|-damage|p1a: Serperior|61/100
|move|p2a: Rillaboom|U-turn|p1a: Serperior
|-supereffective|p1a: Serperior
|-end|p1a: Serperior|Substitute
|
|t:|1757831008
|switch|p2a: Fezandipiti|Fezandipiti, M|88/100 par|[from] U-turn
|
|-heal|p1a: Serperior|67/100|[from] Grassy Terrain
|-heal|p1a: Serperior|73/100|[from] item: Leftovers
|-heal|p2a: Fezandipiti|94/100 par|[from] Grassy Terrain
|upkeep
|turn|13
|
|t:|1757831012
|move|p1a: Serperior|Leaf Storm|p2a: Fezandipiti
|-resisted|p2a: Fezandipiti
|-damage|p2a: Fezandipiti|78/100 par
|-boost|p1a: Serperior|spa|2
|move|p2a: Fezandipiti|Moonblast|p1a: Serperior
|-damage|p1a: Serperior|45/100
|-status|p1a: Serperior|tox|[from] ability: Toxic Chain|[of] p2a: Fezandipiti
|
|-heal|p1a: Serperior|51/100 tox|[from] Grassy Terrain
|-heal|p1a: Serperior|58/100 tox|[from] item: Leftovers
|-heal|p2a: Fezandipiti|84/100 par|[from] Grassy Terrain
|-damage|p1a: Serperior|51/100 tox|[from] psn
|upkeep
|turn|14
|
|t:|1757831021
|move|p1a: Serperior|Leaf Storm|p2a: Fezandipiti
|-resisted|p2a: Fezandipiti
|-damage|p2a: Fezandipiti|52/100 par
|-boost|p1a: Serperior|spa|2
|move|p2a: Fezandipiti|Roost|p2a: Fezandipiti
|-heal|p2a: Fezandipiti|100/100 par
|-singleturn|p2a: Fezandipiti|move: Roost
|
|-heal|p1a: Serperior|58/100 tox|[from] Grassy Terrain
|-heal|p1a: Serperior|64/100 tox|[from] item: Leftovers
|-damage|p1a: Serperior|51/100 tox|[from] psn
|upkeep
|turn|15
|
|t:|1757831027
|move|p1a: Serperior|Leaf Storm|p2a: Fezandipiti
|-resisted|p2a: Fezandipiti
|-damage|p2a: Fezandipiti|52/100 par
|-boost|p1a: Serperior|spa|2
|move|p2a: Fezandipiti|Roost|p2a: Fezandipiti
|-heal|p2a: Fezandipiti|100/100 par
|-singleturn|p2a: Fezandipiti|move: Roost
|
|-heal|p1a: Serperior|58/100 tox|[from] Grassy Terrain
|-heal|p1a: Serperior|64/100 tox|[from] item: Leftovers
|-damage|p1a: Serperior|45/100 tox|[from] psn
|-fieldend|move: Grassy Terrain
|upkeep
|turn|16
|
|t:|1757831034
|move|p1a: Serperior|Leaf Storm|p2a: Fezandipiti
|-resisted|p2a: Fezandipiti
|-damage|p2a: Fezandipiti|48/100 par
|cant|p2a: Fezandipiti|par
|
|-heal|p1a: Serperior|51/100 tox|[from] item: Leftovers
|-damage|p1a: Serperior|27/100 tox|[from] psn
|upkeep
|turn|17
|
|t:|1757831037
|move|p1a: Serperior|Leech Seed|p2a: Fezandipiti
|-start|p2a: Fezandipiti|move: Leech Seed
|move|p2a: Fezandipiti|Roost|p2a: Fezandipiti
|-heal|p2a: Fezandipiti|98/100 par
|-singleturn|p2a: Fezandipiti|move: Roost
|
|-heal|p1a: Serperior|33/100 tox|[from] item: Leftovers
|-damage|p2a: Fezandipiti|85/100 par|[from] Leech Seed|[of] p1a: Serperior
|-heal|p1a: Serperior|49/100 tox|[silent]
|-damage|p1a: Serperior|18/100 tox|[from] psn
|upkeep
|turn|18
|
|t:|1757831042
|move|p1a: Serperior|Leaf Storm|p2a: Fezandipiti
|-resisted|p2a: Fezandipiti
|-damage|p2a: Fezandipiti|32/100 par
|move|p2a: Fezandipiti|Roost|p2a: Fezandipiti
|-heal|p2a: Fezandipiti|82/100 par
|-singleturn|p2a: Fezandipiti|move: Roost
|
|-heal|p1a: Serperior|24/100 tox|[from] item: Leftovers
|-damage|p2a: Fezandipiti|70/100 par|[from] Leech Seed|[of] p1a: Serperior
|-heal|p1a: Serperior|40/100 tox|[silent]
|-damage|p1a: Serperior|3/100 tox|[from] psn
|upkeep
|turn|19
|
|t:|1757831046
|move|p1a: Serperior|Leaf Storm|p2a: Fezandipiti
|-resisted|p2a: Fezandipiti
|-damage|p2a: Fezandipiti|19/100 par
|cant|p2a: Fezandipiti|par
|
|-heal|p1a: Serperior|9/100 tox|[from] item: Leftovers
|-damage|p2a: Fezandipiti|7/100 par|[from] Leech Seed|[of] p1a: Serperior
|-heal|p1a: Serperior|26/100 tox|[silent]
|-damage|p1a: Serperior|0 fnt|[from] psn
|faint|p1a: Serperior
|upkeep
|
|t:|1757831048
|switch|p1a: Kingambit|Kingambit, F|100/100
|-damage|p1a: Kingambit|94/100|[from] Stealth Rock
|turn|20
|
|t:|1757831052
|move|p1a: Kingambit|Iron Head|p2a: Fezandipiti
|-supereffective|p2a: Fezandipiti
|-damage|p2a: Fezandipiti|0 fnt
|faint|p2a: Fezandipiti
|
|upkeep
|
|t:|1757831053
|switch|p2a: Zamazenta|Zamazenta|100/100
|-ability|p2a: Zamazenta|Dauntless Shield|boost
|-boost|p2a: Zamazenta|def|1
|turn|21
|
|t:|1757831059
|-terastallize|p1a: Kingambit|Flying
|move|p2a: Zamazenta|Body Press|p1a: Kingambit
|-resisted|p1a: Kingambit
|-damage|p1a: Kingambit|75/100
|move|p1a: Kingambit|Iron Head|p2a: Zamazenta
|-damage|p2a: Zamazenta|76/100
|
|-heal|p2a: Zamazenta|82/100|[from] item: Leftovers
|upkeep
|turn|22
|
|t:|1757831066
|move|p2a: Zamazenta|Iron Defense|p2a: Zamazenta
|-boost|p2a: Zamazenta|def|2
|move|p1a: Kingambit|Iron Head|p2a: Zamazenta
|-crit|p2a: Zamazenta
|-damage|p2a: Zamazenta|31/100
|
|-heal|p2a: Zamazenta|38/100|[from] item: Leftovers
|upkeep
|turn|23
|
|t:|1757831071
|move|p2a: Zamazenta|Body Press|p1a: Kingambit
|-resisted|p1a: Kingambit
|-damage|p1a: Kingambit|45/100
|move|p1a: Kingambit|Iron Head|p2a: Zamazenta
|-damage|p2a: Zamazenta|24/100
|
|-heal|p2a: Zamazenta|30/100|[from] item: Leftovers
|upkeep
|turn|24
|
|t:|1757831074
|move|p2a: Zamazenta|Body Press|p1a: Kingambit
|-resisted|p1a: Kingambit
|-damage|p1a: Kingambit|13/100
|move|p1a: Kingambit|Iron Head|p2a: Zamazenta
|-damage|p2a: Zamazenta|16/100
|
|-heal|p2a: Zamazenta|23/100|[from] item: Leftovers
|upkeep
|turn|25
|-message|PepeNike forfeited.
|
|win|flygonisdragon
|raw|PepeNike's rating: 1409 &rarr; <strong>1395</strong><br />(-14 for losing)
|raw|flygonisdragon's rating: 1513 &rarr; <strong>1527</strong><br />(+14 for winning)
|l|☆PepeNike
|player|p1|
|l|☆flygonisdragon
|player|p2|
