|j|☆Alex_B32
|j|☆JasmineThia
|t:|1757806951
|gametype|singles
|player|p1|Alex_B32|1|1638
|player|p2|JasmineThia|selene-masters|1613
|gen|9
|tier|[Gen 9] OU
|rated|
|rule|HP Percentage Mod: HP is shown in percentages
|rule|Endless Battle Clause: Forcing endless battles is banned
|rule|Species Clause: Limit one of each Pokémon
|rule|OHKO Clause: OHKO moves are banned
|rule|Evasion Items Clause: Evasion items are banned
|rule|Evasion Moves Clause: Evasion moves are banned
|rule|Evasion Abilities Clause: Evasion abilities are banned
|rule|Sleep Moves Clause: Sleep-inducing moves are banned
|clearpoke
|poke|p1|Araquanid, M|
|poke|p1|Ogerpon-Wellspring, F|
|poke|p1|Garganacl, M|
|poke|p1|Great Tusk|
|poke|p1|Pecharunt|
|poke|p1|Raging Bolt|
|poke|p2|Weavile, M|
|poke|p2|Sinistcha|
|poke|p2|Gliscor, M|
|poke|p2|Great Tusk|
|poke|p2|Gholdengo|
|poke|p2|Walking Wake|
|teampreview
|inactive|Battle timer is ON: inactive players will automatically lose when time's up. (requested by JasmineThia)
|
|t:|1757806965
|teamsize|p1|6
|teamsize|p2|6
|start
|switch|p1a: Araquanid|Araquanid, M|100/100
|switch|p2a: Weavile|Weavile, M|100/100
|-ability|p2a: Weavile|Pressure
|turn|1
|
|t:|1757806978
|move|p2a: Weavile|Knock Off|p1a: Araquanid
|-damage|p1a: Araquanid|21/100
|-enditem|p1a: Araquanid|Custap Berry|[from] move: Knock Off|[of] p2a: Weavile
|move|p1a: Araquanid|Surf|p2a: Weavile
|-damage|p2a: Weavile|31/100
|
|upkeep
|turn|2
|j| tabata toxapex
|
|t:|1757806991
|move|p2a: Weavile|Knock Off|p1a: Araquanid
|-damage|p1a: Araquanid|0 fnt
|faint|p1a: Araquanid
|
|upkeep
|
|t:|1757806997
|switch|p1a: Ogerpon|Ogerpon-Wellspring, F|100/100
|turn|3
|
|t:|1757807002
|switch|p2a: Sinistcha|Sinistcha|100/100
|move|p1a: Ogerpon|Ivy Cudgel|p2a: Sinistcha|[anim] Ivy Cudgel Water
|-resisted|p2a: Sinistcha
|-damage|p2a: Sinistcha|77/100
|
|upkeep
|turn|4
|
|t:|1757807006
|switch|p1a: Pecharunt|Pecharunt|100/100
|move|p2a: Sinistcha|Matcha Gotcha|p1a: Pecharunt
|-resisted|p1a: Pecharunt
|-damage|p1a: Pecharunt|85/100
|-heal|p2a: Sinistcha|85/100|[from] drain|[of] p1a: Pecharunt
|-status|p1a: Pecharunt|brn
|
|-damage|p1a: Pecharunt|79/100 brn|[from] brn
|upkeep
|turn|5
|
|t:|1757807010
|switch|p2a: Gliscor|Gliscor, M|100/100
|move|p1a: Pecharunt|Malignant Chain|p2a: Gliscor
|-resisted|p2a: Gliscor
|-damage|p2a: Gliscor|87/100
|-status|p2a: Gliscor|tox
|-start|p2a: Gliscor|confusion|[from] ability: Poison Puppeteer|[of] p1a: Pecharunt
|
|-heal|p2a: Gliscor|99/100 tox|[from] ability: Poison Heal
|-damage|p1a: Pecharunt|73/100 brn|[from] brn
|upkeep
|turn|6
|
|t:|1757807013
|-activate|p2a: Gliscor|confusion
|move|p2a: Gliscor|Spikes|p1a: Pecharunt
|-sidestart|p1: Alex_B32|Spikes
|move|p1a: Pecharunt|Parting Shot|p2a: Gliscor
|-unboost|p2a: Gliscor|atk|1
|-unboost|p2a: Gliscor|spa|1
|
|t:|1757807024
|switch|p1a: Ogerpon|Ogerpon-Wellspring, F|100/100|[from] Parting Shot
|-damage|p1a: Ogerpon|88/100|[from] Spikes
|
|-heal|p2a: Gliscor|100/100 tox|[from] ability: Poison Heal
|upkeep
|turn|7
|
|t:|1757807027
|switch|p2a: Sinistcha|Sinistcha|85/100
|move|p1a: Ogerpon|Swords Dance|p1a: Ogerpon
|-boost|p1a: Ogerpon|atk|2
|
|upkeep
|turn|8
|
|t:|1757807033
|move|p1a: Ogerpon|Play Rough|p2a: Sinistcha
|-damage|p2a: Sinistcha|33/100
|move|p2a: Sinistcha|Strength Sap|p1a: Ogerpon
|-unboost|p1a: Ogerpon|atk|1
|-heal|p2a: Sinistcha|100/100
|
|upkeep
|turn|9
|
|t:|1757807038
|switch|p1a: Pecharunt|Pecharunt|73/100 brn
|move|p2a: Sinistcha|Matcha Gotcha|p1a: Pecharunt
|-resisted|p1a: Pecharunt
|-damage|p1a: Pecharunt|57/100 brn
|
|-damage|p1a: Pecharunt|51/100 brn|[from] brn
|upkeep
|turn|10
|
|t:|1757807042
|switch|p2a: Gliscor|Gliscor, M|100/100 tox
|move|p1a: Pecharunt|Parting Shot|p2a: Gliscor
|-unboost|p2a: Gliscor|atk|1
|-unboost|p2a: Gliscor|spa|1
|
|t:|1757807046
|switch|p1a: Garganacl|Garganacl, M|100/100|[from] Parting Shot
|-damage|p1a: Garganacl|88/100|[from] Spikes
|
|-heal|p1a: Garganacl|94/100|[from] item: Leftovers
|upkeep
|turn|11
|
|t:|1757807048
|move|p2a: Gliscor|Knock Off|p1a: Garganacl
|-damage|p1a: Garganacl|85/100
|-enditem|p1a: Garganacl|Leftovers|[from] move: Knock Off|[of] p2a: Gliscor
|move|p1a: Garganacl|Salt Cure|p2a: Gliscor
|-damage|p2a: Gliscor|89/100 tox
|-start|p2a: Gliscor|Salt Cure
|
|-heal|p2a: Gliscor|100/100 tox|[from] ability: Poison Heal
|-damage|p2a: Gliscor|88/100 tox|[from] Salt Cure
|upkeep
|turn|12
|
|t:|1757807057
|move|p2a: Gliscor|Spikes|p1a: Garganacl
|-sidestart|p1: Alex_B32|Spikes
|move|p1a: Garganacl|Salt Cure|p2a: Gliscor
|-damage|p2a: Gliscor|77/100 tox
|
|-heal|p2a: Gliscor|89/100 tox|[from] ability: Poison Heal
|-damage|p2a: Gliscor|77/100 tox|[from] Salt Cure
|upkeep
|turn|13
|
|t:|1757807060
|switch|p1a: Great Tusk|Great Tusk|100/100
|-damage|p1a: Great Tusk|84/100|[from] Spikes
|-enditem|p1a: Great Tusk|Booster Energy
|-activate|p1a: Great Tusk|ability: Protosynthesis|[fromitem]
|-start|p1a: Great Tusk|protosynthesisatk
|move|p2a: Gliscor|Spikes|p1a: Great Tusk
|-sidestart|p1: Alex_B32|Spikes
|
|-heal|p2a: Gliscor|89/100 tox|[from] ability: Poison Heal
|-damage|p2a: Gliscor|77/100 tox|[from] Salt Cure
|upkeep
|turn|14
|
|t:|1757807073
|switch|p2a: Gholdengo|Gholdengo|100/100
|-item|p2a: Gholdengo|Air Balloon
|move|p1a: Great Tusk|Knock Off|p2a: Gholdengo
|-supereffective|p2a: Gholdengo
|-damage|p2a: Gholdengo|42/100
|-enditem|p2a: Gholdengo|Air Balloon
|
|upkeep
|turn|15
|
|t:|1757807087
|move|p1a: Great Tusk|Headlong Rush|p2a: Gholdengo
|-supereffective|p2a: Gholdengo
|-damage|p2a: Gholdengo|0 fnt
|-unboost|p1a: Great Tusk|def|1
|-unboost|p1a: Great Tusk|spd|1
|faint|p2a: Gholdengo
|
|upkeep
|
|t:|1757807089
|switch|p2a: Sinistcha|Sinistcha|100/100
|turn|16
|
|t:|1757807098
|-end|p1a: Great Tusk|Protosynthesis|[silent]
|switch|p1a: Pecharunt|Pecharunt|51/100 brn
|move|p2a: Sinistcha|Strength Sap|p1a: Pecharunt
|-unboost|p1a: Pecharunt|atk|1
|
|-damage|p1a: Pecharunt|45/100 brn|[from] brn
|upkeep
|turn|17
|
|t:|1757807103
|switch|p2a: Gliscor|Gliscor, M|77/100 tox
|move|p1a: Pecharunt|Recover|p1a: Pecharunt
|-heal|p1a: Pecharunt|95/100 brn
|
|-heal|p2a: Gliscor|89/100 tox|[from] ability: Poison Heal
|-damage|p1a: Pecharunt|89/100 brn|[from] brn
|upkeep
|turn|18
|
|t:|1757807105
|move|p2a: Gliscor|Knock Off|p1a: Pecharunt
|-supereffective|p1a: Pecharunt
|-damage|p1a: Pecharunt|70/100 brn
|-enditem|p1a: Pecharunt|Heavy-Duty Boots|[from] move: Knock Off|[of] p2a: Gliscor
|move|p1a: Pecharunt|Parting Shot|p2a: Gliscor
|-unboost|p2a: Gliscor|atk|1
|-unboost|p2a: Gliscor|spa|1
|
|t:|1757807113
|switch|p1a: Great Tusk|Great Tusk|84/100|[from] Parting Shot
|-damage|p1a: Great Tusk|59/100|[from] Spikes
|
|-heal|p2a: Gliscor|100/100 tox|[from] ability: Poison Heal
|upkeep
|turn|19
|
|t:|1757807119
|switch|p2a: Sinistcha|Sinistcha|100/100
|move|p1a: Great Tusk|Rapid Spin|p2a: Sinistcha
|-immune|p2a: Sinistcha
|
|upkeep
|turn|20
|
|t:|1757807131
|-end|p1a: Great Tusk|Protosynthesis|[silent]
|switch|p1a: Pecharunt|Pecharunt|70/100 brn
|-damage|p1a: Pecharunt|45/100 brn|[from] Spikes
|move|p2a: Sinistcha|Shadow Ball|p1a: Pecharunt
|-supereffective|p1a: Pecharunt
|-damage|p1a: Pecharunt|0 fnt
|faint|p1a: Pecharunt
|
|upkeep
|
|t:|1757807133
|switch|p1a: Raging Bolt|Raging Bolt|100/100
|-damage|p1a: Raging Bolt|76/100|[from] Spikes
|-enditem|p1a: Raging Bolt|Booster Energy
|-activate|p1a: Raging Bolt|ability: Protosynthesis|[fromitem]
|-start|p1a: Raging Bolt|protosynthesisspa
|turn|21
|
|t:|1757807138
|switch|p2a: Gliscor|Gliscor, M|100/100 tox
|move|p1a: Raging Bolt|Draco Meteor|p2a: Gliscor
|-damage|p2a: Gliscor|19/100 tox
|-unboost|p1a: Raging Bolt|spa|2
|
|-heal|p2a: Gliscor|31/100 tox|[from] ability: Poison Heal
|upkeep
|turn|22
|
|t:|1757807144
|-end|p1a: Raging Bolt|Protosynthesis|[silent]
|switch|p1a: Garganacl|Garganacl, M|85/100
|-damage|p1a: Garganacl|60/100|[from] Spikes
|move|p2a: Gliscor|Toxic|p1a: Garganacl
|-immune|p1a: Garganacl|[from] ability: Purifying Salt
|
|-heal|p2a: Gliscor|44/100 tox|[from] ability: Poison Heal
|upkeep
|turn|23
|
|t:|1757807148
|move|p2a: Gliscor|Protect|p2a: Gliscor
|-singleturn|p2a: Gliscor|Protect
|move|p1a: Garganacl|Salt Cure|p2a: Gliscor
|-activate|p2a: Gliscor|move: Protect
|
|-heal|p2a: Gliscor|56/100 tox|[from] ability: Poison Heal
|upkeep
|turn|24
|
|t:|1757807150
|move|p2a: Gliscor|Knock Off|p1a: Garganacl
|-damage|p1a: Garganacl|52/100
|move|p1a: Garganacl|Salt Cure|p2a: Gliscor
|-damage|p2a: Gliscor|44/100 tox
|-start|p2a: Gliscor|Salt Cure
|
|-heal|p2a: Gliscor|57/100 tox|[from] ability: Poison Heal
|-damage|p2a: Gliscor|44/100 tox|[from] Salt Cure
|upkeep
|turn|25
|
|t:|1757807155
|switch|p2a: Great Tusk|Great Tusk|100/100
|move|p1a: Garganacl|Recover|p1a: Garganacl
|-heal|p1a: Garganacl|100/100
|
|upkeep
|turn|26
|
|t:|1757807178
|-terastallize|p1a: Garganacl|Water
|move|p2a: Great Tusk|Stealth Rock|p1a: Garganacl
|-sidestart|p1: Alex_B32|move: Stealth Rock
|move|p1a: Garganacl|Curse|p1a: Garganacl
|-unboost|p1a: Garganacl|spe|1
|-boost|p1a: Garganacl|atk|1
|-boost|p1a: Garganacl|def|1
|
|upkeep
|turn|27
|
|t:|1757807186
|-end|p2a: Great Tusk|Protosynthesis|[silent]
|switch|p2a: Sinistcha|Sinistcha|100/100
|move|p1a: Garganacl|Salt Cure|p2a: Sinistcha
|-damage|p2a: Sinistcha|85/100
|-start|p2a: Sinistcha|Salt Cure
|
|-damage|p2a: Sinistcha|72/100|[from] Salt Cure
|upkeep
|turn|28
|
|t:|1757807190
|move|p2a: Sinistcha|Matcha Gotcha|p1a: Garganacl
|-supereffective|p1a: Garganacl
|-damage|p1a: Garganacl|53/100
|-heal|p2a: Sinistcha|99/100|[from] drain|[of] p1a: Garganacl
|move|p1a: Garganacl|Salt Cure|p2a: Sinistcha
|-damage|p2a: Sinistcha|85/100
|
|-damage|p2a: Sinistcha|73/100|[from] Salt Cure
|upkeep
|turn|29
|
|t:|1757807198
|move|p2a: Sinistcha|Calm Mind|p2a: Sinistcha
|-boost|p2a: Sinistcha|spa|1
|-boost|p2a: Sinistcha|spd|1
|move|p1a: Garganacl|Recover|p1a: Garganacl
|-heal|p1a: Garganacl|100/100
|
|-damage|p2a: Sinistcha|61/100|[from] Salt Cure
|upkeep
|turn|30
|
|t:|1757807204
|switch|p1a: Raging Bolt|Raging Bolt|76/100
|-damage|p1a: Raging Bolt|51/100|[from] Spikes
|-damage|p1a: Raging Bolt|38/100|[from] Stealth Rock
|move|p2a: Sinistcha|Matcha Gotcha|p1a: Raging Bolt|[miss]
|-miss|p2a: Sinistcha|p1a: Raging Bolt
|
|-damage|p2a: Sinistcha|48/100|[from] Salt Cure
|upkeep
|turn|31
|
|t:|1757807210
|switch|p2a: Gliscor|Gliscor, M|44/100 tox
|move|p1a: Raging Bolt|Draco Meteor|p2a: Gliscor
|-damage|p2a: Gliscor|0 fnt
|-unboost|p1a: Raging Bolt|spa|2
|faint|p2a: Gliscor
|
|upkeep
|
|t:|1757807216
|switch|p2a: Weavile|Weavile, M|31/100
|-ability|p2a: Weavile|Pressure
|turn|32
|
|t:|1757807224
|move|p1a: Raging Bolt|Thunderclap|p2a: Weavile
|-damage|p2a: Weavile|3/100
|move|p2a: Weavile|Knock Off|p1a: Raging Bolt
|-damage|p1a: Raging Bolt|0 fnt
|faint|p1a: Raging Bolt
|-end|p1a: Raging Bolt|Protosynthesis|[silent]
|
|upkeep
|
|t:|1757807232
|switch|p1a: Garganacl|Garganacl, M, tera:Water|100/100
|-damage|p1a: Garganacl|75/100|[from] Spikes
|-damage|p1a: Garganacl|63/100|[from] Stealth Rock
|turn|33
|
|t:|1757807234
|move|p2a: Weavile|Knock Off|p1a: Garganacl
|-damage|p1a: Garganacl|30/100
|move|p1a: Garganacl|Recover|p1a: Garganacl
|-heal|p1a: Garganacl|80/100
|
|upkeep
|turn|34
|
|t:|1757807237
|switch|p2a: Sinistcha|Sinistcha|48/100
|move|p1a: Garganacl|Curse|p1a: Garganacl
|-unboost|p1a: Garganacl|spe|1
|-boost|p1a: Garganacl|atk|1
|-boost|p1a: Garganacl|def|1
|
|upkeep
|turn|35
|
|t:|1757807240
|move|p2a: Sinistcha|Matcha Gotcha|p1a: Garganacl
|-supereffective|p1a: Garganacl
|-damage|p1a: Garganacl|32/100
|-heal|p2a: Sinistcha|76/100|[from] drain|[of] p1a: Garganacl
|move|p1a: Garganacl|Salt Cure|p2a: Sinistcha
|-damage|p2a: Sinistcha|62/100
|-start|p2a: Sinistcha|Salt Cure
|
|-damage|p2a: Sinistcha|50/100|[from] Salt Cure
|upkeep
|turn|36
|
|t:|1757807246
|switch|p1a: Great Tusk|Great Tusk|59/100
|-damage|p1a: Great Tusk|34/100|[from] Spikes
|-damage|p1a: Great Tusk|31/100|[from] Stealth Rock
|move|p2a: Sinistcha|Matcha Gotcha|p1a: Great Tusk
|-supereffective|p1a: Great Tusk
|-damage|p1a: Great Tusk|0 fnt
|-heal|p2a: Sinistcha|66/100|[from] drain|[of] p1a: Great Tusk
|faint|p1a: Great Tusk
|-end|p1a: Great Tusk|Protosynthesis|[silent]
|
|-damage|p2a: Sinistcha|54/100|[from] Salt Cure
|upkeep
|
|t:|1757807252
|switch|p1a: Ogerpon|Ogerpon-Wellspring, F|88/100
|-damage|p1a: Ogerpon|63/100|[from] Spikes
|-damage|p1a: Ogerpon|51/100|[from] Stealth Rock
|turn|37
|
|t:|1757807256
|move|p1a: Ogerpon|Play Rough|p2a: Sinistcha
|-damage|p2a: Sinistcha|29/100
|move|p2a: Sinistcha|Strength Sap|p1a: Ogerpon
|-unboost|p1a: Ogerpon|atk|1
|-heal|p2a: Sinistcha|100/100
|
|-damage|p2a: Sinistcha|88/100|[from] Salt Cure
|upkeep
|turn|38
|c|☆Alex_B32|gg
|
|t:|1757807260
|move|p1a: Ogerpon|Swords Dance|p1a: Ogerpon
|-boost|p1a: Ogerpon|atk|2
|move|p2a: Sinistcha|Matcha Gotcha|p1a: Ogerpon
|-damage|p1a: Ogerpon|15/100
|-heal|p2a: Sinistcha|100/100|[from] drain|[of] p1a: Ogerpon
|
|-damage|p2a: Sinistcha|88/100|[from] Salt Cure
|upkeep
|turn|39
|
|t:|1757807265
|move|p1a: Ogerpon|Play Rough|p2a: Sinistcha
|-damage|p2a: Sinistcha|49/100
|move|p2a: Sinistcha|Strength Sap|p1a: Ogerpon
|-unboost|p1a: Ogerpon|atk|1
|-heal|p2a: Sinistcha|100/100
|
|-damage|p2a: Sinistcha|88/100|[from] Salt Cure
|upkeep
|turn|40
|c|☆JasmineThia|gg
|
|t:|1757807274
|move|p1a: Ogerpon|Play Rough|p2a: Sinistcha
|-damage|p2a: Sinistcha|61/100
|move|p2a: Sinistcha|Shadow Ball|p1a: Ogerpon
|-damage|p1a: Ogerpon|0 fnt
|faint|p1a: Ogerpon
|
|-damage|p2a: Sinistcha|49/100|[from] Salt Cure
|upkeep
|
|t:|1757807276
|switch|p1a: Garganacl|Garganacl, M, tera:Water|32/100
|-damage|p1a: Garganacl|7/100|[from] Spikes
|-damage|p1a: Garganacl|0 fnt|[from] Stealth Rock
|faint|p1a: Garganacl
|
|win|JasmineThia
|raw|Alex_B32's rating: 1638 &rarr; <strong>1617</strong><br />(-21 for losing)
|raw|JasmineThia's rating: 1613 &rarr; <strong>1634</strong><br />(+21 for winning)
|l|☆Alex_B32
|player|p1|
