|j|☆SpectralStorm
|j|☆pr0is0p
|t:|1757852152
|gametype|singles
|player|p1|SpectralStorm|1|1317
|player|p2|pr0is0p|elesa|1314
|gen|9
|tier|[Gen 9] OU
|rated|
|rule|HP Percentage Mod: HP is shown in percentages
|rule|Endless Battle Clause: Forcing endless battles is banned
|rule|Species Clause: Limit one of each Pokémon
|rule|OHKO Clause: OHKO moves are banned
|rule|Evasion Items Clause: Evasion items are banned
|rule|Evasion Moves Clause: Evasion moves are banned
|rule|Evasion Abilities Clause: Evasion abilities are banned
|rule|Sleep Moves Clause: Sleep-inducing moves are banned
|clearpoke
|poke|p1|Bellibolt, F|
|poke|p1|Basculegion, M|
|poke|p1|Dragonite, M|
|poke|p1|Iron Treads|
|poke|p1|Barraskewda, F|
|poke|p1|Pelipper, F|
|poke|p2|Dragapult, F|
|poke|p2|Great Tusk|
|poke|p2|Comfey, F|
|poke|p2|Ogerpon-Wellspring, F|
|poke|p2|Iron Crown|
|poke|p2|Gliscor, M|
|teampreview
|inactive|Battle timer is ON: inactive players will automatically lose when time's up. (requested by pr0is0p)
|inactive|pr0is0p has 120 seconds left.
|
|t:|1757852186
|teamsize|p1|6
|teamsize|p2|6
|start
|switch|p1a: Pelipper|Pelipper, F|100/100
|switch|p2a: Iron Crown|Iron Crown|100/100
|-weather|RainDance|[from] ability: Drizzle|[of] p1a: Pelipper
|turn|1
|
|t:|1757852192
|switch|p1a: Bellibolt|Bellibolt, F|100/100
|move|p2a: Iron Crown|Volt Switch|p1a: Bellibolt
|-resisted|p1a: Bellibolt
|-damage|p1a: Bellibolt|92/100
|-start|p1a: Bellibolt|Charge|Volt Switch|[from] ability: Electromorphosis
|
|t:|1757852220
|-end|p2a: Iron Crown|Quark Drive|[silent]
|switch|p2a: Great Tusk|Great Tusk|100/100|[from] Volt Switch
|
|-weather|RainDance|[upkeep]
|upkeep
|turn|2
|
|t:|1757852234
|-terastallize|p1a: Bellibolt|Fairy
|move|p2a: Great Tusk|Headlong Rush|p1a: Bellibolt
|-damage|p1a: Bellibolt|48/100
|-unboost|p2a: Great Tusk|def|1
|-unboost|p2a: Great Tusk|spd|1
|-start|p1a: Bellibolt|Charge|Headlong Rush|[from] ability: Electromorphosis
|move|p1a: Bellibolt|Weather Ball|p2a: Great Tusk
|-supereffective|p2a: Great Tusk
|-damage|p2a: Great Tusk|0 fnt
|faint|p2a: Great Tusk
|-end|p2a: Great Tusk|Protosynthesis|[silent]
|
|-weather|RainDance|[upkeep]
|upkeep
|inactive|pr0is0p has 120 seconds left.
|
|t:|1757852248
|switch|p2a: Iron Crown|Iron Crown|100/100
|turn|3
|
|t:|1757852253
|switch|p1a: Iron Treads|Iron Treads|100/100
|move|p2a: Iron Crown|Tachyon Cutter|p1a: Iron Treads
|-resisted|p1a: Iron Treads
|-damage|p1a: Iron Treads|86/100
|-resisted|p1a: Iron Treads
|-damage|p1a: Iron Treads|70/100
|-hitcount|p1a: Iron Treads|2
|-enditem|p1a: Iron Treads|Eject Button
|
|t:|1757852265
|-end|p1a: Iron Treads|Quark Drive|[silent]
|switch|p1a: Basculegion|Basculegion, M|100/100
|
|-weather|RainDance|[upkeep]
|upkeep
|turn|4
|
|t:|1757852274
|switch|p1a: Dragonite|Dragonite, M|100/100
|move|p2a: Iron Crown|Volt Switch|p1a: Dragonite
|-damage|p1a: Dragonite|87/100
|
|t:|1757852281
|-end|p2a: Iron Crown|Quark Drive|[silent]
|switch|p2a: Dragapult|Dragapult, F|100/100|[from] Volt Switch
|
|-weather|RainDance|[upkeep]
|upkeep
|turn|5
|
|t:|1757852289
|switch|p1a: Bellibolt|Bellibolt, F, tera:Fairy|48/100
|move|p2a: Dragapult|Substitute|p2a: Dragapult
|-start|p2a: Dragapult|Substitute
|-damage|p2a: Dragapult|76/100
|
|-weather|RainDance|[upkeep]
|upkeep
|turn|6
|
|t:|1757852294
|move|p2a: Dragapult|Dragon Dance|p2a: Dragapult
|-boost|p2a: Dragapult|atk|1
|-boost|p2a: Dragapult|spe|1
|move|p1a: Bellibolt|Tera Blast|p2a: Dragapult|[anim] Tera Blast Fairy
|-supereffective|p2a: Dragapult
|-end|p2a: Dragapult|Substitute
|
|-weather|RainDance|[upkeep]
|upkeep
|turn|7
|
|t:|1757852305
|move|p2a: Dragapult|Phantom Force||[still]
|-prepare|p2a: Dragapult|Phantom Force
|-enditem|p2a: Dragapult|Power Herb
|-anim|p2a: Dragapult|Phantom Force|p1a: Bellibolt
|-damage|p1a: Bellibolt|0 fnt
|faint|p1a: Bellibolt
|
|-weather|RainDance|[upkeep]
|upkeep
|
|t:|1757852313
|switch|p1a: Barraskewda|Barraskewda, F|100/100
|turn|8
|
|t:|1757852336
|move|p1a: Barraskewda|Flip Turn|p2a: Dragapult
|-resisted|p2a: Dragapult
|-damage|p2a: Dragapult|24/100
|
|t:|1757852339
|switch|p1a: Iron Treads|Iron Treads|70/100|[from] Flip Turn
|move|p2a: Dragapult|Dragon Darts|p1a: Iron Treads
|-resisted|p1a: Iron Treads
|-damage|p1a: Iron Treads|55/100
|-anim|p2a: Dragapult|Dragon Darts|p1a: Iron Treads
|-resisted|p1a: Iron Treads
|-damage|p1a: Iron Treads|41/100
|
|-weather|none
|upkeep
|turn|9
|
|t:|1757852356
|move|p2a: Dragapult|Phantom Force||[still]
|-prepare|p2a: Dragapult|Phantom Force
|move|p1a: Iron Treads|Stealth Rock|p2a: Dragapult
|-sidestart|p2: pr0is0p|move: Stealth Rock
|
|upkeep
|turn|10
|
|t:|1757852363
|move|p2a: Dragapult|Phantom Force|p1a: Iron Treads|[from] lockedmove
|-damage|p1a: Iron Treads|0 fnt
|faint|p1a: Iron Treads
|-end|p1a: Iron Treads|Quark Drive|[silent]
|
|upkeep
|
|t:|1757852365
|switch|p1a: Pelipper|Pelipper, F|100/100
|-weather|RainDance|[from] ability: Drizzle|[of] p1a: Pelipper
|turn|11
|
|t:|1757852386
|move|p2a: Dragapult|Dragon Dance|p2a: Dragapult
|-boost|p2a: Dragapult|atk|1
|-boost|p2a: Dragapult|spe|1
|move|p1a: Pelipper|U-turn|p2a: Dragapult
|-resisted|p2a: Dragapult
|-damage|p2a: Dragapult|18/100
|-start|p1a: Pelipper|Disable|U-turn|[from] ability: Cursed Body|[of] p2a: Dragapult
|
|t:|1757852393
|switch|p1a: Basculegion|Basculegion, M|100/100|[from] U-turn
|
|-weather|RainDance|[upkeep]
|upkeep
|turn|12
|
|t:|1757852410
|switch|p2a: Ogerpon|Ogerpon-Wellspring, F|100/100
|-damage|p2a: Ogerpon|88/100|[from] Stealth Rock
|move|p1a: Basculegion|Aqua Jet|p2a: Ogerpon
|-heal|p2a: Ogerpon|100/100|[from] ability: Water Absorb|[of] p1a: Basculegion
|
|-weather|RainDance|[upkeep]
|upkeep
|turn|13
|
|t:|1757852419
|switch|p1a: Dragonite|Dragonite, M|87/100
|move|p2a: Ogerpon|Knock Off|p1a: Dragonite
|-damage|p1a: Dragonite|46/100
|-enditem|p1a: Dragonite|Eject Pack|[from] move: Knock Off|[of] p2a: Ogerpon
|
|-weather|RainDance|[upkeep]
|upkeep
|turn|14
|
|t:|1757852426
|switch|p1a: Basculegion|Basculegion, M|100/100
|move|p2a: Ogerpon|Play Rough|p1a: Basculegion
|-damage|p1a: Basculegion|55/100
|-unboost|p1a: Basculegion|atk|1
|
|-weather|RainDance|[upkeep]
|upkeep
|turn|15
|-message|SpectralStorm forfeited.
|
|win|pr0is0p
|raw|SpectralStorm's rating: 1317 &rarr; <strong>1297</strong><br />(-20 for losing)
|raw|pr0is0p's rating: 1314 &rarr; <strong>1334</strong><br />(+20 for winning)
|l|☆SpectralStorm
|player|p1|
