|j|☆idonteatpets
|j|☆blabala
|t:|1757918707
|gametype|singles
|player|p1|idonteatpets|170|1194
|player|p2|blabala|brendan-contest|1275
|gen|9
|tier|[Gen 9] OU
|rated|
|rule|HP Percentage Mod: HP is shown in percentages
|rule|Endless Battle Clause: Forcing endless battles is banned
|rule|Species Clause: Limit one of each Pokémon
|rule|OHKO Clause: OHKO moves are banned
|rule|Evasion Items Clause: Evasion items are banned
|rule|Evasion Moves Clause: Evasion moves are banned
|rule|Evasion Abilities Clause: Evasion abilities are banned
|rule|Sleep Moves Clause: Sleep-inducing moves are banned
|clearpoke
|poke|p1|Skarmory, M|
|poke|p1|Landorus-Therian, M|
|poke|p1|Serperior, M|
|poke|p1|Latios, M|
|poke|p1|Regice|
|poke|p1|Dragapult, F|
|poke|p2|Torkoal, F|
|poke|p2|Great Tusk|
|poke|p2|Venusaur, F|
|poke|p2|Ceruledge, F|
|poke|p2|Slither Wing|
|poke|p2|Walking Wake|
|teampreview
|
|t:|1757918744
|teamsize|p1|6
|teamsize|p2|6
|start
|switch|p1a: Landorus|Landorus-Therian, M|100/100
|switch|p2a: Kanlaon|Torkoal, F|100/100
|-ability|p1a: Landorus|Intimidate|boost
|-unboost|p2a: Kanlaon|atk|1
|-weather|SunnyDay|[from] ability: Drought|[of] p2a: Kanlaon
|turn|1
|inactive|Battle timer is ON: inactive players will automatically lose when time's up. (requested by idonteatpets)
|
|t:|1757918778
|move|p1a: Landorus|Stone Edge|p2a: Kanlaon
|-supereffective|p2a: Kanlaon
|-damage|p2a: Kanlaon|42/100
|move|p2a: Kanlaon|Stealth Rock|p1a: Landorus
|-sidestart|p1: idonteatpets|move: Stealth Rock
|
|-weather|SunnyDay|[upkeep]
|upkeep
|turn|2
|
|t:|1757918788
|switch|p2a: Taal|Walking Wake|100/100
|-activate|p2a: Taal|ability: Protosynthesis
|-start|p2a: Taal|protosynthesisspe
|move|p1a: Landorus|Stone Edge|p2a: Taal
|-crit|p2a: Taal
|-damage|p2a: Taal|41/100
|
|-weather|SunnyDay|[upkeep]
|upkeep
|turn|3
|
|t:|1757918793
|move|p2a: Taal|Hydro Steam|p1a: Landorus
|-supereffective|p1a: Landorus
|-damage|p1a: Landorus|0 fnt
|faint|p1a: Landorus
|
|-weather|SunnyDay|[upkeep]
|upkeep
|
|t:|1757918801
|switch|p1a: Regice|Regice|100/100
|-damage|p1a: Regice|76/100|[from] Stealth Rock
|turn|4
|l|☆blabala
|inactive|blabala disconnected and has a minute to reconnect!
|player|p2|
|j|☆blabala
|inactive|blabala reconnected and has 135 seconds left.
|player|p2|blabala|brendan-contest|
|
|t:|1757918829
|move|p2a: Taal|Weather Ball|p1a: Regice
|-supereffective|p1a: Regice
|-damage|p1a: Regice|40/100
|move|p1a: Regice|Thunderbolt|p2a: Taal
|-damage|p2a: Taal|10/100
|
|-weather|SunnyDay|[upkeep]
|upkeep
|turn|5
|
|t:|1757918839
|move|p2a: Taal|Weather Ball|p1a: Regice
|-supereffective|p1a: Regice
|-damage|p1a: Regice|4/100
|move|p1a: Regice|Thunderbolt|p2a: Taal
|-damage|p2a: Taal|0 fnt
|faint|p2a: Taal
|-end|p2a: Taal|Protosynthesis|[silent]
|
|-weather|SunnyDay|[upkeep]
|upkeep
|
|t:|1757918848
|switch|p2a: GALACTICA PHANTOM|Great Tusk|100/100
|-activate|p2a: GALACTICA PHANTOM|ability: Protosynthesis
|-start|p2a: GALACTICA PHANTOM|protosynthesisatk
|turn|6
|
|t:|1757918864
|switch|p1a: Skarmory|Skarmory, M|100/100
|-damage|p1a: Skarmory|88/100|[from] Stealth Rock
|-terastallize|p2a: GALACTICA PHANTOM|Fire
|move|p2a: GALACTICA PHANTOM|Temper Flare|p1a: Skarmory
|-supereffective|p1a: Skarmory
|-damage|p1a: Skarmory|0 fnt
|-damage|p2a: GALACTICA PHANTOM|84/100|[from] item: Rocky Helmet|[of] p1a: Skarmory
|faint|p1a: Skarmory
|
|-weather|SunnyDay|[upkeep]
|upkeep
|
|t:|1757918883
|switch|p1a: Latios|Latios, M|100/100
|-damage|p1a: Latios|88/100|[from] Stealth Rock
|turn|7
|
|t:|1757918888
|-end|p2a: GALACTICA PHANTOM|Protosynthesis|[silent]
|switch|p2a: Bugass|Slither Wing|100/100
|-activate|p2a: Bugass|ability: Protosynthesis
|-start|p2a: Bugass|protosynthesisatk
|move|p1a: Latios|Draco Meteor|p2a: Bugass
|-damage|p2a: Bugass|52/100
|-unboost|p1a: Latios|spa|2
|
|-weather|SunnyDay|[upkeep]
|upkeep
|turn|8
|
|t:|1757918900
|switch|p1a: Regice|Regice|4/100
|-damage|p1a: Regice|0 fnt|[from] Stealth Rock
|faint|p1a: Regice
|move|p2a: Bugass|First Impression|p1: Regice|[notarget]
|-fail|p2a: Bugass
|
|-weather|none
|-end|p2a: Bugass|Protosynthesis
|upkeep
|
|t:|1757918916
|switch|p1a: Latios|Latios, M|88/100
|-damage|p1a: Latios|76/100|[from] Stealth Rock
|turn|9
|
|t:|1757918921
|move|p1a: Latios|Ice Beam|p2a: Bugass
|-damage|p2a: Bugass|26/100
|move|p2a: Bugass|Leech Life|p1a: Latios
|-supereffective|p1a: Latios
|-damage|p1a: Latios|0 fnt
|-heal|p2a: Bugass|62/100|[from] drain|[of] p1a: Latios
|faint|p1a: Latios
|
|upkeep
|
|t:|1757918928
|switch|p1a: Dragapult|Dragapult, F|100/100
|-damage|p1a: Dragapult|88/100|[from] Stealth Rock
|turn|10
|
|t:|1757918943
|-end|p2a: Bugass|Protosynthesis|[silent]
|switch|p2a: Kanlaon|Torkoal, F|42/100
|-weather|SunnyDay|[from] ability: Drought|[of] p2a: Kanlaon
|-terastallize|p1a: Dragapult|Poison
|move|p1a: Dragapult|Flamethrower|p2a: Kanlaon
|-resisted|p2a: Kanlaon
|-damage|p2a: Kanlaon|24/100
|
|-weather|SunnyDay|[upkeep]
|upkeep
|turn|11
|
|t:|1757918956
|switch|p2a: GALACTICA PHANTOM|Great Tusk, tera:Fire|84/100
|-activate|p2a: GALACTICA PHANTOM|ability: Protosynthesis
|-start|p2a: GALACTICA PHANTOM|protosynthesisatk
|move|p1a: Dragapult|Dragon Darts|p2a: GALACTICA PHANTOM
|-damage|p2a: GALACTICA PHANTOM|65/100
|-anim|p1a: Dragapult|Dragon Darts|p2a: GALACTICA PHANTOM
|-damage|p2a: GALACTICA PHANTOM|48/100
|
|-weather|SunnyDay|[upkeep]
|upkeep
|turn|12
|
|t:|1757918971
|move|p2a: GALACTICA PHANTOM|Headlong Rush|p1a: Dragapult
|-supereffective|p1a: Dragapult
|-damage|p1a: Dragapult|0 fnt
|-unboost|p2a: GALACTICA PHANTOM|def|1
|-unboost|p2a: GALACTICA PHANTOM|spd|1
|faint|p1a: Dragapult
|
|-weather|SunnyDay|[upkeep]
|upkeep
|
|t:|1757918977
|switch|p1a: Serperior|Serperior, M|100/100
|-damage|p1a: Serperior|88/100|[from] Stealth Rock
|turn|13
|
|t:|1757918988
|-end|p2a: GALACTICA PHANTOM|Protosynthesis|[silent]
|switch|p2a: Bugass|Slither Wing|62/100
|-activate|p2a: Bugass|ability: Protosynthesis
|-start|p2a: Bugass|protosynthesisatk
|move|p1a: Serperior|Substitute|p1a: Serperior
|-start|p1a: Serperior|Substitute
|-damage|p1a: Serperior|63/100
|
|-weather|SunnyDay|[upkeep]
|-heal|p1a: Serperior|69/100|[from] item: Leftovers
|upkeep
|turn|14
|
|t:|1757918997
|move|p1a: Serperior|Protect|p1a: Serperior
|-singleturn|p1a: Serperior|Protect
|move|p2a: Bugass|First Impression|p1a: Serperior
|-activate|p1a: Serperior|move: Protect
|
|-weather|SunnyDay|[upkeep]
|-heal|p1a: Serperior|76/100|[from] item: Leftovers
|upkeep
|turn|15
|
|t:|1757919006
|move|p1a: Serperior|Leech Seed|p2a: Bugass
|-start|p2a: Bugass|move: Leech Seed
|move|p2a: Bugass|Temper Flare|p1a: Serperior
|-supereffective|p1a: Serperior
|-end|p1a: Serperior|Substitute
|
|-weather|SunnyDay|[upkeep]
|-heal|p1a: Serperior|82/100|[from] item: Leftovers
|-damage|p2a: Bugass|50/100|[from] Leech Seed|[of] p1a: Serperior
|-heal|p1a: Serperior|93/100|[silent]
|upkeep
|turn|16
|
|t:|1757919015
|-end|p2a: Bugass|Protosynthesis|[silent]
|switch|p2a: GALACTICA PHANTOM|Great Tusk, tera:Fire|48/100
|-activate|p2a: GALACTICA PHANTOM|ability: Protosynthesis
|-start|p2a: GALACTICA PHANTOM|protosynthesisatk
|move|p1a: Serperior|Substitute|p1a: Serperior
|-start|p1a: Serperior|Substitute
|-damage|p1a: Serperior|68/100
|
|-weather|SunnyDay|[upkeep]
|-heal|p1a: Serperior|74/100|[from] item: Leftovers
|upkeep
|turn|17
|
|t:|1757919024
|move|p1a: Serperior|Protect|p1a: Serperior
|-singleturn|p1a: Serperior|Protect
|move|p2a: GALACTICA PHANTOM|Temper Flare|p1a: Serperior
|-activate|p1a: Serperior|move: Protect
|
|-weather|none
|-end|p2a: GALACTICA PHANTOM|Protosynthesis
|-heal|p1a: Serperior|80/100|[from] item: Leftovers
|upkeep
|turn|18
|
|t:|1757919039
|move|p2a: GALACTICA PHANTOM|Temper Flare|p1a: Serperior
|-supereffective|p1a: Serperior
|-end|p1a: Serperior|Substitute
|move|p1a: Serperior|Leech Seed|p2a: GALACTICA PHANTOM
|-start|p2a: GALACTICA PHANTOM|move: Leech Seed
|
|-heal|p1a: Serperior|86/100|[from] item: Leftovers
|-damage|p2a: GALACTICA PHANTOM|36/100|[from] Leech Seed|[of] p1a: Serperior
|-heal|p1a: Serperior|99/100|[silent]
|upkeep
|turn|19
|
|t:|1757919048
|-end|p2a: GALACTICA PHANTOM|Protosynthesis|[silent]
|switch|p2a: Imadiab|Venusaur, F|100/100
|move|p1a: Serperior|Protect||[still]
|-fail|p1a: Serperior
|
|-heal|p1a: Serperior|100/100|[from] item: Leftovers
|upkeep
|turn|20
|
|t:|1757919054
|move|p1a: Serperior|Leaf Storm|p2a: Imadiab
|-resisted|p2a: Imadiab
|-damage|p2a: Imadiab|90/100
|-boost|p1a: Serperior|spa|2
|move|p2a: Imadiab|Growth|p2a: Imadiab
|-boost|p2a: Imadiab|atk|1
|-boost|p2a: Imadiab|spa|1
|
|upkeep
|turn|21
|
|t:|1757919065
|move|p1a: Serperior|Leaf Storm|p2a: Imadiab|[miss]
|-miss|p1a: Serperior|p2a: Imadiab
|move|p2a: Imadiab|Growth|p2a: Imadiab
|-boost|p2a: Imadiab|atk|1
|-boost|p2a: Imadiab|spa|1
|
|upkeep
|turn|22
|
|t:|1757919079
|move|p1a: Serperior|Leaf Storm|p2a: Imadiab
|-resisted|p2a: Imadiab
|-damage|p2a: Imadiab|71/100
|-boost|p1a: Serperior|spa|2
|move|p2a: Imadiab|Giga Drain|p1a: Serperior
|-resisted|p1a: Serperior
|-damage|p1a: Serperior|56/100
|-heal|p2a: Imadiab|97/100|[from] drain|[of] p1a: Serperior
|-damage|p2a: Imadiab|87/100|[from] item: Life Orb
|
|-heal|p1a: Serperior|63/100|[from] item: Leftovers
|upkeep
|turn|23
|
|t:|1757919102
|move|p1a: Serperior|Leaf Storm|p2a: Imadiab
|-resisted|p2a: Imadiab
|-damage|p2a: Imadiab|58/100
|-boost|p1a: Serperior|spa|2
|move|p2a: Imadiab|Giga Drain|p1a: Serperior
|-resisted|p1a: Serperior
|-damage|p1a: Serperior|13/100
|-heal|p2a: Imadiab|88/100|[from] drain|[of] p1a: Serperior
|-damage|p2a: Imadiab|78/100|[from] item: Life Orb
|
|-heal|p1a: Serperior|19/100|[from] item: Leftovers
|upkeep
|turn|24
|c|☆blabala|Oh well it's over
|c|☆idonteatpets|its joever
|
|t:|1757919118
|move|p1a: Serperior|Protect|p1a: Serperior
|-singleturn|p1a: Serperior|Protect
|move|p2a: Imadiab|Giga Drain|p1a: Serperior
|-activate|p1a: Serperior|move: Protect
|
|-heal|p1a: Serperior|25/100|[from] item: Leftovers
|upkeep
|turn|25
|
|t:|1757919126
|move|p1a: Serperior|Leaf Storm|p2a: Imadiab
|-resisted|p2a: Imadiab
|-damage|p2a: Imadiab|39/100
|move|p2a: Imadiab|Giga Drain|p1a: Serperior
|-resisted|p1a: Serperior
|-damage|p1a: Serperior|0 fnt
|-heal|p2a: Imadiab|54/100|[from] drain|[of] p1a: Serperior
|faint|p1a: Serperior
|-damage|p2a: Imadiab|44/100|[from] item: Life Orb
|
|win|blabala
|raw|idonteatpets's rating: 1194 &rarr; <strong>1175</strong><br />(-19 for losing)
|raw|blabala's rating: 1275 &rarr; <strong>1294</strong><br />(+19 for winning)
|c|☆idonteatpets|jiji
|c|☆idonteatpets|geegeg
|c|☆idonteatpets|geeggeee
|c|☆blabala|GG
|c|☆idonteatpets|GEGEGE
|l|☆blabala
|player|p2|
