|j|☆Joao v9898
|j|‽myree
|t:|1757946348
|gametype|singles
|player|p1|Joao v9898|lucas|1544
|player|p2|myree|benga|1590
|gen|9
|tier|[Gen 9] OU
|rated|
|rule|HP Percentage Mod: HP is shown in percentages
|rule|Endless Battle Clause: Forcing endless battles is banned
|rule|Species Clause: Limit one of each Pokémon
|rule|OHKO Clause: OHKO moves are banned
|rule|Evasion Items Clause: Evasion items are banned
|rule|Evasion Moves Clause: Evasion moves are banned
|rule|Evasion Abilities Clause: Evasion abilities are banned
|rule|Sleep Moves Clause: Sleep-inducing moves are banned
|clearpoke
|poke|p1|Slowking-Galar, M|
|poke|p1|Kyurem|
|poke|p1|Great Tusk|
|poke|p1|Samurott-Hisui, M|
|poke|p1|Landorus-Therian, M|
|poke|p1|Kingambit, M|
|poke|p2|Fezandipiti, M|
|poke|p2|Iron Crown|
|poke|p2|Iron Boulder|
|poke|p2|Iron Hands|
|poke|p2|Samurott-Hisui, F|
|poke|p2|Enamorus-Therian, F|
|teampreview
|inactive|Battle timer is ON: inactive players will automatically lose when time's up. (requested by Joao v9898)
|
|t:|1757946356
|teamsize|p1|6
|teamsize|p2|6
|start
|switch|p1a: Kyurem|Kyurem|100/100
|switch|p2a: Samurott|Samurott-Hisui, F|100/100
|-ability|p1a: Kyurem|Pressure
|turn|1
|
|t:|1757946372
|switch|p2a: Iron Crown|Iron Crown|100/100
|move|p1a: Kyurem|Freeze-Dry|p2a: Iron Crown
|-resisted|p2a: Iron Crown
|-damage|p2a: Iron Crown|84/100
|
|upkeep
|turn|2
|
|t:|1757946381
|switch|p1a: Slowking|Slowking-Galar, M|100/100
|move|p2a: Iron Crown|Tachyon Cutter|p1a: Slowking
|-damage|p1a: Slowking|83/100
|-crit|p1a: Slowking
|-damage|p1a: Slowking|57/100
|-hitcount|p1a: Slowking|2
|
|-heal|p1a: Slowking|63/100|[from] item: Black Sludge
|upkeep
|turn|3
|
|t:|1757946388
|move|p2a: Iron Crown|Future Sight|p1a: Slowking
|-start|p2a: Iron Crown|move: Future Sight
|move|p1a: Slowking|Trick|p2a: Iron Crown
|-activate|p1a: Slowking|move: Trick|[of] p2a: Iron Crown
|-item|p2a: Iron Crown|Black Sludge|[from] move: Trick
|-item|p1a: Slowking|Assault Vest|[from] move: Trick
|
|-damage|p2a: Iron Crown|71/100|[from] item: Black Sludge
|upkeep
|turn|4
|
|t:|1757946397
|move|p2a: Iron Crown|Volt Switch|p1a: Slowking
|-damage|p1a: Slowking|54/100
|
|t:|1757946402
|-end|p2a: Iron Crown|Quark Drive|[silent]
|switch|p2a: Samurott|Samurott-Hisui, F|100/100|[from] Volt Switch
|move|p1a: Slowking|Future Sight|p2a: Samurott
|-start|p1a: Slowking|move: Future Sight
|
|upkeep
|turn|5
|
|t:|1757946409
|switch|p1a: Great Tusk|Great Tusk|100/100
|move|p2a: Samurott|Sacred Sword|p1a: Great Tusk
|-crit|p1a: Great Tusk
|-damage|p1a: Great Tusk|52/100
|-damage|p2a: Samurott|84/100|[from] item: Rocky Helmet|[of] p1a: Great Tusk
|
|-end|p1a: Great Tusk|move: Future Sight
|-supereffective|p1a: Great Tusk
|-damage|p1a: Great Tusk|0 fnt
|faint|p1a: Great Tusk
|-end|p1a: Great Tusk|Protosynthesis|[silent]
|upkeep
|
|t:|1757946412
|switch|p1a: Landorus|Landorus-Therian, M|100/100
|-ability|p1a: Landorus|Intimidate|boost
|-unboost|p2a: Samurott|atk|1
|turn|6
|
|t:|1757946418
|move|p1a: Landorus|U-turn|p2a: Samurott
|-supereffective|p2a: Samurott
|-damage|p2a: Samurott|23/100
|
|t:|1757946422
|switch|p1a: Samurott|Samurott-Hisui, M|100/100|[from] U-turn
|move|p2a: Samurott|Ceaseless Edge|p1a: Samurott
|-resisted|p1a: Samurott
|-damage|p1a: Samurott|83/100
|-sidestart|p1: Joao v9898|Spikes
|
|-end|p2a: Samurott|move: Future Sight
|-immune|p2a: Samurott
|upkeep
|turn|7
|
|t:|1757946445
|move|p2a: Samurott|Sacred Sword|p1a: Samurott
|-supereffective|p1a: Samurott
|-damage|p1a: Samurott|22/100
|move|p1a: Samurott|Ceaseless Edge|p2a: Samurott
|-resisted|p2a: Samurott
|-damage|p2a: Samurott|0 fnt
|-sidestart|p2: myree|Spikes
|faint|p2a: Samurott
|
|upkeep
|inactive|myree has 120 seconds left.
|
|t:|1757946462
|switch|p2a: Iron Crown|Iron Crown|71/100
|-damage|p2a: Iron Crown|59/100|[from] Spikes
|turn|8
|
|t:|1757946466
|move|p1a: Samurott|Sucker Punch|p2a: Iron Crown
|-supereffective|p2a: Iron Crown
|-damage|p2a: Iron Crown|6/100
|move|p2a: Iron Crown|Tachyon Cutter|p1a: Samurott
|-resisted|p1a: Samurott
|-damage|p1a: Samurott|13/100
|-resisted|p1a: Samurott
|-damage|p1a: Samurott|3/100
|-hitcount|p1a: Samurott|2
|
|-damage|p2a: Iron Crown|0 fnt|[from] item: Black Sludge
|faint|p2a: Iron Crown
|-end|p2a: Iron Crown|Quark Drive|[silent]
|upkeep
|
|t:|1757946471
|switch|p2a: Fezandipiti|Fezandipiti, M|100/100
|-item|p2a: Fezandipiti|Air Balloon
|turn|9
|
|t:|1757946474
|move|p2a: Fezandipiti|Moonblast|p1a: Samurott
|-supereffective|p1a: Samurott
|-damage|p1a: Samurott|0 fnt
|faint|p1a: Samurott
|
|upkeep
|
|t:|1757946482
|switch|p1a: Slowking|Slowking-Galar, M|87/100
|-damage|p1a: Slowking|74/100|[from] Spikes
|turn|10
|
|t:|1757946491
|switch|p2a: Iron Boulder|Iron Boulder|100/100
|move|p1a: Slowking|Future Sight|p2a: Iron Boulder
|-start|p1a: Slowking|move: Future Sight
|
|upkeep
|turn|11
|
|t:|1757946495
|move|p2a: Iron Boulder|Swords Dance|p2a: Iron Boulder
|-boost|p2a: Iron Boulder|atk|2
|move|p1a: Slowking|Sludge Bomb|p2a: Iron Boulder
|-resisted|p2a: Iron Boulder
|-damage|p2a: Iron Boulder|85/100
|
|upkeep
|turn|12
|
|t:|1757946501
|move|p2a: Iron Boulder|Swords Dance|p2a: Iron Boulder
|-boost|p2a: Iron Boulder|atk|2
|move|p1a: Slowking|Sludge Bomb|p2a: Iron Boulder
|-resisted|p2a: Iron Boulder
|-damage|p2a: Iron Boulder|69/100
|
|-end|p2a: Iron Boulder|move: Future Sight
|-resisted|p2a: Iron Boulder
|-damage|p2a: Iron Boulder|47/100
|upkeep
|turn|13
|
|t:|1757946509
|move|p2a: Iron Boulder|Mighty Cleave|p1a: Slowking
|-damage|p1a: Slowking|0 fnt
|faint|p1a: Slowking
|
|upkeep
|
|t:|1757946513
|switch|p1a: Landorus|Landorus-Therian, M|100/100
|-ability|p1a: Landorus|Intimidate|boost
|-unboost|p2a: Iron Boulder|atk|1
|turn|14
|
|t:|1757946518
|move|p1a: Landorus|Earthquake|p2a: Iron Boulder
|-supereffective|p2a: Iron Boulder
|-damage|p2a: Iron Boulder|0 fnt
|faint|p2a: Iron Boulder
|-end|p2a: Iron Boulder|Quark Drive|[silent]
|
|upkeep
|
|t:|1757946530
|switch|p2a: Fezandipiti|Fezandipiti, M|100/100
|-item|p2a: Fezandipiti|Air Balloon
|turn|15
|
|t:|1757946538
|switch|p1a: Mahoraga|Kingambit, M, shiny|100/100
|-damage|p1a: Mahoraga|88/100|[from] Spikes
|-activate|p1a: Mahoraga|ability: Supreme Overlord
|-start|p1a: Mahoraga|fallen3|[silent]
|move|p2a: Fezandipiti|Nasty Plot|p2a: Fezandipiti
|-boost|p2a: Fezandipiti|spa|2
|
|-heal|p1a: Mahoraga|94/100|[from] item: Leftovers
|upkeep
|turn|16
|
|t:|1757946547
|-terastallize|p2a: Fezandipiti|Water
|move|p2a: Fezandipiti|Heat Wave|p1a: Mahoraga
|-supereffective|p1a: Mahoraga
|-damage|p1a: Mahoraga|10/100
|move|p1a: Mahoraga|Swords Dance|p1a: Mahoraga
|-boost|p1a: Mahoraga|atk|2
|
|-heal|p1a: Mahoraga|16/100|[from] item: Leftovers
|upkeep
|turn|17
|
|t:|1757946557
|switch|p2a: Iron Hands|Iron Hands|100/100
|move|p1a: Mahoraga|Sucker Punch||[still]
|-fail|p1a: Mahoraga
|
|-heal|p1a: Mahoraga|23/100|[from] item: Leftovers
|upkeep
|turn|18
|
|t:|1757946572
|move|p1a: Mahoraga|Kowtow Cleave|p2a: Iron Hands
|-resisted|p2a: Iron Hands
|-damage|p2a: Iron Hands|63/100
|move|p2a: Iron Hands|Ice Punch|p1a: Mahoraga
|-resisted|p1a: Mahoraga
|-damage|p1a: Mahoraga|13/100
|
|-heal|p1a: Mahoraga|19/100|[from] item: Leftovers
|upkeep
|turn|19
|
|t:|1757946578
|-end|p1a: Mahoraga|fallen3|[silent]
|switch|p1a: Landorus|Landorus-Therian, M|100/100
|-ability|p1a: Landorus|Intimidate|boost
|-unboost|p2a: Iron Hands|atk|1
|move|p2a: Iron Hands|Ice Punch|p1a: Landorus
|-supereffective|p1a: Landorus
|-damage|p1a: Landorus|14/100
|
|upkeep
|turn|20
|
|t:|1757946588
|-end|p2a: Iron Hands|Quark Drive|[silent]
|switch|p2a: Enamorus|Enamorus-Therian, F|100/100
|move|p1a: Landorus|U-turn|p2a: Enamorus
|-resisted|p2a: Enamorus
|-damage|p2a: Enamorus|95/100
|
|t:|1757946592
|switch|p1a: Kyurem|Kyurem|100/100|[from] U-turn
|-damage|p1a: Kyurem|88/100|[from] Spikes
|-ability|p1a: Kyurem|Pressure
|
|upkeep
|turn|21
|
|t:|1757946603
|-terastallize|p1a: Kyurem|Ice
|move|p1a: Kyurem|Ice Beam|p2a: Enamorus
|-supereffective|p2a: Enamorus
|-damage|p2a: Enamorus|0 fnt
|faint|p2a: Enamorus
|
|upkeep
|
|t:|1757946606
|switch|p2a: Iron Hands|Iron Hands|63/100
|turn|22
|
|t:|1757946610
|move|p1a: Kyurem|Ice Beam|p2a: Iron Hands
|-damage|p2a: Iron Hands|0 fnt
|faint|p2a: Iron Hands
|-end|p2a: Iron Hands|Quark Drive|[silent]
|
|upkeep
|-message|myree forfeited.
|
|win|Joao v9898
|raw|Joao v9898's rating: 1562 &rarr; <strong>1584</strong><br />(+22 for winning)
|raw|myree's rating: 1590 &rarr; <strong>1568</strong><br />(-22 for losing)
|l|‽myree
|player|p2|
|l|☆Joao v9898
|player|p1|
