|j|☆SittinGamer
|j|☆alter
|t:|1757907122
|gametype|singles
|player|p1|SittinGamer|dawn-gen4pt|1424
|player|p2|alter|#labyrinthine|1510
|gen|9
|tier|[Gen 9] OU
|rated|
|rule|HP Percentage Mod: HP is shown in percentages
|rule|Endless Battle Clause: Forcing endless battles is banned
|rule|Species Clause: Limit one of each Pokémon
|rule|OHKO Clause: OHKO moves are banned
|rule|Evasion Items Clause: Evasion items are banned
|rule|Evasion Moves Clause: Evasion moves are banned
|rule|Evasion Abilities Clause: Evasion abilities are banned
|rule|Sleep Moves Clause: Sleep-inducing moves are banned
|clearpoke
|poke|p1|Infernape, F|
|poke|p1|Samurott-Hisui, F|
|poke|p1|Gholdengo|
|poke|p1|Hatterene, F|
|poke|p1|Great Tusk|
|poke|p1|Zamazenta-*|
|poke|p2|Dusknoir, M|
|poke|p2|Iron Hands|
|poke|p2|Kingambit, F|
|poke|p2|Ursaluna, M|
|poke|p2|Cresselia, F|
|poke|p2|Hatterene, F|
|teampreview
|inactive|Battle timer is ON: inactive players will automatically lose when time's up. (requested by alter)
|
|t:|1757907133
|teamsize|p1|6
|teamsize|p2|6
|start
|switch|p1a: Infernape|Infernape, F|100/100
|switch|p2a: wallbreak #1|Iron Hands|100/100
|-enditem|p2a: wallbreak #1|Booster Energy
|-activate|p2a: wallbreak #1|ability: Quark Drive|[fromitem]
|-start|p2a: wallbreak #1|quarkdriveatk
|turn|1
|
|t:|1757907141
|move|p1a: Infernape|Stealth Rock|p2a: wallbreak #1
|-sidestart|p2: alter|move: Stealth Rock
|move|p2a: wallbreak #1|Earthquake|p1a: Infernape
|-supereffective|p1a: Infernape
|-enditem|p1a: Infernape|Focus Sash
|-damage|p1a: Infernape|1/100
|
|upkeep
|turn|2
|
|t:|1757907147
|move|p1a: Infernape|Overheat|p2a: wallbreak #1
|-damage|p2a: wallbreak #1|18/100
|-unboost|p1a: Infernape|spa|2
|move|p2a: wallbreak #1|Ice Punch|p1a: Infernape
|-resisted|p1a: Infernape
|-crit|p1a: Infernape
|-damage|p1a: Infernape|0 fnt
|faint|p1a: Infernape
|
|upkeep
|
|t:|1757907162
|switch|p1a: Samurott|Samurott-Hisui, F|100/100
|turn|3
|
|t:|1757907177
|-end|p2a: wallbreak #1|Quark Drive|[silent]
|switch|p2a: better bronz|Hatterene, F|100/100
|-damage|p2a: better bronz|88/100|[from] Stealth Rock
|move|p1a: Samurott|Razor Shell|p2a: better bronz
|-damage|p2a: better bronz|39/100
|-unboost|p2a: better bronz|def|1
|
|upkeep
|turn|4
|
|t:|1757907185
|move|p1a: Samurott|Ceaseless Edge|p2a: better bronz
|-crit|p2a: better bronz
|-damage|p2a: better bronz|0 fnt
|-sidestart|p2: alter|Spikes
|faint|p2a: better bronz
|
|upkeep
|
|t:|1757907196
|switch|p2a: wall|Cresselia, F|100/100
|-damage|p2a: wall|88/100|[from] Stealth Rock
|turn|5
|
|t:|1757907199
|move|p1a: Samurott|Knock Off|p2a: wall
|-supereffective|p2a: wall
|-damage|p2a: wall|46/100
|-enditem|p2a: wall|Mental Herb|[from] move: Knock Off|[of] p1a: Samurott
|move|p2a: wall|Trick Room|p2a: wall
|-fieldstart|move: Trick Room|[of] p2a: wall
|
|upkeep
|turn|6
|
|t:|1757907206
|switch|p1a: Great Tusk|Great Tusk|100/100
|-enditem|p1a: Great Tusk|Booster Energy
|-activate|p1a: Great Tusk|ability: Protosynthesis|[fromitem]
|-start|p1a: Great Tusk|protosynthesisatk
|move|p2a: wall|Lunar Dance|p2a: wall
|faint|p2a: wall
|
|upkeep
|
|t:|1757907212
|switch|p2a: no skill|Ursaluna, M|100/100
|-damage|p2a: no skill|94/100|[from] Stealth Rock
|-damage|p2a: no skill|82/100|[from] Spikes
|turn|7
|
|t:|1757907215
|move|p2a: no skill|Swords Dance|p2a: no skill
|-boost|p2a: no skill|atk|2
|move|p1a: Great Tusk|Knock Off|p2a: no skill
|-damage|p2a: no skill|53/100
|-enditem|p2a: no skill|Flame Orb|[from] move: Knock Off|[of] p1a: Great Tusk
|
|upkeep
|turn|8
|
|t:|1757907222
|move|p2a: no skill|Headlong Rush|p1a: Great Tusk
|-damage|p1a: Great Tusk|2/100
|-unboost|p2a: no skill|def|1
|-unboost|p2a: no skill|spd|1
|move|p1a: Great Tusk|Headlong Rush|p2a: no skill
|-damage|p2a: no skill|0 fnt
|-unboost|p1a: Great Tusk|def|1
|-unboost|p1a: Great Tusk|spd|1
|faint|p2a: no skill
|
|upkeep
|
|t:|1757907226
|switch|p2a: wallbreak #1|Iron Hands|18/100
|-heal|p2a: wallbreak #1|100/100|[from] move: Lunar Dance
|-damage|p2a: wallbreak #1|94/100|[from] Stealth Rock
|-damage|p2a: wallbreak #1|82/100|[from] Spikes
|turn|9
|
|t:|1757907240
|move|p2a: wallbreak #1|Earthquake|p1a: Great Tusk
|-damage|p1a: Great Tusk|0 fnt
|faint|p1a: Great Tusk
|-end|p1a: Great Tusk|Protosynthesis|[silent]
|
|-fieldend|move: Trick Room
|upkeep
|
|t:|1757907245
|switch|p1a: Zamazenta|Zamazenta|100/100
|-ability|p1a: Zamazenta|Dauntless Shield|boost
|-boost|p1a: Zamazenta|def|1
|turn|10
|
|t:|1757907248
|move|p1a: Zamazenta|Iron Defense|p1a: Zamazenta
|-boost|p1a: Zamazenta|def|2
|move|p2a: wallbreak #1|Close Combat|p1a: Zamazenta
|-damage|p1a: Zamazenta|81/100
|-unboost|p2a: wallbreak #1|def|1
|-unboost|p2a: wallbreak #1|spd|1
|
|-heal|p1a: Zamazenta|87/100|[from] item: Leftovers
|upkeep
|turn|11
|
|t:|1757907252
|-end|p2a: wallbreak #1|Quark Drive|[silent]
|switch|p2a: personality quiz|Dusknoir, M|100/100
|-damage|p2a: personality quiz|88/100|[from] Stealth Rock
|-damage|p2a: personality quiz|76/100|[from] Spikes
|-item|p1a: Zamazenta|Leftovers|[from] ability: Frisk|[of] p2a: personality quiz
|move|p1a: Zamazenta|Body Press|p2a: personality quiz
|-immune|p2a: personality quiz
|
|-heal|p1a: Zamazenta|93/100|[from] item: Leftovers
|upkeep
|turn|12
|
|t:|1757907257
|-terastallize|p1a: Zamazenta|Fire
|move|p1a: Zamazenta|Crunch|p2a: personality quiz
|-supereffective|p2a: personality quiz
|-damage|p2a: personality quiz|39/100
|-unboost|p2a: personality quiz|def|1
|move|p2a: personality quiz|Trick Room|p2a: personality quiz
|-fieldstart|move: Trick Room|[of] p2a: personality quiz
|
|-heal|p1a: Zamazenta|99/100|[from] item: Leftovers
|upkeep
|turn|13
|
|t:|1757907263
|move|p2a: personality quiz|Destiny Bond|p2a: personality quiz
|-singlemove|p2a: personality quiz|Destiny Bond
|move|p1a: Zamazenta|Crunch|p2a: personality quiz
|-supereffective|p2a: personality quiz
|-damage|p2a: personality quiz|0 fnt
|faint|p2a: personality quiz
|-activate|p2a: personality quiz|move: Destiny Bond
|faint|p1a: Zamazenta
|
|upkeep
|
|t:|1757907270
|switch|p2a: wallbreak #1|Iron Hands|82/100
|switch|p1a: Gholdengo|Gholdengo|100/100
|-damage|p2a: wallbreak #1|76/100|[from] Stealth Rock
|-damage|p2a: wallbreak #1|64/100|[from] Spikes
|turn|14
|
|t:|1757907279
|move|p2a: wallbreak #1|Earthquake|p1a: Gholdengo
|-supereffective|p1a: Gholdengo
|-damage|p1a: Gholdengo|6/100
|move|p1a: Gholdengo|Shadow Ball|p2a: wallbreak #1
|-damage|p2a: wallbreak #1|25/100
|
|upkeep
|turn|15
|
|t:|1757907286
|switch|p1a: Hatterene|Hatterene, F|100/100
|move|p2a: wallbreak #1|Earthquake|p1a: Hatterene
|-damage|p1a: Hatterene|53/100
|
|upkeep
|turn|16
|
|t:|1757907291
|move|p2a: wallbreak #1|Supercell Slam|p1a: Hatterene
|-damage|p1a: Hatterene|0 fnt
|faint|p1a: Hatterene
|
|-fieldend|move: Trick Room
|upkeep
|
|t:|1757907295
|switch|p1a: Samurott|Samurott-Hisui, F|100/100
|turn|17
|
|t:|1757907298
|move|p1a: Samurott|Razor Shell|p2a: wallbreak #1|[miss]
|-miss|p1a: Samurott|p2a: wallbreak #1
|move|p2a: wallbreak #1|Supercell Slam|p1a: Samurott
|-supereffective|p1a: Samurott
|-damage|p1a: Samurott|0 fnt
|faint|p1a: Samurott
|
|upkeep
|
|t:|1757907300
|switch|p1a: Gholdengo|Gholdengo|6/100
|turn|18
|
|t:|1757907303
|move|p1a: Gholdengo|Trick|p2a: wallbreak #1
|-activate|p1a: Gholdengo|move: Trick|[of] p2a: wallbreak #1
|-item|p2a: wallbreak #1|Choice Scarf|[from] move: Trick
|-enditem|p1a: Gholdengo|Choice Scarf|[silent]|[from] move: Trick
|move|p2a: wallbreak #1|Earthquake|p1a: Gholdengo
|-supereffective|p1a: Gholdengo
|-damage|p1a: Gholdengo|0 fnt
|faint|p1a: Gholdengo
|
|win|alter
|raw|SittinGamer's rating: 1424 &rarr; <strong>1409</strong><br />(-15 for losing)
|raw|alter's rating: 1510 &rarr; <strong>1525</strong><br />(+15 for winning)
|l|☆SittinGamer
|player|p1|
|l|☆alter
|player|p2|
