|j|☆Buy my book azul
|j|☆Winter escape
|t:|1757792576
|gametype|singles
|player|p1|Buy my book azul|diantha-masters|1349
|player|p2|Winter escape|roughneck|1341
|gen|9
|tier|[Gen 9] OU
|rated|
|rule|HP Percentage Mod: HP is shown in percentages
|rule|Endless Battle Clause: Forcing endless battles is banned
|rule|Species Clause: Limit one of each Pokémon
|rule|OHKO Clause: OHKO moves are banned
|rule|Evasion Items Clause: Evasion items are banned
|rule|Evasion Moves Clause: Evasion moves are banned
|rule|Evasion Abilities Clause: Evasion abilities are banned
|rule|Sleep Moves Clause: Sleep-inducing moves are banned
|clearpoke
|poke|p1|Garchomp, M|
|poke|p1|Dragapult, F|
|poke|p1|Samurott-Hisui, F|
|poke|p1|Scizor, F|
|poke|p1|Gholdengo|
|poke|p1|Ting-Lu|
|poke|p2|Torkoal, M|
|poke|p2|Walking Wake|
|poke|p2|Ogerpon-Wellspring, F|
|poke|p2|Great Tusk|
|poke|p2|Rotom-Heat|
|poke|p2|Gholdengo|
|teampreview
|inactive|Battle timer is ON: inactive players will automatically lose when time's up. (requested by Winter escape)
|
|t:|1757792583
|teamsize|p1|6
|teamsize|p2|6
|start
|switch|p1a: Samurott|Samurott-Hisui, F|100/100
|switch|p2a: Torkoal|Torkoal, M|100/100
|-weather|SunnyDay|[from] ability: Drought|[of] p2a: Torkoal
|turn|1
|
|t:|1757792589
|move|p1a: Samurott|Ceaseless Edge|p2a: Torkoal
|-damage|p2a: Torkoal|74/100
|-sidestart|p2: Winter escape|Spikes
|move|p2a: Torkoal|Body Press|p1a: Samurott
|-supereffective|p1a: Samurott
|-damage|p1a: Samurott|21/100
|
|-weather|SunnyDay|[upkeep]
|upkeep
|turn|2
|
|t:|1757792597
|move|p1a: Samurott|Razor Shell|p2a: Torkoal
|-supereffective|p2a: Torkoal
|-damage|p2a: Torkoal|46/100
|-unboost|p2a: Torkoal|def|1
|move|p2a: Torkoal|Rapid Spin|p1a: Samurott
|-damage|p1a: Samurott|9/100
|-boost|p2a: Torkoal|spe|1
|-sideend|p2: Winter escape|Spikes|[from] move: Rapid Spin|[of] p2a: Torkoal
|
|-weather|SunnyDay|[upkeep]
|upkeep
|turn|3
|
|t:|1757792608
|switch|p2a: Ogerpon|Ogerpon-Wellspring, F|100/100
|move|p1a: Samurott|Ceaseless Edge|p2a: Ogerpon
|-damage|p2a: Ogerpon|43/100
|-sidestart|p2: Winter escape|Spikes
|
|-weather|SunnyDay|[upkeep]
|upkeep
|turn|4
|
|t:|1757792620
|move|p2a: Ogerpon|U-turn|p1a: Samurott
|-supereffective|p1a: Samurott
|-damage|p1a: Samurott|0 fnt
|faint|p1a: Samurott
|
|t:|1757792630
|switch|p2a: Great Tusk|Great Tusk|100/100|[from] U-turn
|-damage|p2a: Great Tusk|88/100|[from] Spikes
|-activate|p2a: Great Tusk|ability: Protosynthesis
|-start|p2a: Great Tusk|protosynthesisatk
|
|-weather|SunnyDay|[upkeep]
|upkeep
|
|t:|1757792637
|switch|p1a: Dragapult|Dragapult, F|100/100
|turn|5
|
|t:|1757792654
|move|p1a: Dragapult|Will-O-Wisp|p2a: Great Tusk
|-status|p2a: Great Tusk|brn
|move|p2a: Great Tusk|Ice Spinner|p1a: Dragapult
|-supereffective|p1a: Dragapult
|-damage|p1a: Dragapult|35/100
|-damage|p2a: Great Tusk|78/100 brn|[from] item: Life Orb
|
|-weather|SunnyDay|[upkeep]
|-damage|p2a: Great Tusk|72/100 brn|[from] brn
|upkeep
|turn|6
|
|t:|1757792664
|move|p1a: Dragapult|Hex|p2a: Great Tusk
|-damage|p2a: Great Tusk|0 fnt
|faint|p2a: Great Tusk
|-end|p2a: Great Tusk|Protosynthesis|[silent]
|
|-weather|SunnyDay|[upkeep]
|upkeep
|
|t:|1757792669
|switch|p2a: Gholdengo|Gholdengo|100/100
|-damage|p2a: Gholdengo|88/100|[from] Spikes
|turn|7
|
|t:|1757792674
|move|p2a: Gholdengo|Shadow Ball|p1a: Dragapult
|-supereffective|p1a: Dragapult
|-damage|p1a: Dragapult|0 fnt
|faint|p1a: Dragapult
|
|-weather|SunnyDay|[upkeep]
|upkeep
|
|t:|1757792679
|switch|p1a: Ting-Lu|Ting-Lu|100/100
|-ability|p1a: Ting-Lu|Vessel of Ruin
|turn|8
|
|t:|1757792690
|switch|p2a: Ogerpon|Ogerpon-Wellspring, F|43/100
|-damage|p2a: Ogerpon|31/100|[from] Spikes
|move|p1a: Ting-Lu|Stealth Rock|p2a: Ogerpon
|-sidestart|p2: Winter escape|move: Stealth Rock
|
|-weather|none
|upkeep
|turn|9
|
|t:|1757792709
|switch|p1a: Gholdengo|Gholdengo|100/100
|-item|p1a: Gholdengo|Air Balloon
|-terastallize|p2a: Ogerpon|Water
|detailschange|p2a: Ogerpon|Ogerpon-Wellspring-Tera, F, tera:Water
|-ability|p2a: Ogerpon|Embody Aspect (Wellspring)|boost
|-boost|p2a: Ogerpon|spd|1
|move|p2a: Ogerpon|Ivy Cudgel|p1a: Gholdengo|[anim] Ivy Cudgel Water
|-damage|p1a: Gholdengo|10/100
|-enditem|p1a: Gholdengo|Air Balloon
|
|upkeep
|turn|10
|
|t:|1757792724
|move|p2a: Ogerpon|Ivy Cudgel|p1a: Gholdengo|[anim] Ivy Cudgel Water
|-crit|p1a: Gholdengo
|-damage|p1a: Gholdengo|0 fnt
|faint|p1a: Gholdengo
|
|upkeep
|
|t:|1757792730
|switch|p1a: Garchomp|Garchomp, M|100/100
|turn|11
|
|t:|1757792741
|move|p2a: Ogerpon|Ivy Cudgel|p1a: Garchomp|[anim] Ivy Cudgel Water
|-damage|p1a: Garchomp|26/100
|move|p1a: Garchomp|Scale Shot|p2a: Ogerpon
|-damage|p2a: Ogerpon|15/100
|-damage|p2a: Ogerpon|0 fnt
|faint|p2a: Ogerpon
|detailschange|p2: Ogerpon|Ogerpon-Wellspring, F|[silent]
|-hitcount|p2: Ogerpon|2
|-unboost|p1a: Garchomp|def|1
|-boost|p1a: Garchomp|spe|1
|
|upkeep
|
|t:|1757792753
|switch|p2a: Torkoal|Torkoal, M|46/100
|-damage|p2a: Torkoal|34/100|[from] Spikes
|-damage|p2a: Torkoal|9/100|[from] Stealth Rock
|-weather|SunnyDay|[from] ability: Drought|[of] p2a: Torkoal
|turn|12
|
|t:|1757792759
|move|p1a: Garchomp|Scale Shot|p2a: Torkoal
|-damage|p2a: Torkoal|2/100
|-damage|p2a: Torkoal|0 fnt
|faint|p2a: Torkoal
|-hitcount|p2: Torkoal|2
|-unboost|p1a: Garchomp|def|1
|-boost|p1a: Garchomp|spe|1
|
|-weather|SunnyDay|[upkeep]
|upkeep
|
|t:|1757792770
|switch|p2a: Gholdengo|Gholdengo|88/100
|-damage|p2a: Gholdengo|76/100|[from] Spikes
|-damage|p2a: Gholdengo|70/100|[from] Stealth Rock
|turn|13
|
|t:|1757792777
|move|p1a: Garchomp|Earthquake|p2a: Gholdengo
|-supereffective|p2a: Gholdengo
|-damage|p2a: Gholdengo|0 fnt
|faint|p2a: Gholdengo
|
|-weather|SunnyDay|[upkeep]
|upkeep
|
|t:|1757792782
|switch|p2a: Rotom|Rotom-Heat|100/100
|-damage|p2a: Rotom|75/100|[from] Stealth Rock
|turn|14
|
|t:|1757792788
|move|p1a: Garchomp|Scale Shot|p2a: Rotom
|-damage|p2a: Rotom|61/100
|-damage|p2a: Rotom|47/100
|-damage|p2a: Rotom|31/100
|-damage|p2a: Rotom|17/100
|-damage|p2a: Rotom|2/100
|-hitcount|p2a: Rotom|5
|-unboost|p1a: Garchomp|def|1
|-boost|p1a: Garchomp|spe|1
|move|p2a: Rotom|Shadow Ball|p1a: Garchomp
|-damage|p1a: Garchomp|0 fnt
|faint|p1a: Garchomp
|
|-weather|SunnyDay|[upkeep]
|upkeep
|
|t:|1757792812
|switch|p1a: Scizor|Scizor, F|100/100
|turn|15
|
|t:|1757792817
|move|p1a: Scizor|Bullet Punch|p2a: Rotom
|-resisted|p2a: Rotom
|-damage|p2a: Rotom|0 fnt
|faint|p2a: Rotom
|
|-weather|SunnyDay|[upkeep]
|upkeep
|
|t:|1757792821
|switch|p2a: Walking Wake|Walking Wake|100/100
|-damage|p2a: Walking Wake|88/100|[from] Spikes
|-damage|p2a: Walking Wake|76/100|[from] Stealth Rock
|-activate|p2a: Walking Wake|ability: Protosynthesis
|-start|p2a: Walking Wake|protosynthesisspe
|turn|16
|
|t:|1757792830
|move|p1a: Scizor|Bullet Punch|p2a: Walking Wake
|-resisted|p2a: Walking Wake
|-crit|p2a: Walking Wake
|-damage|p2a: Walking Wake|31/100
|move|p2a: Walking Wake|Hydro Steam|p1a: Scizor
|-damage|p1a: Scizor|0 fnt
|faint|p1a: Scizor
|
|-weather|SunnyDay|[upkeep]
|upkeep
|
|t:|1757792835
|switch|p1a: Ting-Lu|Ting-Lu|100/100
|-ability|p1a: Ting-Lu|Vessel of Ruin
|turn|17
|
|t:|1757792840
|-terastallize|p1a: Ting-Lu|Poison
|move|p2a: Walking Wake|Hydro Steam|p1a: Ting-Lu
|-damage|p1a: Ting-Lu|66/100
|move|p1a: Ting-Lu|Earthquake|p2a: Walking Wake
|-damage|p2a: Walking Wake|0 fnt
|faint|p2a: Walking Wake
|-end|p2a: Walking Wake|Protosynthesis|[silent]
|
|win|Buy my book azul
|raw|Buy my book azul's rating: 1349 &rarr; <strong>1369</strong><br />(+20 for winning)
|raw|Winter escape's rating: 1341 &rarr; <strong>1321</strong><br />(-20 for losing)
