|j|☆xSomeday
|j|☆sdv38
|t:|1757910359
|gametype|singles
|player|p1|xSomeday|hugh|1204
|player|p2|sdv38|169|1209
|gen|9
|tier|[Gen 9] OU
|rated|
|rule|HP Percentage Mod: HP is shown in percentages
|rule|Endless Battle Clause: Forcing endless battles is banned
|rule|Species Clause: Limit one of each Pokémon
|rule|OHKO Clause: OHKO moves are banned
|rule|Evasion Items Clause: Evasion items are banned
|rule|Evasion Moves Clause: Evasion moves are banned
|rule|Evasion Abilities Clause: Evasion abilities are banned
|rule|Sleep Moves Clause: Sleep-inducing moves are banned
|clearpoke
|poke|p1|Great Tusk|
|poke|p1|Gholdengo|
|poke|p1|Kingambit, F|
|poke|p1|Dragonite, M|
|poke|p1|Iron Valiant|
|poke|p1|Rotom-Wash|
|poke|p2|Blaziken, M|
|poke|p2|Ursaluna, M|
|poke|p2|Mimikyu, M|
|poke|p2|Indeedee, M|
|poke|p2|Hatterene, F|
|poke|p2|Hoopa-Unbound|
|teampreview
|
|t:|1757910372
|teamsize|p1|6
|teamsize|p2|6
|start
|switch|p1a: Rotom|Rotom-Wash|100/100
|switch|p2a: Indeedee|Indeedee, M|100/100
|-fieldstart|move: Psychic Terrain|[from] ability: Psychic Surge|[of] p2a: Indeedee
|turn|1
|inactive|Battle timer is ON: inactive players will automatically lose when time's up. (requested by sdv38)
|inactive|xSomeday has 120 seconds left.
|
|t:|1757910404
|switch|p2a: Hatterene|Hatterene, F|100/100
|move|p1a: Rotom|Volt Switch|p2a: Hatterene
|-damage|p2a: Hatterene|75/100
|
|t:|1757910414
|switch|p1a: Gholdengo|Gholdengo|100/100|[from] Volt Switch
|
|upkeep
|turn|2
|
|t:|1757910441
|switch|p2a: Ursaluna|Ursaluna, M|100/100
|move|p1a: Gholdengo|Shadow Ball|p2a: Ursaluna
|-immune|p2a: Ursaluna
|
|-status|p2a: Ursaluna|brn|[from] item: Flame Orb
|upkeep
|turn|3
|
|t:|1757910457
|switch|p1a: Rotom|Rotom-Wash|100/100
|switch|p2a: Mimikyu|Mimikyu, M|100/100
|
|upkeep
|turn|4
|
|t:|1757910470
|move|p1a: Rotom|Volt Switch|p2a: Mimikyu
|-activate|p2a: Mimikyu|ability: Disguise
|-damage|p2a: Mimikyu|100/100
|detailschange|p2a: Mimikyu|Mimikyu-Busted, M
|-damage|p2a: Mimikyu|88/100|[from] pokemon: Mimikyu-Busted
|-enditem|p2a: Mimikyu|Red Card|[of] p1a: Rotom
|drag|p1a: Dragonite|Dragonite, M|100/100
|move|p2a: Mimikyu|Trick Room|p2a: Mimikyu
|-fieldstart|move: Trick Room|[of] p2a: Mimikyu
|
|upkeep
|turn|5
|inactive|xSomeday has 120 seconds left.
|
|t:|1757910507
|switch|p2a: Hatterene|Hatterene, F|75/100
|move|p1a: Dragonite|Dragon Dance|p1a: Dragonite
|-boost|p1a: Dragonite|atk|1
|-boost|p1a: Dragonite|spe|1
|
|upkeep
|turn|6
|
|t:|1757910525
|-terastallize|p2a: Hatterene|Stellar
|move|p2a: Hatterene|Draining Kiss|p1a: Dragonite
|-supereffective|p1a: Dragonite
|-damage|p1a: Dragonite|31/100
|-heal|p2a: Hatterene|100/100|[from] drain|[of] p1a: Dragonite
|-damage|p2a: Hatterene|91/100|[from] item: Life Orb
|move|p1a: Dragonite|Earthquake|p2a: Hatterene
|-damage|p2a: Hatterene|30/100
|
|upkeep
|turn|7
|
|t:|1757910534
|move|p1a: Dragonite|Extreme Speed|p2a: Hatterene
|-activate|p2a: Hatterene|move: Psychic Terrain
|move|p2a: Hatterene|Draining Kiss|p1a: Dragonite
|-supereffective|p1a: Dragonite
|-damage|p1a: Dragonite|0 fnt
|-heal|p2a: Hatterene|53/100|[from] drain|[of] p1a: Dragonite
|faint|p1a: Dragonite
|-damage|p2a: Hatterene|43/100|[from] item: Life Orb
|
|upkeep
|
|t:|1757910544
|switch|p1a: Gholdengo|Gholdengo|100/100
|turn|8
|
|t:|1757910548
|move|p2a: Hatterene|Mystical Fire|p1a: Gholdengo
|-supereffective|p1a: Gholdengo
|-damage|p1a: Gholdengo|35/100
|-unboost|p1a: Gholdengo|spa|1
|-damage|p2a: Hatterene|33/100|[from] item: Life Orb
|move|p1a: Gholdengo|Shadow Ball|p2a: Hatterene
|-supereffective|p2a: Hatterene
|-damage|p2a: Hatterene|0 fnt
|faint|p2a: Hatterene
|
|-fieldend|move: Trick Room
|-fieldend|move: Psychic Terrain
|upkeep
|
|t:|1757910555
|switch|p2a: Indeedee|Indeedee, M|100/100
|-fieldstart|move: Psychic Terrain|[from] ability: Psychic Surge|[of] p2a: Indeedee
|turn|9
|
|t:|1757910568
|move|p1a: Gholdengo|Shadow Ball|p2a: Indeedee
|-immune|p2a: Indeedee
|move|p2a: Indeedee|Trick|p1a: Gholdengo
|-immune|p1a: Gholdengo|[from] ability: Good as Gold
|
|upkeep
|turn|10
|inactive|xSomeday has 120 seconds left.
|
|t:|1757910590
|switch|p1a: Great Tusk|Great Tusk|100/100
|switch|p2a: Hoopa|Hoopa-Unbound|100/100
|-enditem|p2a: Hoopa|Psychic Seed
|-boost|p2a: Hoopa|spd|1|[from] item: Psychic Seed
|
|upkeep
|turn|11
|inactive|xSomeday has 120 seconds left.
|
|t:|1757910608
|move|p1a: Great Tusk|Earthquake|p2a: Hoopa
|-damage|p2a: Hoopa|48/100
|move|p2a: Hoopa|Trick Room|p2a: Hoopa
|-fieldstart|move: Trick Room|[of] p2a: Hoopa
|
|upkeep
|turn|12
|
|t:|1757910632
|move|p2a: Hoopa|Expanding Force|p1a: Great Tusk
|-supereffective|p1a: Great Tusk
|-damage|p1a: Great Tusk|0 fnt
|faint|p1a: Great Tusk
|-end|p1a: Great Tusk|Protosynthesis|[silent]
|-item|p2a: Hoopa|Leftovers|[from] ability: Magician|[of] p1: Great Tusk
|
|-heal|p2a: Hoopa|54/100|[from] item: Leftovers
|upkeep
|
|t:|1757910640
|switch|p1a: Gholdengo|Gholdengo|35/100
|turn|13
|
|t:|1757910648
|move|p2a: Hoopa|Expanding Force|p1a: Gholdengo
|-resisted|p1a: Gholdengo
|-damage|p1a: Gholdengo|1/100
|move|p1a: Gholdengo|Shadow Ball|p2a: Hoopa
|-damage|p2a: Hoopa|37/100
|
|-heal|p2a: Hoopa|43/100|[from] item: Leftovers
|upkeep
|turn|14
|
|t:|1757910657
|switch|p1a: Rotom|Rotom-Wash|100/100
|move|p2a: Hoopa|Expanding Force|p1a: Rotom
|-damage|p1a: Rotom|1/100
|
|-heal|p2a: Hoopa|49/100|[from] item: Leftovers
|-heal|p1a: Rotom|7/100|[from] item: Leftovers
|upkeep
|turn|15
|c|☆sdv38|everyone 1
|
|t:|1757910679
|move|p2a: Hoopa|Hyperspace Fury|p1a: Rotom
|-damage|p1a: Rotom|0 fnt
|-unboost|p2a: Hoopa|def|1
|faint|p1a: Rotom
|
|-heal|p2a: Hoopa|55/100|[from] item: Leftovers
|-fieldend|move: Trick Room
|upkeep
|
|t:|1757910703
|switch|p1a: Gholdengo|Gholdengo|1/100
|turn|16
|
|t:|1757910709
|move|p1a: Gholdengo|Trick|p2a: Hoopa
|-activate|p1a: Gholdengo|move: Trick|[of] p2a: Hoopa
|-item|p2a: Hoopa|Choice Scarf|[from] move: Trick
|-item|p1a: Gholdengo|Leftovers|[from] move: Trick
|move|p2a: Hoopa|Trick Room|p2a: Hoopa
|-fieldstart|move: Trick Room|[of] p2a: Hoopa
|
|-heal|p1a: Gholdengo|7/100|[from] item: Leftovers
|-fieldend|move: Psychic Terrain
|upkeep
|turn|17
|
|t:|1757910720
|switch|p2a: Ursaluna|Ursaluna, M|100/100 brn
|move|p1a: Gholdengo|Make It Rain|p2a: Ursaluna
|-damage|p2a: Ursaluna|53/100 brn
|-unboost|p1a: Gholdengo|spa|1
|
|-heal|p1a: Gholdengo|13/100|[from] item: Leftovers
|-damage|p2a: Ursaluna|47/100 brn|[from] brn
|upkeep
|turn|18
|
|t:|1757910729
|move|p2a: Ursaluna|Headlong Rush|p1a: Gholdengo
|-supereffective|p1a: Gholdengo
|-damage|p1a: Gholdengo|0 fnt
|-unboost|p2a: Ursaluna|def|1
|-unboost|p2a: Ursaluna|spd|1
|faint|p1a: Gholdengo
|
|-damage|p2a: Ursaluna|41/100 brn|[from] brn
|upkeep
|
|t:|1757910737
|switch|p1a: Iron Valiant|Iron Valiant|100/100
|-enditem|p1a: Iron Valiant|Booster Energy
|-activate|p1a: Iron Valiant|ability: Quark Drive|[fromitem]
|-start|p1a: Iron Valiant|quarkdrivespe
|turn|19
|
|t:|1757910747
|move|p2a: Ursaluna|Facade|p1a: Iron Valiant
|-damage|p1a: Iron Valiant|0 fnt
|faint|p1a: Iron Valiant
|-end|p1a: Iron Valiant|Quark Drive|[silent]
|
|-damage|p2a: Ursaluna|35/100 brn|[from] brn
|upkeep
|
|t:|1757910753
|switch|p1a: Kingambit|Kingambit, F|100/100
|-activate|p1a: Kingambit|ability: Supreme Overlord
|-start|p1a: Kingambit|fallen5|[silent]
|turn|20
|
|t:|1757910759
|move|p2a: Ursaluna|Headlong Rush|p1a: Kingambit
|-supereffective|p1a: Kingambit
|-damage|p1a: Kingambit|0 fnt
|-unboost|p2a: Ursaluna|def|1
|-unboost|p2a: Ursaluna|spd|1
|faint|p1a: Kingambit
|-end|p1a: Kingambit|fallen5|[silent]
|
|win|sdv38
|raw|xSomeday's rating: 1204 &rarr; <strong>1179</strong><br />(-25 for losing)
|raw|sdv38's rating: 1209 &rarr; <strong>1234</strong><br />(+25 for winning)
|l|☆xSomeday
|player|p1|
|l|☆sdv38
|player|p2|
