|j|☆mkyn
|j|‽Lucid Coffee
|t:|1757860938
|gametype|singles
|player|p1|mkyn|1|1683
|player|p2|Lucid Coffee|blue|1730
|gen|9
|tier|[Gen 9] OU
|rated|
|rule|HP Percentage Mod: HP is shown in percentages
|rule|Endless Battle Clause: Forcing endless battles is banned
|rule|Species Clause: Limit one of each Pokémon
|rule|OHKO Clause: OHKO moves are banned
|rule|Evasion Items Clause: Evasion items are banned
|rule|Evasion Moves Clause: Evasion moves are banned
|rule|Evasion Abilities Clause: Evasion abilities are banned
|rule|Sleep Moves Clause: Sleep-inducing moves are banned
|clearpoke
|poke|p1|Tyranitar, M|
|poke|p1|Excadrill, F|
|poke|p1|Pecharunt|
|poke|p1|Alomomola, F|
|poke|p1|Ogerpon, F|
|poke|p1|Iron Valiant|
|poke|p2|Dragapult, M|
|poke|p2|Glimmora, M|
|poke|p2|Comfey, M|
|poke|p2|Kingambit, M|
|poke|p2|Ogerpon-Wellspring, F|
|poke|p2|Blaziken, M|
|teampreview
|j| Gozaku
|j| poawh
|inactive|Battle timer is ON: inactive players will automatically lose when time's up. (requested by Lucid Coffee)
|
|t:|1757861044
|teamsize|p1|6
|teamsize|p2|6
|start
|switch|p1a: Pecharunt|Pecharunt|100/100
|switch|p2a: Blaziken|Blaziken, M, shiny|100/100
|turn|1
|
|t:|1757861052
|move|p2a: Blaziken|Protect|p2a: Blaziken
|-singleturn|p2a: Blaziken|Protect
|move|p1a: Pecharunt|Parting Shot|p2a: Blaziken
|-activate|p2a: Blaziken|move: Protect
|
|-ability|p2a: Blaziken|Speed Boost|boost
|-boost|p2a: Blaziken|spe|1
|upkeep
|turn|2
|
|t:|1757861058
|switch|p2a: Dragapult|Dragapult, M, shiny|100/100
|move|p1a: Pecharunt|Malignant Chain|p2a: Dragapult
|-resisted|p2a: Dragapult
|-damage|p2a: Dragapult|78/100
|-status|p2a: Dragapult|tox
|-start|p2a: Dragapult|confusion|[from] ability: Poison Puppeteer|[of] p1a: Pecharunt
|
|-damage|p2a: Dragapult|72/100 tox|[from] psn
|upkeep
|turn|3
|
|t:|1757861066
|switch|p1a: Tyranitar|Tyranitar, M|100/100
|-weather|Sandstorm|[from] ability: Sand Stream|[of] p1a: Tyranitar
|-activate|p2a: Dragapult|confusion
|-damage|p2a: Dragapult|58/100 tox|[from] confusion
|
|-weather|Sandstorm|[upkeep]
|-damage|p2a: Dragapult|52/100 tox|[from] Sandstorm
|-damage|p2a: Dragapult|40/100 tox|[from] psn
|upkeep
|turn|4
|
|t:|1757861082
|switch|p2a: Glimmora|Glimmora, M, shiny|100/100
|move|p1a: Tyranitar|Stealth Rock|p2a: Glimmora
|-sidestart|p2: Lucid Coffee|move: Stealth Rock
|
|-weather|Sandstorm|[upkeep]
|upkeep
|turn|5
|
|t:|1757861087
|switch|p1a: Excadrill|Excadrill, F|100/100
|-item|p1a: Excadrill|Air Balloon
|move|p2a: Glimmora|Mortal Spin|p1a: Excadrill
|-immune|p1a: Excadrill
|
|-weather|Sandstorm|[upkeep]
|upkeep
|turn|6
|
|t:|1757861093
|switch|p2a: Ogerpon|Ogerpon-Wellspring, F|100/100
|-damage|p2a: Ogerpon|88/100|[from] Stealth Rock
|move|p1a: Excadrill|Earthquake|p2a: Ogerpon
|-resisted|p2a: Ogerpon
|-damage|p2a: Ogerpon|51/100
|
|-weather|Sandstorm|[upkeep]
|-damage|p2a: Ogerpon|45/100|[from] Sandstorm
|upkeep
|turn|7
|
|t:|1757861111
|switch|p1a: Pecharunt|Pecharunt|100/100
|move|p2a: Ogerpon|U-turn|p1a: Pecharunt
|-resisted|p1a: Pecharunt
|-damage|p1a: Pecharunt|96/100
|-damage|p2a: Ogerpon|29/100|[from] item: Rocky Helmet|[of] p1a: Pecharunt
|
|t:|1757861117
|switch|p2a: Dragapult|Dragapult, M, shiny|40/100 tox|[from] U-turn
|-damage|p2a: Dragapult|27/100 tox|[from] Stealth Rock
|
|-weather|Sandstorm|[upkeep]
|-damage|p2a: Dragapult|21/100 tox|[from] Sandstorm
|-damage|p1a: Pecharunt|90/100|[from] Sandstorm
|-damage|p2a: Dragapult|15/100 tox|[from] psn
|upkeep
|turn|8
|l| Gozaku
|inactive|mkyn has 120 seconds left.
|inactive|mkyn has 90 seconds left.
|
|t:|1757861194
|switch|p1a: Alomomola|Alomomola, F|100/100
|move|p2a: Dragapult|Shadow Ball|p1a: Alomomola
|-damage|p1a: Alomomola|50/100
|-unboost|p1a: Alomomola|spd|1
|-damage|p2a: Dragapult|6/100 tox|[from] item: Life Orb
|
|-weather|Sandstorm|[upkeep]
|-damage|p2a: Dragapult|0 fnt|[from] Sandstorm
|-damage|p1a: Alomomola|44/100|[from] Sandstorm
|faint|p2a: Dragapult
|upkeep
|
|t:|1757861209
|switch|p2a: Glimmora|Glimmora, M, shiny|100/100
|-damage|p2a: Glimmora|88/100|[from] Stealth Rock
|turn|9
|
|t:|1757861215
|switch|p1a: Excadrill|Excadrill, F|100/100
|-item|p1a: Excadrill|Air Balloon
|move|p2a: Glimmora|Power Gem|p1a: Excadrill
|-resisted|p1a: Excadrill
|-damage|p1a: Excadrill|90/100
|-enditem|p1a: Excadrill|Air Balloon
|
|-weather|Sandstorm|[upkeep]
|upkeep
|turn|10
|
|t:|1757861219
|-terastallize|p2a: Glimmora|Ghost
|move|p1a: Excadrill|Earthquake|p2a: Glimmora
|-damage|p2a: Glimmora|49/100
|-activate|p2a: Glimmora|ability: Toxic Debris
|-sidestart|p1: mkyn|move: Toxic Spikes
|-enditem|p2a: Glimmora|Red Card|[of] p1a: Excadrill
|drag|p1a: Ogerpon|Ogerpon, F|100/100
|move|p2a: Glimmora|Earth Power|p1a: Ogerpon
|-resisted|p1a: Ogerpon
|-damage|p1a: Ogerpon|84/100
|
|-weather|none
|upkeep
|turn|11
|
|t:|1757861232
|move|p1a: Ogerpon|Ivy Cudgel|p2a: Glimmora
|-damage|p2a: Glimmora|15/100
|-activate|p2a: Glimmora|ability: Toxic Debris
|-sidestart|p1: mkyn|move: Toxic Spikes
|move|p2a: Glimmora|Mortal Spin|p1a: Ogerpon
|-supereffective|p1a: Ogerpon
|-crit|p1a: Ogerpon
|-damage|p1a: Ogerpon|60/100
|-status|p1a: Ogerpon|psn
|-sideend|p2: Lucid Coffee|Stealth Rock|[from] move: Mortal Spin|[of] p2a: Glimmora
|
|-damage|p1a: Ogerpon|48/100 psn|[from] psn
|upkeep
|turn|12
|
|t:|1757861248
|switch|p2a: Blaziken|Blaziken, M, shiny|100/100
|move|p1a: Ogerpon|Ivy Cudgel|p2a: Blaziken
|-resisted|p2a: Blaziken
|-damage|p2a: Blaziken|66/100
|
|-damage|p1a: Ogerpon|36/100 psn|[from] psn
|upkeep
|turn|13
|inactive|mkyn has 120 seconds left.
|
|t:|1757861260
|switch|p1a: Pecharunt|Pecharunt|90/100
|-sideend|p1: mkyn|move: Toxic Spikes|[of] p1a: Pecharunt
|move|p2a: Blaziken|Close Combat|p1a: Pecharunt
|-immune|p1a: Pecharunt
|
|-ability|p2a: Blaziken|Speed Boost|boost
|-boost|p2a: Blaziken|spe|1
|upkeep
|turn|14
|
|t:|1757861265
|move|p2a: Blaziken|Flare Blitz|p1a: Pecharunt
|-damage|p1a: Pecharunt|43/100
|-damage|p2a: Blaziken|49/100|[from] item: Rocky Helmet|[of] p1a: Pecharunt
|-damage|p2a: Blaziken|29/100|[from] Recoil
|-damage|p2a: Blaziken|19/100|[from] item: Life Orb
|move|p1a: Pecharunt|Malignant Chain|p2a: Blaziken
|-damage|p2a: Blaziken|0 fnt
|faint|p2a: Blaziken
|
|upkeep
|
|t:|1757861273
|switch|p2a: Ogerpon|Ogerpon-Wellspring, F|29/100
|turn|15
|
|t:|1757861277
|move|p2a: Ogerpon|Ivy Cudgel|p1a: Pecharunt|[anim] Ivy Cudgel Water
|-damage|p1a: Pecharunt|5/100
|move|p1a: Pecharunt|Recover|p1a: Pecharunt
|-heal|p1a: Pecharunt|55/100
|
|upkeep
|turn|16
|
|t:|1757861285
|move|p2a: Ogerpon|Ivy Cudgel|p1a: Pecharunt|[anim] Ivy Cudgel Water
|-damage|p1a: Pecharunt|20/100
|move|p1a: Pecharunt|Malignant Chain|p2a: Ogerpon
|-supereffective|p2a: Ogerpon
|-damage|p2a: Ogerpon|0 fnt
|faint|p2a: Ogerpon
|
|upkeep
|
|t:|1757861302
|switch|p2a: Kingambit|Kingambit, M, shiny|100/100
|-activate|p2a: Kingambit|ability: Supreme Overlord
|-start|p2a: Kingambit|fallen3|[silent]
|turn|17
|
|t:|1757861305
|move|p1a: Pecharunt|Parting Shot|p2a: Kingambit
|-unboost|p2a: Kingambit|atk|1
|-unboost|p2a: Kingambit|spa|1
|
|t:|1757861314
|switch|p1a: Iron Valiant|Iron Valiant|100/100|[from] Parting Shot
|-enditem|p1a: Iron Valiant|Booster Energy
|-activate|p1a: Iron Valiant|ability: Quark Drive|[fromitem]
|-start|p1a: Iron Valiant|quarkdrivespe
|move|p2a: Kingambit|Kowtow Cleave|p1a: Iron Valiant
|-resisted|p1a: Iron Valiant
|-damage|p1a: Iron Valiant|87/100
|
|upkeep
|turn|18
|
|t:|1757861319
|-end|p2a: Kingambit|fallen3|[silent]
|switch|p2a: Glimmora|Glimmora, M, shiny, tera:Ghost|15/100
|move|p1a: Iron Valiant|Close Combat|p2a: Glimmora
|-immune|p2a: Glimmora
|
|upkeep
|turn|19
|
|t:|1757861327
|move|p1a: Iron Valiant|Moonblast|p2a: Glimmora
|-crit|p2a: Glimmora
|-damage|p2a: Glimmora|0 fnt
|faint|p2a: Glimmora
|
|upkeep
|
|t:|1757861330
|switch|p2a: Comfey|Comfey, M, shiny|100/100
|turn|20
|
|t:|1757861336
|-end|p1a: Iron Valiant|Quark Drive|[silent]
|switch|p1a: Tyranitar|Tyranitar, M|100/100
|-weather|Sandstorm|[from] ability: Sand Stream|[of] p1a: Tyranitar
|move|p2a: Comfey|Substitute|p2a: Comfey
|-start|p2a: Comfey|Substitute
|-damage|p2a: Comfey|76/100
|
|-weather|Sandstorm|[upkeep]
|-damage|p2a: Comfey|69/100|[from] Sandstorm
|upkeep
|turn|21
|
|t:|1757861341
|move|p2a: Comfey|Draining Kiss|p1a: Tyranitar
|-supereffective|p1a: Tyranitar
|-damage|p1a: Tyranitar|63/100
|-heal|p2a: Comfey|100/100|[from] drain|[of] p1a: Tyranitar
|-damage|p2a: Comfey|91/100|[from] item: Life Orb
|move|p1a: Tyranitar|Stone Edge|p2a: Comfey
|-end|p2a: Comfey|Substitute
|
|-weather|Sandstorm|[upkeep]
|-damage|p2a: Comfey|84/100|[from] Sandstorm
|upkeep
|turn|22
|
|t:|1757861345
|switch|p1a: Excadrill|Excadrill, F|90/100
|move|p2a: Comfey|Draining Kiss|p1a: Excadrill
|-resisted|p1a: Excadrill
|-damage|p1a: Excadrill|72/100
|-heal|p2a: Comfey|100/100|[from] drain|[of] p1a: Excadrill
|-damage|p2a: Comfey|91/100|[from] item: Life Orb
|
|-weather|Sandstorm|[upkeep]
|-damage|p2a: Comfey|84/100|[from] Sandstorm
|upkeep
|turn|23
|j| wgw2333
|
|t:|1757861354
|move|p2a: Comfey|Draining Kiss|p1a: Excadrill
|-resisted|p1a: Excadrill
|-damage|p1a: Excadrill|55/100
|-heal|p2a: Comfey|99/100|[from] drain|[of] p1a: Excadrill
|-damage|p2a: Comfey|89/100|[from] item: Life Orb
|move|p1a: Excadrill|Earthquake|p2a: Comfey
|-damage|p2a: Comfey|21/100
|
|-weather|Sandstorm|[upkeep]
|-damage|p2a: Comfey|15/100|[from] Sandstorm
|upkeep
|turn|24
|
|t:|1757861358
|move|p2a: Comfey|Draining Kiss|p1a: Excadrill
|-resisted|p1a: Excadrill
|-crit|p1a: Excadrill
|-damage|p1a: Excadrill|28/100
|-heal|p2a: Comfey|39/100|[from] drain|[of] p1a: Excadrill
|-damage|p2a: Comfey|29/100|[from] item: Life Orb
|move|p1a: Excadrill|Earthquake|p2a: Comfey
|-damage|p2a: Comfey|0 fnt
|faint|p2a: Comfey
|
|-weather|Sandstorm|[upkeep]
|upkeep
|
|t:|1757861363
|switch|p2a: Kingambit|Kingambit, M, shiny|100/100
|-activate|p2a: Kingambit|ability: Supreme Overlord
|-start|p2a: Kingambit|fallen5|[silent]
|turn|25
|
|t:|1757861368
|move|p1a: Excadrill|Earthquake|p2a: Kingambit
|-supereffective|p2a: Kingambit
|-damage|p2a: Kingambit|18/100
|move|p2a: Kingambit|Swords Dance|p2a: Kingambit
|-boost|p2a: Kingambit|atk|2
|
|-weather|Sandstorm|[upkeep]
|-heal|p2a: Kingambit|24/100|[from] item: Leftovers
|upkeep
|turn|26
|
|t:|1757861371
|move|p2a: Kingambit|Sucker Punch|p1a: Excadrill
|-damage|p1a: Excadrill|0 fnt
|faint|p1a: Excadrill
|
|-weather|Sandstorm|[upkeep]
|-heal|p2a: Kingambit|31/100|[from] item: Leftovers
|upkeep
|
|t:|1757861374
|switch|p1a: Ogerpon|Ogerpon, F|36/100 psn
|turn|27
|-message|Lucid Coffee forfeited.
|
|win|mkyn
|raw|mkyn's rating: 1683 &rarr; <strong>1706</strong><br />(+23 for winning)
|raw|Lucid Coffee's rating: 1730 &rarr; <strong>1707</strong><br />(-23 for losing)
|l|‽Lucid Coffee
|player|p2|
|l|☆mkyn
|player|p1|
