|j|☆frosssted
|j|☆player jack
|t:|1757839491
|gametype|singles
|player|p1|frosssted|2|1356
|player|p2|player jack|roxie|1299
|gen|9
|tier|[Gen 9] OU
|rated|
|rule|HP Percentage Mod: HP is shown in percentages
|rule|Endless Battle Clause: Forcing endless battles is banned
|rule|Species Clause: Limit one of each Pokémon
|rule|OHKO Clause: OHKO moves are banned
|rule|Evasion Items Clause: Evasion items are banned
|rule|Evasion Moves Clause: Evasion moves are banned
|rule|Evasion Abilities Clause: Evasion abilities are banned
|rule|Sleep Moves Clause: Sleep-inducing moves are banned
|clearpoke
|poke|p1|Indeedee, M|
|poke|p1|Hatterene, F|
|poke|p1|Ursaluna, F|
|poke|p1|Iron Hands|
|poke|p1|Hoopa-Unbound|
|poke|p1|Mimikyu, F|
|poke|p2|Basculegion-F, F|
|poke|p2|Araquanid, F|
|poke|p2|Ditto|
|poke|p2|Goodra-Hisui, F|
|poke|p2|Pelipper, F|
|poke|p2|Pikachu, F|
|teampreview
|inactive|Battle timer is ON: inactive players will automatically lose when time's up. (requested by frosssted)
|
|t:|1757839501
|teamsize|p1|6
|teamsize|p2|6
|start
|switch|p1a: Iron Hands|Iron Hands|100/100
|switch|p2a: Goodra|Goodra-Hisui, F, shiny|100/100
|-enditem|p1a: Iron Hands|Booster Energy
|-activate|p1a: Iron Hands|ability: Quark Drive|[fromitem]
|-start|p1a: Iron Hands|quarkdriveatk
|turn|1
|
|t:|1757839510
|switch|p2a: Basculegion|Basculegion-F, F, shiny|100/100
|move|p1a: Iron Hands|Close Combat|p2a: Basculegion
|-immune|p2a: Basculegion
|
|upkeep
|turn|2
|
|t:|1757839522
|move|p2a: Basculegion|Flip Turn|p1a: Iron Hands
|-damage|p1a: Iron Hands|89/100
|
|t:|1757839525
|switch|p2a: Pikachu|Pikachu, F, shiny|100/100|[from] Flip Turn
|move|p1a: Iron Hands|Close Combat|p2a: Pikachu
|-damage|p2a: Pikachu|0 fnt
|-unboost|p1a: Iron Hands|def|1
|-unboost|p1a: Iron Hands|spd|1
|faint|p2a: Pikachu
|
|upkeep
|
|t:|1757839537
|switch|p2a: Basculegion|Basculegion-F, F, shiny|100/100
|turn|3
|inactive|frosssted has 120 seconds left.
|
|t:|1757839574
|-end|p1a: Iron Hands|Quark Drive|[silent]
|switch|p1a: Indeedee|Indeedee, M|100/100
|-fieldstart|move: Psychic Terrain|[from] ability: Psychic Surge|[of] p1a: Indeedee
|move|p2a: Basculegion|Surf|p1a: Indeedee
|-damage|p1a: Indeedee|26/100
|
|upkeep
|turn|4
|inactive|frosssted has 120 seconds left.
|
|t:|1757839590
|move|p2a: Basculegion|Surf|p1a: Indeedee
|-damage|p1a: Indeedee|0 fnt
|faint|p1a: Indeedee
|
|upkeep
|
|t:|1757839594
|switch|p1a: Iron Hands|Iron Hands|89/100
|turn|5
|inactive|frosssted has 120 seconds left.
|
|t:|1757839601
|switch|p2a: Ditto|Ditto, shiny|100/100
|move|p1a: Iron Hands|Supercell Slam|p2a: Ditto
|-crit|p2a: Ditto
|-damage|p2a: Ditto|0 fnt
|faint|p2a: Ditto
|
|upkeep
|
|t:|1757839616
|switch|p2a: Pelipper|Pelipper, F, shiny|100/100
|-weather|RainDance|[from] ability: Drizzle|[of] p2a: Pelipper
|turn|6
|
|t:|1757839620
|move|p2a: Pelipper|Hurricane|p1a: Iron Hands
|-damage|p1a: Iron Hands|62/100
|move|p1a: Iron Hands|Supercell Slam|p2a: Pelipper
|-supereffective|p2a: Pelipper
|-damage|p2a: Pelipper|0 fnt
|faint|p2a: Pelipper
|
|-weather|RainDance|[upkeep]
|upkeep
|
|t:|1757839626
|switch|p2a: Basculegion|Basculegion-F, F, shiny|100/100
|turn|7
|
|t:|1757839641
|move|p2a: Basculegion|Surf|p1a: Iron Hands
|-damage|p1a: Iron Hands|0 fnt
|faint|p1a: Iron Hands
|-end|p1a: Iron Hands|Quark Drive|[silent]
|
|-weather|RainDance|[upkeep]
|upkeep
|
|t:|1757839643
|switch|p1a: Mimikyu|Mimikyu, F|100/100
|turn|8
|inactive|frosssted has 120 seconds left.
|
|t:|1757839677
|switch|p2a: Araquanid|Araquanid, F, shiny|100/100
|move|p1a: Mimikyu|Destiny Bond|p1a: Mimikyu
|-singlemove|p1a: Mimikyu|Destiny Bond
|
|-weather|RainDance|[upkeep]
|upkeep
|turn|9
|inactive|frosssted has 120 seconds left.
|
|t:|1757839707
|switch|p1a: Hoopa|Hoopa-Unbound|100/100
|-enditem|p1a: Hoopa|Psychic Seed
|-boost|p1a: Hoopa|spd|1|[from] item: Psychic Seed
|move|p2a: Araquanid|Liquidation|p1a: Hoopa
|-damage|p1a: Hoopa|0 fnt
|faint|p1a: Hoopa
|
|-weather|RainDance|[upkeep]
|upkeep
|inactive|frosssted has 90 seconds left.
|
|t:|1757839735
|switch|p1a: Ursaluna|Ursaluna, F|100/100
|turn|10
|
|t:|1757839741
|-terastallize|p1a: Ursaluna|Normal
|move|p1a: Ursaluna|Facade|p2a: Araquanid
|-damage|p2a: Araquanid|42/100
|move|p2a: Araquanid|Liquidation|p1a: Ursaluna
|-damage|p1a: Ursaluna|32/100
|
|-weather|RainDance|[upkeep]
|-fieldend|move: Psychic Terrain
|-status|p1a: Ursaluna|brn|[from] item: Flame Orb
|upkeep
|turn|11
|inactive|frosssted has 90 seconds left.
|
|t:|1757839753
|-terastallize|p2a: Araquanid|Ghost
|move|p1a: Ursaluna|Headlong Rush|p2a: Araquanid
|-damage|p2a: Araquanid|0 fnt
|-unboost|p1a: Ursaluna|def|1
|-unboost|p1a: Ursaluna|spd|1
|faint|p2a: Araquanid
|
|-weather|RainDance|[upkeep]
|-damage|p1a: Ursaluna|26/100 brn|[from] brn
|upkeep
|
|t:|1757839760
|switch|p2a: Goodra|Goodra-Hisui, F, shiny|100/100
|turn|12
|inactive|frosssted has 90 seconds left.
|
|t:|1757839780
|switch|p1a: Hatterene|Hatterene, F|100/100
|move|p2a: Goodra|Body Press|p1a: Hatterene
|-resisted|p1a: Hatterene
|-damage|p1a: Hatterene|95/100
|
|-weather|RainDance|[upkeep]
|upkeep
|turn|13
|inactive|frosssted has 90 seconds left.
|
|t:|1757839790
|move|p2a: Goodra|Gyro Ball|p1a: Hatterene
|-supereffective|p1a: Hatterene
|-damage|p1a: Hatterene|82/100
|move|p1a: Hatterene|Trick Room|p1a: Hatterene
|-fieldstart|move: Trick Room|[of] p1a: Hatterene
|
|-weather|none
|upkeep
|turn|14
|inactive|frosssted has 90 seconds left.
|
|t:|1757839801
|move|p1a: Hatterene|Draining Kiss|p2a: Goodra
|-damage|p2a: Goodra|79/100
|-heal|p1a: Hatterene|100/100|[from] drain|[of] p2a: Goodra
|-damage|p1a: Hatterene|91/100|[from] item: Life Orb
|move|p2a: Goodra|Curse|p2a: Goodra
|-unboost|p2a: Goodra|spe|1
|-boost|p2a: Goodra|atk|1
|-boost|p2a: Goodra|def|1
|
|-heal|p2a: Goodra|85/100|[from] item: Leftovers
|upkeep
|turn|15
|inactive|frosssted has 90 seconds left.
|
|t:|1757839815
|move|p1a: Hatterene|Draining Kiss|p2a: Goodra
|-damage|p2a: Goodra|61/100
|-heal|p1a: Hatterene|100/100|[from] drain|[of] p2a: Goodra
|-damage|p1a: Hatterene|91/100|[from] item: Life Orb
|move|p2a: Goodra|Curse|p2a: Goodra
|-unboost|p2a: Goodra|spe|1
|-boost|p2a: Goodra|atk|1
|-boost|p2a: Goodra|def|1
|
|-heal|p2a: Goodra|68/100|[from] item: Leftovers
|upkeep
|turn|16
|
|t:|1757839823
|move|p2a: Goodra|Gyro Ball|p1a: Hatterene
|-supereffective|p1a: Hatterene
|-damage|p1a: Hatterene|41/100
|move|p1a: Hatterene|Draining Kiss|p2a: Goodra
|-damage|p2a: Goodra|46/100
|-heal|p1a: Hatterene|59/100|[from] drain|[of] p2a: Goodra
|-damage|p1a: Hatterene|50/100|[from] item: Life Orb
|
|-heal|p2a: Goodra|52/100|[from] item: Leftovers
|upkeep
|turn|17
|
|t:|1757839832
|move|p2a: Goodra|Gyro Ball|p1a: Hatterene
|-supereffective|p1a: Hatterene
|-damage|p1a: Hatterene|2/100
|move|p1a: Hatterene|Draining Kiss|p2a: Goodra
|-damage|p2a: Goodra|28/100
|-heal|p1a: Hatterene|23/100|[from] drain|[of] p2a: Goodra
|-damage|p1a: Hatterene|13/100|[from] item: Life Orb
|
|-heal|p2a: Goodra|34/100|[from] item: Leftovers
|-fieldend|move: Trick Room
|upkeep
|turn|18
|
|t:|1757839839
|move|p1a: Hatterene|Draining Kiss|p2a: Goodra
|-crit|p2a: Goodra
|-damage|p2a: Goodra|1/100
|-heal|p1a: Hatterene|42/100|[from] drain|[of] p2a: Goodra
|-damage|p1a: Hatterene|32/100|[from] item: Life Orb
|move|p2a: Goodra|Gyro Ball|p1a: Hatterene
|-supereffective|p1a: Hatterene
|-damage|p1a: Hatterene|0 fnt
|faint|p1a: Hatterene
|
|-heal|p2a: Goodra|7/100|[from] item: Leftovers
|upkeep
|
|t:|1757839847
|switch|p1a: Mimikyu|Mimikyu, F|100/100
|turn|19
|
|t:|1757839872
|move|p2a: Goodra|Gyro Ball|p1a: Mimikyu
|-activate|p1a: Mimikyu|ability: Disguise
|-damage|p1a: Mimikyu|100/100
|detailschange|p1a: Mimikyu|Mimikyu-Busted, F
|-damage|p1a: Mimikyu|88/100|[from] pokemon: Mimikyu-Busted
|-enditem|p1a: Mimikyu|Red Card|[of] p2a: Goodra
|drag|p2a: Basculegion|Basculegion-F, F, shiny|100/100
|move|p1a: Mimikyu|Trick Room|p1a: Mimikyu
|-fieldstart|move: Trick Room|[of] p1a: Mimikyu
|
|upkeep
|turn|20
|
|t:|1757839885
|move|p1a: Mimikyu|Destiny Bond|p1a: Mimikyu
|-singlemove|p1a: Mimikyu|Destiny Bond
|move|p2a: Basculegion|Shadow Ball|p1a: Mimikyu
|-supereffective|p1a: Mimikyu
|-damage|p1a: Mimikyu|0 fnt
|faint|p1a: Mimikyu
|-activate|p1a: Mimikyu|move: Destiny Bond
|faint|p2a: Basculegion
|
|upkeep
|
|t:|1757839890
|switch|p1a: Ursaluna|Ursaluna, F, tera:Normal|26/100 brn
|switch|p2a: Goodra|Goodra-Hisui, F, shiny|7/100
|turn|21
|
|t:|1757839896
|move|p2a: Goodra|Body Press|p1a: Ursaluna
|-supereffective|p1a: Ursaluna
|-damage|p1a: Ursaluna|0 fnt
|faint|p1a: Ursaluna
|
|win|player jack
|raw|frosssted's rating: 1356 &rarr; <strong>1333</strong><br />(-23 for losing)
|raw|player jack's rating: 1299 &rarr; <strong>1328</strong><br />(+29 for winning)
|l|☆player jack
|player|p2|
|c|☆frosssted|-speed???
|l|☆frosssted
|player|p1|
