|j|☆marino lorenzito
|j|☆StarDio
|t:|1757930293
|gametype|singles
|player|p1|marino lorenzito|youngster-gen4dp|1516
|player|p2|StarDio|lance|1605
|gen|9
|tier|[Gen 9] OU
|rated|
|rule|HP Percentage Mod: HP is shown in percentages
|rule|Endless Battle Clause: Forcing endless battles is banned
|rule|Species Clause: Limit one of each Pokémon
|rule|OHKO Clause: OHKO moves are banned
|rule|Evasion Items Clause: Evasion items are banned
|rule|Evasion Moves Clause: Evasion moves are banned
|rule|Evasion Abilities Clause: Evasion abilities are banned
|rule|Sleep Moves Clause: Sleep-inducing moves are banned
|clearpoke
|poke|p1|Cresselia, F|
|poke|p1|Hatterene, F|
|poke|p1|Iron Hands|
|poke|p1|Ursaluna, M|
|poke|p1|Torkoal, F|
|poke|p1|Scream Tail|
|poke|p2|Lokix, F|
|poke|p2|Iron Crown|
|poke|p2|Gliscor, M|
|poke|p2|Garganacl, F|
|poke|p2|Pecharunt|
|poke|p2|Cinderace, F|
|teampreview
|inactive|Battle timer is ON: inactive players will automatically lose when time's up. (requested by StarDio)
|j| heatraniac
|
|t:|1757930314
|teamsize|p1|6
|teamsize|p2|6
|start
|switch|p1a: Scream Tail|Scream Tail|100/100
|switch|p2a: Lokix|Lokix, F|100/100
|turn|1
|l| heatraniac
|
|t:|1757930324
|switch|p2a: Gliscor|Gliscor, M|100/100
|move|p1a: Scream Tail|Stealth Rock|p2a: Gliscor
|-sidestart|p2: StarDio|move: Stealth Rock
|
|-status|p2a: Gliscor|tox|[from] item: Toxic Orb
|upkeep
|turn|2
|
|t:|1757930332
|move|p2a: Gliscor|Earthquake|p1a: Scream Tail
|-damage|p1a: Scream Tail|71/100
|move|p1a: Scream Tail|Trick Room|p1a: Scream Tail
|-fieldstart|move: Trick Room|[of] p1a: Scream Tail
|
|upkeep
|turn|3
|
|t:|1757930340
|move|p1a: Scream Tail|Misty Explosion|p2a: Gliscor
|-damage|p2a: Gliscor|65/100 tox
|faint|p1a: Scream Tail
|-end|p1a: Scream Tail|Protosynthesis|[silent]
|move|p2a: Gliscor|Earthquake|p1: Scream Tail|[notarget]
|-fail|p2a: Gliscor
|
|-heal|p2a: Gliscor|77/100 tox|[from] ability: Poison Heal
|upkeep
|
|t:|1757930358
|switch|p1a: Ursaluna|Ursaluna, M|100/100
|turn|4
|
|t:|1757930368
|switch|p2a: Pecharunt|Pecharunt|100/100
|move|p1a: Ursaluna|Swords Dance|p1a: Ursaluna
|-boost|p1a: Ursaluna|atk|2
|
|-status|p1a: Ursaluna|brn|[from] item: Flame Orb
|upkeep
|turn|5
|j| heatraniac
|l| heatraniac
|
|t:|1757930386
|switch|p2a: Gliscor|Gliscor, M|77/100 tox
|-damage|p2a: Gliscor|65/100 tox|[from] Stealth Rock
|move|p1a: Ursaluna|Facade|p2a: Gliscor
|-damage|p2a: Gliscor|0 fnt
|faint|p2a: Gliscor
|
|-damage|p1a: Ursaluna|94/100 brn|[from] brn
|upkeep
|
|t:|1757930407
|switch|p2a: Garganacl|Garganacl, F|100/100
|-damage|p2a: Garganacl|88/100|[from] Stealth Rock
|turn|6
|
|t:|1757930415
|move|p2a: Garganacl|Salt Cure|p1a: Ursaluna
|-resisted|p1a: Ursaluna
|-damage|p1a: Ursaluna|89/100 brn
|-start|p1a: Ursaluna|Salt Cure
|move|p1a: Ursaluna|Headlong Rush|p2a: Garganacl
|-supereffective|p2a: Garganacl
|-damage|p2a: Garganacl|0 fnt
|-unboost|p1a: Ursaluna|def|1
|-unboost|p1a: Ursaluna|spd|1
|faint|p2a: Garganacl
|
|-damage|p1a: Ursaluna|83/100 brn|[from] brn
|-damage|p1a: Ursaluna|70/100 brn|[from] Salt Cure
|-fieldend|move: Trick Room
|upkeep
|
|t:|1757930433
|switch|p2a: Cinderace|Cinderace, F|100/100
|turn|7
|
|t:|1757930442
|move|p2a: Cinderace|Pyro Ball|p1a: Ursaluna
|-damage|p1a: Ursaluna|13/100 brn
|move|p1a: Ursaluna|Facade|p2a: Cinderace
|-damage|p2a: Cinderace|0 fnt
|faint|p2a: Cinderace
|
|-damage|p1a: Ursaluna|7/100 brn|[from] brn
|-damage|p1a: Ursaluna|0 fnt|[from] Salt Cure
|faint|p1a: Ursaluna
|upkeep
|-message|StarDio forfeited.
|
|win|marino lorenzito
|raw|marino lorenzito's rating: 1516 &rarr; <strong>1541</strong><br />(+25 for winning)
|raw|StarDio's rating: 1605 &rarr; <strong>1580</strong><br />(-25 for losing)
|l|☆StarDio
|player|p2|
|l|☆marino lorenzito
|player|p1|
