|j|☆Don Birria
|j|☆xen769
|t:|1757932208
|gametype|singles
|player|p1|Don Birria|101|1314
|player|p2|xen769|byron|1331
|gen|9
|tier|[Gen 9] OU
|rated|
|rule|HP Percentage Mod: HP is shown in percentages
|rule|Endless Battle Clause: Forcing endless battles is banned
|rule|Species Clause: Limit one of each Pokémon
|rule|OHKO Clause: OHKO moves are banned
|rule|Evasion Items Clause: Evasion items are banned
|rule|Evasion Moves Clause: Evasion moves are banned
|rule|Evasion Abilities Clause: Evasion abilities are banned
|rule|Sleep Moves Clause: Sleep-inducing moves are banned
|clearpoke
|poke|p1|Meowscarada, M|
|poke|p1|Vaporeon, M|
|poke|p1|Muk-Alola, M|
|poke|p1|Cinderace, M|
|poke|p1|Hydrapple, F|
|poke|p1|Grimmsnarl, M|
|poke|p2|Ninetales-Alola, M|
|poke|p2|Kyurem|
|poke|p2|Rillaboom, F|
|poke|p2|Clodsire, F|
|poke|p2|Iron Treads|
|poke|p2|Serperior, F|
|teampreview
|inactive|Battle timer is ON: inactive players will automatically lose when time's up. (requested by Don Birria)
|
|t:|1757932227
|teamsize|p1|6
|teamsize|p2|6
|start
|switch|p1a: Luceroi|Muk-Alola, M|100/100
|switch|p2a: Rillaboom|Rillaboom, F|100/100
|-fieldstart|move: Grassy Terrain|[from] ability: Grassy Surge|[of] p2a: Rillaboom
|turn|1
|
|t:|1757932239
|move|p2a: Rillaboom|U-turn|p1a: Luceroi
|-damage|p1a: Luceroi|72/100
|
|t:|1757932242
|switch|p2a: Iron Treads|Iron Treads|100/100|[from] U-turn
|move|p1a: Luceroi|Knock Off|p2a: Iron Treads
|-damage|p2a: Iron Treads|59/100
|-enditem|p2a: Iron Treads|Heavy-Duty Boots|[from] move: Knock Off|[of] p1a: Luceroi
|
|-heal|p2a: Iron Treads|65/100|[from] Grassy Terrain
|-heal|p1a: Luceroi|78/100|[from] Grassy Terrain
|-heal|p1a: Luceroi|84/100|[from] item: Black Sludge
|upkeep
|turn|2
|
|t:|1757932252
|switch|p1a: Sidra|Hydrapple, F, shiny|100/100
|move|p2a: Iron Treads|Rapid Spin|p1a: Sidra
|-damage|p1a: Sidra|89/100
|-boost|p2a: Iron Treads|spe|1
|
|-heal|p2a: Iron Treads|72/100|[from] Grassy Terrain
|-heal|p1a: Sidra|95/100|[from] Grassy Terrain
|-heal|p1a: Sidra|100/100|[from] item: Leftovers
|upkeep
|turn|3
|
|t:|1757932260
|move|p2a: Iron Treads|Ice Spinner|p1a: Sidra
|-supereffective|p1a: Sidra
|-damage|p1a: Sidra|39/100
|-fieldend|move: Grassy Terrain
|move|p1a: Sidra|Earth Power|p2a: Iron Treads
|-supereffective|p2a: Iron Treads
|-damage|p2a: Iron Treads|0 fnt
|faint|p2a: Iron Treads
|-end|p2a: Iron Treads|Quark Drive|[silent]
|
|-heal|p1a: Sidra|46/100|[from] item: Leftovers
|upkeep
|
|t:|1757932272
|switch|p2a: Ninetales|Ninetales-Alola, M, shiny|100/100
|-weather|Snowscape|[from] ability: Snow Warning|[of] p2a: Ninetales
|turn|4
|
|t:|1757932277
|switch|p1a: Migg|Cinderace, M|100/100
|move|p2a: Ninetales|Aurora Veil|p2a: Ninetales
|-sidestart|p2: xen769|move: Aurora Veil
|
|-weather|Snowscape|[upkeep]
|upkeep
|turn|5
|
|t:|1757932282
|move|p1a: Migg|Iron Head|p2a: Ninetales
|-start|p1a: Migg|typechange|Steel|[from] ability: Libero
|-supereffective|p2a: Ninetales
|-damage|p2a: Ninetales|44/100
|cant|p2a: Ninetales|flinch
|
|-weather|Snowscape|[upkeep]
|upkeep
|turn|6
|
|t:|1757932289
|switch|p2a: Rillaboom|Rillaboom, F|100/100
|-fieldstart|move: Grassy Terrain|[from] ability: Grassy Surge|[of] p2a: Rillaboom
|move|p1a: Migg|Iron Head|p2a: Rillaboom
|-damage|p2a: Rillaboom|79/100
|
|-weather|Snowscape|[upkeep]
|-heal|p2a: Rillaboom|85/100|[from] Grassy Terrain
|upkeep
|turn|7
|
|t:|1757932297
|move|p2a: Rillaboom|U-turn|p1a: Migg
|-resisted|p1a: Migg
|-damage|p1a: Migg|81/100
|
|t:|1757932315
|switch|p2a: Clodsire|Clodsire, F|100/100|[from] U-turn
|-enditem|p2a: Clodsire|Grassy Seed
|-boost|p2a: Clodsire|def|1|[from] item: Grassy Seed
|move|p1a: Migg|Will-O-Wisp|p2a: Clodsire
|-status|p2a: Clodsire|brn
|
|-weather|Snowscape|[upkeep]
|-heal|p1a: Migg|87/100|[from] Grassy Terrain
|-damage|p2a: Clodsire|94/100 brn|[from] brn
|upkeep
|turn|8
|
|t:|1757932326
|switch|p1a: Luceroi|Muk-Alola, M|84/100
|move|p2a: Clodsire|Stockpile|p2a: Clodsire
|-start|p2a: Clodsire|stockpile1
|-boost|p2a: Clodsire|def|1
|-boost|p2a: Clodsire|spd|1
|
|-weather|none
|-heal|p1a: Luceroi|90/100|[from] Grassy Terrain
|-heal|p1a: Luceroi|96/100|[from] item: Black Sludge
|-heal|p2a: Clodsire|100/100 brn|[from] Grassy Terrain
|-damage|p2a: Clodsire|94/100 brn|[from] brn
|upkeep
|turn|9
|
|t:|1757932337
|move|p1a: Luceroi|Taunt|p2a: Clodsire
|-start|p2a: Clodsire|move: Taunt
|cant|p2a: Clodsire|move: Taunt|Stockpile
|
|-heal|p1a: Luceroi|100/100|[from] Grassy Terrain
|-heal|p2a: Clodsire|100/100 brn|[from] Grassy Terrain
|-damage|p2a: Clodsire|94/100 brn|[from] brn
|upkeep
|turn|10
|
|t:|1757932344
|move|p1a: Luceroi|Knock Off|p2a: Clodsire
|-damage|p2a: Clodsire|88/100 brn
|move|p2a: Clodsire|Body Press|p1a: Luceroi
|-damage|p1a: Luceroi|81/100
|
|-heal|p1a: Luceroi|87/100|[from] Grassy Terrain
|-heal|p1a: Luceroi|93/100|[from] item: Black Sludge
|-heal|p2a: Clodsire|94/100 brn|[from] Grassy Terrain
|-damage|p2a: Clodsire|88/100 brn|[from] brn
|-fieldend|move: Grassy Terrain
|upkeep
|turn|11
|
|t:|1757932354
|switch|p2a: Rillaboom|Rillaboom, F|85/100
|-fieldstart|move: Grassy Terrain|[from] ability: Grassy Surge|[of] p2a: Rillaboom
|move|p1a: Luceroi|Knock Off|p2a: Rillaboom
|-damage|p2a: Rillaboom|58/100
|-enditem|p2a: Rillaboom|Choice Scarf|[from] move: Knock Off|[of] p1a: Luceroi
|
|-heal|p2a: Rillaboom|64/100|[from] Grassy Terrain
|-heal|p1a: Luceroi|99/100|[from] Grassy Terrain
|-heal|p1a: Luceroi|100/100|[from] item: Black Sludge
|-sideend|p2: xen769|move: Aurora Veil
|upkeep
|turn|12
|
|t:|1757932364
|move|p2a: Rillaboom|High Horsepower|p1a: Luceroi
|-supereffective|p1a: Luceroi
|-damage|p1a: Luceroi|31/100
|move|p1a: Luceroi|Knock Off|p2a: Rillaboom
|-damage|p2a: Rillaboom|32/100
|
|-heal|p2a: Rillaboom|38/100|[from] Grassy Terrain
|-heal|p1a: Luceroi|37/100|[from] Grassy Terrain
|-heal|p1a: Luceroi|43/100|[from] item: Black Sludge
|upkeep
|turn|13
|
|t:|1757932373
|switch|p1a: Sidra|Hydrapple, F, shiny|79/100
|move|p2a: Rillaboom|High Horsepower|p1a: Sidra
|-resisted|p1a: Sidra
|-damage|p1a: Sidra|68/100
|
|-heal|p2a: Rillaboom|44/100|[from] Grassy Terrain
|-heal|p1a: Sidra|74/100|[from] Grassy Terrain
|-heal|p1a: Sidra|80/100|[from] item: Leftovers
|upkeep
|turn|14
|
|t:|1757932381
|move|p2a: Rillaboom|U-turn|p1a: Sidra
|-supereffective|p1a: Sidra
|-damage|p1a: Sidra|49/100
|
|t:|1757932398
|switch|p2a: Ninetales|Ninetales-Alola, M, shiny|44/100|[from] U-turn
|-weather|Snowscape|[from] ability: Snow Warning|[of] p2a: Ninetales
|move|p1a: Sidra|Earth Power|p2a: Ninetales
|-damage|p2a: Ninetales|7/100
|
|-weather|Snowscape|[upkeep]
|-heal|p2a: Ninetales|14/100|[from] Grassy Terrain
|-heal|p1a: Sidra|55/100|[from] Grassy Terrain
|-heal|p1a: Sidra|61/100|[from] item: Leftovers
|upkeep
|turn|15
|
|t:|1757932409
|switch|p1a: Vaporwave|Vaporeon, M, shiny|100/100
|move|p2a: Ninetales|Freeze-Dry|p1a: Vaporwave
|-supereffective|p1a: Vaporwave
|-damage|p1a: Vaporwave|71/100
|-status|p1a: Vaporwave|frz
|
|-weather|Snowscape|[upkeep]
|-heal|p2a: Ninetales|20/100|[from] Grassy Terrain
|-heal|p1a: Vaporwave|77/100 frz|[from] Grassy Terrain
|-heal|p1a: Vaporwave|83/100 frz|[from] item: Leftovers
|-fieldend|move: Grassy Terrain
|upkeep
|turn|16
|
|t:|1757932419
|move|p2a: Ninetales|Aurora Veil|p2a: Ninetales
|-sidestart|p2: xen769|move: Aurora Veil
|-curestatus|p1a: Vaporwave|frz|[from] move: Scald
|move|p1a: Vaporwave|Scald|p2a: Ninetales
|-damage|p2a: Ninetales|1/100
|
|-weather|Snowscape|[upkeep]
|-heal|p1a: Vaporwave|90/100|[from] item: Leftovers
|upkeep
|turn|17
|
|t:|1757932427
|move|p2a: Ninetales|Pain Split|p1a: Vaporwave
|-sethp|p1a: Vaporwave|45/100|[from] move: Pain Split|[silent]
|-sethp|p2a: Ninetales|72/100|[from] move: Pain Split
|move|p1a: Vaporwave|Scald|p2a: Ninetales
|-damage|p2a: Ninetales|55/100
|-status|p2a: Ninetales|brn
|
|-weather|Snowscape|[upkeep]
|-heal|p1a: Vaporwave|51/100|[from] item: Leftovers
|-damage|p2a: Ninetales|48/100 brn|[from] brn
|upkeep
|turn|18
|
|t:|1757932437
|switch|p2a: Rillaboom|Rillaboom, F|44/100
|-fieldstart|move: Grassy Terrain|[from] ability: Grassy Surge|[of] p2a: Rillaboom
|move|p1a: Vaporwave|Aqua Ring|p1a: Vaporwave
|-start|p1a: Vaporwave|Aqua Ring
|
|-weather|none
|-heal|p2a: Rillaboom|50/100|[from] Grassy Terrain
|-heal|p1a: Vaporwave|58/100|[from] Grassy Terrain
|-heal|p1a: Vaporwave|64/100|[from] item: Leftovers
|-heal|p1a: Vaporwave|70/100|[from] Aqua Ring
|upkeep
|turn|19
|
|t:|1757932448
|-terastallize|p1a: Vaporwave|Steel
|move|p2a: Rillaboom|Wood Hammer|p1a: Vaporwave
|-resisted|p1a: Vaporwave
|-damage|p1a: Vaporwave|38/100
|-damage|p2a: Rillaboom|36/100|[from] Recoil
|move|p1a: Vaporwave|Ice Beam|p2a: Rillaboom
|-supereffective|p2a: Rillaboom
|-damage|p2a: Rillaboom|4/100
|
|-heal|p2a: Rillaboom|10/100|[from] Grassy Terrain
|-heal|p1a: Vaporwave|44/100|[from] Grassy Terrain
|-heal|p1a: Vaporwave|51/100|[from] item: Leftovers
|-heal|p1a: Vaporwave|57/100|[from] Aqua Ring
|upkeep
|turn|20
|
|t:|1757932460
|move|p2a: Rillaboom|High Horsepower|p1a: Vaporwave
|-supereffective|p1a: Vaporwave
|-damage|p1a: Vaporwave|6/100
|move|p1a: Vaporwave|Calm Mind|p1a: Vaporwave
|-boost|p1a: Vaporwave|spa|1
|-boost|p1a: Vaporwave|spd|1
|
|-heal|p2a: Rillaboom|17/100|[from] Grassy Terrain
|-heal|p1a: Vaporwave|12/100|[from] Grassy Terrain
|-heal|p1a: Vaporwave|18/100|[from] item: Leftovers
|-heal|p1a: Vaporwave|24/100|[from] Aqua Ring
|upkeep
|turn|21
|
|t:|1757932472
|switch|p1a: Sidra|Hydrapple, F, shiny|94/100
|move|p2a: Rillaboom|High Horsepower|p1a: Sidra
|-resisted|p1a: Sidra
|-damage|p1a: Sidra|82/100
|
|-heal|p2a: Rillaboom|23/100|[from] Grassy Terrain
|-heal|p1a: Sidra|88/100|[from] Grassy Terrain
|-heal|p1a: Sidra|94/100|[from] item: Leftovers
|upkeep
|turn|22
|
|t:|1757932480
|move|p2a: Rillaboom|U-turn|p1a: Sidra
|-supereffective|p1a: Sidra
|-damage|p1a: Sidra|58/100
|
|t:|1757932493
|switch|p2a: Ninetales|Ninetales-Alola, M, shiny|48/100 brn|[from] U-turn
|-weather|Snowscape|[from] ability: Snow Warning|[of] p2a: Ninetales
|move|p1a: Sidra|Earth Power|p2a: Ninetales
|-damage|p2a: Ninetales|32/100 brn
|
|-weather|Snowscape|[upkeep]
|-heal|p2a: Ninetales|38/100 brn|[from] Grassy Terrain
|-heal|p1a: Sidra|64/100|[from] Grassy Terrain
|-heal|p1a: Sidra|71/100|[from] item: Leftovers
|-damage|p2a: Ninetales|32/100 brn|[from] brn
|-fieldend|move: Grassy Terrain
|upkeep
|turn|23
|
|t:|1757932507
|switch|p1a: Migg|Cinderace, M|87/100
|move|p2a: Ninetales|Pain Split|p1a: Migg
|-sethp|p1a: Migg|59/100|[from] move: Pain Split|[silent]
|-sethp|p2a: Ninetales|62/100 brn|[from] move: Pain Split
|
|-weather|Snowscape|[upkeep]
|-damage|p2a: Ninetales|55/100 brn|[from] brn
|-sideend|p2: xen769|move: Aurora Veil
|upkeep
|turn|24
|
|t:|1757932527
|switch|p2a: Rillaboom|Rillaboom, F|23/100
|-fieldstart|move: Grassy Terrain|[from] ability: Grassy Surge|[of] p2a: Rillaboom
|move|p1a: Migg|Pyro Ball|p2a: Rillaboom
|-supereffective|p2a: Rillaboom
|-damage|p2a: Rillaboom|0 fnt
|faint|p2a: Rillaboom
|
|-weather|Snowscape|[upkeep]
|-heal|p1a: Migg|65/100|[from] Grassy Terrain
|upkeep
|
|t:|1757932528
|switch|p2a: Kyurem|Kyurem|100/100
|-ability|p2a: Kyurem|Pressure
|turn|25
|
|t:|1757932538
|-terastallize|p2a: Kyurem|Fire
|move|p1a: Migg|Will-O-Wisp|p2a: Kyurem
|-immune|p2a: Kyurem
|move|p2a: Kyurem|Dragon Dance|p2a: Kyurem
|-boost|p2a: Kyurem|atk|1
|-boost|p2a: Kyurem|spe|1
|
|-weather|Snowscape|[upkeep]
|-heal|p1a: Migg|71/100|[from] Grassy Terrain
|upkeep
|turn|26
|
|t:|1757932547
|move|p2a: Kyurem|Dragon Dance|p2a: Kyurem
|-boost|p2a: Kyurem|atk|1
|-boost|p2a: Kyurem|spe|1
|move|p1a: Migg|Pyro Ball|p2a: Kyurem
|-resisted|p2a: Kyurem
|-damage|p2a: Kyurem|73/100
|
|-weather|none
|-heal|p2a: Kyurem|79/100|[from] Grassy Terrain
|-heal|p1a: Migg|77/100|[from] Grassy Terrain
|upkeep
|turn|27
|
|t:|1757932555
|move|p2a: Kyurem|Dragon Dance|p2a: Kyurem
|-boost|p2a: Kyurem|atk|1
|-boost|p2a: Kyurem|spe|1
|move|p1a: Migg|Pyro Ball|p2a: Kyurem
|-resisted|p2a: Kyurem
|-damage|p2a: Kyurem|54/100
|
|-heal|p2a: Kyurem|60/100|[from] Grassy Terrain
|-heal|p1a: Migg|83/100|[from] Grassy Terrain
|upkeep
|turn|28
|
|t:|1757932562
|move|p2a: Kyurem|Tera Blast|p1a: Migg|[anim] Tera Blast Fire
|-resisted|p1a: Migg
|-damage|p1a: Migg|5/100
|move|p1a: Migg|Pyro Ball|p2a: Kyurem
|-resisted|p2a: Kyurem
|-damage|p2a: Kyurem|30/100
|
|-heal|p2a: Kyurem|36/100|[from] Grassy Terrain
|-heal|p1a: Migg|11/100|[from] Grassy Terrain
|-fieldend|move: Grassy Terrain
|upkeep
|turn|29
|
|t:|1757932572
|move|p2a: Kyurem|Tera Blast|p1a: Migg|[anim] Tera Blast Fire
|-resisted|p1a: Migg
|-damage|p1a: Migg|0 fnt
|faint|p1a: Migg
|
|upkeep
|
|t:|1757932576
|switch|p1a: Greegno|Grimmsnarl, M|100/100
|turn|30
|
|t:|1757932580
|move|p1a: Greegno|Trick|p2a: Kyurem
|-activate|p1a: Greegno|move: Trick|[of] p2a: Kyurem
|-item|p2a: Kyurem|Lagging Tail|[from] move: Trick
|-item|p1a: Greegno|Loaded Dice|[from] move: Trick
|move|p2a: Kyurem|Icicle Spear|p1a: Greegno
|-damage|p1a: Greegno|53/100
|-damage|p1a: Greegno|10/100
|-damage|p1a: Greegno|0 fnt
|faint|p1a: Greegno
|-hitcount|p1: Greegno|3
|
|upkeep
|
|t:|1757932590
|switch|p1a: Vaporwave|Vaporeon, M, shiny, tera:Steel|24/100
|turn|31
|
|t:|1757932605
|move|p1a: Vaporwave|Scald|p2a: Kyurem
|-supereffective|p2a: Kyurem
|-damage|p2a: Kyurem|0 fnt
|faint|p2a: Kyurem
|
|-heal|p1a: Vaporwave|31/100|[from] item: Leftovers
|upkeep
|
|t:|1757932607
|switch|p2a: Ninetales|Ninetales-Alola, M, shiny|55/100 brn
|-weather|Snowscape|[from] ability: Snow Warning|[of] p2a: Ninetales
|turn|32
|
|t:|1757932615
|move|p2a: Ninetales|Aurora Veil|p2a: Ninetales
|-sidestart|p2: xen769|move: Aurora Veil
|move|p1a: Vaporwave|Calm Mind|p1a: Vaporwave
|-boost|p1a: Vaporwave|spa|1
|-boost|p1a: Vaporwave|spd|1
|
|-weather|Snowscape|[upkeep]
|-heal|p1a: Vaporwave|37/100|[from] item: Leftovers
|-damage|p2a: Ninetales|49/100 brn|[from] brn
|upkeep
|turn|33
|
|t:|1757932622
|move|p2a: Ninetales|Encore|p1a: Vaporwave
|-start|p1a: Vaporwave|Encore
|move|p1a: Vaporwave|Calm Mind|p1a: Vaporwave
|-boost|p1a: Vaporwave|spa|1
|-boost|p1a: Vaporwave|spd|1
|
|-weather|Snowscape|[upkeep]
|-heal|p1a: Vaporwave|43/100|[from] item: Leftovers
|-damage|p2a: Ninetales|43/100 brn|[from] brn
|upkeep
|turn|34
|
|t:|1757932635
|move|p2a: Ninetales|Freeze-Dry|p1a: Vaporwave
|-resisted|p1a: Vaporwave
|-damage|p1a: Vaporwave|39/100
|move|p1a: Vaporwave|Calm Mind|p1a: Vaporwave
|-boost|p1a: Vaporwave|spa|1
|-boost|p1a: Vaporwave|spd|1
|
|-weather|Snowscape|[upkeep]
|-heal|p1a: Vaporwave|46/100|[from] item: Leftovers
|-damage|p2a: Ninetales|37/100 brn|[from] brn
|upkeep
|turn|35
|
|t:|1757932643
|switch|p2a: Serperior|Serperior, F|100/100
|move|p1a: Vaporwave|Calm Mind|p1a: Vaporwave
|-boost|p1a: Vaporwave|spa|1
|-boost|p1a: Vaporwave|spd|1
|
|-weather|Snowscape|[upkeep]
|-heal|p1a: Vaporwave|52/100|[from] item: Leftovers
|-end|p1a: Vaporwave|Encore
|upkeep
|turn|36
|
|t:|1757932653
|switch|p2a: Ninetales|Ninetales-Alola, M, shiny|37/100 brn
|move|p1a: Vaporwave|Ice Beam|p2a: Ninetales
|-resisted|p2a: Ninetales
|-damage|p2a: Ninetales|16/100 brn
|
|-weather|none
|-heal|p1a: Vaporwave|58/100|[from] item: Leftovers
|-damage|p2a: Ninetales|10/100 brn|[from] brn
|upkeep
|turn|37
|
|t:|1757932661
|move|p2a: Ninetales|Pain Split|p1a: Vaporwave
|-sethp|p1a: Vaporwave|32/100|[from] move: Pain Split|[silent]
|-sethp|p2a: Ninetales|51/100 brn|[from] move: Pain Split
|move|p1a: Vaporwave|Ice Beam|p2a: Ninetales
|-resisted|p2a: Ninetales
|-damage|p2a: Ninetales|32/100 brn
|
|-heal|p1a: Vaporwave|38/100|[from] item: Leftovers
|-damage|p2a: Ninetales|26/100 brn|[from] brn
|upkeep
|turn|38
|
|t:|1757932672
|move|p2a: Ninetales|Freeze-Dry|p1a: Vaporwave
|-resisted|p1a: Vaporwave
|-crit|p1a: Vaporwave
|-damage|p1a: Vaporwave|26/100
|move|p1a: Vaporwave|Aqua Ring|p1a: Vaporwave
|-start|p1a: Vaporwave|Aqua Ring
|
|-heal|p1a: Vaporwave|33/100|[from] item: Leftovers
|-heal|p1a: Vaporwave|39/100|[from] Aqua Ring
|-damage|p2a: Ninetales|20/100 brn|[from] brn
|upkeep
|turn|39
|
|t:|1757932682
|move|p2a: Ninetales|Encore|p1a: Vaporwave
|-start|p1a: Vaporwave|Encore
|move|p1a: Vaporwave|Aqua Ring||[still]
|-fail|p1a: Vaporwave
|
|-heal|p1a: Vaporwave|45/100|[from] item: Leftovers
|-heal|p1a: Vaporwave|51/100|[from] Aqua Ring
|-damage|p2a: Ninetales|14/100 brn|[from] brn
|-sideend|p2: xen769|move: Aurora Veil
|upkeep
|turn|40
|
|t:|1757932690
|move|p2a: Ninetales|Pain Split|p1a: Vaporwave
|-sethp|p1a: Vaporwave|30/100|[from] move: Pain Split|[silent]
|-sethp|p2a: Ninetales|48/100 brn|[from] move: Pain Split
|move|p1a: Vaporwave|Aqua Ring||[still]
|-fail|p1a: Vaporwave
|
|-heal|p1a: Vaporwave|36/100|[from] item: Leftovers
|-heal|p1a: Vaporwave|43/100|[from] Aqua Ring
|-damage|p2a: Ninetales|42/100 brn|[from] brn
|upkeep
|turn|41
|
|t:|1757932699
|move|p2a: Ninetales|Freeze-Dry|p1a: Vaporwave
|-resisted|p1a: Vaporwave
|-damage|p1a: Vaporwave|40/100
|move|p1a: Vaporwave|Aqua Ring||[still]
|-fail|p1a: Vaporwave
|
|-heal|p1a: Vaporwave|46/100|[from] item: Leftovers
|-heal|p1a: Vaporwave|52/100|[from] Aqua Ring
|-damage|p2a: Ninetales|36/100 brn|[from] brn
|-end|p1a: Vaporwave|Encore
|upkeep
|turn|42
|
|t:|1757932709
|move|p2a: Ninetales|Encore|p1a: Vaporwave
|-start|p1a: Vaporwave|Encore
|move|p1a: Vaporwave|Aqua Ring||[still]
|-fail|p1a: Vaporwave
|
|-heal|p1a: Vaporwave|59/100|[from] item: Leftovers
|-heal|p1a: Vaporwave|65/100|[from] Aqua Ring
|-damage|p2a: Ninetales|29/100 brn|[from] brn
|upkeep
|turn|43
|
|t:|1757932716
|switch|p2a: Clodsire|Clodsire, F|88/100 brn
|move|p1a: Vaporwave|Aqua Ring||[still]
|-fail|p1a: Vaporwave
|
|-heal|p1a: Vaporwave|71/100|[from] item: Leftovers
|-heal|p1a: Vaporwave|77/100|[from] Aqua Ring
|-damage|p2a: Clodsire|81/100 brn|[from] brn
|upkeep
|turn|44
|
|t:|1757932726
|switch|p1a: Luceroi|Muk-Alola, M|43/100
|move|p2a: Clodsire|Stockpile|p2a: Clodsire
|-start|p2a: Clodsire|stockpile1
|-boost|p2a: Clodsire|def|1
|-boost|p2a: Clodsire|spd|1
|
|-heal|p1a: Luceroi|50/100|[from] item: Black Sludge
|-damage|p2a: Clodsire|75/100 brn|[from] brn
|upkeep
|turn|45
|
|t:|1757932735
|move|p1a: Luceroi|Taunt|p2a: Clodsire
|-start|p2a: Clodsire|move: Taunt
|move|p2a: Clodsire|Body Press|p1a: Luceroi
|-damage|p1a: Luceroi|35/100
|
|-heal|p1a: Luceroi|41/100|[from] item: Black Sludge
|-damage|p2a: Clodsire|69/100 brn|[from] brn
|upkeep
|turn|46
|
|t:|1757932742
|switch|p2a: Ninetales|Ninetales-Alola, M, shiny|29/100 brn
|-weather|Snowscape|[from] ability: Snow Warning|[of] p2a: Ninetales
|move|p1a: Luceroi|Knock Off|p2a: Ninetales
|-resisted|p2a: Ninetales
|-damage|p2a: Ninetales|11/100 brn
|-enditem|p2a: Ninetales|Light Clay|[from] move: Knock Off|[of] p1a: Luceroi
|
|-weather|Snowscape|[upkeep]
|-heal|p1a: Luceroi|47/100|[from] item: Black Sludge
|-damage|p2a: Ninetales|5/100 brn|[from] brn
|upkeep
|turn|47
|
|t:|1757932753
|move|p1a: Luceroi|Shadow Sneak|p2a: Ninetales
|-damage|p2a: Ninetales|0 fnt
|faint|p2a: Ninetales
|
|-weather|Snowscape|[upkeep]
|-heal|p1a: Luceroi|53/100|[from] item: Black Sludge
|upkeep
|
|t:|1757932756
|switch|p2a: Serperior|Serperior, F|100/100
|turn|48
|c|☆Don Birria|get that thing out of here
|
|t:|1757932760
|move|p2a: Serperior|Leaf Storm|p1a: Luceroi
|-resisted|p1a: Luceroi
|-damage|p1a: Luceroi|32/100
|-boost|p2a: Serperior|spa|2
|move|p1a: Luceroi|Knock Off|p2a: Serperior
|-damage|p2a: Serperior|41/100
|-enditem|p2a: Serperior|Metronome|[from] move: Knock Off|[of] p1a: Luceroi
|
|-weather|Snowscape|[upkeep]
|-heal|p1a: Luceroi|38/100|[from] item: Black Sludge
|upkeep
|turn|49
|
|t:|1757932769
|move|p1a: Luceroi|Shadow Sneak|p2a: Serperior
|-damage|p2a: Serperior|25/100
|move|p2a: Serperior|Leaf Storm|p1a: Luceroi
|-resisted|p1a: Luceroi
|-damage|p1a: Luceroi|1/100
|-boost|p2a: Serperior|spa|2
|
|-weather|Snowscape|[upkeep]
|-heal|p1a: Luceroi|7/100|[from] item: Black Sludge
|upkeep
|turn|50
|
|t:|1757932777
|move|p1a: Luceroi|Shadow Sneak|p2a: Serperior
|-damage|p2a: Serperior|9/100
|-status|p2a: Serperior|psn|[from] ability: Poison Touch|[of] p1a: Luceroi
|move|p2a: Serperior|Leaf Storm|p1a: Luceroi
|-resisted|p1a: Luceroi
|-damage|p1a: Luceroi|0 fnt
|-boost|p2a: Serperior|spa|2
|faint|p1a: Luceroi
|
|-weather|none
|-damage|p2a: Serperior|0 fnt|[from] psn
|faint|p2a: Serperior
|upkeep
|
|t:|1757932787
|switch|p2a: Clodsire|Clodsire, F|69/100 brn
|switch|p1a: Galdra|Meowscarada, M|100/100
|turn|51
|
|t:|1757932791
|move|p1a: Galdra|Flower Trick|p2a: Clodsire
|-crit|p2a: Clodsire
|-damage|p2a: Clodsire|25/100 brn
|move|p2a: Clodsire|Stockpile|p2a: Clodsire
|-start|p2a: Clodsire|stockpile1
|-boost|p2a: Clodsire|def|1
|-boost|p2a: Clodsire|spd|1
|
|-damage|p2a: Clodsire|18/100 brn|[from] brn
|upkeep
|turn|52
|-message|xen769 forfeited.
|
|win|Don Birria
|raw|Don Birria's rating: 1314 &rarr; <strong>1335</strong><br />(+21 for winning)
|raw|xen769's rating: 1331 &rarr; <strong>1310</strong><br />(-21 for losing)
|l|☆xen769
|player|p2|
|l|☆Don Birria
|player|p1|
