|j|☆loscocainehermanos
|j|☆Cdb1z
|t:|1757896407
|gametype|singles
|player|p1|loscocainehermanos|1|1309
|player|p2|Cdb1z|265|1279
|gen|9
|tier|[Gen 9] OU
|rated|
|rule|HP Percentage Mod: HP is shown in percentages
|rule|Endless Battle Clause: Forcing endless battles is banned
|rule|Species Clause: Limit one of each Pokémon
|rule|OHKO Clause: OHKO moves are banned
|rule|Evasion Items Clause: Evasion items are banned
|rule|Evasion Moves Clause: Evasion moves are banned
|rule|Evasion Abilities Clause: Evasion abilities are banned
|rule|Sleep Moves Clause: Sleep-inducing moves are banned
|clearpoke
|poke|p1|Okidogi, M|
|poke|p1|Darkrai|
|poke|p1|Enamorus, F|
|poke|p1|Garchomp, F|
|poke|p1|Iron Treads|
|poke|p1|Slowking-Galar, M|
|poke|p2|Magnezone|
|poke|p2|Garchomp, F|
|poke|p2|Grimmsnarl, M|
|poke|p2|Cresselia, F|
|poke|p2|Cinccino, F|
|poke|p2|Froslass, F|
|teampreview
|
|t:|1757896424
|teamsize|p1|6
|teamsize|p2|6
|start
|switch|p1a: Enamorus|Enamorus, F|100/100
|switch|p2a: Needs a trim|Grimmsnarl, M|100/100
|turn|1
|
|t:|1757896428
|move|p2a: Needs a trim|Thunder Wave|p1a: Enamorus
|-status|p1a: Enamorus|par
|move|p1a: Enamorus|Moonblast|p2a: Needs a trim
|-supereffective|p2a: Needs a trim
|-damage|p2a: Needs a trim|0 fnt
|faint|p2a: Needs a trim
|
|upkeep
|
|t:|1757896443
|switch|p2a: Boo|Froslass, F|100/100
|turn|2
|
|t:|1757896452
|switch|p1a: Iron Treads|Iron Treads|100/100
|-item|p1a: Iron Treads|Air Balloon
|move|p2a: Boo|Thunder|p1a: Iron Treads
|-immune|p1a: Iron Treads
|
|upkeep
|turn|3
|
|t:|1757896461
|move|p2a: Boo|Destiny Bond|p2a: Boo
|-singlemove|p2a: Boo|Destiny Bond
|move|p1a: Iron Treads|Iron Head|p2a: Boo
|-supereffective|p2a: Boo
|-damage|p2a: Boo|4/100
|
|upkeep
|turn|4
|
|t:|1757896487
|switch|p2a: My precious|Cresselia, F|100/100
|move|p1a: Iron Treads|Ice Spinner|p2a: My precious
|-damage|p2a: My precious|86/100
|-enditem|p2a: My precious|Kee Berry|[eat]
|-boost|p2a: My precious|def|1|[from] item: Kee Berry
|
|upkeep
|turn|5
|
|t:|1757896500
|-end|p1a: Iron Treads|Quark Drive|[silent]
|switch|p1a: Garchomp|Garchomp, F|100/100
|move|p2a: My precious|Calm Mind|p2a: My precious
|-boost|p2a: My precious|spa|1
|-boost|p2a: My precious|spd|1
|
|upkeep
|turn|6
|
|t:|1757896511
|-terastallize|p2a: My precious|Electric
|move|p2a: My precious|Calm Mind|p2a: My precious
|-boost|p2a: My precious|spa|1
|-boost|p2a: My precious|spd|1
|move|p1a: Garchomp|Dragon Tail|p2a: My precious|[miss]
|-miss|p1a: Garchomp|p2a: My precious
|
|upkeep
|turn|7
|
|t:|1757896523
|move|p2a: My precious|Moonblast|p1a: Garchomp
|-supereffective|p1a: Garchomp
|-damage|p1a: Garchomp|40/100
|move|p1a: Garchomp|Dragon Tail|p2a: My precious
|-damage|p2a: My precious|77/100
|drag|p2a: Why am I here|Cinccino, F|100/100
|
|upkeep
|turn|8
|
|t:|1757896529
|move|p2a: Why am I here|Knock Off|p1a: Garchomp
|-damage|p1a: Garchomp|24/100
|-damage|p2a: Why am I here|88/100|[from] ability: Rough Skin|[of] p1a: Garchomp
|-damage|p2a: Why am I here|72/100|[from] item: Rocky Helmet|[of] p1a: Garchomp
|-enditem|p1a: Garchomp|Rocky Helmet|[from] move: Knock Off|[of] p2a: Why am I here
|move|p1a: Garchomp|Stealth Rock|p2a: Why am I here
|-sidestart|p2: Cdb1z|move: Stealth Rock
|
|upkeep
|turn|9
|
|t:|1757896535
|move|p2a: Why am I here|Tidy Up|p2a: Why am I here
|-sideend|p2: Cdb1z|Stealth Rock
|-activate|p2a: Why am I here|move: Tidy Up
|-boost|p2a: Why am I here|atk|1
|-boost|p2a: Why am I here|spe|1
|move|p1a: Garchomp|Spikes|p2a: Why am I here
|-sidestart|p2: Cdb1z|Spikes
|
|upkeep
|turn|10
|
|t:|1757896541
|move|p2a: Why am I here|Knock Off|p1a: Garchomp
|-damage|p1a: Garchomp|8/100
|-damage|p2a: Why am I here|59/100|[from] ability: Rough Skin|[of] p1a: Garchomp
|move|p1a: Garchomp|Dragon Tail|p2a: Why am I here
|-crit|p2a: Why am I here
|-damage|p2a: Why am I here|0 fnt
|faint|p2a: Why am I here
|
|upkeep
|
|t:|1757896545
|switch|p2a: Spikey|Garchomp, F|100/100
|-damage|p2a: Spikey|88/100|[from] Spikes
|turn|11
|
|t:|1757896550
|move|p2a: Spikey|Scale Shot|p1a: Garchomp
|-supereffective|p1a: Garchomp
|-damage|p1a: Garchomp|0 fnt
|faint|p1a: Garchomp
|-hitcount|p1: Garchomp|1
|-unboost|p2a: Spikey|def|1
|-boost|p2a: Spikey|spe|1
|
|upkeep
|
|t:|1757896553
|switch|p1a: Iron Treads|Iron Treads|100/100
|-item|p1a: Iron Treads|Air Balloon
|turn|12
|
|t:|1757896558
|switch|p2a: Boo|Froslass, F|4/100
|move|p1a: Iron Treads|Ice Spinner|p2a: Boo
|-resisted|p2a: Boo
|-damage|p2a: Boo|0 fnt
|faint|p2a: Boo
|
|upkeep
|
|t:|1757896561
|switch|p2a: My precious|Cresselia, F, tera:Electric|77/100
|turn|13
|
|t:|1757896571
|-end|p1a: Iron Treads|Quark Drive|[silent]
|switch|p1a: Darkrai|Darkrai, shiny|100/100
|move|p2a: My precious|Calm Mind|p2a: My precious
|-boost|p2a: My precious|spa|1
|-boost|p2a: My precious|spd|1
|
|upkeep
|turn|14
|
|t:|1757896578
|move|p1a: Darkrai|Trick|p2a: My precious
|-activate|p1a: Darkrai|move: Trick|[of] p2a: My precious
|-item|p2a: My precious|Choice Scarf|[from] move: Trick
|-enditem|p1a: Darkrai|Choice Scarf|[silent]|[from] move: Trick
|move|p2a: My precious|Calm Mind|p2a: My precious
|-boost|p2a: My precious|spa|1
|-boost|p2a: My precious|spd|1
|
|upkeep
|turn|15
|
|t:|1757896584
|move|p1a: Darkrai|Dark Pulse|p2a: My precious
|-damage|p2a: My precious|64/100
|move|p2a: My precious|Calm Mind|p2a: My precious
|-boost|p2a: My precious|spa|1
|-boost|p2a: My precious|spd|1
|
|upkeep
|turn|16
|
|t:|1757896593
|switch|p2a: Where are my eyes|Magnezone|100/100
|-damage|p2a: Where are my eyes|88/100|[from] Spikes
|move|p1a: Darkrai|Dark Pulse|p2a: Where are my eyes
|-damage|p2a: Where are my eyes|55/100
|
|upkeep
|turn|17
|
|t:|1757896600
|switch|p1a: Iron Treads|Iron Treads|100/100
|-item|p1a: Iron Treads|Air Balloon
|move|p2a: Where are my eyes|Discharge|p1a: Iron Treads
|-immune|p1a: Iron Treads
|
|upkeep
|turn|18
|
|t:|1757896605
|move|p1a: Iron Treads|Earthquake|p2a: Where are my eyes
|-supereffective|p2a: Where are my eyes
|-damage|p2a: Where are my eyes|0 fnt
|faint|p2a: Where are my eyes
|
|upkeep
|
|t:|1757896609
|switch|p2a: My precious|Cresselia, F, tera:Electric|64/100
|turn|19
|
|t:|1757896616
|-end|p1a: Iron Treads|Quark Drive|[silent]
|switch|p1a: Darkrai|Darkrai, shiny|100/100
|move|p2a: My precious|Moonblast|p1a: Darkrai
|-supereffective|p1a: Darkrai
|-damage|p1a: Darkrai|56/100
|
|upkeep
|turn|20
|
|t:|1757896620
|move|p1a: Darkrai|Dark Pulse|p2a: My precious
|-damage|p2a: My precious|37/100
|move|p2a: My precious|Moonblast|p1a: Darkrai
|-supereffective|p1a: Darkrai
|-damage|p1a: Darkrai|7/100
|-unboost|p1a: Darkrai|spa|1
|
|upkeep
|turn|21
|
|t:|1757896623
|move|p1a: Darkrai|Dark Pulse|p2a: My precious
|-damage|p2a: My precious|19/100
|move|p2a: My precious|Moonblast|p1a: Darkrai
|-supereffective|p1a: Darkrai
|-damage|p1a: Darkrai|0 fnt
|faint|p1a: Darkrai
|
|upkeep
|
|t:|1757896630
|switch|p1a: Okidogi|Okidogi, M|100/100
|turn|22
|
|t:|1757896634
|move|p2a: My precious|Moonblast|p1a: Okidogi
|-damage|p1a: Okidogi|88/100
|move|p1a: Okidogi|Drain Punch|p2a: My precious
|-damage|p2a: My precious|0 fnt
|-heal|p1a: Okidogi|99/100|[from] drain|[of] p2a: My precious
|faint|p2a: My precious
|
|upkeep
|
|t:|1757896636
|switch|p2a: Spikey|Garchomp, F|88/100
|-damage|p2a: Spikey|76/100|[from] Spikes
|turn|23
|
|t:|1757896644
|move|p2a: Spikey|Swords Dance|p2a: Spikey
|-boost|p2a: Spikey|atk|2
|move|p1a: Okidogi|Ice Punch|p2a: Spikey
|-supereffective|p2a: Spikey
|-damage|p2a: Spikey|0 fnt
|-damage|p1a: Okidogi|86/100|[from] ability: Rough Skin|[of] p2a: Spikey
|faint|p2a: Spikey
|
|win|loscocainehermanos
|raw|loscocainehermanos's rating: 1309 &rarr; <strong>1327</strong><br />(+18 for winning)
|raw|Cdb1z's rating: 1279 &rarr; <strong>1256</strong><br />(-23 for losing)
|l|☆Cdb1z
|player|p2|
|l|☆loscocainehermanos
|player|p1|
