|j|☆marix_ou
|j|☆mathismathin
|t:|1757907268
|gametype|singles
|player|p1|marix_ou|wattson|1353
|player|p2|mathismathin|hilbert|1399
|gen|9
|tier|[Gen 9] OU
|rated|
|rule|HP Percentage Mod: HP is shown in percentages
|rule|Endless Battle Clause: Forcing endless battles is banned
|rule|Species Clause: Limit one of each Pokémon
|rule|OHKO Clause: OHKO moves are banned
|rule|Evasion Items Clause: Evasion items are banned
|rule|Evasion Moves Clause: Evasion moves are banned
|rule|Evasion Abilities Clause: Evasion abilities are banned
|rule|Sleep Moves Clause: Sleep-inducing moves are banned
|clearpoke
|poke|p1|Tyranitar, F|
|poke|p1|Excadrill, M|
|poke|p1|Keldeo-Resolute|
|poke|p1|Tornadus-Therian, M|
|poke|p1|Heatran, M|
|poke|p1|Hydrapple, M|
|poke|p2|Dusknoir, M|
|poke|p2|Blissey, F|
|poke|p2|Infernape, M|
|poke|p2|Tornadus-Therian, M|
|poke|p2|Slowbro, F|
|poke|p2|Lilligant-Hisui, F|
|teampreview
|
|t:|1757907280
|teamsize|p1|6
|teamsize|p2|6
|start
|switch|p1a: Keldeo|Keldeo-Resolute|100/100
|switch|p2a: Tornadus|Tornadus-Therian, M|100/100
|turn|1
|
|t:|1757907315
|move|p2a: Tornadus|Bleakwind Storm|p1a: Keldeo
|-supereffective|p1a: Keldeo
|-damage|p1a: Keldeo|15/100
|move|p1a: Keldeo|Surf|p2a: Tornadus
|-damage|p2a: Tornadus|28/100
|
|upkeep
|turn|2
|
|t:|1757907324
|switch|p1a: Tyranitar|Tyranitar, F|100/100
|-weather|Sandstorm|[from] ability: Sand Stream|[of] p1a: Tyranitar
|move|p2a: Tornadus|U-turn|p1a: Tyranitar
|-supereffective|p1a: Tyranitar
|-damage|p1a: Tyranitar|73/100
|
|t:|1757907339
|switch|p2a: Infernape|Infernape, M|100/100|[from] U-turn
|
|-weather|Sandstorm|[upkeep]
|-damage|p2a: Infernape|94/100|[from] Sandstorm
|upkeep
|turn|3
|
|t:|1757907356
|switch|p1a: Hydrapple|Hydrapple, M|100/100
|move|p2a: Infernape|Metronome|p2a: Infernape
|move|p2a: Infernape|Acid|p1a: Hydrapple|[from] move: Metronome
|-supereffective|p1a: Hydrapple
|-damage|p1a: Hydrapple|82/100
|
|-weather|Sandstorm|[upkeep]
|-damage|p2a: Infernape|88/100|[from] Sandstorm
|-damage|p1a: Hydrapple|76/100|[from] Sandstorm
|upkeep
|turn|4
|
|t:|1757907373
|switch|p2a: Tornadus|Tornadus-Therian, M|61/100
|move|p1a: Hydrapple|Nasty Plot|p1a: Hydrapple
|-boost|p1a: Hydrapple|spa|2
|
|-weather|Sandstorm|[upkeep]
|-damage|p2a: Tornadus|55/100|[from] Sandstorm
|-damage|p1a: Hydrapple|70/100|[from] Sandstorm
|upkeep
|turn|5
|
|t:|1757907379
|move|p2a: Tornadus|U-turn|p1a: Hydrapple
|-supereffective|p1a: Hydrapple
|-damage|p1a: Hydrapple|54/100
|-damage|p2a: Tornadus|38/100|[from] item: Rocky Helmet|[of] p1a: Hydrapple
|
|t:|1757907405
|switch|p2a: Blissey|Blissey, F|100/100|[from] U-turn
|move|p1a: Hydrapple|Fickle Beam|p2a: Blissey
|-damage|p2a: Blissey|80/100
|
|-weather|Sandstorm|[upkeep]
|-damage|p2a: Blissey|74/100|[from] Sandstorm
|-damage|p1a: Hydrapple|48/100|[from] Sandstorm
|upkeep
|turn|6
|
|t:|1757907415
|move|p2a: Blissey|Calm Mind|p2a: Blissey
|-boost|p2a: Blissey|spa|1
|-boost|p2a: Blissey|spd|1
|move|p1a: Hydrapple|Giga Drain|p2a: Blissey
|-damage|p2a: Blissey|62/100
|-heal|p1a: Hydrapple|57/100|[from] drain|[of] p2a: Blissey
|
|-weather|none
|upkeep
|turn|7
|
|t:|1757907425
|switch|p1a: Excadrill|Excadrill, M|100/100
|-item|p1a: Excadrill|Air Balloon
|move|p2a: Blissey|Metronome|p2a: Blissey
|move|p2a: Blissey|Baton Pass|p2a: Blissey|[from] move: Metronome
|
|t:|1757907436
|switch|p2a: Slowbro|Slowbro, F|100/100|[from] Baton Pass
|
|upkeep
|turn|8
|inactive|Battle timer is ON: inactive players will automatically lose when time's up. (requested by mathismathin)
|
|t:|1757907479
|switch|p1a: Tyranitar|Tyranitar, F|73/100
|-weather|Sandstorm|[from] ability: Sand Stream|[of] p1a: Tyranitar
|move|p2a: Slowbro|Scald|p1a: Tyranitar
|-supereffective|p1a: Tyranitar
|-damage|p1a: Tyranitar|20/100
|-status|p1a: Tyranitar|brn
|
|-weather|Sandstorm|[upkeep]
|-damage|p2a: Slowbro|94/100|[from] Sandstorm
|-damage|p1a: Tyranitar|13/100 brn|[from] brn
|upkeep
|turn|9
|
|t:|1757907505
|switch|p1a: Hydrapple|Hydrapple, M|91/100
|move|p2a: Slowbro|Slack Off|p2a: Slowbro
|-heal|p2a: Slowbro|100/100
|
|-weather|Sandstorm|[upkeep]
|-damage|p1a: Hydrapple|85/100|[from] Sandstorm
|-damage|p2a: Slowbro|94/100|[from] Sandstorm
|upkeep
|turn|10
|inactive|marix_ou has 120 seconds left.
|inactive|marix_ou has 90 seconds left.
|
|t:|1757907571
|move|p1a: Hydrapple|Giga Drain|p2a: Slowbro
|-supereffective|p2a: Slowbro
|-damage|p2a: Slowbro|48/100
|-heal|p1a: Hydrapple|100/100|[from] drain|[of] p2a: Slowbro
|move|p2a: Slowbro|Metronome|p2a: Slowbro
|move|p2a: Slowbro|Frost Breath|p1a: Hydrapple|[from] move: Metronome
|-supereffective|p1a: Hydrapple
|-crit|p1a: Hydrapple
|-damage|p1a: Hydrapple|0 fnt
|faint|p1a: Hydrapple
|
|-weather|Sandstorm|[upkeep]
|-damage|p2a: Slowbro|42/100|[from] Sandstorm
|upkeep
|n|!marix_ou|marixou
|inactive|marix_ou has 60 seconds left.
|
|t:|1757907608
|switch|p1a: Tyranitar|Tyranitar, F|13/100 brn
|turn|11
|
|t:|1757907628
|switch|p2a: Infernape|Infernape, M|88/100
|move|p1a: Tyranitar|Knock Off|p2a: Infernape
|-resisted|p2a: Infernape
|-damage|p2a: Infernape|69/100
|-damage|p1a: Tyranitar|0 fnt|[from] item: Rocky Helmet|[of] p2a: Infernape
|faint|p1a: Tyranitar
|
|-weather|Sandstorm|[upkeep]
|-damage|p2a: Infernape|63/100|[from] Sandstorm
|upkeep
|inactive|marix_ou has 60 seconds left.
|
|t:|1757907644
|switch|p1a: Excadrill|Excadrill, M|100/100
|-item|p1a: Excadrill|Air Balloon
|turn|12
|inactive|marix_ou has 60 seconds left.
|inactive|mathismathin has 120 seconds left.
|
|t:|1757907669
|move|p1a: Excadrill|Rapid Spin|p2a: Infernape
|-damage|p2a: Infernape|47/100
|-boost|p1a: Excadrill|spe|1
|-damage|p1a: Excadrill|84/100|[from] item: Rocky Helmet|[of] p2a: Infernape
|move|p2a: Infernape|Flamethrower|p1a: Excadrill
|-supereffective|p1a: Excadrill
|-damage|p1a: Excadrill|0 fnt
|-enditem|p1a: Excadrill|Air Balloon
|faint|p1a: Excadrill
|
|-weather|none
|upkeep
|
|t:|1757907679
|switch|p1a: Keldeo|Keldeo-Resolute|15/100
|turn|13
|inactive|marix_ou has 60 seconds left.
|
|t:|1757907693
|switch|p2a: Slowbro|Slowbro, F|75/100
|move|p1a: Keldeo|Flip Turn|p2a: Slowbro
|-resisted|p2a: Slowbro
|-damage|p2a: Slowbro|71/100
|-damage|p1a: Keldeo|0 fnt|[from] item: Rocky Helmet|[of] p2a: Slowbro
|faint|p1a: Keldeo
|
|upkeep
|inactive|marix_ou has 60 seconds left.
|
|t:|1757907705
|switch|p1a: Tornadus|Tornadus-Therian, M|100/100
|turn|14
|inactive|mathismathin has 120 seconds left.
|
|t:|1757907729
|move|p1a: Tornadus|Taunt|p2a: Slowbro
|-start|p2a: Slowbro|move: Taunt
|move|p2a: Slowbro|Scald|p1a: Tornadus
|-damage|p1a: Tornadus|70/100
|-status|p1a: Tornadus|brn
|
|-damage|p1a: Tornadus|64/100 brn|[from] brn
|upkeep
|turn|15
|
|t:|1757907739
|move|p1a: Tornadus|Bleakwind Storm|p2a: Slowbro
|-damage|p2a: Slowbro|30/100
|move|p2a: Slowbro|Scald|p1a: Tornadus
|-damage|p1a: Tornadus|34/100 brn
|
|-damage|p1a: Tornadus|28/100 brn|[from] brn
|upkeep
|turn|16
|
|t:|1757907746
|switch|p2a: Tornadus|Tornadus-Therian, M|71/100
|move|p1a: Tornadus|U-turn|p2a: Tornadus
|-resisted|p2a: Tornadus
|-damage|p2a: Tornadus|67/100
|
|t:|1757907750
|switch|p1a: Heatran|Heatran, M|100/100|[from] U-turn
|
|upkeep
|turn|17
|
|t:|1757907755
|move|p2a: Tornadus|Knock Off|p1a: Heatran
|-damage|p1a: Heatran|84/100
|-enditem|p1a: Heatran|Leftovers|[from] move: Knock Off|[of] p2a: Tornadus
|move|p1a: Heatran|Stealth Rock|p2a: Tornadus
|-sidestart|p2: mathismathin|move: Stealth Rock
|
|upkeep
|turn|18
|
|t:|1757907776
|move|p2a: Tornadus|U-turn|p1a: Heatran
|-resisted|p1a: Heatran
|-damage|p1a: Heatran|82/100
|
|t:|1757907783
|switch|p2a: Slowbro|Slowbro, F|63/100|[from] U-turn
|-damage|p2a: Slowbro|51/100|[from] Stealth Rock
|move|p1a: Heatran|Magma Storm|p2a: Slowbro|[miss]
|-miss|p1a: Heatran|p2a: Slowbro
|
|upkeep
|turn|19
|
|t:|1757907793
|switch|p1a: Tornadus|Tornadus-Therian, M|61/100 brn
|move|p2a: Slowbro|Scald|p1a: Tornadus
|-damage|p1a: Tornadus|31/100 brn
|
|-damage|p1a: Tornadus|25/100 brn|[from] brn
|upkeep
|turn|20
|
|t:|1757907813
|switch|p1a: Heatran|Heatran, M|82/100
|move|p2a: Slowbro|Scald|p1a: Heatran
|-supereffective|p1a: Heatran
|-crit|p1a: Heatran
|-damage|p1a: Heatran|30/100
|
|upkeep
|turn|21
|-message|marix_ou forfeited.
|
|win|mathismathin
|raw|marix_ou's rating: 1353 &rarr; <strong>1334</strong><br />(-19 for losing)
|raw|mathismathin's rating: 1378 &rarr; <strong>1397</strong><br />(+19 for winning)
|l|!marix_ou
|player|p1|
