|j|☆Tigerballs
|j|☆Celestial_dubkun
|t:|1757857151
|gametype|singles
|player|p1|Tigerballs|swimmer-gen4dp|1606
|player|p2|Celestial_dubkun|hiker-gen4|1657
|gen|9
|tier|[Gen 9] OU
|rated|
|rule|HP Percentage Mod: HP is shown in percentages
|rule|Endless Battle Clause: Forcing endless battles is banned
|rule|Species Clause: Limit one of each Pokémon
|rule|OHKO Clause: OHKO moves are banned
|rule|Evasion Items Clause: Evasion items are banned
|rule|Evasion Moves Clause: Evasion moves are banned
|rule|Evasion Abilities Clause: Evasion abilities are banned
|rule|Sleep Moves Clause: Sleep-inducing moves are banned
|clearpoke
|poke|p1|Ninetales-Alola, M|
|poke|p1|Skeledirge, F|
|poke|p1|Okidogi, M|
|poke|p1|Vaporeon, M|
|poke|p1|Cresselia, F|
|poke|p1|Frosmoth, F|
|poke|p2|Toxapex, M|
|poke|p2|Goodra-Hisui, F|
|poke|p2|Corviknight, F|
|poke|p2|Great Tusk|
|poke|p2|Enamorus, F|
|poke|p2|Darkrai|
|teampreview
|
|t:|1757857172
|teamsize|p1|6
|teamsize|p2|6
|start
|switch|p1a: Grrrr|Okidogi, M|100/100
|switch|p2a: Goodra|Goodra-Hisui, F|100/100
|turn|1
|
|t:|1757857188
|switch|p2a: Corviknight|Corviknight, F|100/100
|-ability|p2a: Corviknight|Pressure
|move|p1a: Grrrr|Drain Punch|p2a: Corviknight
|-damage|p2a: Corviknight|80/100
|-damage|p1a: Grrrr|84/100|[from] item: Rocky Helmet|[of] p2a: Corviknight
|
|-heal|p1a: Grrrr|90/100|[from] item: Leftovers
|upkeep
|turn|2
|
|t:|1757857212
|switch|p1a: Skeledirge|Skeledirge, F|100/100
|move|p2a: Corviknight|U-turn|p1a: Skeledirge
|-resisted|p1a: Skeledirge
|-damage|p1a: Skeledirge|99/100
|
|t:|1757857222
|switch|p2a: Goodra|Goodra-Hisui, F|100/100|[from] U-turn
|
|-heal|p1a: Skeledirge|100/100|[from] item: Leftovers
|upkeep
|turn|3
|
|t:|1757857229
|move|p1a: Skeledirge|Will-O-Wisp|p2a: Goodra
|-status|p2a: Goodra|brn
|move|p2a: Goodra|Knock Off|p1a: Skeledirge
|-supereffective|p1a: Skeledirge
|-damage|p1a: Skeledirge|80/100
|-enditem|p1a: Skeledirge|Leftovers|[from] move: Knock Off|[of] p2a: Goodra
|
|-damage|p2a: Goodra|94/100 brn|[from] brn
|upkeep
|turn|4
|
|t:|1757857239
|move|p1a: Skeledirge|Torch Song|p2a: Goodra
|-damage|p2a: Goodra|81/100 brn
|-boost|p1a: Skeledirge|spa|1
|move|p2a: Goodra|Dragon Tail|p1a: Skeledirge
|-damage|p1a: Skeledirge|71/100
|drag|p1a: Grrrr|Okidogi, M|90/100
|
|-heal|p1a: Grrrr|96/100|[from] item: Leftovers
|-damage|p2a: Goodra|75/100 brn|[from] brn
|upkeep
|turn|5
|
|t:|1757857251
|switch|p2a: Corviknight|Corviknight, F|80/100
|-ability|p2a: Corviknight|Pressure
|move|p1a: Grrrr|Bulk Up|p1a: Grrrr
|-boost|p1a: Grrrr|atk|1
|-boost|p1a: Grrrr|def|1
|
|-heal|p1a: Grrrr|100/100|[from] item: Leftovers
|upkeep
|turn|6
|
|t:|1757857261
|move|p1a: Grrrr|Bulk Up|p1a: Grrrr
|-boost|p1a: Grrrr|atk|1
|-boost|p1a: Grrrr|def|1
|move|p2a: Corviknight|U-turn|p1a: Grrrr
|-resisted|p1a: Grrrr
|-damage|p1a: Grrrr|99/100
|
|t:|1757857265
|switch|p2a: Enamorus|Enamorus, F|100/100|[from] U-turn
|
|-heal|p1a: Grrrr|100/100|[from] item: Leftovers
|upkeep
|turn|7
|
|t:|1757857273
|-terastallize|p1a: Grrrr|Dark
|move|p2a: Enamorus|Psychic|p1a: Grrrr
|-immune|p1a: Grrrr
|move|p1a: Grrrr|Poison Jab|p2a: Enamorus
|-supereffective|p2a: Enamorus
|-crit|p2a: Enamorus
|-damage|p2a: Enamorus|0 fnt
|faint|p2a: Enamorus
|
|upkeep
|
|t:|1757857278
|switch|p2a: Toxapex|Toxapex, M|100/100
|turn|8
|
|t:|1757857288
|switch|p1a: Cresselia|Cresselia, F|100/100
|move|p2a: Toxapex|Toxic|p1a: Cresselia
|-status|p1a: Cresselia|tox
|
|-damage|p1a: Cresselia|94/100 tox|[from] psn
|upkeep
|turn|9
|
|t:|1757857296
|move|p1a: Cresselia|Trick|p2a: Toxapex
|-activate|p1a: Cresselia|move: Trick|[of] p2a: Toxapex
|-item|p2a: Toxapex|Choice Scarf|[from] move: Trick
|-item|p1a: Cresselia|Leftovers|[from] move: Trick
|move|p2a: Toxapex|Infestation|p1a: Cresselia
|-supereffective|p1a: Cresselia
|-damage|p1a: Cresselia|90/100 tox
|-activate|p1a: Cresselia|move: Infestation|[of] p2a: Toxapex
|
|-heal|p1a: Cresselia|96/100 tox|[from] item: Leftovers
|-damage|p1a: Cresselia|84/100 tox|[from] psn
|-damage|p1a: Cresselia|72/100 tox|[from] move: Infestation|[partiallytrapped]
|upkeep
|turn|10
|
|t:|1757857317
|move|p1a: Cresselia|Psychic|p2a: Toxapex
|-supereffective|p2a: Toxapex
|-damage|p2a: Toxapex|43/100
|move|p2a: Toxapex|Infestation|p1a: Cresselia
|-supereffective|p1a: Cresselia
|-damage|p1a: Cresselia|68/100 tox
|
|-heal|p1a: Cresselia|74/100 tox|[from] item: Leftovers
|-damage|p1a: Cresselia|56/100 tox|[from] psn
|-damage|p1a: Cresselia|43/100 tox|[from] move: Infestation|[partiallytrapped]
|upkeep
|turn|11
|
|t:|1757857334
|switch|p2a: Darkrai|Darkrai|100/100
|move|p1a: Cresselia|Psychic|p2a: Darkrai
|-immune|p2a: Darkrai
|
|-heal|p1a: Cresselia|49/100 tox|[from] item: Leftovers
|-damage|p1a: Cresselia|25/100 tox|[from] psn
|-end|p1a: Cresselia|Infestation|[partiallytrapped]|[silent]
|upkeep
|turn|12
|
|t:|1757857351
|switch|p1a: Grrrr|Okidogi, M, tera:Dark|100/100
|move|p2a: Darkrai|Dark Pulse|p1a: Grrrr
|-resisted|p1a: Grrrr
|-damage|p1a: Grrrr|86/100
|
|-heal|p1a: Grrrr|92/100|[from] item: Leftovers
|upkeep
|turn|13
|
|t:|1757857362
|switch|p2a: Toxapex|Toxapex, M|76/100
|move|p1a: Grrrr|Bulk Up|p1a: Grrrr
|-boost|p1a: Grrrr|atk|1
|-boost|p1a: Grrrr|def|1
|
|-heal|p1a: Grrrr|98/100|[from] item: Leftovers
|upkeep
|turn|14
|
|t:|1757857374
|move|p2a: Toxapex|Toxic|p1a: Grrrr
|-status|p1a: Grrrr|tox
|move|p1a: Grrrr|Throat Chop|p2a: Toxapex
|-crit|p2a: Toxapex
|-damage|p2a: Toxapex|23/100
|-start|p2a: Toxapex|Throat Chop|[silent]
|
|-heal|p1a: Grrrr|100/100 tox|[from] item: Leftovers
|-damage|p1a: Grrrr|94/100 tox|[from] psn
|upkeep
|turn|15
|
|t:|1757857387
|switch|p2a: Corviknight|Corviknight, F|80/100
|-ability|p2a: Corviknight|Pressure
|move|p1a: Grrrr|Drain Punch|p2a: Corviknight
|-damage|p2a: Corviknight|49/100
|-heal|p1a: Grrrr|100/100 tox|[from] drain|[of] p2a: Corviknight
|-damage|p1a: Grrrr|84/100 tox|[from] item: Rocky Helmet|[of] p2a: Corviknight
|
|-heal|p1a: Grrrr|90/100 tox|[from] item: Leftovers
|-damage|p1a: Grrrr|78/100 tox|[from] psn
|upkeep
|turn|16
|
|t:|1757857404
|switch|p1a: Skeledirge|Skeledirge, F|71/100
|move|p2a: Corviknight|Roost|p2a: Corviknight
|-heal|p2a: Corviknight|99/100
|-singleturn|p2a: Corviknight|move: Roost
|
|upkeep
|turn|17
|
|t:|1757857415
|move|p1a: Skeledirge|Will-O-Wisp|p2a: Corviknight
|-status|p2a: Corviknight|brn
|move|p2a: Corviknight|U-turn|p1a: Skeledirge
|-resisted|p1a: Skeledirge
|-damage|p1a: Skeledirge|70/100
|
|t:|1757857429
|switch|p2a: Darkrai|Darkrai|100/100|[from] U-turn
|
|upkeep
|turn|18
|
|t:|1757857443
|switch|p1a: Grrrr|Okidogi, M, tera:Dark|78/100 tox
|move|p2a: Darkrai|Dark Pulse|p1a: Grrrr
|-resisted|p1a: Grrrr
|-damage|p1a: Grrrr|64/100 tox
|
|-heal|p1a: Grrrr|70/100 tox|[from] item: Leftovers
|-damage|p1a: Grrrr|64/100 tox|[from] psn
|upkeep
|turn|19
|
|t:|1757857453
|move|p2a: Darkrai|Focus Blast|p1a: Grrrr
|-supereffective|p1a: Grrrr
|-damage|p1a: Grrrr|0 fnt
|faint|p1a: Grrrr
|
|upkeep
|
|t:|1757857462
|switch|p1a: Frosmoth|Frosmoth, F|100/100
|turn|20
|
|t:|1757857469
|switch|p2a: Goodra|Goodra-Hisui, F|75/100 brn
|move|p1a: Frosmoth|Quiver Dance|p1a: Frosmoth
|-boost|p1a: Frosmoth|spa|1
|-boost|p1a: Frosmoth|spd|1
|-boost|p1a: Frosmoth|spe|1
|
|-damage|p2a: Goodra|69/100 brn|[from] brn
|upkeep
|turn|21
|
|t:|1757857481
|move|p1a: Frosmoth|Ice Beam|p2a: Goodra
|-damage|p2a: Goodra|41/100 brn
|move|p2a: Goodra|Dragon Tail|p1a: Frosmoth
|-damage|p1a: Frosmoth|75/100
|drag|p1a: Ninetales|Ninetales-Alola, M, shiny|100/100
|-weather|Snowscape|[from] ability: Snow Warning|[of] p1a: Ninetales
|
|-weather|Snowscape|[upkeep]
|-damage|p2a: Goodra|35/100 brn|[from] brn
|upkeep
|turn|22
|
|t:|1757857493
|move|p1a: Ninetales|Freeze-Dry|p2a: Goodra
|-damage|p2a: Goodra|17/100 brn
|move|p2a: Goodra|Heavy Slam|p1a: Ninetales
|-supereffective|p1a: Ninetales
|-damage|p1a: Ninetales|0 fnt
|faint|p1a: Ninetales
|
|-weather|Snowscape|[upkeep]
|-damage|p2a: Goodra|11/100 brn|[from] brn
|upkeep
|
|t:|1757857510
|switch|p1a: Frosmoth|Frosmoth, F|75/100
|turn|23
|
|t:|1757857515
|move|p1a: Frosmoth|Ice Beam|p2a: Goodra
|-damage|p2a: Goodra|0 fnt
|faint|p2a: Goodra
|
|-weather|Snowscape|[upkeep]
|upkeep
|
|t:|1757857522
|switch|p2a: Great Tusk|Great Tusk|100/100
|turn|24
|
|t:|1757857540
|switch|p1a: Cresselia|Cresselia, F|25/100 tox
|move|p2a: Great Tusk|Close Combat|p1a: Cresselia
|-resisted|p1a: Cresselia
|-damage|p1a: Cresselia|4/100 tox
|-unboost|p2a: Great Tusk|def|1
|-unboost|p2a: Great Tusk|spd|1
|
|-weather|Snowscape|[upkeep]
|-heal|p1a: Cresselia|10/100 tox|[from] item: Leftovers
|-damage|p1a: Cresselia|4/100 tox|[from] psn
|upkeep
|turn|25
|
|t:|1757857553
|move|p2a: Great Tusk|Rapid Spin|p1a: Cresselia
|-damage|p1a: Cresselia|0 fnt
|-boost|p2a: Great Tusk|spe|1
|faint|p1a: Cresselia
|
|-weather|none
|upkeep
|
|t:|1757857560
|switch|p1a: Mermaid cat|Vaporeon, M|100/100
|turn|26
|
|t:|1757857568
|-end|p2a: Great Tusk|Protosynthesis|[silent]
|switch|p2a: Toxapex|Toxapex, M|56/100
|switch|p1a: Frosmoth|Frosmoth, F|75/100
|
|upkeep
|turn|27
|
|t:|1757857575
|move|p1a: Frosmoth|Substitute|p1a: Frosmoth
|-start|p1a: Frosmoth|Substitute
|-damage|p1a: Frosmoth|50/100
|move|p2a: Toxapex|Toxic||[still]
|-fail|p2a: Toxapex
|
|upkeep
|turn|28
|
|t:|1757857581
|switch|p2a: Great Tusk|Great Tusk|100/100
|move|p1a: Frosmoth|Quiver Dance|p1a: Frosmoth
|-boost|p1a: Frosmoth|spa|1
|-boost|p1a: Frosmoth|spd|1
|-boost|p1a: Frosmoth|spe|1
|
|upkeep
|turn|29
|
|t:|1757857597
|-terastallize|p2a: Great Tusk|Fire
|move|p1a: Frosmoth|Quiver Dance|p1a: Frosmoth
|-boost|p1a: Frosmoth|spa|1
|-boost|p1a: Frosmoth|spd|1
|-boost|p1a: Frosmoth|spe|1
|move|p2a: Great Tusk|Close Combat|p1a: Frosmoth
|-end|p1a: Frosmoth|Substitute
|-unboost|p2a: Great Tusk|def|1
|-unboost|p2a: Great Tusk|spd|1
|
|upkeep
|turn|30
|
|t:|1757857608
|move|p1a: Frosmoth|Tera Blast|p2a: Great Tusk
|-damage|p2a: Great Tusk|0 fnt
|faint|p2a: Great Tusk
|-end|p2a: Great Tusk|Protosynthesis|[silent]
|
|upkeep
|
|t:|1757857621
|switch|p2a: Darkrai|Darkrai|100/100
|turn|31
|
|t:|1757857631
|move|p1a: Frosmoth|Ice Beam|p2a: Darkrai
|-crit|p2a: Darkrai
|-damage|p2a: Darkrai|0 fnt
|faint|p2a: Darkrai
|
|upkeep
|-message|Celestial_dubkun forfeited.
|
|win|Tigerballs
|raw|Tigerballs's rating: 1606 &rarr; <strong>1629</strong><br />(+23 for winning)
|raw|Celestial_dubkun's rating: 1657 &rarr; <strong>1634</strong><br />(-23 for losing)
|l|☆Celestial_dubkun
|player|p2|
