|j|☆Denvertzzz
|j|☆HisokaG4
|t:|1757822322
|gametype|singles
|player|p1|Denvertzzz|169|1189
|player|p2|HisokaG4|cyclist|1242
|gen|9
|tier|[Gen 9] OU
|rated|
|rule|HP Percentage Mod: HP is shown in percentages
|rule|Endless Battle Clause: Forcing endless battles is banned
|rule|Species Clause: Limit one of each Pokémon
|rule|OHKO Clause: OHKO moves are banned
|rule|Evasion Items Clause: Evasion items are banned
|rule|Evasion Moves Clause: Evasion moves are banned
|rule|Evasion Abilities Clause: Evasion abilities are banned
|rule|Sleep Moves Clause: Sleep-inducing moves are banned
|clearpoke
|poke|p1|Pelipper, F|
|poke|p1|Vaporeon, F|
|poke|p1|Beartic, F|
|poke|p1|Ribombee, F|
|poke|p1|Garchomp, F|
|poke|p1|Gyarados, M|
|poke|p2|Lapras, M|
|poke|p2|Ditto|
|poke|p2|Gardevoir, F|
|poke|p2|Hydreigon, M|
|poke|p2|Tauros-Paldea-Blaze, M|
|poke|p2|Forretress, M|
|teampreview
|inactive|Battle timer is ON: inactive players will automatically lose when time's up. (requested by Denvertzzz)
|inactive|HisokaG4 has 120 seconds left.
|inactive|HisokaG4 has 90 seconds left.
|inactive|HisokaG4 has 60 seconds left.
|inactive|HisokaG4 has 30 seconds left.
|inactive|HisokaG4 has 20 seconds left.
|
|t:|1757822470
|teamsize|p1|6
|teamsize|p2|6
|start
|switch|p1a: Mary Juana|Ribombee, F|100/100
|switch|p2a: ReiGeladoG4|Lapras, M|100/100
|turn|1
|
|t:|1757822488
|move|p1a: Mary Juana|Energy Ball|p2a: ReiGeladoG4
|-supereffective|p2a: ReiGeladoG4
|-damage|p2a: ReiGeladoG4|69/100
|move|p2a: ReiGeladoG4|Ice Beam|p1a: Mary Juana
|-damage|p1a: Mary Juana|54/100
|
|upkeep
|turn|2
|inactive|HisokaG4 has 60 seconds left.
|inactive|Denvertzzz has 120 seconds left.
|
|t:|1757822545
|move|p1a: Mary Juana|Sticky Web|p2a: ReiGeladoG4
|-sidestart|p2: HisokaG4|move: Sticky Web
|move|p2a: ReiGeladoG4|Ice Beam|p1a: Mary Juana
|-damage|p1a: Mary Juana|8/100
|
|upkeep
|turn|3
|
|t:|1757822552
|move|p2a: ReiGeladoG4|Ice Shard|p1a: Mary Juana
|-damage|p1a: Mary Juana|0 fnt
|faint|p1a: Mary Juana
|
|upkeep
|inactive|Denvertzzz has 90 seconds left.
|inactive|Denvertzzz has 60 seconds left.
|
|t:|1757822622
|switch|p1a: Sheeza Freak|Pelipper, F, shiny|100/100
|-weather|RainDance|[from] ability: Drizzle|[of] p1a: Sheeza Freak
|turn|4
|inactive|HisokaG4 has 30 seconds left.
|inactive|HisokaG4 has 20 seconds left.
|
|t:|1757822666
|move|p1a: Sheeza Freak|Hurricane|p2a: ReiGeladoG4
|-damage|p2a: ReiGeladoG4|43/100
|-start|p2a: ReiGeladoG4|confusion
|-activate|p2a: ReiGeladoG4|confusion
|-damage|p2a: ReiGeladoG4|38/100|[from] confusion
|
|-weather|RainDance|[upkeep]
|upkeep
|turn|5
|inactive|HisokaG4 has 30 seconds left this turn.
|inactive|Denvertzzz has 30 seconds left.
|inactive|Denvertzzz has 20 seconds left.
|
|t:|1757822703
|move|p1a: Sheeza Freak|Hurricane|p2a: ReiGeladoG4
|-damage|p2a: ReiGeladoG4|11/100
|-activate|p2a: ReiGeladoG4|confusion
|move|p2a: ReiGeladoG4|Freeze-Dry|p1a: Sheeza Freak
|-supereffective|p1a: Sheeza Freak
|-damage|p1a: Sheeza Freak|0 fnt
|faint|p1a: Sheeza Freak
|
|-weather|RainDance|[upkeep]
|upkeep
|inactive|Denvertzzz has 25 seconds left this turn.
|inactive|Denvertzzz has 20 seconds left.
|inactive|Denvertzzz has 15 seconds left.
|
|t:|1757822716
|switch|p1a: Phil Accio|Beartic, F|100/100
|turn|6
|inactive|Denvertzzz has 25 seconds left this turn.
|inactive|HisokaG4 has 30 seconds left.
|
|t:|1757822728
|switch|p2a: Estagiario2.G4|Forretress, M|100/100
|-activate|p2a: Estagiario2.G4|move: Sticky Web
|-unboost|p2a: Estagiario2.G4|spe|1
|move|p1a: Phil Accio|Swords Dance|p1a: Phil Accio
|-boost|p1a: Phil Accio|atk|2
|
|-weather|RainDance|[upkeep]
|upkeep
|turn|7
|inactive|Denvertzzz has 30 seconds left.
|inactive|HisokaG4 has 30 seconds left.
|inactive|Denvertzzz has 20 seconds left.
|
|t:|1757822748
|move|p1a: Phil Accio|Swords Dance|p1a: Phil Accio
|-boost|p1a: Phil Accio|atk|2
|move|p2a: Estagiario2.G4|Toxic Spikes|p1a: Phil Accio
|-sidestart|p1: Denvertzzz|move: Toxic Spikes
|
|-weather|RainDance|[upkeep]
|upkeep
|turn|8
|inactive|Denvertzzz has 30 seconds left this turn.
|inactive|HisokaG4 has 30 seconds left.
|
|t:|1757822762
|move|p1a: Phil Accio|Close Combat|p2a: Estagiario2.G4
|-damage|p2a: Estagiario2.G4|22/100
|-unboost|p1a: Phil Accio|def|1
|-unboost|p1a: Phil Accio|spd|1
|-enditem|p2a: Estagiario2.G4|Red Card|[of] p1a: Phil Accio
|drag|p1a: Ron Chee|Gyarados, M, shiny|100/100
|move|p2a: Estagiario2.G4|Toxic Spikes|p1a: Ron Chee
|-sidestart|p1: Denvertzzz|move: Toxic Spikes
|
|-weather|RainDance|[upkeep]
|upkeep
|turn|9
|inactive|Denvertzzz has 30 seconds left.
|inactive|HisokaG4 has 30 seconds left.
|inactive|Denvertzzz has 20 seconds left.
|inactive|HisokaG4 has 20 seconds left.
|
|t:|1757822781
|move|p1a: Ron Chee|Dragon Dance|p1a: Ron Chee
|-boost|p1a: Ron Chee|atk|1
|-boost|p1a: Ron Chee|spe|1
|move|p2a: Estagiario2.G4|Stealth Rock|p1a: Ron Chee
|-sidestart|p1: Denvertzzz|move: Stealth Rock
|
|-weather|RainDance|[upkeep]
|upkeep
|turn|10
|inactive|Denvertzzz has 30 seconds left this turn.
|inactive|HisokaG4 has 30 seconds left this turn.
|
|t:|1757822791
|move|p1a: Ron Chee|Waterfall|p2a: Estagiario2.G4
|-damage|p2a: Estagiario2.G4|0 fnt
|faint|p2a: Estagiario2.G4
|-ability|p1a: Ron Chee|Moxie|boost
|-boost|p1a: Ron Chee|atk|1
|-damage|p1a: Ron Chee|91/100|[from] item: Life Orb
|
|-weather|RainDance|[upkeep]
|upkeep
|inactive|HisokaG4 has 30 seconds left this turn.
|inactive|HisokaG4 has 20 seconds left.
|
|t:|1757822802
|switch|p2a: Estagiario1.G4|Tauros-Paldea-Blaze, M|100/100
|-activate|p2a: Estagiario1.G4|move: Sticky Web
|-unboost|p2a: Estagiario1.G4|spe|1
|-ability|p2a: Estagiario1.G4|Intimidate|boost
|-unboost|p1a: Ron Chee|atk|1
|turn|11
|inactive|HisokaG4 has 30 seconds left this turn.
|inactive|Denvertzzz has 30 seconds left.
|inactive|Denvertzzz has 20 seconds left.
|inactive|Denvertzzz has 15 seconds left.
|inactive|Denvertzzz has 10 seconds left.
|inactive|Denvertzzz has 5 seconds left.
|
|t:|1757822839
|switch|p2a: ReiGeladoG4|Lapras, M|11/100
|-activate|p2a: ReiGeladoG4|move: Sticky Web
|-unboost|p2a: ReiGeladoG4|spe|1
|move|p1a: Ron Chee|Waterfall|p2a: ReiGeladoG4
|-heal|p2a: ReiGeladoG4|36/100|[from] ability: Water Absorb|[of] p1a: Ron Chee
|
|-weather|none
|upkeep
|turn|12
|inactive|Denvertzzz has 15 seconds left this turn.
|inactive|Denvertzzz has 10 seconds left.
|inactive|HisokaG4 has 30 seconds left.
|
|t:|1757822851
|-terastallize|p1a: Ron Chee|Ground
|move|p1a: Ron Chee|Earthquake|p2a: ReiGeladoG4
|-damage|p2a: ReiGeladoG4|0 fnt
|faint|p2a: ReiGeladoG4
|-ability|p1a: Ron Chee|Moxie|boost
|-boost|p1a: Ron Chee|atk|1
|-damage|p1a: Ron Chee|81/100|[from] item: Life Orb
|
|upkeep
|inactive|HisokaG4 has 30 seconds left this turn.
|inactive|HisokaG4 has 20 seconds left.
|
|t:|1757822861
|switch|p2a: InvejaG4|Ditto|100/100
|-activate|p2a: InvejaG4|move: Sticky Web
|-unboost|p2a: InvejaG4|spe|1
|-transform|p2a: InvejaG4|p1a: Ron Chee|[from] ability: Imposter
|-start|p2a: InvejaG4|typechange|Water/Flying|[silent]
|turn|13
|inactive|Denvertzzz has 25 seconds left this turn.
|inactive|HisokaG4 has 30 seconds left this turn.
|inactive|Denvertzzz has 20 seconds left.
|
|t:|1757822870
|move|p1a: Ron Chee|Ice Fang|p2a: InvejaG4
|-damage|p2a: InvejaG4|15/100
|-damage|p1a: Ron Chee|71/100|[from] item: Life Orb
|move|p2a: InvejaG4|Waterfall|p1a: Ron Chee
|-supereffective|p1a: Ron Chee
|-damage|p1a: Ron Chee|0 fnt
|faint|p1a: Ron Chee
|-ability|p2a: InvejaG4|Moxie|boost
|-boost|p2a: InvejaG4|atk|1
|
|upkeep
|inactive|Denvertzzz has 25 seconds left this turn.
|inactive|Denvertzzz has 20 seconds left.
|inactive|Denvertzzz has 15 seconds left.
|
|t:|1757822882
|switch|p1a: Vye Agra|Vaporeon, F, shiny|100/100
|-status|p1a: Vye Agra|tox
|-damage|p1a: Vye Agra|88/100 tox|[from] Stealth Rock
|turn|14
|inactive|Denvertzzz has 25 seconds left this turn.
|inactive|Denvertzzz has 20 seconds left.
|
|t:|1757822891
|move|p2a: InvejaG4|Earthquake|p1a: Vye Agra
|-damage|p1a: Vye Agra|0 fnt
|faint|p1a: Vye Agra
|-ability|p2a: InvejaG4|Moxie|boost
|-boost|p2a: InvejaG4|atk|1
|
|upkeep
|inactive|Denvertzzz has 25 seconds left this turn.
|inactive|Denvertzzz has 20 seconds left.
|
|t:|1757822898
|switch|p1a: Phil Accio|Beartic, F|100/100
|-status|p1a: Phil Accio|tox
|-damage|p1a: Phil Accio|76/100 tox|[from] Stealth Rock
|turn|15
|inactive|Denvertzzz has 30 seconds left this turn.
|
|t:|1757822907
|move|p2a: InvejaG4|Waterfall|p1a: Phil Accio
|-damage|p1a: Phil Accio|0 fnt
|faint|p1a: Phil Accio
|-ability|p2a: InvejaG4|Moxie|boost
|-boost|p2a: InvejaG4|atk|1
|
|upkeep
|inactive|Denvertzzz has 30 seconds left this turn.
|inactive|Denvertzzz has 20 seconds left.
|inactive|Denvertzzz has 15 seconds left.
|-message|Denvertzzz forfeited by changing their name.
|l| denvertzzz
|
|win|HisokaG4
|raw|Denvertzzz's rating: 1165 &rarr; <strong>1145</strong><br />(-20 for losing)
|raw|HisokaG4's rating: 1242 &rarr; <strong>1262</strong><br />(+20 for winning)
