|j|☆Leuloch
|j|☆Ayayalaptop
|t:|1757915606
|gametype|singles
|player|p1|Leuloch|dragontamer|1356
|player|p2|Ayayalaptop|265|1367
|gen|9
|tier|[Gen 9] OU
|rated|
|rule|HP Percentage Mod: HP is shown in percentages
|rule|Endless Battle Clause: Forcing endless battles is banned
|rule|Species Clause: Limit one of each Pokémon
|rule|OHKO Clause: OHKO moves are banned
|rule|Evasion Items Clause: Evasion items are banned
|rule|Evasion Moves Clause: Evasion moves are banned
|rule|Evasion Abilities Clause: Evasion abilities are banned
|rule|Sleep Moves Clause: Sleep-inducing moves are banned
|clearpoke
|poke|p1|Conkeldurr, M|
|poke|p1|Garchomp, M|
|poke|p1|Electrode-Hisui|
|poke|p1|Iron Moth|
|poke|p1|Corviknight, M|
|poke|p1|Milotic, M|
|poke|p2|Jirachi|
|poke|p2|Landorus-Therian, M|
|poke|p2|Glimmora, M|
|poke|p2|Incineroar, F|
|poke|p2|Ogerpon, F|
|poke|p2|Indeedee, M|
|teampreview
|inactive|Battle timer is ON: inactive players will automatically lose when time's up. (requested by Ayayalaptop)
|
|t:|1757915614
|teamsize|p1|6
|teamsize|p2|6
|start
|switch|p1a: Conkeldurr|Conkeldurr, M, shiny|100/100
|switch|p2a: Incineroar|Incineroar, F|100/100
|-ability|p2a: Incineroar|Intimidate|boost
|-unboost|p1a: Conkeldurr|atk|1
|turn|1
|
|t:|1757915630
|move|p2a: Incineroar|Parting Shot|p1a: Conkeldurr
|-unboost|p1a: Conkeldurr|atk|1
|-unboost|p1a: Conkeldurr|spa|1
|
|t:|1757915633
|switch|p2a: Glimmora|Glimmora, M|100/100|[from] Parting Shot
|move|p1a: Conkeldurr|Knock Off|p2a: Glimmora
|-damage|p2a: Glimmora|88/100
|-activate|p2a: Glimmora|ability: Toxic Debris
|-sidestart|p1: Leuloch|move: Toxic Spikes
|-enditem|p2a: Glimmora|Black Sludge|[from] move: Knock Off|[of] p1a: Conkeldurr
|
|upkeep
|turn|2
|
|t:|1757915652
|switch|p1a: Garchomp|Garchomp, M, shiny|100/100
|-status|p1a: Garchomp|psn
|move|p2a: Glimmora|Spikes|p1a: Garchomp
|-sidestart|p1: Leuloch|Spikes
|
|-damage|p1a: Garchomp|88/100 psn|[from] psn
|upkeep
|turn|3
|
|t:|1757915671
|switch|p2a: Landorus|Landorus-Therian, M|100/100
|-ability|p2a: Landorus|Intimidate|boost
|-unboost|p1a: Garchomp|atk|1
|move|p1a: Garchomp|Stone Edge|p2a: Landorus
|-damage|p2a: Landorus|75/100
|
|-damage|p1a: Garchomp|76/100 psn|[from] psn
|upkeep
|turn|4
|
|t:|1757915682
|switch|p1a: Corviknight|Corviknight, M, shiny|100/100
|move|p2a: Landorus|Earthquake|p1a: Corviknight
|-immune|p1a: Corviknight
|
|upkeep
|turn|5
|
|t:|1757915687
|switch|p2a: Ogerpon|Ogerpon, F|100/100
|move|p1a: Corviknight|Defog|p2a: Ogerpon
|-unboost|p2a: Ogerpon|evasion|1
|-ability|p2a: Ogerpon|Defiant|boost
|-boost|p2a: Ogerpon|atk|2
|-sideend|p1: Leuloch|Spikes|[from] move: Defog|[of] p1a: Corviknight
|-sideend|p1: Leuloch|Toxic Spikes|[from] move: Defog|[of] p1a: Corviknight
|
|upkeep
|turn|6
|
|t:|1757915697
|move|p2a: Ogerpon|Encore|p1a: Corviknight
|-start|p1a: Corviknight|Encore
|move|p1a: Corviknight|Defog|p2a: Ogerpon
|-unboost|p2a: Ogerpon|evasion|1
|-ability|p2a: Ogerpon|Defiant|boost
|-boost|p2a: Ogerpon|atk|2
|
|upkeep
|turn|7
|
|t:|1757915713
|switch|p1a: Electrode|Electrode-Hisui, shiny|100/100
|move|p2a: Ogerpon|Knock Off|p1a: Electrode
|-damage|p1a: Electrode|0 fnt
|-enditem|p1a: Electrode|Choice Specs|[from] move: Knock Off|[of] p2a: Ogerpon
|faint|p1a: Electrode
|
|upkeep
|
|t:|1757915715
|switch|p1a: Corviknight|Corviknight, M, shiny|100/100
|turn|8
|
|t:|1757915727
|move|p2a: Ogerpon|U-turn|p1a: Corviknight
|-resisted|p1a: Corviknight
|-damage|p1a: Corviknight|89/100
|-damage|p2a: Ogerpon|84/100|[from] item: Rocky Helmet|[of] p1a: Corviknight
|
|t:|1757915730
|switch|p2a: Jirachi|Jirachi|100/100|[from] U-turn
|move|p1a: Corviknight|U-turn|p2a: Jirachi
|-damage|p2a: Jirachi|89/100
|
|t:|1757915736
|switch|p1a: Iron Moth|Iron Moth|100/100|[from] U-turn
|
|-heal|p2a: Jirachi|95/100|[from] item: Leftovers
|upkeep
|turn|9
|
|t:|1757915746
|move|p1a: Iron Moth|Fiery Dance|p2a: Jirachi
|-supereffective|p2a: Jirachi
|-damage|p2a: Jirachi|0 fnt
|-boost|p1a: Iron Moth|spa|1
|faint|p2a: Jirachi
|-damage|p1a: Iron Moth|91/100|[from] item: Life Orb
|
|upkeep
|
|t:|1757915750
|switch|p2a: Indeedee|Indeedee, M|100/100
|-fieldstart|move: Psychic Terrain|[from] ability: Psychic Surge|[of] p2a: Indeedee
|turn|10
|
|t:|1757915756
|-terastallize|p1a: Iron Moth|Fire
|move|p2a: Indeedee|Expanding Force|p1a: Iron Moth
|-damage|p1a: Iron Moth|21/100
|move|p1a: Iron Moth|Fiery Dance|p2a: Indeedee
|-damage|p2a: Indeedee|0 fnt
|-boost|p1a: Iron Moth|spa|1
|faint|p2a: Indeedee
|-damage|p1a: Iron Moth|11/100|[from] item: Life Orb
|
|upkeep
|
|t:|1757915770
|switch|p2a: Ogerpon|Ogerpon, F|84/100
|turn|11
|
|t:|1757915780
|-terastallize|p2a: Ogerpon|Grass
|detailschange|p2a: Ogerpon|Ogerpon-Teal-Tera, F, tera:Grass
|-ability|p2a: Ogerpon|Embody Aspect (Teal)|boost
|-boost|p2a: Ogerpon|spe|1
|move|p2a: Ogerpon|Ivy Cudgel|p1a: Iron Moth
|-resisted|p1a: Iron Moth
|-damage|p1a: Iron Moth|0 fnt
|faint|p1a: Iron Moth
|-end|p1a: Iron Moth|Quark Drive|[silent]
|
|upkeep
|
|t:|1757915795
|switch|p1a: Corviknight|Corviknight, M, shiny|89/100
|turn|12
|
|t:|1757915800
|switch|p2a: Incineroar|Incineroar, F|100/100
|-ability|p2a: Incineroar|Intimidate|boost
|-ability|p1a: Corviknight|Mirror Armor
|-unboost|p2a: Incineroar|atk|1
|move|p1a: Corviknight|U-turn|p2a: Incineroar
|-damage|p2a: Incineroar|90/100
|
|t:|1757915808
|switch|p1a: Milotic|Milotic, M|100/100|[from] U-turn
|
|upkeep
|turn|13
|
|t:|1757915812
|move|p1a: Milotic|Scald|p2a: Incineroar
|-supereffective|p2a: Incineroar
|-crit|p2a: Incineroar
|-damage|p2a: Incineroar|5/100
|move|p2a: Incineroar|Parting Shot|p1a: Milotic
|-unboost|p1a: Milotic|atk|1
|-ability|p1a: Milotic|Competitive|boost
|-boost|p1a: Milotic|spa|2
|-unboost|p1a: Milotic|spa|1
|-ability|p1a: Milotic|Competitive|boost
|-boost|p1a: Milotic|spa|2
|
|t:|1757915822
|switch|p2a: Ogerpon|Ogerpon-Teal-Tera, F, tera:Grass|84/100|[from] Parting Shot
|-ability|p2a: Ogerpon|Embody Aspect (Teal)|boost
|-boost|p2a: Ogerpon|spe|1
|
|upkeep
|turn|14
|
|t:|1757915826
|switch|p1a: Corviknight|Corviknight, M, shiny|89/100
|move|p2a: Ogerpon|Ivy Cudgel|p1a: Corviknight
|-resisted|p1a: Corviknight
|-crit|p1a: Corviknight
|-damage|p1a: Corviknight|74/100
|
|-fieldend|move: Psychic Terrain
|upkeep
|turn|15
|
|t:|1757915838
|move|p2a: Ogerpon|Knock Off|p1a: Corviknight
|-damage|p1a: Corviknight|51/100
|-damage|p2a: Ogerpon|67/100|[from] item: Rocky Helmet|[of] p1a: Corviknight
|-enditem|p1a: Corviknight|Rocky Helmet|[from] move: Knock Off|[of] p2a: Ogerpon
|move|p1a: Corviknight|Brave Bird|p2a: Ogerpon
|-supereffective|p2a: Ogerpon
|-damage|p2a: Ogerpon|0 fnt
|faint|p2a: Ogerpon
|detailschange|p2: Ogerpon|Ogerpon, F|[silent]
|-damage|p1a: Corviknight|35/100|[from] Recoil
|
|upkeep
|
|t:|1757915844
|switch|p2a: Glimmora|Glimmora, M|88/100
|turn|16
|
|t:|1757915850
|switch|p1a: Conkeldurr|Conkeldurr, M, shiny|100/100
|move|p2a: Glimmora|Power Gem|p1a: Conkeldurr
|-resisted|p1a: Conkeldurr
|-damage|p1a: Conkeldurr|87/100
|
|upkeep
|turn|17
|
|t:|1757915856
|move|p2a: Glimmora|Spikes|p1a: Conkeldurr
|-sidestart|p1: Leuloch|Spikes
|move|p1a: Conkeldurr|Ice Punch|p2a: Glimmora
|-damage|p2a: Glimmora|60/100
|-activate|p2a: Glimmora|ability: Toxic Debris
|-sidestart|p1: Leuloch|move: Toxic Spikes
|
|upkeep
|turn|18
|
|t:|1757915861
|move|p2a: Glimmora|Spiky Shield|p2a: Glimmora
|-singleturn|p2a: Glimmora|move: Protect
|move|p1a: Conkeldurr|Ice Punch|p2a: Glimmora
|-activate|p2a: Glimmora|move: Protect
|-damage|p1a: Conkeldurr|75/100|[from] Spiky Shield|[of] p2a: Glimmora
|
|upkeep
|turn|19
|
|t:|1757915869
|move|p2a: Glimmora|Spikes|p1a: Conkeldurr
|-sidestart|p1: Leuloch|Spikes
|move|p1a: Conkeldurr|Ice Punch|p2a: Glimmora
|-damage|p2a: Glimmora|32/100
|-activate|p2a: Glimmora|ability: Toxic Debris
|-sidestart|p1: Leuloch|move: Toxic Spikes
|
|upkeep
|turn|20
|
|t:|1757915874
|switch|p2a: Incineroar|Incineroar, F|5/100
|-ability|p2a: Incineroar|Intimidate|boost
|-unboost|p1a: Conkeldurr|atk|1
|switch|p1a: Corviknight|Corviknight, M, shiny|35/100
|
|upkeep
|turn|21
|
|t:|1757915878
|move|p1a: Corviknight|Roost|p1a: Corviknight
|-heal|p1a: Corviknight|85/100
|-singleturn|p1a: Corviknight|move: Roost
|move|p2a: Incineroar|Flare Blitz|p1a: Corviknight
|-supereffective|p1a: Corviknight
|-damage|p1a: Corviknight|32/100
|-damage|p2a: Incineroar|0 fnt|[from] Recoil
|faint|p2a: Incineroar
|
|upkeep
|
|t:|1757915882
|switch|p2a: Glimmora|Glimmora, M|32/100
|turn|22
|
|t:|1757915894
|move|p2a: Glimmora|Power Gem|p1a: Corviknight
|-damage|p1a: Corviknight|0 fnt
|faint|p1a: Corviknight
|
|upkeep
|
|t:|1757915914
|switch|p1a: Garchomp|Garchomp, M, shiny|76/100 psn
|-damage|p1a: Garchomp|59/100 psn|[from] Spikes
|turn|23
|
|t:|1757915928
|move|p1a: Garchomp|Dragon Claw|p2a: Glimmora
|-damage|p2a: Glimmora|3/100
|move|p2a: Glimmora|Power Gem|p1a: Garchomp
|-resisted|p1a: Garchomp
|-damage|p1a: Garchomp|40/100 psn
|
|-damage|p1a: Garchomp|28/100 psn|[from] psn
|upkeep
|turn|24
|
|t:|1757915938
|move|p2a: Glimmora|Spiky Shield|p2a: Glimmora
|-singleturn|p2a: Glimmora|move: Protect
|move|p1a: Garchomp|Dragon Claw|p2a: Glimmora
|-activate|p2a: Glimmora|move: Protect
|-damage|p1a: Garchomp|16/100 psn|[from] Spiky Shield|[of] p2a: Glimmora
|
|-damage|p1a: Garchomp|4/100 psn|[from] psn
|upkeep
|turn|25
|
|t:|1757915941
|move|p1a: Garchomp|Dragon Claw|p2a: Glimmora
|-damage|p2a: Glimmora|0 fnt
|faint|p2a: Glimmora
|
|-damage|p1a: Garchomp|0 fnt|[from] psn
|faint|p1a: Garchomp
|upkeep
|
|t:|1757915947
|switch|p1a: Conkeldurr|Conkeldurr, M, shiny|75/100
|switch|p2a: Landorus|Landorus-Therian, M|75/100
|-ability|p2a: Landorus|Intimidate|boost
|-unboost|p1a: Conkeldurr|atk|1
|-damage|p1a: Conkeldurr|58/100|[from] Spikes
|-status|p1a: Conkeldurr|tox
|turn|26
|
|t:|1757915960
|move|p2a: Landorus|Earthquake|p1a: Conkeldurr
|-damage|p1a: Conkeldurr|0 fnt
|faint|p1a: Conkeldurr
|
|upkeep
|
|t:|1757915964
|switch|p1a: Milotic|Milotic, M|100/100
|-damage|p1a: Milotic|84/100|[from] Spikes
|-status|p1a: Milotic|tox
|turn|27
|
|t:|1757915968
|move|p2a: Landorus|Earthquake|p1a: Milotic
|-crit|p1a: Milotic
|-damage|p1a: Milotic|0 fnt
|faint|p1a: Milotic
|
|win|Ayayalaptop
|raw|Leuloch's rating: 1356 &rarr; <strong>1337</strong><br />(-19 for losing)
|raw|Ayayalaptop's rating: 1367 &rarr; <strong>1386</strong><br />(+19 for winning)
|l|☆Leuloch
|player|p1|
|l|☆Ayayalaptop
|player|p2|
