|j|☆biryanilover
|j|☆alxiz⏣⏑⏣
|inactive|Battle timer is ON: inactive players will automatically lose when time's up.
|t:|1757825095
|gametype|singles
|player|p1|biryanilover|1|
|player|p2|alxiz⏣⏑⏣|miku-water|
|gen|9
|tier|[Gen 9] OU
|rated|Tournament battle
|rule|HP Percentage Mod: HP is shown in percentages
|rule|Endless Battle Clause: Forcing endless battles is banned
|rule|Species Clause: Limit one of each Pokémon
|rule|OHKO Clause: OHKO moves are banned
|rule|Evasion Items Clause: Evasion items are banned
|rule|Evasion Moves Clause: Evasion moves are banned
|rule|Evasion Abilities Clause: Evasion abilities are banned
|rule|Sleep Moves Clause: Sleep-inducing moves are banned
|clearpoke
|poke|p1|Darkrai|
|poke|p1|Iron Hands|
|poke|p1|Great Tusk|
|poke|p1|Ogerpon-Wellspring, F|
|poke|p1|Slowking-Galar, M|
|poke|p1|Moltres|
|poke|p2|Iron Hands|
|poke|p2|Rillaboom, F|
|poke|p2|Ogerpon-Wellspring, F|
|poke|p2|Heatran, M|
|poke|p2|Tornadus-Therian, M|
|poke|p2|Great Tusk|
|teampreview
|inactive|biryanilover also wants the timer to be on.
|c|☆alxiz⏣⏑⏣|glhf
|j|#Setsu
|c|☆biryanilover|you too
|
|t:|1757825110
|teamsize|p1|6
|teamsize|p2|6
|start
|switch|p1a: Darkrai|Darkrai|100/100
|switch|p2a: Rillaboom|Rillaboom, F|100/100
|-fieldstart|move: Grassy Terrain|[from] ability: Grassy Surge|[of] p2a: Rillaboom
|turn|1
|j| lychuudoesshowdown
|j| heatraniac
|l| lychuudoesshowdown
|
|t:|1757825138
|-terastallize|p1a: Darkrai|Poison
|move|p1a: Darkrai|Sludge Bomb|p2a: Rillaboom
|-supereffective|p2a: Rillaboom
|-damage|p2a: Rillaboom|0 fnt
|faint|p2a: Rillaboom
|
|upkeep
|j| gamebattle$
|l| gamebattle$
|
|t:|1757825152
|switch|p2a: Heatran|Heatran, M|100/100
|turn|2
|j| gamebattle$
|j| brobrubro
|j| Reukra671
|
|t:|1757825156
|switch|p1a: Iron Hands|Iron Hands|100/100
|move|p2a: Heatran|Magma Storm|p1a: Iron Hands|[miss]
|-miss|p2a: Heatran|p1a: Iron Hands
|
|upkeep
|turn|3
|
|t:|1757825166
|switch|p2a: Tornadus|Tornadus-Therian, M|100/100
|move|p1a: Iron Hands|Drain Punch|p2a: Tornadus
|-resisted|p2a: Tornadus
|-damage|p2a: Tornadus|71/100
|
|upkeep
|turn|4
|
|t:|1757825176
|switch|p2a: Great Tusk|Great Tusk|100/100
|move|p1a: Iron Hands|Wild Charge|p2a: Great Tusk
|-immune|p2a: Great Tusk
|
|upkeep
|turn|5
|l| Reukra671
|
|t:|1757825185
|-end|p1a: Iron Hands|Quark Drive|[silent]
|switch|p1a: Moltres|Moltres|100/100
|move|p2a: Great Tusk|Knock Off|p1a: Moltres
|-damage|p1a: Moltres|75/100
|-enditem|p1a: Moltres|Heavy-Duty Boots|[from] move: Knock Off|[of] p2a: Great Tusk
|
|-fieldend|move: Grassy Terrain
|upkeep
|turn|6
|j| lax fan 777
|
|t:|1757825189
|-end|p2a: Great Tusk|Protosynthesis|[silent]
|switch|p2a: Heatran|Heatran, M|100/100
|move|p1a: Moltres|U-turn|p2a: Heatran
|-resisted|p2a: Heatran
|-damage|p2a: Heatran|98/100
|l| lax fan 777
|
|t:|1757825196
|switch|p1a: Iron Hands|Iron Hands|100/100|[from] U-turn
|
|-heal|p2a: Heatran|100/100|[from] item: Leftovers
|upkeep
|turn|7
|
|t:|1757825202
|move|p2a: Heatran|Magma Storm|p1a: Iron Hands
|-damage|p1a: Iron Hands|76/100
|-activate|p1a: Iron Hands|move: Magma Storm|[of] p2a: Heatran
|move|p1a: Iron Hands|Drain Punch|p2a: Heatran
|-supereffective|p2a: Heatran
|-damage|p2a: Heatran|23/100
|-heal|p1a: Iron Hands|100/100|[from] drain|[of] p2a: Heatran
|
|-heal|p2a: Heatran|29/100|[from] item: Leftovers
|-damage|p1a: Iron Hands|88/100|[from] move: Magma Storm|[partiallytrapped]
|upkeep
|turn|8
|
|t:|1757825212
|move|p2a: Heatran|Stealth Rock|p1a: Iron Hands
|-sidestart|p1: biryanilover|move: Stealth Rock
|move|p1a: Iron Hands|Wild Charge|p2a: Heatran
|-damage|p2a: Heatran|0 fnt
|faint|p2a: Heatran
|-damage|p1a: Iron Hands|82/100|[from] Recoil
|
|-end|p1a: Iron Hands|Magma Storm|[partiallytrapped]|[silent]
|upkeep
|
|t:|1757825223
|switch|p2a: LEBRON|Iron Hands, shiny|100/100
|-enditem|p2a: LEBRON|Booster Energy
|-activate|p2a: LEBRON|ability: Quark Drive|[fromitem]
|-start|p2a: LEBRON|quarkdriveatk
|turn|9
|j| PrincessGardevoir
|
|t:|1757825231
|move|p1a: Iron Hands|Drain Punch|p2a: LEBRON
|-damage|p2a: LEBRON|69/100
|-heal|p1a: Iron Hands|98/100|[from] drain|[of] p2a: LEBRON
|move|p2a: LEBRON|Ice Punch|p1a: Iron Hands
|-damage|p1a: Iron Hands|69/100
|
|upkeep
|turn|10
|
|t:|1757825237
|move|p1a: Iron Hands|Drain Punch|p2a: LEBRON
|-damage|p2a: LEBRON|38/100
|-heal|p1a: Iron Hands|85/100|[from] drain|[of] p2a: LEBRON
|move|p2a: LEBRON|Ice Punch|p1a: Iron Hands
|-damage|p1a: Iron Hands|58/100
|-status|p1a: Iron Hands|frz
|
|upkeep
|turn|11
|j| karuaan
|c|☆alxiz⏣⏑⏣|im sorry
|c|☆biryanilover|nah its fine
|c|☆biryanilover|i won one match due to freeze too
|
|t:|1757825263
|cant|p1a: Iron Hands|frz
|move|p2a: LEBRON|Close Combat|p1a: Iron Hands
|-damage|p1a: Iron Hands|0 fnt
|-unboost|p2a: LEBRON|def|1
|-unboost|p2a: LEBRON|spd|1
|faint|p1a: Iron Hands
|-end|p1a: Iron Hands|Quark Drive|[silent]
|
|upkeep
|j| cryyysneasel
|
|t:|1757825270
|switch|p1a: Darkrai|Darkrai, tera:Poison|100/100
|-damage|p1a: Darkrai|88/100|[from] Stealth Rock
|turn|12
|j| Etjx
|
|t:|1757825280
|move|p1a: Darkrai|Sludge Bomb|p2a: LEBRON
|-damage|p2a: LEBRON|0 fnt
|faint|p2a: LEBRON
|-end|p2a: LEBRON|Quark Drive|[silent]
|
|upkeep
|j| solobeans
|
|t:|1757825292
|switch|p2a: Great Tusk|Great Tusk|100/100
|turn|13
|l| cryyysneasel
|
|t:|1757825299
|move|p1a: Darkrai|Ice Beam|p2a: Great Tusk
|-supereffective|p2a: Great Tusk
|-damage|p2a: Great Tusk|0 fnt
|faint|p2a: Great Tusk
|-end|p2a: Great Tusk|Protosynthesis|[silent]
|
|upkeep
|
|t:|1757825303
|switch|p2a: Ogerpon|Ogerpon-Wellspring, F|100/100
|turn|14
|
|t:|1757825306
|switch|p1a: Ogerpon|Ogerpon-Wellspring, F|100/100
|-damage|p1a: Ogerpon|88/100|[from] Stealth Rock
|-terastallize|p2a: Ogerpon|Water
|detailschange|p2a: Ogerpon|Ogerpon-Wellspring-Tera, F, tera:Water
|-ability|p2a: Ogerpon|Embody Aspect (Wellspring)|boost
|-boost|p2a: Ogerpon|spd|1
|move|p2a: Ogerpon|Ivy Cudgel|p1a: Ogerpon|[anim] Ivy Cudgel Water
|-heal|p1a: Ogerpon|100/100|[from] ability: Water Absorb|[of] p2a: Ogerpon
|
|upkeep
|turn|15
|
|t:|1757825310
|switch|p1a: Moltres|Moltres|75/100
|-damage|p1a: Moltres|25/100|[from] Stealth Rock
|move|p2a: Ogerpon|Power Whip|p1a: Moltres
|-resisted|p1a: Moltres
|-damage|p1a: Moltres|13/100
|-status|p2a: Ogerpon|brn|[from] ability: Flame Body|[of] p1a: Moltres
|
|-damage|p2a: Ogerpon|95/100 brn|[from] brn
|upkeep
|turn|16
|
|t:|1757825314
|move|p2a: Ogerpon|Ivy Cudgel|p1a: Moltres|[anim] Ivy Cudgel Water
|-supereffective|p1a: Moltres
|-damage|p1a: Moltres|0 fnt
|faint|p1a: Moltres
|
|-damage|p2a: Ogerpon|89/100 brn|[from] brn
|upkeep
|
|t:|1757825317
|switch|p1a: Ogerpon|Ogerpon-Wellspring, F|100/100
|-damage|p1a: Ogerpon|88/100|[from] Stealth Rock
|turn|17
|
|t:|1757825321
|switch|p2a: Tornadus|Tornadus-Therian, M|100/100
|move|p1a: Ogerpon|Power Whip|p2a: Tornadus
|-resisted|p2a: Tornadus
|-damage|p2a: Tornadus|50/100
|
|upkeep
|turn|18
|c|☆biryanilover|rng really
|c|☆biryanilover|is with me rn
|
|t:|1757825330
|switch|p1a: Slowking|Slowking-Galar, M|100/100
|move|p2a: Tornadus|Bleakwind Storm|p1a: Slowking|[miss]
|-miss|p2a: Tornadus|p1a: Slowking
|
|upkeep
|turn|19
|
|t:|1757825336
|move|p2a: Tornadus|Bleakwind Storm|p1a: Slowking|[miss]
|-miss|p2a: Tornadus|p1a: Slowking
|move|p1a: Slowking|Thunder Wave|p2a: Tornadus
|-status|p2a: Tornadus|par
|
|upkeep
|turn|20
|c|☆biryanilover|damn sorry
|
|t:|1757825346
|move|p2a: Tornadus|Bleakwind Storm|p1a: Slowking
|-damage|p1a: Slowking|65/100
|-unboost|p1a: Slowking|spe|1
|-damage|p2a: Tornadus|41/100 par|[from] item: Life Orb
|-prepare|p1a: Slowking|Chilly Reception|[premajor]
|move|p1a: Slowking|Chilly Reception|p1a: Slowking
|-weather|Snowscape
|
|t:|1757825348
|switch|p1a: Darkrai|Darkrai, tera:Poison|88/100|[from] Chilly Reception
|-damage|p1a: Darkrai|76/100|[from] Stealth Rock
|
|-weather|Snowscape|[upkeep]
|upkeep
|turn|21
|c|☆alxiz⏣⏑⏣|if i hit all of those i killed it lol
|
|t:|1757825360
|switch|p2a: Ogerpon|Ogerpon-Wellspring-Tera, F, tera:Water|89/100 brn
|-ability|p2a: Ogerpon|Embody Aspect (Wellspring)|boost
|-boost|p2a: Ogerpon|spd|1
|move|p1a: Darkrai|Ice Beam|p2a: Ogerpon
|-resisted|p2a: Ogerpon
|-damage|p2a: Ogerpon|75/100 brn
|
|-weather|Snowscape|[upkeep]
|-damage|p2a: Ogerpon|69/100 brn|[from] brn
|upkeep
|turn|22
|
|t:|1757825368
|switch|p1a: Slowking|Slowking-Galar, M|98/100
|move|p2a: Ogerpon|Swords Dance|p2a: Ogerpon
|-boost|p2a: Ogerpon|atk|2
|
|-weather|Snowscape|[upkeep]
|-damage|p2a: Ogerpon|63/100 brn|[from] brn
|upkeep
|turn|23
|
|t:|1757825371
|move|p2a: Ogerpon|Ivy Cudgel|p1a: Slowking|[anim] Ivy Cudgel Water
|-damage|p1a: Slowking|11/100
|move|p1a: Slowking|Sludge Bomb|p2a: Ogerpon
|-damage|p2a: Ogerpon|36/100 brn
|
|-weather|Snowscape|[upkeep]
|-damage|p2a: Ogerpon|30/100 brn|[from] brn
|upkeep
|turn|24
|l| Etjx
|
|t:|1757825376
|move|p2a: Ogerpon|Ivy Cudgel|p1a: Slowking|[anim] Ivy Cudgel Water
|-damage|p1a: Slowking|0 fnt
|faint|p1a: Slowking
|
|-weather|none
|-damage|p2a: Ogerpon|24/100 brn|[from] brn
|upkeep
|
|t:|1757825383
|switch|p1a: Ogerpon|Ogerpon-Wellspring, F|88/100
|-damage|p1a: Ogerpon|76/100|[from] Stealth Rock
|turn|25
|
|t:|1757825386
|move|p2a: Ogerpon|Power Whip|p1a: Ogerpon
|-damage|p1a: Ogerpon|0 fnt
|faint|p1a: Ogerpon
|
|-damage|p2a: Ogerpon|18/100 brn|[from] brn
|upkeep
|
|t:|1757825392
|switch|p1a: Great Tusk|Great Tusk|100/100
|turn|26
|c|☆alxiz⏣⏑⏣|if i was horn leech
|
|t:|1757825397
|move|p2a: Ogerpon|Ivy Cudgel|p1a: Great Tusk|[anim] Ivy Cudgel Water
|-supereffective|p1a: Great Tusk
|-damage|p1a: Great Tusk|0 fnt
|faint|p1a: Great Tusk
|-end|p1a: Great Tusk|Protosynthesis|[silent]
|
|-damage|p2a: Ogerpon|12/100 brn|[from] brn
|upkeep
|
|t:|1757825401
|switch|p1a: Darkrai|Darkrai, tera:Poison|76/100
|-damage|p1a: Darkrai|63/100|[from] Stealth Rock
|turn|27
|
|t:|1757825407
|move|p1a: Darkrai|Dark Pulse|p2a: Ogerpon
|-damage|p2a: Ogerpon|0 fnt
|faint|p2a: Ogerpon
|detailschange|p2: Ogerpon|Ogerpon-Wellspring, F|[silent]
|
|upkeep
|
|t:|1757825410
|switch|p2a: Tornadus|Tornadus-Therian, M|74/100 par
|turn|28
|
|t:|1757825418
|move|p1a: Darkrai|Ice Beam|p2a: Tornadus
|-supereffective|p2a: Tornadus
|-damage|p2a: Tornadus|0 fnt
|faint|p2a: Tornadus
|
|win|biryanilover
|n|☆biryanilover|biryanilover
|n|☆alxiz⏣⏑⏣|alxiz
|n|~Setsu|setsu
|n| heatraniac|heatraniac
|n| gamebattle$|gamebattle
|n| brobrubro|brobrubro
|n| PrincessGardevoir|princessgardevoir
|n| karuaan|karuaan
|n| solobeans|solobeans
