|j|☆BabyGronkel
|j|☆JumboDorito
|t:|1757820817
|gametype|singles
|player|p1|BabyGronkel|juan|
|player|p2|JumboDorito|169|
|gen|9
|tier|[Gen 9] OU
|rule|HP Percentage Mod: HP is shown in percentages
|rule|Endless Battle Clause: Forcing endless battles is banned
|rule|Species Clause: Limit one of each Pokémon
|rule|OHKO Clause: OHKO moves are banned
|rule|Evasion Items Clause: Evasion items are banned
|rule|Evasion Moves Clause: Evasion moves are banned
|rule|Evasion Abilities Clause: Evasion abilities are banned
|rule|Sleep Moves Clause: Sleep-inducing moves are banned
|clearpoke
|poke|p1|Electrode-Hisui|
|poke|p1|Cinderace, F|
|poke|p1|Forretress, M|
|poke|p1|Rabsca, F|
|poke|p1|Magneton|
|poke|p1|Glalie, F|
|poke|p2|Medicham, F|
|poke|p2|Camerupt, M|
|poke|p2|Chimecho, M|
|poke|p2|Slaking, M|
|poke|p2|Toxapex, F|
|poke|p2|Qwilfish, F|
|teampreview
|j| realjaxsondart
|
|t:|1757820839
|teamsize|p1|6
|teamsize|p2|6
|start
|switch|p1a: ice ball|Glalie, F|100/100
|switch|p2a: Medicham|Medicham, F|100/100
|turn|1
|
|t:|1757820851
|move|p1a: ice ball|Shadow Ball|p2a: Medicham
|-supereffective|p2a: Medicham
|-damage|p2a: Medicham|35/100
|move|p2a: Medicham|High Jump Kick|p1a: ice ball
|-supereffective|p1a: ice ball
|-damage|p1a: ice ball|0 fnt
|faint|p1a: ice ball
|
|upkeep
|
|t:|1757820860
|switch|p1a: angry ball|Electrode-Hisui|100/100
|turn|2
|
|t:|1757820865
|switch|p2a: Camerupt|Camerupt, M|100/100
|move|p1a: angry ball|Energy Ball|p2a: Camerupt
|-damage|p2a: Camerupt|54/100
|
|upkeep
|turn|3
|
|t:|1757820878
|move|p1a: angry ball|Energy Ball|p2a: Camerupt
|-damage|p2a: Camerupt|11/100
|-enditem|p2a: Camerupt|Wiki Berry|[eat]
|-heal|p2a: Camerupt|44/100|[from] item: Wiki Berry
|-start|p2a: Camerupt|confusion
|-activate|p2a: Camerupt|confusion
|move|p2a: Camerupt|Heat Crash|p1a: angry ball
|-supereffective|p1a: angry ball
|-crit|p1a: angry ball
|-damage|p1a: angry ball|0 fnt
|-damage|p2a: Camerupt|19/100|[from] ability: Aftermath|[of] p1a: angry ball
|faint|p1a: angry ball
|
|upkeep
|
|t:|1757820894
|switch|p1a: Ballin|Cinderace, F|100/100
|turn|4
|
|t:|1757820902
|move|p1a: Ballin|Pyro Ball|p2a: Camerupt
|-resisted|p2a: Camerupt
|-damage|p2a: Camerupt|0 fnt
|faint|p2a: Camerupt
|
|upkeep
|
|t:|1757820931
|switch|p2a: Qwilfish|Qwilfish, F|100/100
|turn|5
|
|t:|1757820934
|switch|p1a: 3 balls|Magneton|100/100
|move|p2a: Qwilfish|Swords Dance|p2a: Qwilfish
|-boost|p2a: Qwilfish|atk|2
|
|upkeep
|turn|6
|
|t:|1757821017
|-terastallize|p2a: Qwilfish|Ground
|move|p2a: Qwilfish|Liquidation|p1a: 3 balls
|-damage|p1a: 3 balls|28/100
|move|p1a: 3 balls|Volt Switch|p2a: Qwilfish
|-immune|p2a: Qwilfish
|
|upkeep
|turn|7
|
|t:|1757821028
|move|p2a: Qwilfish|Liquidation|p1a: 3 balls
|-damage|p1a: 3 balls|0 fnt
|faint|p1a: 3 balls
|
|upkeep
|
|t:|1757821030
|switch|p1a: gun ball|Forretress, M|100/100
|turn|8
|
|t:|1757821040
|move|p2a: Qwilfish|Liquidation|p1a: gun ball
|-damage|p1a: gun ball|44/100
|move|p1a: gun ball|Seed Bomb|p2a: Qwilfish
|-supereffective|p2a: Qwilfish
|-damage|p2a: Qwilfish|36/100
|
|upkeep
|turn|9
|
|t:|1757821056
|-terastallize|p1a: gun ball|Water
|move|p2a: Qwilfish|Liquidation|p1a: gun ball
|-resisted|p1a: gun ball
|-crit|p1a: gun ball
|-damage|p1a: gun ball|2/100
|move|p1a: gun ball|Seed Bomb|p2a: Qwilfish
|-supereffective|p2a: Qwilfish
|-damage|p2a: Qwilfish|0 fnt
|faint|p2a: Qwilfish
|
|upkeep
|
|t:|1757821102
|switch|p2a: Medicham|Medicham, F|35/100
|turn|10
|
|t:|1757821107
|move|p2a: Medicham|Thunder Punch|p1a: gun ball
|-supereffective|p1a: gun ball
|-damage|p1a: gun ball|0 fnt
|faint|p1a: gun ball
|
|upkeep
|
|t:|1757821110
|switch|p1a: Ball worshipper|Rabsca, F|100/100
|turn|11
|
|t:|1757821114
|move|p2a: Medicham|Thunder Punch|p1a: Ball worshipper
|-damage|p1a: Ball worshipper|42/100
|move|p1a: Ball worshipper|Iron Defense|p1a: Ball worshipper
|-boost|p1a: Ball worshipper|def|2
|
|upkeep
|turn|12
|
|t:|1757821130
|move|p2a: Medicham|Thunder Punch|p1a: Ball worshipper
|-damage|p1a: Ball worshipper|11/100
|move|p1a: Ball worshipper|Stored Power|p2a: Medicham
|-damage|p2a: Medicham|0 fnt
|faint|p2a: Medicham
|
|upkeep
|
|t:|1757821142
|switch|p2a: Slaking|Slaking, M|100/100
|turn|13
|
|t:|1757821146
|move|p2a: Slaking|Body Slam|p1a: Ball worshipper
|-damage|p1a: Ball worshipper|0 fnt
|faint|p1a: Ball worshipper
|
|upkeep
|
|t:|1757821149
|switch|p1a: Ballin|Cinderace, F|100/100
|turn|14
|
|t:|1757821156
|switch|p2a: Toxapex|Toxapex, F|100/100
|move|p1a: Ballin|Electro Ball|p2a: Toxapex
|-supereffective|p2a: Toxapex
|-damage|p2a: Toxapex|47/100
|
|-heal|p2a: Toxapex|53/100|[from] item: Black Sludge
|upkeep
|turn|15
|
|t:|1757821166
|move|p2a: Toxapex|Baneful Bunker|p2a: Toxapex
|-singleturn|p2a: Toxapex|move: Protect
|move|p1a: Ballin|Electro Ball|p2a: Toxapex
|-activate|p2a: Toxapex|move: Protect
|
|-heal|p2a: Toxapex|59/100|[from] item: Black Sludge
|upkeep
|turn|16
|
|t:|1757821170
|move|p1a: Ballin|Electro Ball|p2a: Toxapex
|-supereffective|p2a: Toxapex
|-damage|p2a: Toxapex|10/100
|move|p2a: Toxapex|Surf|p1a: Ballin
|-supereffective|p1a: Ballin
|-damage|p1a: Ballin|45/100
|
|-heal|p2a: Toxapex|16/100|[from] item: Black Sludge
|upkeep
|turn|17
|
|t:|1757821179
|move|p2a: Toxapex|Baneful Bunker|p2a: Toxapex
|-singleturn|p2a: Toxapex|move: Protect
|move|p1a: Ballin|Electro Ball|p2a: Toxapex
|-activate|p2a: Toxapex|move: Protect
|
|-heal|p2a: Toxapex|22/100|[from] item: Black Sludge
|upkeep
|turn|18
|
|t:|1757821181
|move|p1a: Ballin|Electro Ball|p2a: Toxapex
|-supereffective|p2a: Toxapex
|-damage|p2a: Toxapex|0 fnt
|faint|p2a: Toxapex
|
|upkeep
|
|t:|1757821183
|switch|p2a: Slaking|Slaking, M|100/100
|turn|19
|
|t:|1757821185
|move|p1a: Ballin|Electro Ball|p2a: Slaking
|-damage|p2a: Slaking|91/100
|move|p2a: Slaking|Earthquake|p1a: Ballin
|-supereffective|p1a: Ballin
|-damage|p1a: Ballin|0 fnt
|faint|p1a: Ballin
|
|win|JumboDorito
|l|☆BabyGronkel
|player|p1|
