|j|☆sanshater12
|j|☆SamiFawad
|t:|1757874043
|gametype|singles
|player|p1|sanshater12|169|1543
|player|p2|SamiFawad|265|1546
|gen|9
|tier|[Gen 9] OU
|rated|
|rule|HP Percentage Mod: HP is shown in percentages
|rule|Endless Battle Clause: Forcing endless battles is banned
|rule|Species Clause: Limit one of each Pokémon
|rule|OHKO Clause: OHKO moves are banned
|rule|Evasion Items Clause: Evasion items are banned
|rule|Evasion Moves Clause: Evasion moves are banned
|rule|Evasion Abilities Clause: Evasion abilities are banned
|rule|Sleep Moves Clause: Sleep-inducing moves are banned
|clearpoke
|poke|p1|Pincurchin, F|
|poke|p1|Iron Valiant|
|poke|p1|Dragonite, M|
|poke|p1|Deoxys-Speed|
|poke|p1|Iron Thorns|
|poke|p1|Araquanid, M|
|poke|p2|Slowking-Galar, M|
|poke|p2|Pecharunt|
|poke|p2|Ogerpon-Cornerstone, F|
|poke|p2|Samurott-Hisui, M|
|poke|p2|Kyurem|
|poke|p2|Great Tusk|
|teampreview
|inactive|Battle timer is ON: inactive players will automatically lose when time's up. (requested by sanshater12)
|
|t:|1757874053
|teamsize|p1|6
|teamsize|p2|6
|start
|switch|p1a: Dragonite|Dragonite, M|100/100
|switch|p2a: Ogerpon|Ogerpon-Cornerstone, F|100/100
|turn|1
|
|t:|1757874060
|move|p2a: Ogerpon|Ivy Cudgel|p1a: Dragonite|[anim] Ivy Cudgel Rock
|-supereffective|p1a: Dragonite
|-damage|p1a: Dragonite|51/100
|move|p1a: Dragonite|Fire Punch|p2a: Ogerpon
|-damage|p2a: Ogerpon|66/100
|
|-heal|p1a: Dragonite|57/100|[from] item: Leftovers
|upkeep
|turn|2
|
|t:|1757874072
|switch|p1a: Pincurchin|Pincurchin, F|100/100
|-fieldstart|move: Electric Terrain|[from] ability: Electric Surge|[of] p1a: Pincurchin
|move|p2a: Ogerpon|Ivy Cudgel|p1a: Pincurchin|[anim] Ivy Cudgel Rock
|-damage|p1a: Pincurchin|50/100
|
|upkeep
|turn|3
|
|t:|1757874077
|switch|p1a: Araquanid|Araquanid, M|100/100
|move|p2a: Ogerpon|Ivy Cudgel|p1a: Araquanid|[anim] Ivy Cudgel Rock
|-supereffective|p1a: Araquanid
|-damage|p1a: Araquanid|0 fnt
|faint|p1a: Araquanid
|
|upkeep
|
|t:|1757874085
|switch|p1a: Deoxys|Deoxys-Speed|100/100
|-ability|p1a: Deoxys|Pressure
|turn|4
|
|t:|1757874088
|move|p1a: Deoxys|Ice Beam|p2a: Ogerpon
|-supereffective|p2a: Ogerpon
|-damage|p2a: Ogerpon|9/100
|move|p2a: Ogerpon|Horn Leech|p1a: Deoxys
|-damage|p1a: Deoxys|33/100
|-heal|p2a: Ogerpon|36/100|[from] drain|[of] p1a: Deoxys
|
|upkeep
|turn|5
|
|t:|1757874096
|move|p1a: Deoxys|Ice Beam|p2a: Ogerpon
|-supereffective|p2a: Ogerpon
|-damage|p2a: Ogerpon|0 fnt
|faint|p2a: Ogerpon
|
|upkeep
|
|t:|1757874104
|switch|p2a: Samurott|Samurott-Hisui, M|100/100
|turn|6
|
|t:|1757874108
|move|p1a: Deoxys|Stealth Rock|p2a: Samurott
|-sidestart|p2: SamiFawad|move: Stealth Rock
|move|p2a: Samurott|Ceaseless Edge|p1a: Deoxys
|-supereffective|p1a: Deoxys
|-damage|p1a: Deoxys|0 fnt
|-sidestart|p1: sanshater12|Spikes
|faint|p1a: Deoxys
|
|upkeep
|
|t:|1757874112
|switch|p1a: Iron Valiant|Iron Valiant|100/100
|-damage|p1a: Iron Valiant|88/100|[from] Spikes
|-activate|p1a: Iron Valiant|ability: Quark Drive
|-start|p1a: Iron Valiant|quarkdrivespe
|turn|7
|
|t:|1757874116
|move|p1a: Iron Valiant|Thunderbolt|p2a: Samurott
|-supereffective|p2a: Samurott
|-enditem|p2a: Samurott|Focus Sash
|-damage|p2a: Samurott|1/100
|move|p2a: Samurott|Flip Turn|p1a: Iron Valiant
|-damage|p1a: Iron Valiant|54/100
|
|t:|1757874120
|switch|p2a: Slowking|Slowking-Galar, M|100/100|[from] Flip Turn
|-damage|p2a: Slowking|88/100|[from] Stealth Rock
|
|upkeep
|turn|8
|
|t:|1757874132
|-end|p1a: Iron Valiant|Quark Drive|[silent]
|switch|p1a: Dragonite|Dragonite, M|57/100
|move|p2a: Slowking|Sludge Bomb|p1a: Dragonite
|-damage|p1a: Dragonite|18/100
|
|-heal|p1a: Dragonite|24/100|[from] item: Leftovers
|upkeep
|turn|9
|
|t:|1757874137
|switch|p2a: Great Tusk|Great Tusk|100/100
|-damage|p2a: Great Tusk|98/100|[from] Stealth Rock
|move|p1a: Dragonite|Roost|p1a: Dragonite
|-heal|p1a: Dragonite|75/100
|-singleturn|p1a: Dragonite|move: Roost
|
|-heal|p1a: Dragonite|81/100|[from] item: Leftovers
|-fieldend|move: Electric Terrain
|upkeep
|turn|10
|
|t:|1757874143
|switch|p1a: Pincurchin|Pincurchin, F|50/100
|-damage|p1a: Pincurchin|38/100|[from] Spikes
|-fieldstart|move: Electric Terrain|[from] ability: Electric Surge|[of] p1a: Pincurchin
|move|p2a: Great Tusk|Rapid Spin|p1a: Pincurchin
|-damage|p1a: Pincurchin|25/100
|-boost|p2a: Great Tusk|spe|1
|-sideend|p2: SamiFawad|Stealth Rock|[from] move: Rapid Spin|[of] p2a: Great Tusk
|
|upkeep
|turn|11
|
|t:|1757874149
|move|p2a: Great Tusk|Earthquake|p1a: Pincurchin
|-supereffective|p1a: Pincurchin
|-damage|p1a: Pincurchin|0 fnt
|faint|p1a: Pincurchin
|
|upkeep
|
|t:|1757874151
|switch|p1a: Iron Valiant|Iron Valiant|54/100
|-damage|p1a: Iron Valiant|41/100|[from] Spikes
|-activate|p1a: Iron Valiant|ability: Quark Drive
|-start|p1a: Iron Valiant|quarkdrivespe
|turn|12
|
|t:|1757874158
|-end|p2a: Great Tusk|Protosynthesis|[silent]
|switch|p2a: Samurott|Samurott-Hisui, M|1/100
|move|p1a: Iron Valiant|Moonblast|p2a: Samurott
|-supereffective|p2a: Samurott
|-damage|p2a: Samurott|0 fnt
|faint|p2a: Samurott
|
|upkeep
|
|t:|1757874161
|switch|p2a: Slowking|Slowking-Galar, M|100/100
|turn|13
|
|t:|1757874166
|-terastallize|p1a: Iron Valiant|Electric
|move|p1a: Iron Valiant|Calm Mind|p1a: Iron Valiant
|-boost|p1a: Iron Valiant|spa|1
|-boost|p1a: Iron Valiant|spd|1
|move|p2a: Slowking|Future Sight|p1a: Iron Valiant
|-start|p2a: Slowking|move: Future Sight
|
|upkeep
|turn|14
|
|t:|1757874174
|move|p1a: Iron Valiant|Shadow Ball|p2a: Slowking
|-supereffective|p2a: Slowking
|-damage|p2a: Slowking|60/100
|move|p2a: Slowking|Sludge Bomb|p1a: Iron Valiant
|-damage|p1a: Iron Valiant|0 fnt
|faint|p1a: Iron Valiant
|-end|p1a: Iron Valiant|Quark Drive|[silent]
|
|upkeep
|
|t:|1757874181
|switch|p1a: Iron Thorns|Iron Thorns|100/100
|-damage|p1a: Iron Thorns|88/100|[from] Spikes
|-activate|p1a: Iron Thorns|ability: Quark Drive
|-start|p1a: Iron Thorns|quarkdriveatk
|turn|15
|
|t:|1757874187
|switch|p2a: Great Tusk|Great Tusk|98/100
|move|p1a: Iron Thorns|Dragon Dance|p1a: Iron Thorns
|-boost|p1a: Iron Thorns|atk|1
|-boost|p1a: Iron Thorns|spe|1
|
|-end|p1a: Iron Thorns|move: Future Sight
|-damage|p1a: Iron Thorns|22/100
|upkeep
|turn|16
|
|t:|1757874193
|move|p1a: Iron Thorns|Ice Punch|p2a: Great Tusk
|-supereffective|p2a: Great Tusk
|-damage|p2a: Great Tusk|33/100
|-damage|p1a: Iron Thorns|5/100|[from] item: Rocky Helmet|[of] p2a: Great Tusk
|-damage|p1a: Iron Thorns|0 fnt|[from] item: Life Orb
|faint|p1a: Iron Thorns
|-end|p1a: Iron Thorns|Quark Drive|[silent]
|move|p2a: Great Tusk|Earthquake|p1: Iron Thorns|[notarget]
|-fail|p2a: Great Tusk
|
|upkeep
|
|t:|1757874196
|switch|p1a: Dragonite|Dragonite, M|81/100
|turn|17
|
|t:|1757874202
|-end|p2a: Great Tusk|Protosynthesis|[silent]
|switch|p2a: Pecharunt|Pecharunt|100/100
|move|p1a: Dragonite|Dragon Dance|p1a: Dragonite
|-boost|p1a: Dragonite|atk|1
|-boost|p1a: Dragonite|spe|1
|
|-heal|p1a: Dragonite|87/100|[from] item: Leftovers
|-fieldend|move: Electric Terrain
|upkeep
|turn|18
|
|t:|1757874207
|move|p1a: Dragonite|Earthquake|p2a: Pecharunt
|-supereffective|p2a: Pecharunt
|-damage|p2a: Pecharunt|43/100
|move|p2a: Pecharunt|Malignant Chain|p1a: Dragonite
|-damage|p1a: Dragonite|48/100
|
|-heal|p1a: Dragonite|54/100|[from] item: Leftovers
|upkeep
|turn|19
|
|t:|1757874210
|-terastallize|p2a: Pecharunt|Dark
|move|p1a: Dragonite|Earthquake|p2a: Pecharunt
|-damage|p2a: Pecharunt|14/100
|move|p2a: Pecharunt|Malignant Chain|p1a: Dragonite
|-damage|p1a: Dragonite|12/100
|
|-heal|p1a: Dragonite|19/100|[from] item: Leftovers
|upkeep
|turn|20
|
|t:|1757874221
|move|p1a: Dragonite|Roost|p1a: Dragonite
|-heal|p1a: Dragonite|69/100
|-singleturn|p1a: Dragonite|move: Roost
|move|p2a: Pecharunt|Malignant Chain|p1a: Dragonite
|-damage|p1a: Dragonite|31/100
|-status|p1a: Dragonite|tox
|-start|p1a: Dragonite|confusion|[from] ability: Poison Puppeteer|[of] p2a: Pecharunt
|
|-heal|p1a: Dragonite|37/100 tox|[from] item: Leftovers
|-damage|p1a: Dragonite|31/100 tox|[from] psn
|upkeep
|turn|21
|
|t:|1757874225
|-activate|p1a: Dragonite|confusion
|move|p1a: Dragonite|Roost|p1a: Dragonite
|-heal|p1a: Dragonite|81/100 tox
|-singleturn|p1a: Dragonite|move: Roost
|move|p2a: Pecharunt|Recover|p2a: Pecharunt
|-heal|p2a: Pecharunt|64/100
|
|-heal|p1a: Dragonite|87/100 tox|[from] item: Leftovers
|-damage|p1a: Dragonite|75/100 tox|[from] psn
|upkeep
|turn|22
|
|t:|1757874228
|-activate|p1a: Dragonite|confusion
|move|p1a: Dragonite|Earthquake|p2a: Pecharunt
|-damage|p2a: Pecharunt|34/100
|move|p2a: Pecharunt|Recover|p2a: Pecharunt
|-heal|p2a: Pecharunt|84/100
|
|-heal|p1a: Dragonite|81/100 tox|[from] item: Leftovers
|-damage|p1a: Dragonite|62/100 tox|[from] psn
|upkeep
|turn|23
|-message|sanshater12 forfeited.
|
|win|SamiFawad
|raw|sanshater12's rating: 1543 &rarr; <strong>1523</strong><br />(-20 for losing)
|raw|SamiFawad's rating: 1546 &rarr; <strong>1566</strong><br />(+20 for winning)
|l|☆sanshater12
|player|p1|
|l|☆SamiFawad
|player|p2|
