|j|☆mathismathin
|j|☆ybg mihan
|t:|1757897397
|gametype|singles
|player|p1|mathismathin|hilbert|1585
|player|p2|ybg mihan|266|1619
|gen|9
|tier|[Gen 9] OU
|rated|
|rule|HP Percentage Mod: HP is shown in percentages
|rule|Endless Battle Clause: Forcing endless battles is banned
|rule|Species Clause: Limit one of each Pokémon
|rule|OHKO Clause: OHKO moves are banned
|rule|Evasion Items Clause: Evasion items are banned
|rule|Evasion Moves Clause: Evasion moves are banned
|rule|Evasion Abilities Clause: Evasion abilities are banned
|rule|Sleep Moves Clause: Sleep-inducing moves are banned
|clearpoke
|poke|p1|Gyarados, M|
|poke|p1|Thundurus, M|
|poke|p1|Corviknight, F|
|poke|p1|Enamorus, F|
|poke|p1|Landorus-Therian, M|
|poke|p1|Articuno|
|poke|p2|Hatterene, F|
|poke|p2|Ogerpon-Wellspring, F|
|poke|p2|Slowking-Galar, F|
|poke|p2|Gholdengo|
|poke|p2|Dragonite, M|
|poke|p2|Great Tusk|
|teampreview
|inactive|Battle timer is ON: inactive players will automatically lose when time's up. (requested by ybg mihan)
|
|t:|1757897412
|teamsize|p1|6
|teamsize|p2|6
|start
|switch|p1a: Articuno|Articuno|100/100
|switch|p2a: Slowking|Slowking-Galar, F|100/100
|-ability|p1a: Articuno|Pressure
|turn|1
|
|t:|1757897424
|move|p1a: Articuno|U-turn|p2a: Slowking
|-damage|p2a: Slowking|91/100
|
|t:|1757897425
|switch|p1a: Landorus|Landorus-Therian, M|100/100|[from] U-turn
|-ability|p1a: Landorus|Intimidate|boost
|-unboost|p2a: Slowking|atk|1
|move|p2a: Slowking|Future Sight|p1a: Landorus
|-start|p2a: Slowking|move: Future Sight
|
|upkeep
|turn|2
|
|t:|1757897429
|move|p1a: Landorus|U-turn|p2a: Slowking
|-damage|p2a: Slowking|64/100
|
|t:|1757897431
|switch|p1a: Corviknight|Corviknight, F|100/100|[from] U-turn
|-ability|p1a: Corviknight|Pressure
|move|p2a: Slowking|Ice Beam|p1a: Corviknight
|-damage|p1a: Corviknight|80/100
|
|upkeep
|turn|3
|
|t:|1757897434
|move|p1a: Corviknight|Iron Defense|p1a: Corviknight
|-boost|p1a: Corviknight|def|2
|-prepare|p2a: Slowking|Chilly Reception|[premajor]
|move|p2a: Slowking|Chilly Reception|p2a: Slowking
|-weather|Snowscape
|
|t:|1757897437
|switch|p2a: Ogerpon|Ogerpon-Wellspring, F|100/100|[from] Chilly Reception
|
|-weather|Snowscape|[upkeep]
|-end|p1a: Corviknight|move: Future Sight
|-resisted|p1a: Corviknight
|-damage|p1a: Corviknight|58/100
|upkeep
|turn|4
|
|t:|1757897446
|switch|p1a: Articuno|Articuno|100/100
|-ability|p1a: Articuno|Pressure
|move|p2a: Ogerpon|Encore||[still]
|-fail|p2a: Ogerpon
|
|-weather|Snowscape|[upkeep]
|upkeep
|turn|5
|
|t:|1757897449
|switch|p2a: Slowking|Slowking-Galar, F|98/100
|move|p1a: Articuno|U-turn|p2a: Slowking
|-damage|p2a: Slowking|88/100
|
|t:|1757897451
|switch|p1a: Landorus|Landorus-Therian, M|100/100|[from] U-turn
|-ability|p1a: Landorus|Intimidate|boost
|-unboost|p2a: Slowking|atk|1
|
|-weather|Snowscape|[upkeep]
|upkeep
|turn|6
|
|t:|1757897456
|move|p1a: Landorus|Earthquake|p2a: Slowking
|-supereffective|p2a: Slowking
|-enditem|p2a: Slowking|Shuca Berry|[eat]
|-enditem|p2a: Slowking|Shuca Berry|[weaken]
|-damage|p2a: Slowking|30/100
|move|p2a: Slowking|Ice Beam|p1a: Landorus
|-supereffective|p1a: Landorus
|-damage|p1a: Landorus|0 fnt
|faint|p1a: Landorus
|
|-weather|Snowscape|[upkeep]
|upkeep
|
|t:|1757897460
|switch|p1a: Gyarados|Gyarados, M|100/100
|turn|7
|
|t:|1757897463
|move|p1a: Gyarados|Dragon Dance|p1a: Gyarados
|-boost|p1a: Gyarados|atk|1
|-boost|p1a: Gyarados|spe|1
|move|p2a: Slowking|Future Sight|p1a: Gyarados
|-start|p2a: Slowking|move: Future Sight
|
|-weather|none
|upkeep
|turn|8
|
|t:|1757897468
|move|p1a: Gyarados|Substitute|p1a: Gyarados
|-start|p1a: Gyarados|Substitute
|-damage|p1a: Gyarados|76/100
|-prepare|p2a: Slowking|Chilly Reception|[premajor]
|move|p2a: Slowking|Chilly Reception|p2a: Slowking
|-weather|Snowscape
|
|t:|1757897483
|switch|p2a: Hatterene|Hatterene, F|100/100|[from] Chilly Reception
|
|-weather|Snowscape|[upkeep]
|-heal|p1a: Gyarados|82/100|[from] item: Leftovers
|upkeep
|turn|9
|
|t:|1757897497
|move|p1a: Gyarados|Waterfall|p2a: Hatterene
|-damage|p2a: Hatterene|31/100
|move|p2a: Hatterene|Psyshock|p1a: Gyarados
|-end|p1a: Gyarados|Substitute
|
|-weather|Snowscape|[upkeep]
|-end|p1a: Gyarados|move: Future Sight
|-damage|p1a: Gyarados|33/100
|-heal|p1a: Gyarados|39/100|[from] item: Leftovers
|upkeep
|turn|10
|
|t:|1757897519
|switch|p2a: Ogerpon|Ogerpon-Wellspring, F|100/100
|move|p1a: Gyarados|Waterfall|p2a: Ogerpon
|-immune|p2a: Ogerpon|[from] ability: Water Absorb
|
|-weather|Snowscape|[upkeep]
|-heal|p1a: Gyarados|45/100|[from] item: Leftovers
|upkeep
|turn|11
|
|t:|1757897525
|-terastallize|p1a: Gyarados|Flying
|move|p1a: Gyarados|Tera Blast|p2a: Ogerpon|[anim] Tera Blast Flying
|-supereffective|p2a: Ogerpon
|-damage|p2a: Ogerpon|0 fnt
|faint|p2a: Ogerpon
|-ability|p1a: Gyarados|Moxie|boost
|-boost|p1a: Gyarados|atk|1
|
|-weather|Snowscape|[upkeep]
|-heal|p1a: Gyarados|51/100|[from] item: Leftovers
|upkeep
|
|t:|1757897531
|switch|p2a: Gholdengo|Gholdengo|100/100
|turn|12
|
|t:|1757897533
|move|p1a: Gyarados|Waterfall|p2a: Gholdengo
|-damage|p2a: Gholdengo|17/100
|move|p2a: Gholdengo|Make It Rain|p1a: Gyarados
|-damage|p1a: Gyarados|0 fnt
|-unboost|p2a: Gholdengo|spa|1
|faint|p1a: Gyarados
|
|-weather|none
|upkeep
|
|t:|1757897538
|switch|p1a: Thundurus|Thundurus, M|100/100
|turn|13
|inactive|ybg mihan has 120 seconds left.
|
|t:|1757897570
|switch|p2a: Hatterene|Hatterene, F|31/100
|move|p1a: Thundurus|Nasty Plot|p1a: Thundurus
|-boost|p1a: Thundurus|spa|2
|
|upkeep
|turn|14
|
|t:|1757897580
|move|p1a: Thundurus|Thunderbolt|p2a: Hatterene
|-crit|p2a: Hatterene
|-damage|p2a: Hatterene|0 fnt
|faint|p2a: Hatterene
|
|upkeep
|
|t:|1757897585
|switch|p2a: Great Tusk|Great Tusk|100/100
|turn|15
|
|t:|1757897592
|-terastallize|p2a: Great Tusk|Fire
|move|p1a: Thundurus|Focus Blast|p2a: Great Tusk
|-damage|p2a: Great Tusk|0 fnt
|faint|p2a: Great Tusk
|-end|p2a: Great Tusk|Protosynthesis|[silent]
|
|upkeep
|
|t:|1757897596
|switch|p2a: Slowking|Slowking-Galar, F|64/100
|turn|16
|inactive|mathismathin has 120 seconds left.
|
|t:|1757897638
|move|p1a: Thundurus|Thunderbolt|p2a: Slowking
|-damage|p2a: Slowking|0 fnt
|faint|p2a: Slowking
|
|upkeep
|-message|ybg mihan forfeited.
|
|win|mathismathin
|raw|mathismathin's rating: 1605 &rarr; <strong>1626</strong><br />(+21 for winning)
|raw|ybg mihan's rating: 1619 &rarr; <strong>1598</strong><br />(-21 for losing)
|l|☆ybg mihan
|player|p2|
|l|☆mathismathin
|player|p1|
