|j|☆LucyLikePizza
|j|☆owl_with_scarf
|t:|1757835164
|gametype|singles
|player|p1|LucyLikePizza|2|1431
|player|p2|owl_with_scarf|#owlwithscarf|1393
|gen|9
|tier|[Gen 9] OU
|rated|
|rule|HP Percentage Mod: HP is shown in percentages
|rule|Endless Battle Clause: Forcing endless battles is banned
|rule|Species Clause: Limit one of each Pokémon
|rule|OHKO Clause: OHKO moves are banned
|rule|Evasion Items Clause: Evasion items are banned
|rule|Evasion Moves Clause: Evasion moves are banned
|rule|Evasion Abilities Clause: Evasion abilities are banned
|rule|Sleep Moves Clause: Sleep-inducing moves are banned
|clearpoke
|poke|p1|Zapdos|
|poke|p1|Corviknight, F|
|poke|p1|Weavile, M|
|poke|p1|Hydrapple, F|
|poke|p1|Heatran, M|
|poke|p1|Raging Bolt|
|poke|p2|Torkoal, F|
|poke|p2|Cinderace, F|
|poke|p2|Abomasnow, M|
|poke|p2|Zamazenta-*|
|poke|p2|Mandibuzz, F|
|poke|p2|Volcanion|
|teampreview
|inactive|Battle timer is ON: inactive players will automatically lose when time's up. (requested by owl_with_scarf)
|
|t:|1757835177
|teamsize|p1|6
|teamsize|p2|6
|start
|switch|p1a: Zapdos|Zapdos|100/100
|switch|p2a: LILSHYNE|Torkoal, F, shiny|100/100
|-weather|SunnyDay|[from] ability: Drought|[of] p2a: LILSHYNE
|turn|1
|
|t:|1757835182
|move|p1a: Zapdos|Volt Switch|p2a: LILSHYNE
|-damage|p2a: LILSHYNE|57/100
|
|t:|1757835187
|switch|p1a: Raging Bolt|Raging Bolt|100/100|[from] Volt Switch
|-activate|p1a: Raging Bolt|ability: Protosynthesis
|-start|p1a: Raging Bolt|protosynthesisspa
|move|p2a: LILSHYNE|Stealth Rock|p1a: Raging Bolt
|-sidestart|p1: LucyLikePizza|move: Stealth Rock
|
|-weather|SunnyDay|[upkeep]
|upkeep
|turn|2
|
|t:|1757835201
|move|p1a: Raging Bolt|Draco Meteor|p2a: LILSHYNE
|-damage|p2a: LILSHYNE|0 fnt
|-unboost|p1a: Raging Bolt|spa|2
|faint|p2a: LILSHYNE
|
|-weather|SunnyDay|[upkeep]
|upkeep
|
|t:|1757835204
|switch|p2a: ICEDOUTCASTLES|Abomasnow, M|100/100
|turn|3
|
|t:|1757835209
|-end|p1a: Raging Bolt|Protosynthesis|[silent]
|switch|p1a: Corviknight|Corviknight, F|100/100
|-damage|p1a: Corviknight|88/100|[from] Stealth Rock
|-ability|p1a: Corviknight|Pressure
|move|p2a: ICEDOUTCASTLES|Growth|p2a: ICEDOUTCASTLES
|-boost|p2a: ICEDOUTCASTLES|atk|2
|-boost|p2a: ICEDOUTCASTLES|spa|2
|
|-weather|SunnyDay|[upkeep]
|-heal|p1a: Corviknight|94/100|[from] item: Leftovers
|upkeep
|turn|4
|
|t:|1757835214
|move|p1a: Corviknight|Body Press|p2a: ICEDOUTCASTLES
|-supereffective|p2a: ICEDOUTCASTLES
|-damage|p2a: ICEDOUTCASTLES|54/100
|move|p2a: ICEDOUTCASTLES|Weather Ball|p1a: Corviknight
|-supereffective|p1a: Corviknight
|-damage|p1a: Corviknight|0 fnt
|faint|p1a: Corviknight
|
|-weather|SunnyDay|[upkeep]
|-heal|p2a: ICEDOUTCASTLES|60/100|[from] item: Leftovers
|upkeep
|
|t:|1757835219
|switch|p1a: Weavile|Weavile, M|100/100
|-damage|p1a: Weavile|76/100|[from] Stealth Rock
|-ability|p1a: Weavile|Pressure
|turn|5
|
|t:|1757835222
|move|p1a: Weavile|Knock Off|p2a: ICEDOUTCASTLES
|-damage|p2a: ICEDOUTCASTLES|0 fnt
|-enditem|p2a: ICEDOUTCASTLES|Leftovers|[from] move: Knock Off|[of] p1a: Weavile
|faint|p2a: ICEDOUTCASTLES
|
|-weather|SunnyDay|[upkeep]
|upkeep
|
|t:|1757835228
|switch|p2a: FIRESTONE|Cinderace, F|100/100
|turn|6
|
|t:|1757835233
|move|p1a: Weavile|Knock Off|p2a: FIRESTONE
|-damage|p2a: FIRESTONE|0 fnt
|-enditem|p2a: FIRESTONE|Choice Band|[from] move: Knock Off|[of] p1a: Weavile
|faint|p2a: FIRESTONE
|
|-weather|SunnyDay|[upkeep]
|upkeep
|
|t:|1757835241
|switch|p2a: K9CREW|Zamazenta|100/100
|-ability|p2a: K9CREW|Dauntless Shield|boost
|-boost|p2a: K9CREW|def|1
|turn|7
|
|t:|1757835248
|switch|p1a: Raging Bolt|Raging Bolt|100/100
|-damage|p1a: Raging Bolt|88/100|[from] Stealth Rock
|-activate|p1a: Raging Bolt|ability: Protosynthesis
|-start|p1a: Raging Bolt|protosynthesisspa
|move|p2a: K9CREW|Iron Defense|p2a: K9CREW
|-boost|p2a: K9CREW|def|2
|
|-weather|SunnyDay|[upkeep]
|upkeep
|turn|8
|inactive|owl_with_scarf has 120 seconds left.
|
|t:|1757835281
|-terastallize|p1a: Raging Bolt|Ghost
|move|p2a: K9CREW|Snarl|p1a: Raging Bolt
|-supereffective|p1a: Raging Bolt
|-damage|p1a: Raging Bolt|71/100
|-unboost|p1a: Raging Bolt|spa|1
|move|p1a: Raging Bolt|Thunderbolt|p2a: K9CREW
|-damage|p2a: K9CREW|63/100
|
|-weather|none
|-end|p1a: Raging Bolt|Protosynthesis
|-heal|p2a: K9CREW|69/100|[from] item: Leftovers
|upkeep
|-enditem|p1a: Raging Bolt|Booster Energy
|-activate|p1a: Raging Bolt|ability: Protosynthesis|[fromitem]
|-start|p1a: Raging Bolt|protosynthesisspa
|turn|9
|
|t:|1757835289
|move|p2a: K9CREW|Snarl|p1a: Raging Bolt
|-supereffective|p1a: Raging Bolt
|-damage|p1a: Raging Bolt|53/100
|-unboost|p1a: Raging Bolt|spa|1
|move|p1a: Raging Bolt|Thunderbolt|p2a: K9CREW
|-crit|p2a: K9CREW
|-damage|p2a: K9CREW|0 fnt
|faint|p2a: K9CREW
|
|upkeep
|
|t:|1757835301
|switch|p2a: 7000DAGREEZ|Volcanion|100/100
|turn|10
|
|t:|1757835309
|-end|p1a: Raging Bolt|Protosynthesis|[silent]
|switch|p1a: Hydrapple|Hydrapple, F|100/100
|-damage|p1a: Hydrapple|88/100|[from] Stealth Rock
|move|p2a: 7000DAGREEZ|Earth Power|p1a: Hydrapple
|-resisted|p1a: Hydrapple
|-damage|p1a: Hydrapple|65/100
|
|upkeep
|turn|11
|
|t:|1757835315
|switch|p2a: GOTH$RECORDS|Mandibuzz, F|100/100
|move|p1a: Hydrapple|Nasty Plot|p1a: Hydrapple
|-boost|p1a: Hydrapple|spa|2
|
|upkeep
|turn|12
|
|t:|1757835330
|move|p2a: GOTH$RECORDS|U-turn|p1a: Hydrapple
|-supereffective|p1a: Hydrapple
|-damage|p1a: Hydrapple|47/100
|-damage|p2a: GOTH$RECORDS|84/100|[from] item: Rocky Helmet|[of] p1a: Hydrapple
|
|t:|1757835331
|switch|p2a: 7000DAGREEZ|Volcanion|100/100|[from] U-turn
|move|p1a: Hydrapple|Fickle Beam|p2a: 7000DAGREEZ
|-damage|p2a: 7000DAGREEZ|20/100
|
|upkeep
|turn|13
|
|t:|1757835335
|move|p2a: 7000DAGREEZ|Flamethrower|p1a: Hydrapple
|-damage|p1a: Hydrapple|0 fnt
|faint|p1a: Hydrapple
|
|upkeep
|
|t:|1757835350
|switch|p1a: Zapdos|Zapdos|100/100
|-damage|p1a: Zapdos|76/100|[from] Stealth Rock
|turn|14
|inactive|owl_with_scarf has 120 seconds left.
|
|t:|1757835400
|move|p1a: Zapdos|Thunderbolt|p2a: 7000DAGREEZ
|-supereffective|p2a: 7000DAGREEZ
|-damage|p2a: 7000DAGREEZ|0 fnt
|faint|p2a: 7000DAGREEZ
|
|upkeep
|-message|owl_with_scarf forfeited.
|
|win|LucyLikePizza
|raw|LucyLikePizza's rating: 1431 &rarr; <strong>1449</strong><br />(+18 for winning)
|raw|owl_with_scarf's rating: 1393 &rarr; <strong>1375</strong><br />(-18 for losing)
|l|☆owl_with_scarf
|player|p2|
