|j|☆Chuck2025
|j|☆spamtongspamtondr
|t:|1757788094
|gametype|singles
|player|p1|Chuck2025|265|1123
|player|p2|spamtongspamtondr|emmet|1185
|gen|9
|tier|[Gen 9] OU
|rated|
|rule|HP Percentage Mod: HP is shown in percentages
|rule|Endless Battle Clause: Forcing endless battles is banned
|rule|Species Clause: Limit one of each Pokémon
|rule|OHKO Clause: OHKO moves are banned
|rule|Evasion Items Clause: Evasion items are banned
|rule|Evasion Moves Clause: Evasion moves are banned
|rule|Evasion Abilities Clause: Evasion abilities are banned
|rule|Sleep Moves Clause: Sleep-inducing moves are banned
|clearpoke
|poke|p1|Dragonite, F|
|poke|p1|Swampert, M|
|poke|p1|Snorlax, F|
|poke|p1|Iron Hands|
|poke|p1|Zamazenta-*|
|poke|p1|Mew|
|poke|p2|Magmortar, M|
|poke|p2|Tatsugiri, F|
|poke|p2|Hitmonlee, M|
|poke|p2|Froslass, F|
|poke|p2|Magneton|
|poke|p2|Uxie|
|teampreview
|inactive|Battle timer is ON: inactive players will automatically lose when time's up. (requested by spamtongspamtondr)
|c|☆spamtongspamtondr|NOWS YOURE CHANCE TO BE A [big shot]!
|inactive|Chuck2025 has 120 seconds left.
|
|t:|1757788127
|teamsize|p1|6
|teamsize|p2|6
|start
|switch|p1a: Mew|Mew|100/100
|switch|p2a: snowgrave|Froslass, F|100/100
|turn|1
|
|t:|1757788139
|switch|p1a: Snorlax|Snorlax, F, shiny|100/100
|move|p2a: snowgrave|Poltergeist|p1a: Snorlax
|-immune|p1a: Snorlax
|
|upkeep
|turn|2
|
|t:|1757788147
|move|p2a: snowgrave|Will-O-Wisp|p1a: Snorlax
|-status|p1a: Snorlax|brn
|move|p1a: Snorlax|Flamethrower|p2a: snowgrave
|-supereffective|p2a: snowgrave
|-damage|p2a: snowgrave|34/100
|
|-damage|p1a: Snorlax|94/100 brn|[from] brn
|upkeep
|turn|3
|
|t:|1757788156
|move|p2a: snowgrave|Triple Axel|p1a: Snorlax
|-damage|p1a: Snorlax|84/100 brn
|-damage|p2a: snowgrave|18/100|[from] item: Rocky Helmet|[of] p1a: Snorlax
|-damage|p1a: Snorlax|67/100 brn
|-damage|p2a: snowgrave|2/100|[from] item: Rocky Helmet|[of] p1a: Snorlax
|-damage|p1a: Snorlax|38/100 brn
|-damage|p2a: snowgrave|0 fnt|[from] item: Rocky Helmet|[of] p1a: Snorlax
|faint|p2a: snowgrave
|-hitcount|p1a: Snorlax|3
|move|p1a: Snorlax|Flamethrower|p2: snowgrave|[notarget]
|-fail|p1a: Snorlax
|
|-damage|p1a: Snorlax|32/100 brn|[from] brn
|upkeep
|
|t:|1757788165
|switch|p2a: -> pipis|Magneton|100/100
|turn|4
|
|t:|1757788176
|move|p2a: -> pipis|Thunderbolt|p1a: Snorlax
|-damage|p1a: Snorlax|5/100 brn
|move|p1a: Snorlax|Earthquake|p2a: -> pipis
|-supereffective|p2a: -> pipis
|-damage|p2a: -> pipis|63/100
|
|-damage|p1a: Snorlax|0 fnt|[from] brn
|faint|p1a: Snorlax
|upkeep
|
|t:|1757788187
|switch|p1a: Swampert|Swampert, M|100/100
|turn|5
|
|t:|1757788193
|switch|p2a: Freedom|Tatsugiri, F|100/100
|move|p1a: Swampert|Earthquake|p2a: Freedom
|-damage|p2a: Freedom|34/100
|
|upkeep
|turn|6
|
|t:|1757788206
|move|p2a: Freedom|Surf|p1a: Swampert
|-damage|p1a: Swampert|59/100
|move|p1a: Swampert|Earthquake|p2a: Freedom
|-damage|p2a: Freedom|0 fnt
|faint|p2a: Freedom
|
|upkeep
|
|t:|1757788211
|switch|p2a: NEO|Uxie|100/100
|turn|7
|
|t:|1757788216
|switch|p1a: Zamazenta|Zamazenta|100/100
|-ability|p1a: Zamazenta|Dauntless Shield|boost
|-boost|p1a: Zamazenta|def|1
|move|p2a: NEO|Substitute|p2a: NEO
|-start|p2a: NEO|Substitute
|-damage|p2a: NEO|76/100
|
|-heal|p2a: NEO|82/100|[from] item: Leftovers
|upkeep
|turn|8
|
|t:|1757788226
|move|p1a: Zamazenta|Crunch|p2a: NEO
|-supereffective|p2a: NEO
|-end|p2a: NEO|Substitute
|move|p2a: NEO|Calm Mind|p2a: NEO
|-boost|p2a: NEO|spa|1
|-boost|p2a: NEO|spd|1
|
|-heal|p2a: NEO|88/100|[from] item: Leftovers
|upkeep
|turn|9
|
|t:|1757788235
|-terastallize|p2a: NEO|Fairy
|move|p1a: Zamazenta|Crunch|p2a: NEO
|-resisted|p2a: NEO
|-damage|p2a: NEO|80/100
|move|p2a: NEO|Substitute|p2a: NEO
|-start|p2a: NEO|Substitute
|-damage|p2a: NEO|55/100
|
|-heal|p2a: NEO|61/100|[from] item: Leftovers
|upkeep
|turn|10
|
|t:|1757788245
|move|p1a: Zamazenta|Heavy Slam|p2a: NEO
|-supereffective|p2a: NEO
|-end|p2a: NEO|Substitute
|move|p2a: NEO|Calm Mind|p2a: NEO
|-boost|p2a: NEO|spa|1
|-boost|p2a: NEO|spd|1
|
|-heal|p2a: NEO|67/100|[from] item: Leftovers
|upkeep
|turn|11
|
|t:|1757788254
|move|p1a: Zamazenta|Heavy Slam|p2a: NEO
|-supereffective|p2a: NEO
|-damage|p2a: NEO|12/100
|move|p2a: NEO|Stored Power|p1a: Zamazenta
|-supereffective|p1a: Zamazenta
|-damage|p1a: Zamazenta|46/100
|
|-heal|p2a: NEO|19/100|[from] item: Leftovers
|upkeep
|turn|12
|
|t:|1757788263
|switch|p2a: BIG SHOT|Magmortar, M|100/100
|move|p1a: Zamazenta|Heavy Slam|p2a: BIG SHOT
|-resisted|p2a: BIG SHOT
|-damage|p2a: BIG SHOT|75/100
|-status|p1a: Zamazenta|brn|[from] ability: Flame Body|[of] p2a: BIG SHOT
|
|-damage|p1a: Zamazenta|40/100 brn|[from] brn
|upkeep
|turn|13
|
|t:|1757788274
|move|p2a: BIG SHOT|Focus Blast|p1a: Zamazenta
|-damage|p1a: Zamazenta|21/100 brn
|move|p1a: Zamazenta|Body Press|p2a: BIG SHOT
|-damage|p2a: BIG SHOT|35/100
|
|-damage|p1a: Zamazenta|15/100 brn|[from] brn
|upkeep
|turn|14
|
|t:|1757788283
|move|p2a: BIG SHOT|Focus Blast|p1a: Zamazenta
|-crit|p1a: Zamazenta
|-damage|p1a: Zamazenta|0 fnt
|faint|p1a: Zamazenta
|
|upkeep
|
|t:|1757788309
|switch|p1a: Swampert|Swampert, M|59/100
|turn|15
|
|t:|1757788313
|move|p2a: BIG SHOT|Focus Blast|p1a: Swampert
|-damage|p1a: Swampert|23/100
|move|p1a: Swampert|Earthquake|p2a: BIG SHOT
|-supereffective|p2a: BIG SHOT
|-damage|p2a: BIG SHOT|0 fnt
|faint|p2a: BIG SHOT
|
|upkeep
|
|t:|1757788318
|switch|p2a: NEO|Uxie, tera:Fairy|19/100
|turn|16
|
|t:|1757788324
|move|p2a: NEO|Draining Kiss|p1a: Swampert
|-damage|p1a: Swampert|8/100
|-heal|p2a: NEO|31/100|[from] drain|[of] p1a: Swampert
|move|p1a: Swampert|Sludge Wave|p2a: NEO
|-supereffective|p2a: NEO
|-damage|p2a: NEO|0 fnt
|faint|p2a: NEO
|
|upkeep
|
|t:|1757788331
|switch|p2a: Mike|Hitmonlee, M|100/100
|turn|17
|
|t:|1757788336
|move|p2a: Mike|Knock Off|p1a: Swampert
|-damage|p1a: Swampert|0 fnt
|-enditem|p1a: Swampert|Heavy-Duty Boots|[from] move: Knock Off|[of] p2a: Mike
|faint|p1a: Swampert
|
|upkeep
|
|t:|1757788356
|switch|p1a: Iron Hands|Iron Hands, shiny|100/100
|turn|18
|
|t:|1757788366
|move|p2a: Mike|Endure|p2a: Mike
|-singleturn|p2a: Mike|move: Endure
|move|p1a: Iron Hands|Play Rough|p2a: Mike
|-supereffective|p2a: Mike
|-activate|p2a: Mike|move: Endure
|-damage|p2a: Mike|1/100
|-enditem|p2a: Mike|Liechi Berry|[eat]
|-boost|p2a: Mike|atk|1|[from] item: Liechi Berry
|
|upkeep
|turn|19
|
|t:|1757788376
|move|p2a: Mike|Reversal|p1a: Iron Hands
|-damage|p1a: Iron Hands|0 fnt
|-damage|p2a: Mike|0 fnt|[from] item: Rocky Helmet|[of] p1a: Iron Hands
|faint|p1a: Iron Hands
|-end|p1a: Iron Hands|Quark Drive|[silent]
|faint|p2a: Mike
|
|upkeep
|
|t:|1757788385
|switch|p2a: -> pipis|Magneton|63/100
|switch|p1a: Mew|Mew|100/100
|turn|20
|
|t:|1757788392
|move|p1a: Mew|Aura Sphere|p2a: -> pipis
|-supereffective|p2a: -> pipis
|-damage|p2a: -> pipis|21/100
|move|p2a: -> pipis|Thunderbolt|p1a: Mew
|-damage|p1a: Mew|40/100
|
|upkeep
|turn|21
|
|t:|1757788400
|move|p1a: Mew|Aura Sphere|p2a: -> pipis
|-supereffective|p2a: -> pipis
|-damage|p2a: -> pipis|0 fnt
|faint|p2a: -> pipis
|
|win|Chuck2025
|raw|Chuck2025's rating: 1123 &rarr; <strong>1152</strong><br />(+29 for winning)
|raw|spamtongspamtondr's rating: 1185 &rarr; <strong>1156</strong><br />(-29 for losing)
|l|☆spamtongspamtondr
|player|p2|
|l|☆Chuck2025
|player|p1|
