|j|☆EddusEatzAlot
|j|☆aladdin2000
|t:|1757911138
|gametype|singles
|player|p1|EddusEatzAlot|steven|1397
|player|p2|aladdin2000|170|1361
|gen|9
|tier|[Gen 9] OU
|rated|
|rule|HP Percentage Mod: HP is shown in percentages
|rule|Endless Battle Clause: Forcing endless battles is banned
|rule|Species Clause: Limit one of each Pokémon
|rule|OHKO Clause: OHKO moves are banned
|rule|Evasion Items Clause: Evasion items are banned
|rule|Evasion Moves Clause: Evasion moves are banned
|rule|Evasion Abilities Clause: Evasion abilities are banned
|rule|Sleep Moves Clause: Sleep-inducing moves are banned
|clearpoke
|poke|p1|Rillaboom, M|
|poke|p1|Kyurem|
|poke|p1|Heatran, F|
|poke|p1|Hatterene, F|
|poke|p1|Dragapult, F|
|poke|p1|Slowking-Galar, M|
|poke|p2|Lilligant-Hisui, F|
|poke|p2|Zapdos|
|poke|p2|Excadrill, M|
|poke|p2|Delphox, F|
|poke|p2|Regirock|
|poke|p2|Araquanid, M|
|teampreview
|
|t:|1757911143
|teamsize|p1|6
|teamsize|p2|6
|start
|switch|p1a: Rillaboom|Rillaboom, M|100/100
|switch|p2a: Araquanid|Araquanid, M|100/100
|-fieldstart|move: Grassy Terrain|[from] ability: Grassy Surge|[of] p1a: Rillaboom
|turn|1
|
|t:|1757911151
|move|p1a: Rillaboom|Wood Hammer|p2a: Araquanid
|-damage|p2a: Araquanid|0 fnt
|faint|p2a: Araquanid
|-damage|p1a: Rillaboom|73/100|[from] Recoil
|
|-heal|p1a: Rillaboom|79/100|[from] Grassy Terrain
|upkeep
|
|t:|1757911173
|switch|p2a: Delphox|Delphox, F|100/100
|turn|2
|
|t:|1757911177
|switch|p1a: Hatterene|Hatterene, F|100/100
|move|p2a: Delphox|Agility|p2a: Delphox
|-boost|p2a: Delphox|spe|2
|
|upkeep
|turn|3
|
|t:|1757911184
|switch|p2a: Excadrill|Excadrill, M|100/100
|move|p1a: Hatterene|Nuzzle|p2a: Excadrill
|-immune|p2a: Excadrill
|
|upkeep
|turn|4
|
|t:|1757911190
|move|p2a: Excadrill|Rock Slide|p1a: Hatterene
|-damage|p1a: Hatterene|59/100
|-damage|p2a: Excadrill|91/100|[from] item: Life Orb
|move|p1a: Hatterene|Mystical Fire|p2a: Excadrill
|-supereffective|p2a: Excadrill
|-damage|p2a: Excadrill|14/100
|-unboost|p2a: Excadrill|spa|1
|
|-heal|p2a: Excadrill|20/100|[from] Grassy Terrain
|-heal|p1a: Hatterene|65/100|[from] Grassy Terrain
|upkeep
|turn|5
|
|t:|1757911203
|move|p2a: Excadrill|Iron Head|p1a: Hatterene
|-supereffective|p1a: Hatterene
|-damage|p1a: Hatterene|0 fnt
|faint|p1a: Hatterene
|-damage|p2a: Excadrill|10/100|[from] item: Life Orb
|
|-heal|p2a: Excadrill|16/100|[from] Grassy Terrain
|-fieldend|move: Grassy Terrain
|upkeep
|
|t:|1757911207
|switch|p1a: Dragapult|Dragapult, F|100/100
|turn|6
|
|t:|1757911211
|move|p1a: Dragapult|Dragon Darts|p2a: Excadrill
|-resisted|p2a: Excadrill
|-damage|p2a: Excadrill|0 fnt
|faint|p2a: Excadrill
|
|upkeep
|
|t:|1757911216
|switch|p2a: Regirock|Regirock|100/100
|turn|7
|
|t:|1757911221
|switch|p1a: Rillaboom|Rillaboom, M|79/100
|-fieldstart|move: Grassy Terrain|[from] ability: Grassy Surge|[of] p1a: Rillaboom
|move|p2a: Regirock|Sunny Day|p2a: Regirock
|-weather|SunnyDay
|
|-weather|SunnyDay|[upkeep]
|-heal|p1a: Rillaboom|85/100|[from] Grassy Terrain
|upkeep
|turn|8
|
|t:|1757911275
|move|p1a: Rillaboom|U-turn|p2a: Regirock
|-damage|p2a: Regirock|80/100
|
|t:|1757911279
|switch|p1a: Slowking|Slowking-Galar, M|100/100|[from] U-turn
|move|p2a: Regirock|Rock Slide|p1a: Slowking
|-damage|p1a: Slowking|63/100
|
|-weather|SunnyDay|[upkeep]
|-heal|p2a: Regirock|86/100|[from] Grassy Terrain
|-heal|p2a: Regirock|92/100|[from] item: Leftovers
|-heal|p1a: Slowking|69/100|[from] Grassy Terrain
|upkeep
|turn|9
|
|t:|1757911291
|move|p2a: Regirock|Stealth Rock|p1a: Slowking
|-sidestart|p1: EddusEatzAlot|move: Stealth Rock
|-prepare|p1a: Slowking|Chilly Reception|[premajor]
|move|p1a: Slowking|Chilly Reception|p1a: Slowking
|-weather|Snowscape
|
|t:|1757911298
|switch|p1a: Kyurem|Kyurem|100/100|[from] Chilly Reception
|-ability|p1a: Kyurem|Pressure
|
|-weather|Snowscape|[upkeep]
|-heal|p2a: Regirock|98/100|[from] Grassy Terrain
|-heal|p2a: Regirock|100/100|[from] item: Leftovers
|upkeep
|turn|10
|
|t:|1757911306
|move|p1a: Kyurem|Earth Power|p2a: Regirock
|-supereffective|p2a: Regirock
|-damage|p2a: Regirock|41/100
|move|p2a: Regirock|Sunny Day|p2a: Regirock
|-weather|SunnyDay
|
|-weather|SunnyDay|[upkeep]
|-heal|p2a: Regirock|47/100|[from] Grassy Terrain
|-heal|p2a: Regirock|53/100|[from] item: Leftovers
|upkeep
|turn|11
|
|t:|1757911314
|move|p1a: Kyurem|Earth Power|p2a: Regirock
|-supereffective|p2a: Regirock
|-damage|p2a: Regirock|0 fnt
|faint|p2a: Regirock
|
|-weather|SunnyDay|[upkeep]
|-fieldend|move: Grassy Terrain
|upkeep
|
|t:|1757911320
|switch|p2a: Lilligant|Lilligant-Hisui, F, shiny|100/100
|turn|12
|
|t:|1757911332
|move|p2a: Lilligant|Victory Dance|p2a: Lilligant
|-boost|p2a: Lilligant|atk|1
|-boost|p2a: Lilligant|def|1
|-boost|p2a: Lilligant|spe|1
|move|p1a: Kyurem|Freeze-Dry|p2a: Lilligant
|-supereffective|p2a: Lilligant
|-damage|p2a: Lilligant|0 fnt
|faint|p2a: Lilligant
|
|-weather|SunnyDay|[upkeep]
|upkeep
|
|t:|1757911334
|switch|p2a: Delphox|Delphox, F|100/100
|turn|13
|
|t:|1757911339
|move|p2a: Delphox|Flamethrower|p1a: Kyurem
|-crit|p1a: Kyurem
|-damage|p1a: Kyurem|14/100
|-item|p2a: Delphox|Heavy-Duty Boots|[from] ability: Magician|[of] p1a: Kyurem
|move|p1a: Kyurem|Earth Power|p2a: Delphox
|-supereffective|p2a: Delphox
|-damage|p2a: Delphox|32/100
|
|-weather|SunnyDay|[upkeep]
|upkeep
|turn|14
|
|t:|1757911349
|move|p2a: Delphox|Flamethrower|p1a: Kyurem
|-damage|p1a: Kyurem|0 fnt
|faint|p1a: Kyurem
|
|-weather|none
|upkeep
|
|t:|1757911351
|switch|p1a: Heatran|Heatran, F|100/100
|turn|15
|
|t:|1757911356
|switch|p2a: Zapdos|Zapdos|100/100
|move|p1a: Heatran|Earth Power|p2a: Zapdos
|-immune|p2a: Zapdos
|
|upkeep
|turn|16
|
|t:|1757911364
|move|p2a: Zapdos|Discharge|p1a: Heatran
|-damage|p1a: Heatran|62/100
|move|p1a: Heatran|Lava Plume|p2a: Zapdos
|-damage|p2a: Zapdos|51/100
|
|upkeep
|turn|17
|
|t:|1757911372
|switch|p1a: Slowking|Slowking-Galar, M|100/100
|move|p2a: Zapdos|Discharge|p1a: Slowking
|-damage|p1a: Slowking|75/100
|
|upkeep
|turn|18
|
|t:|1757911378
|move|p2a: Zapdos|Roost|p2a: Zapdos
|-heal|p2a: Zapdos|100/100
|-singleturn|p2a: Zapdos|move: Roost
|-prepare|p1a: Slowking|Chilly Reception|[premajor]
|move|p1a: Slowking|Chilly Reception|p1a: Slowking
|-weather|Snowscape
|
|t:|1757911381
|switch|p1a: Dragapult|Dragapult, F|100/100|[from] Chilly Reception
|-damage|p1a: Dragapult|88/100|[from] Stealth Rock
|
|-weather|Snowscape|[upkeep]
|-heal|p1a: Dragapult|94/100|[from] item: Leftovers
|upkeep
|turn|19
|
|t:|1757911391
|move|p1a: Dragapult|Substitute|p1a: Dragapult
|-start|p1a: Dragapult|Substitute
|-damage|p1a: Dragapult|69/100
|move|p2a: Zapdos|Thunder Wave||[still]
|-fail|p2a: Zapdos
|
|-weather|Snowscape|[upkeep]
|-heal|p1a: Dragapult|75/100|[from] item: Leftovers
|upkeep
|turn|20
|
|t:|1757911398
|move|p1a: Dragapult|Dragon Dance|p1a: Dragapult
|-boost|p1a: Dragapult|atk|1
|-boost|p1a: Dragapult|spe|1
|move|p2a: Zapdos|Heat Wave|p1a: Dragapult
|-resisted|p1a: Dragapult
|-activate|p1a: Dragapult|move: Substitute|[damage]
|
|-weather|Snowscape|[upkeep]
|-heal|p1a: Dragapult|81/100|[from] item: Leftovers
|upkeep
|turn|21
|
|t:|1757911406
|move|p1a: Dragapult|Dragon Darts|p2a: Zapdos
|-damage|p2a: Zapdos|55/100
|-anim|p1a: Dragapult|Dragon Darts|p2a: Zapdos
|-damage|p2a: Zapdos|8/100
|move|p2a: Zapdos|Discharge|p1a: Dragapult
|-resisted|p1a: Dragapult
|-end|p1a: Dragapult|Substitute
|
|-weather|Snowscape|[upkeep]
|-heal|p1a: Dragapult|87/100|[from] item: Leftovers
|upkeep
|turn|22
|
|t:|1757911415
|move|p1a: Dragapult|Dragon Darts|p2a: Zapdos
|-damage|p2a: Zapdos|0 fnt
|faint|p2a: Zapdos
|
|-weather|none
|-heal|p1a: Dragapult|93/100|[from] item: Leftovers
|upkeep
|
|t:|1757911418
|switch|p2a: Delphox|Delphox, F|32/100
|turn|23
|
|t:|1757911421
|move|p1a: Dragapult|Dragon Darts|p2a: Delphox
|-damage|p2a: Delphox|0 fnt
|faint|p2a: Delphox
|
|win|EddusEatzAlot
|raw|EddusEatzAlot's rating: 1397 &rarr; <strong>1415</strong><br />(+18 for winning)
|raw|aladdin2000's rating: 1361 &rarr; <strong>1343</strong><br />(-18 for losing)
|c|☆EddusEatzAlot|gg
|c|☆aladdin2000|gg
|l|☆aladdin2000
|player|p2|
|l|☆EddusEatzAlot
|player|p1|
