|j|☆Chuck2025
|j|☆emln
|t:|1757838414
|gametype|singles
|player|p1|Chuck2025|dawn|1127
|player|p2|emln|ghetsis-gen5bw|1102
|gen|9
|tier|[Gen 9] OU
|rated|
|rule|HP Percentage Mod: HP is shown in percentages
|rule|Endless Battle Clause: Forcing endless battles is banned
|rule|Species Clause: Limit one of each Pokémon
|rule|OHKO Clause: OHKO moves are banned
|rule|Evasion Items Clause: Evasion items are banned
|rule|Evasion Moves Clause: Evasion moves are banned
|rule|Evasion Abilities Clause: Evasion abilities are banned
|rule|Sleep Moves Clause: Sleep-inducing moves are banned
|clearpoke
|poke|p1|Dragonite, M|
|poke|p1|Swampert, F|
|poke|p1|Snorlax, M|
|poke|p1|Iron Hands|
|poke|p1|Zamazenta-*|
|poke|p1|Regirock|
|poke|p2|Dragonite, M|
|poke|p2|Gholdengo|
|poke|p2|Great Tusk|
|poke|p2|Kingambit, M|
|poke|p2|Ogerpon-Wellspring, F|
|poke|p2|Iron Valiant|
|teampreview
|inactive|Battle timer is ON: inactive players will automatically lose when time's up. (requested by Chuck2025)
|
|t:|1757838437
|teamsize|p1|6
|teamsize|p2|6
|start
|switch|p1a: Swampert|Swampert, F|100/100
|switch|p2a: elephant|Great Tusk, shiny|100/100
|turn|1
|
|t:|1757838443
|move|p2a: elephant|Stealth Rock|p1a: Swampert
|-sidestart|p1: Chuck2025|move: Stealth Rock
|move|p1a: Swampert|Hydro Pump|p2a: elephant
|-supereffective|p2a: elephant
|-damage|p2a: elephant|0 fnt
|faint|p2a: elephant
|-end|p2a: elephant|Protosynthesis|[silent]
|
|upkeep
|
|t:|1757838472
|switch|p2a: Jarvis|Ogerpon-Wellspring, F|100/100
|turn|2
|inactive|emln has 120 seconds left.
|
|t:|1757838490
|-terastallize|p1a: Swampert|Fairy
|move|p2a: Jarvis|Swords Dance|p2a: Jarvis
|-boost|p2a: Jarvis|atk|2
|move|p1a: Swampert|Sludge Wave|p2a: Jarvis
|-supereffective|p2a: Jarvis
|-crit|p2a: Jarvis
|-damage|p2a: Jarvis|9/100
|-status|p2a: Jarvis|psn
|
|-damage|p2a: Jarvis|0 fnt|[from] psn
|faint|p2a: Jarvis
|upkeep
|inactive|emln has 120 seconds left.
|
|t:|1757838519
|switch|p2a: coin|Gholdengo|100/100
|turn|3
|
|t:|1757838532
|switch|p1a: Regirock|Regirock|100/100
|move|p2a: coin|Nasty Plot|p2a: coin
|-boost|p2a: coin|spa|2
|
|upkeep
|turn|4
|
|t:|1757838545
|move|p2a: coin|Make It Rain|p1a: Regirock
|-supereffective|p1a: Regirock
|-damage|p1a: Regirock|0 fnt
|-unboost|p2a: coin|spa|1
|faint|p1a: Regirock
|
|upkeep
|
|t:|1757838564
|switch|p1a: Swampert|Swampert, F, tera:Fairy|100/100
|turn|5
|
|t:|1757838584
|switch|p1a: Zamazenta|Zamazenta|100/100
|-damage|p1a: Zamazenta|94/100|[from] Stealth Rock
|-ability|p1a: Zamazenta|Dauntless Shield|boost
|-boost|p1a: Zamazenta|def|1
|move|p2a: coin|Make It Rain|p1a: Zamazenta
|-damage|p1a: Zamazenta|31/100
|-unboost|p2a: coin|spa|1
|
|upkeep
|turn|6
|
|t:|1757838595
|-terastallize|p2a: coin|Flying
|move|p1a: Zamazenta|Crunch|p2a: coin
|-damage|p2a: coin|65/100
|-unboost|p2a: coin|def|1
|move|p2a: coin|Nasty Plot|p2a: coin
|-boost|p2a: coin|spa|2
|
|upkeep
|turn|7
|
|t:|1757838606
|move|p1a: Zamazenta|Crunch|p2a: coin
|-damage|p2a: coin|15/100
|move|p2a: coin|Make It Rain|p1a: Zamazenta
|-damage|p1a: Zamazenta|0 fnt
|-unboost|p2a: coin|spa|1
|faint|p1a: Zamazenta
|
|upkeep
|
|t:|1757838616
|switch|p1a: Dragonite|Dragonite, M|100/100
|turn|8
|
|t:|1757838627
|move|p1a: Dragonite|Extreme Speed|p2a: coin
|-damage|p2a: coin|0 fnt
|faint|p2a: coin
|
|upkeep
|
|t:|1757838647
|switch|p2a: idk|Iron Valiant, shiny|100/100
|-enditem|p2a: idk|Booster Energy
|-activate|p2a: idk|ability: Quark Drive|[fromitem]
|-start|p2a: idk|quarkdrivespe
|turn|9
|inactive|Chuck2025 has 120 seconds left.
|
|t:|1757838680
|move|p1a: Dragonite|Extreme Speed|p2a: idk
|-damage|p2a: idk|63/100
|move|p2a: idk|Knock Off|p1a: Dragonite
|-damage|p1a: Dragonite|86/100
|-enditem|p1a: Dragonite|Heavy-Duty Boots|[from] move: Knock Off|[of] p2a: idk
|
|upkeep
|turn|10
|
|t:|1757838697
|move|p1a: Dragonite|Extreme Speed|p2a: idk
|-damage|p2a: idk|22/100
|move|p2a: idk|Moonblast|p1a: Dragonite
|-supereffective|p1a: Dragonite
|-damage|p1a: Dragonite|0 fnt
|faint|p1a: Dragonite
|
|upkeep
|inactive|Chuck2025 has 120 seconds left.
|
|t:|1757838711
|switch|p1a: Swampert|Swampert, F, tera:Fairy|100/100
|turn|11
|
|t:|1757838717
|move|p2a: idk|Moonblast|p1a: Swampert
|-damage|p1a: Swampert|55/100
|move|p1a: Swampert|Sludge Wave|p2a: idk
|-supereffective|p2a: idk
|-damage|p2a: idk|0 fnt
|faint|p2a: idk
|-end|p2a: idk|Quark Drive|[silent]
|
|upkeep
|
|t:|1757838725
|switch|p2a: Charlie Kirk|Kingambit, M|100/100
|-activate|p2a: Charlie Kirk|ability: Supreme Overlord
|-start|p2a: Charlie Kirk|fallen4|[silent]
|turn|12
|
|t:|1757838734
|switch|p1a: Iron Hands|Iron Hands, shiny|100/100
|-damage|p1a: Iron Hands|94/100|[from] Stealth Rock
|move|p2a: Charlie Kirk|Iron Head|p1a: Iron Hands
|-resisted|p1a: Iron Hands
|-damage|p1a: Iron Hands|72/100
|-damage|p2a: Charlie Kirk|84/100|[from] item: Rocky Helmet|[of] p1a: Iron Hands
|
|-heal|p2a: Charlie Kirk|90/100|[from] item: Leftovers
|upkeep
|turn|13
|inactive|emln has 120 seconds left.
|
|t:|1757838761
|move|p2a: Charlie Kirk|Kowtow Cleave|p1a: Iron Hands
|-resisted|p1a: Iron Hands
|-damage|p1a: Iron Hands|51/100
|-damage|p2a: Charlie Kirk|74/100|[from] item: Rocky Helmet|[of] p1a: Iron Hands
|move|p1a: Iron Hands|Drain Punch|p2a: Charlie Kirk
|-supereffective|p2a: Charlie Kirk
|-damage|p2a: Charlie Kirk|0 fnt
|-heal|p1a: Iron Hands|75/100|[from] drain|[of] p2a: Charlie Kirk
|faint|p2a: Charlie Kirk
|-end|p2a: Charlie Kirk|fallen4|[silent]
|
|upkeep
|
|t:|1757838771
|switch|p2a: dragon|Dragonite, M|100/100
|turn|14
|
|t:|1757838776
|move|p2a: dragon|Earthquake|p1a: Iron Hands
|-supereffective|p1a: Iron Hands
|-damage|p1a: Iron Hands|30/100
|move|p1a: Iron Hands|Play Rough|p2a: dragon
|-supereffective|p2a: dragon
|-damage|p2a: dragon|57/100
|
|upkeep
|turn|15
|
|t:|1757838785
|move|p2a: dragon|Earthquake|p1a: Iron Hands
|-supereffective|p1a: Iron Hands
|-damage|p1a: Iron Hands|0 fnt
|faint|p1a: Iron Hands
|-end|p1a: Iron Hands|Quark Drive|[silent]
|
|upkeep
|
|t:|1757838793
|switch|p1a: Swampert|Swampert, F, tera:Fairy|55/100
|turn|16
|
|t:|1757838797
|move|p2a: dragon|Extreme Speed|p1a: Swampert
|-damage|p1a: Swampert|29/100
|move|p1a: Swampert|Ice Beam|p2a: dragon
|-supereffective|p2a: dragon
|-damage|p2a: dragon|0 fnt
|faint|p2a: dragon
|
|win|Chuck2025
|raw|Chuck2025's rating: 1127 &rarr; <strong>1150</strong><br />(+23 for winning)
|raw|emln's rating: 1102 &rarr; <strong>1079</strong><br />(-23 for losing)
|l|☆emln
|player|p2|
|l|☆Chuck2025
|player|p1|
