|j|‽hanziyu
|j|☆THC CTE gang gang
|t:|1757850584
|gametype|singles
|player|p1|hanziyu|steven|1114
|player|p2|THC CTE gang gang|harlequin|1059
|gen|9
|tier|[Gen 9] OU
|rated|
|rule|HP Percentage Mod: HP is shown in percentages
|rule|Endless Battle Clause: Forcing endless battles is banned
|rule|Species Clause: Limit one of each Pokémon
|rule|OHKO Clause: OHKO moves are banned
|rule|Evasion Items Clause: Evasion items are banned
|rule|Evasion Moves Clause: Evasion moves are banned
|rule|Evasion Abilities Clause: Evasion abilities are banned
|rule|Sleep Moves Clause: Sleep-inducing moves are banned
|clearpoke
|poke|p1|Ogerpon-Wellspring, F|
|poke|p1|Corviknight, M|
|poke|p1|Great Tusk|
|poke|p1|Hoopa-Unbound|
|poke|p1|Moltres|
|poke|p1|Scizor, M|
|poke|p2|Kommo-o, F|
|poke|p2|Arcanine-Hisui, M|
|poke|p2|Clefable, M|
|poke|p2|Dragonite, F|
|poke|p2|Weavile, F|
|poke|p2|Gengar, F|
|teampreview
|inactive|Battle timer is ON: inactive players will automatically lose when time's up. (requested by hanziyu)
|inactive|hanziyu has 120 seconds left.
|
|t:|1757850621
|teamsize|p1|6
|teamsize|p2|6
|start
|switch|p1a: Great Tusk|Great Tusk|100/100
|switch|p2a: Gengar|Gengar, F|100/100
|turn|1
|
|t:|1757850633
|-end|p1a: Great Tusk|Protosynthesis|[silent]
|switch|p1a: Hoopa|Hoopa-Unbound|100/100
|move|p2a: Gengar|Will-O-Wisp|p1a: Hoopa
|-status|p1a: Hoopa|brn
|
|-damage|p1a: Hoopa|94/100 brn|[from] brn
|upkeep
|turn|2
|
|t:|1757850662
|switch|p2a: Arcanine|Arcanine-Hisui, M|100/100
|move|p1a: Hoopa|Psychic Noise|p2a: Arcanine
|-damage|p2a: Arcanine|42/100
|-start|p2a: Arcanine|move: Heal Block
|
|-damage|p1a: Hoopa|88/100 brn|[from] brn
|upkeep
|turn|3
|
|t:|1757850678
|switch|p1a: Great Tusk|Great Tusk|100/100
|move|p2a: Arcanine|Head Smash|p1a: Great Tusk
|-resisted|p1a: Great Tusk
|-damage|p1a: Great Tusk|89/100
|
|-end|p2a: Arcanine|move: Heal Block
|upkeep
|turn|4
|inactive|THC CTE gang gang has 120 seconds left.
|
|t:|1757850696
|switch|p2a: Clefable|Clefable, M|100/100
|move|p1a: Great Tusk|Earthquake|p2a: Clefable
|-damage|p2a: Clefable|34/100
|
|upkeep
|turn|5
|inactive|THC CTE gang gang has 120 seconds left.
|
|t:|1757850707
|switch|p2a: Dragonite|Dragonite, F|100/100
|move|p1a: Great Tusk|Stealth Rock|p2a: Dragonite
|-sidestart|p2: THC CTE gang gang|move: Stealth Rock
|
|upkeep
|turn|6
|
|t:|1757850718
|move|p1a: Great Tusk|Ice Spinner|p2a: Dragonite
|-supereffective|p2a: Dragonite
|-damage|p2a: Dragonite|40/100
|move|p2a: Dragonite|Dragon Claw|p1a: Great Tusk
|-damage|p1a: Great Tusk|38/100
|
|upkeep
|turn|7
|
|t:|1757850730
|switch|p2a: Arcanine|Arcanine-Hisui, M|42/100
|-damage|p2a: Arcanine|18/100|[from] Stealth Rock
|move|p1a: Great Tusk|Ice Spinner|p2a: Arcanine
|-resisted|p2a: Arcanine
|-damage|p2a: Arcanine|0 fnt
|faint|p2a: Arcanine
|
|upkeep
|inactive|THC CTE gang gang has 120 seconds left.
|
|t:|1757850740
|switch|p2a: Weavile|Weavile, F|100/100
|-damage|p2a: Weavile|76/100|[from] Stealth Rock
|-ability|p2a: Weavile|Pressure
|turn|8
|
|t:|1757850748
|-end|p1a: Great Tusk|Protosynthesis|[silent]
|switch|p1a: Corviknight|Corviknight, M|100/100
|-ability|p1a: Corviknight|Pressure
|move|p2a: Weavile|Knock Off|p1a: Corviknight
|-damage|p1a: Corviknight|71/100
|-damage|p2a: Weavile|59/100|[from] item: Rocky Helmet|[of] p1a: Corviknight
|-enditem|p1a: Corviknight|Rocky Helmet|[from] move: Knock Off|[of] p2a: Weavile
|
|upkeep
|turn|9
|
|t:|1757850758
|switch|p2a: Clefable|Clefable, M|34/100
|move|p1a: Corviknight|U-turn|p2a: Clefable
|-resisted|p2a: Clefable
|-crit|p2a: Clefable
|-damage|p2a: Clefable|20/100
|
|t:|1757850764
|switch|p1a: Scizor|Scizor, M|100/100|[from] U-turn
|
|upkeep
|turn|10
|
|t:|1757850770
|switch|p2a: Kommo-o|Kommo-o, F|100/100
|-damage|p2a: Kommo-o|94/100|[from] Stealth Rock
|move|p1a: Scizor|U-turn|p2a: Kommo-o
|-resisted|p2a: Kommo-o
|-damage|p2a: Kommo-o|63/100
|
|t:|1757850780
|switch|p1a: Hoopa|Hoopa-Unbound|88/100 brn|[from] U-turn
|
|-damage|p1a: Hoopa|82/100 brn|[from] brn
|upkeep
|turn|11
|
|t:|1757850789
|move|p2a: Kommo-o|Clangorous Soul|p2a: Kommo-o
|-boost|p2a: Kommo-o|atk|1
|-boost|p2a: Kommo-o|def|1
|-boost|p2a: Kommo-o|spa|1
|-boost|p2a: Kommo-o|spd|1
|-boost|p2a: Kommo-o|spe|1
|-damage|p2a: Kommo-o|30/100
|-enditem|p2a: Kommo-o|Sitrus Berry|[eat]
|-heal|p2a: Kommo-o|54/100|[from] item: Sitrus Berry
|move|p1a: Hoopa|Psychic Noise|p2a: Kommo-o
|-immune|p2a: Kommo-o|[from] ability: Soundproof
|
|-damage|p1a: Hoopa|76/100 brn|[from] brn
|upkeep
|turn|12
|
|t:|1757850807
|switch|p1a: Corviknight|Corviknight, M|71/100
|-ability|p1a: Corviknight|Pressure
|move|p2a: Kommo-o|Drain Punch|p1a: Corviknight
|-crit|p1a: Corviknight
|-damage|p1a: Corviknight|28/100
|-heal|p2a: Kommo-o|84/100|[from] drain|[of] p1a: Corviknight
|
|upkeep
|turn|13
|
|t:|1757850822
|move|p2a: Kommo-o|Clangorous Soul|p2a: Kommo-o
|-boost|p2a: Kommo-o|atk|1
|-boost|p2a: Kommo-o|def|1
|-boost|p2a: Kommo-o|spa|1
|-boost|p2a: Kommo-o|spd|1
|-boost|p2a: Kommo-o|spe|1
|-damage|p2a: Kommo-o|51/100
|move|p1a: Corviknight|Brave Bird|p2a: Kommo-o
|-supereffective|p2a: Kommo-o
|-damage|p2a: Kommo-o|16/100
|-damage|p1a: Corviknight|19/100|[from] Recoil
|
|upkeep
|turn|14
|
|t:|1757850845
|move|p2a: Kommo-o|Drain Punch|p1a: Corviknight
|-damage|p1a: Corviknight|0 fnt
|-heal|p2a: Kommo-o|29/100|[from] drain|[of] p1a: Corviknight
|faint|p1a: Corviknight
|
|upkeep
|
|t:|1757850848
|switch|p1a: Scizor|Scizor, M|100/100
|turn|15
|
|t:|1757850855
|move|p1a: Scizor|Bullet Punch|p2a: Kommo-o
|-damage|p2a: Kommo-o|6/100
|move|p2a: Kommo-o|Drain Punch|p1a: Scizor
|-damage|p1a: Scizor|28/100
|-heal|p2a: Kommo-o|45/100|[from] drain|[of] p1a: Scizor
|
|upkeep
|turn|16
|
|t:|1757850864
|switch|p1a: Moltres|Moltres, shiny|100/100
|-ability|p1a: Moltres|Pressure
|move|p2a: Kommo-o|Drain Punch|p1a: Moltres
|-resisted|p1a: Moltres
|-damage|p1a: Moltres|77/100
|-heal|p2a: Kommo-o|60/100|[from] drain|[of] p1a: Moltres
|
|upkeep
|turn|17
|
|t:|1757850877
|move|p2a: Kommo-o|Tera Blast|p1a: Moltres
|-damage|p1a: Moltres|33/100
|move|p1a: Moltres|Roar|p2a: Kommo-o
|-immune|p2a: Kommo-o|[from] ability: Soundproof
|
|upkeep
|turn|18
|
|t:|1757850883
|move|p2a: Kommo-o|Tera Blast|p1a: Moltres
|-damage|p1a: Moltres|0 fnt
|faint|p1a: Moltres
|
|upkeep
|
|t:|1757850888
|switch|p1a: Great Tusk|Great Tusk|38/100
|turn|19
|
|t:|1757850893
|move|p2a: Kommo-o|Drain Punch|p1a: Great Tusk
|-damage|p1a: Great Tusk|0 fnt
|-heal|p2a: Kommo-o|84/100|[from] drain|[of] p1a: Great Tusk
|faint|p1a: Great Tusk
|-end|p1a: Great Tusk|Protosynthesis|[silent]
|
|upkeep
|
|t:|1757850896
|switch|p1a: Ogerpon|Ogerpon-Wellspring, F|100/100
|turn|20
|
|t:|1757850907
|move|p2a: Kommo-o|Drain Punch|p1a: Ogerpon
|-damage|p1a: Ogerpon|16/100
|-heal|p2a: Kommo-o|100/100|[from] drain|[of] p1a: Ogerpon
|move|p1a: Ogerpon|Play Rough|p2a: Kommo-o
|-supereffective|p2a: Kommo-o
|-damage|p2a: Kommo-o|30/100
|
|upkeep
|turn|21
|
|t:|1757850916
|move|p2a: Kommo-o|Drain Punch|p1a: Ogerpon
|-damage|p1a: Ogerpon|0 fnt
|-heal|p2a: Kommo-o|39/100|[from] drain|[of] p1a: Ogerpon
|faint|p1a: Ogerpon
|
|upkeep
|
|t:|1757850920
|switch|p1a: Hoopa|Hoopa-Unbound|76/100 brn
|turn|22
|
|t:|1757850923
|-terastallize|p1a: Hoopa|Fairy
|move|p2a: Kommo-o|Drain Punch|p1a: Hoopa
|-resisted|p1a: Hoopa
|-damage|p1a: Hoopa|39/100 brn
|-heal|p2a: Kommo-o|62/100|[from] drain|[of] p1a: Hoopa
|move|p1a: Hoopa|Thunderbolt|p2a: Kommo-o
|-resisted|p2a: Kommo-o
|-crit|p2a: Kommo-o
|-damage|p2a: Kommo-o|31/100
|
|-damage|p1a: Hoopa|33/100 brn|[from] brn
|upkeep
|turn|23
|-message|hanziyu forfeited.
|
|win|THC CTE gang gang
|raw|hanziyu's rating: 1114 &rarr; <strong>1085</strong><br />(-29 for losing)
|raw|THC CTE gang gang's rating: 1059 &rarr; <strong>1095</strong><br />(+36 for winning)
|l|‽hanziyu
|player|p1|
