|j|☆mouseg
|j|☆skater66
|t:|1757846478
|gametype|singles
|player|p1|mouseg|102|1278
|player|p2|skater66|101|1378
|gen|9
|tier|[Gen 9] OU
|rated|
|rule|HP Percentage Mod: HP is shown in percentages
|rule|Endless Battle Clause: Forcing endless battles is banned
|rule|Species Clause: Limit one of each Pokémon
|rule|OHKO Clause: OHKO moves are banned
|rule|Evasion Items Clause: Evasion items are banned
|rule|Evasion Moves Clause: Evasion moves are banned
|rule|Evasion Abilities Clause: Evasion abilities are banned
|rule|Sleep Moves Clause: Sleep-inducing moves are banned
|clearpoke
|poke|p1|Iron Crown|
|poke|p1|Meowscarada, M|
|poke|p1|Great Tusk|
|poke|p1|Pecharunt|
|poke|p1|Ting-Lu|
|poke|p1|Iron Valiant|
|poke|p2|Porygon2|
|poke|p2|Pecharunt|
|poke|p2|Cloyster, F|
|poke|p2|Ditto|
|poke|p2|Samurott-Hisui, F|
|poke|p2|Mew|
|teampreview
|inactive|Battle timer is ON: inactive players will automatically lose when time's up. (requested by mouseg)
|inactive|skater66 has 120 seconds left.
|c|☆skater66|always the same bots
|
|t:|1757846531
|teamsize|p1|6
|teamsize|p2|6
|start
|switch|p1a: Meowscarada|Meowscarada, M|100/100
|switch|p2a: Samurott|Samurott-Hisui, F|100/100
|turn|1
|inactive|mouseg has 120 seconds left.
|
|t:|1757846566
|move|p2a: Samurott|Flip Turn|p1a: Meowscarada
|-resisted|p1a: Meowscarada
|-damage|p1a: Meowscarada|77/100
|
|t:|1757846572
|switch|p2a: Pecharunt|Pecharunt|100/100|[from] Flip Turn
|move|p1a: Meowscarada|U-turn|p2a: Pecharunt
|-start|p1a: Meowscarada|typechange|Bug|[from] ability: Protean
|-resisted|p2a: Pecharunt
|-damage|p2a: Pecharunt|95/100
|
|t:|1757846577
|switch|p1a: Iron Crown|Iron Crown|100/100|[from] U-turn
|
|upkeep
|turn|2
|
|t:|1757846583
|move|p1a: Iron Crown|Volt Switch|p2a: Pecharunt
|-damage|p2a: Pecharunt|60/100
|
|t:|1757846588
|-end|p1a: Iron Crown|Quark Drive|[silent]
|switch|p1a: Meowscarada|Meowscarada, M|77/100|[from] Volt Switch
|move|p2a: Pecharunt|Parting Shot|p1a: Meowscarada
|-unboost|p1a: Meowscarada|atk|1
|-unboost|p1a: Meowscarada|spa|1
|
|t:|1757846595
|switch|p2a: Mew|Mew|100/100|[from] Parting Shot
|
|upkeep
|turn|3
|inactive|mouseg has 120 seconds left.
|inactive|mouseg has 90 seconds left.
|
|t:|1757846670
|move|p1a: Meowscarada|U-turn|p2a: Mew
|-start|p1a: Meowscarada|typechange|Bug|[from] ability: Protean
|-supereffective|p2a: Mew
|-damage|p2a: Mew|32/100
|
|t:|1757846682
|switch|p1a: Iron Crown|Iron Crown|100/100|[from] U-turn
|move|p2a: Mew|Bug Buzz|p1a: Iron Crown
|-damage|p1a: Iron Crown|75/100
|
|-heal|p2a: Mew|38/100|[from] item: Leftovers
|upkeep
|turn|4
|
|t:|1757846696
|move|p2a: Mew|Future Sight|p1a: Iron Crown
|-start|p2a: Mew|move: Future Sight
|move|p1a: Iron Crown|Tachyon Cutter|p2a: Mew
|-damage|p2a: Mew|1/100
|-damage|p2a: Mew|0 fnt
|faint|p2a: Mew
|-hitcount|p2: Mew|2
|
|upkeep
|
|t:|1757846704
|switch|p2a: Samurott|Samurott-Hisui, F|100/100
|turn|5
|
|t:|1757846722
|-end|p1a: Iron Crown|Quark Drive|[silent]
|switch|p1a: Great Tusk|Great Tusk|100/100
|move|p2a: Samurott|Ceaseless Edge|p1a: Great Tusk
|-resisted|p1a: Great Tusk
|-damage|p1a: Great Tusk|88/100
|-sidestart|p1: mouseg|Spikes
|
|-heal|p1a: Great Tusk|94/100|[from] item: Leftovers
|upkeep
|turn|6
|inactive|skater66 has 120 seconds left.
|
|t:|1757846782
|switch|p2a: Pecharunt|Pecharunt|60/100
|move|p1a: Great Tusk|Rapid Spin|p2a: Pecharunt
|-immune|p2a: Pecharunt
|
|-end|p1a: Great Tusk|move: Future Sight
|-supereffective|p1a: Great Tusk
|-damage|p1a: Great Tusk|0 fnt
|faint|p1a: Great Tusk
|-end|p1a: Great Tusk|Protosynthesis|[silent]
|upkeep
|inactive|mouseg has 60 seconds left.
|
|t:|1757846808
|switch|p1a: Meowscarada|Meowscarada, M|77/100
|-damage|p1a: Meowscarada|65/100|[from] Spikes
|turn|7
|inactive|skater66 has 90 seconds left.
|
|t:|1757846835
|move|p1a: Meowscarada|Knock Off|p2a: Pecharunt
|-start|p1a: Meowscarada|typechange|Dark|[from] ability: Protean
|-supereffective|p2a: Pecharunt
|-damage|p2a: Pecharunt|0 fnt
|-enditem|p2a: Pecharunt|Heavy-Duty Boots|[from] move: Knock Off|[of] p1a: Meowscarada
|faint|p2a: Pecharunt
|
|upkeep
|
|t:|1757846845
|switch|p2a: Cloyster|Cloyster, F|100/100
|turn|8
|
|t:|1757846868
|move|p1a: Meowscarada|Knock Off|p2a: Cloyster
|-damage|p2a: Cloyster|41/100
|-enditem|p2a: Cloyster|Focus Sash|[from] move: Knock Off|[of] p1a: Meowscarada
|move|p2a: Cloyster|Shell Smash|p2a: Cloyster
|-unboost|p2a: Cloyster|def|1
|-unboost|p2a: Cloyster|spd|1
|-boost|p2a: Cloyster|atk|2
|-boost|p2a: Cloyster|spa|2
|-boost|p2a: Cloyster|spe|2
|
|upkeep
|turn|9
|inactive|skater66 has 90 seconds left.
|
|t:|1757846889
|move|p2a: Cloyster|Icicle Spear|p1a: Meowscarada
|-damage|p1a: Meowscarada|25/100
|-damage|p1a: Meowscarada|0 fnt
|faint|p1a: Meowscarada
|-hitcount|p1: Meowscarada|2
|
|upkeep
|inactive|mouseg has 60 seconds left.
|
|t:|1757846909
|switch|p1a: Iron Valiant|Iron Valiant|100/100
|-damage|p1a: Iron Valiant|88/100|[from] Spikes
|-enditem|p1a: Iron Valiant|Booster Energy
|-activate|p1a: Iron Valiant|ability: Quark Drive|[fromitem]
|-start|p1a: Iron Valiant|quarkdrivespe
|turn|10
|inactive|mouseg has 60 seconds left.
|inactive|skater66 has 90 seconds left.
|
|t:|1757846938
|move|p2a: Cloyster|Ice Shard|p1a: Iron Valiant
|-damage|p1a: Iron Valiant|41/100
|move|p1a: Iron Valiant|Moonblast|p2a: Cloyster
|-damage|p2a: Cloyster|0 fnt
|faint|p2a: Cloyster
|
|upkeep
|
|t:|1757846945
|switch|p2a: Porygon2|Porygon2, shiny|100/100
|-ability|p2a: Porygon2|Download|boost
|-boost|p2a: Porygon2|spa|1
|turn|11
|
|t:|1757846954
|move|p1a: Iron Valiant|Close Combat|p2a: Porygon2
|-supereffective|p2a: Porygon2
|-damage|p2a: Porygon2|33/100
|-unboost|p1a: Iron Valiant|def|1
|-unboost|p1a: Iron Valiant|spd|1
|move|p2a: Porygon2|Psychic|p1a: Iron Valiant
|-supereffective|p1a: Iron Valiant
|-damage|p1a: Iron Valiant|0 fnt
|faint|p1a: Iron Valiant
|-end|p1a: Iron Valiant|Quark Drive|[silent]
|
|upkeep
|
|t:|1757846962
|switch|p1a: Iron Crown|Iron Crown|75/100
|-damage|p1a: Iron Crown|63/100|[from] Spikes
|turn|12
|inactive|skater66 has 90 seconds left.
|
|t:|1757846969
|move|p1a: Iron Crown|Tachyon Cutter|p2a: Porygon2
|-damage|p2a: Porygon2|15/100
|-damage|p2a: Porygon2|0 fnt
|faint|p2a: Porygon2
|-hitcount|p2: Porygon2|2
|
|upkeep
|inactive|skater66 has 90 seconds left.
|
|t:|1757846975
|switch|p2a: Samurott|Samurott-Hisui, F|100/100
|turn|13
|
|t:|1757846994
|-end|p1a: Iron Crown|Quark Drive|[silent]
|switch|p1a: Pecharunt|Pecharunt|100/100
|move|p2a: Samurott|Razor Shell|p1a: Pecharunt
|-damage|p1a: Pecharunt|77/100
|
|upkeep
|turn|14
|
|t:|1757847000
|switch|p2a: Ditto|Ditto|100/100
|-transform|p2a: Ditto|p1a: Pecharunt|[from] ability: Imposter
|move|p1a: Pecharunt|Malignant Chain|p2a: Ditto
|-resisted|p2a: Ditto
|-damage|p2a: Ditto|91/100
|
|upkeep
|turn|15
|
|t:|1757847009
|move|p2a: Ditto|Parting Shot|p1a: Pecharunt
|-unboost|p1a: Pecharunt|atk|1
|-unboost|p1a: Pecharunt|spa|1
|
|t:|1757847012
|switch|p2a: Samurott|Samurott-Hisui, F|100/100|[from] Parting Shot
|move|p1a: Pecharunt|Hex|p2a: Samurott
|-resisted|p2a: Samurott
|-damage|p2a: Samurott|91/100
|
|upkeep
|turn|16
|inactive|skater66 has 120 seconds left.
|inactive|mouseg has 90 seconds left.
|
|t:|1757847037
|-terastallize|p1a: Pecharunt|Fairy
|move|p2a: Samurott|Ceaseless Edge|p1a: Pecharunt|[miss]
|-miss|p2a: Samurott|p1a: Pecharunt
|move|p1a: Pecharunt|Malignant Chain|p2a: Samurott
|-damage|p2a: Samurott|59/100
|
|upkeep
|turn|17
|inactive|mouseg has 90 seconds left.
|inactive|skater66 has 120 seconds left.
|
|t:|1757847056
|switch|p2a: Ditto|Ditto|91/100
|-transform|p2a: Ditto|p1a: Pecharunt|[from] ability: Imposter
|move|p1a: Pecharunt|Malignant Chain|p2a: Ditto
|-resisted|p2a: Ditto
|-damage|p2a: Ditto|84/100
|
|upkeep
|-start|p2a: Ditto|typechange|Poison/Ghost|[silent]
|turn|18
|inactive|skater66 has 120 seconds left.
|
|t:|1757847065
|switch|p1a: Iron Crown|Iron Crown|63/100
|-damage|p1a: Iron Crown|50/100|[from] Spikes
|move|p2a: Ditto|Malignant Chain|p1a: Iron Crown
|-immune|p1a: Iron Crown
|
|upkeep
|turn|19
|
|t:|1757847077
|switch|p2a: Samurott|Samurott-Hisui, F|59/100
|move|p1a: Iron Crown|Volt Switch|p2a: Samurott
|-supereffective|p2a: Samurott
|-damage|p2a: Samurott|0 fnt
|faint|p2a: Samurott
|
|t:|1757847080
|-end|p1a: Iron Crown|Quark Drive|[silent]
|switch|p1a: Ting-Lu|Ting-Lu|100/100|[from] Volt Switch
|-damage|p1a: Ting-Lu|88/100|[from] Spikes
|-ability|p1a: Ting-Lu|Vessel of Ruin
|
|-heal|p1a: Ting-Lu|94/100|[from] item: Leftovers
|upkeep
|c|☆mouseg|gg
|inactive|skater66 has 120 seconds left.
|
|t:|1757847100
|switch|p2a: Ditto|Ditto|84/100
|-transform|p2a: Ditto|p1a: Ting-Lu|[from] ability: Imposter
|-ability|p2a: Ditto|Vessel of Ruin
|turn|20
|
|t:|1757847112
|move|p1a: Ting-Lu|Earthquake|p2a: Ditto
|-damage|p2a: Ditto|46/100
|move|p2a: Ditto|Whirlwind|p1a: Ting-Lu
|drag|p1a: Iron Crown|Iron Crown|50/100
|-damage|p1a: Iron Crown|38/100|[from] Spikes
|
|upkeep
|turn|21
|
|t:|1757847119
|move|p1a: Iron Crown|Tachyon Cutter|p2a: Ditto
|-damage|p2a: Ditto|21/100
|-damage|p2a: Ditto|0 fnt
|faint|p2a: Ditto
|-hitcount|p2: Ditto|2
|
|win|mouseg
|raw|mouseg's rating: 1278 &rarr; <strong>1310</strong><br />(+32 for winning)
|raw|skater66's rating: 1378 &rarr; <strong>1352</strong><br />(-26 for losing)
|l|☆skater66
|player|p2|
|l|☆mouseg
|player|p1|
