|j|☆susumu808
|j|☆LooksGoodToMe
|t:|1757914266
|gametype|singles
|player|p1|susumu808|cyrus|1266
|player|p2|LooksGoodToMe|169|1214
|gen|9
|tier|[Gen 9] OU
|rated|
|rule|HP Percentage Mod: HP is shown in percentages
|rule|Endless Battle Clause: Forcing endless battles is banned
|rule|Species Clause: Limit one of each Pokémon
|rule|OHKO Clause: OHKO moves are banned
|rule|Evasion Items Clause: Evasion items are banned
|rule|Evasion Moves Clause: Evasion moves are banned
|rule|Evasion Abilities Clause: Evasion abilities are banned
|rule|Sleep Moves Clause: Sleep-inducing moves are banned
|clearpoke
|poke|p1|Blaziken, F|
|poke|p1|Serperior, M|
|poke|p1|Gyarados, M|
|poke|p1|Kommo-o, F|
|poke|p1|Dragonite, F|
|poke|p1|Deoxys-Defense|
|poke|p2|Dragapult, M|
|poke|p2|Zamazenta-*|
|poke|p2|Darkrai|
|poke|p2|Cinderace, M|
|poke|p2|Iron Valiant|
|poke|p2|Ogerpon-Wellspring, F|
|teampreview
|inactive|Battle timer is ON: inactive players will automatically lose when time's up. (requested by susumu808)
|
|t:|1757914293
|teamsize|p1|6
|teamsize|p2|6
|start
|switch|p1a: Kommo-o|Kommo-o, F|100/100
|switch|p2a: Darkrai|Darkrai|100/100
|turn|1
|c|☆LooksGoodToMe|hf
|inactive|LooksGoodToMe also wants the timer to be on.
|
|t:|1757914319
|move|p2a: Darkrai|Ice Beam|p1a: Kommo-o
|-supereffective|p1a: Kommo-o
|-damage|p1a: Kommo-o|9/100
|-enditem|p1a: Kommo-o|Aguav Berry|[eat]
|-heal|p1a: Kommo-o|43/100|[from] item: Aguav Berry
|-damage|p2a: Darkrai|91/100|[from] item: Life Orb
|move|p1a: Kommo-o|Clangorous Soul|p1a: Kommo-o
|-boost|p1a: Kommo-o|atk|1
|-boost|p1a: Kommo-o|def|1
|-boost|p1a: Kommo-o|spa|1
|-boost|p1a: Kommo-o|spd|1
|-boost|p1a: Kommo-o|spe|1
|-damage|p1a: Kommo-o|10/100
|
|upkeep
|turn|2
|inactive|LooksGoodToMe has 120 seconds left.
|
|t:|1757914343
|switch|p2a: Dragapult|Dragapult, M|100/100
|move|p1a: Kommo-o|Drain Punch|p2a: Dragapult
|-immune|p2a: Dragapult
|
|upkeep
|turn|3
|inactive|LooksGoodToMe has 120 seconds left.
|
|t:|1757914369
|move|p1a: Kommo-o|Dragon Claw|p2a: Dragapult
|-supereffective|p2a: Dragapult
|-damage|p2a: Dragapult|0 fnt
|faint|p2a: Dragapult
|
|upkeep
|
|t:|1757914384
|switch|p2a: Iron Valiant|Iron Valiant|100/100
|turn|4
|
|t:|1757914396
|move|p1a: Kommo-o|Poison Jab|p2a: Iron Valiant
|-supereffective|p2a: Iron Valiant
|-damage|p2a: Iron Valiant|9/100
|-status|p2a: Iron Valiant|psn
|move|p2a: Iron Valiant|Moonblast|p1a: Kommo-o
|-supereffective|p1a: Kommo-o
|-damage|p1a: Kommo-o|0 fnt
|faint|p1a: Kommo-o
|-damage|p2a: Iron Valiant|0 fnt|[from] item: Life Orb
|faint|p2a: Iron Valiant
|-end|p2a: Iron Valiant|Quark Drive|[silent]
|
|upkeep
|inactive|LooksGoodToMe has 90 seconds left.
|
|t:|1757914412
|switch|p2a: Zamazenta|Zamazenta|100/100
|switch|p1a: Blaziken|Blaziken, F, shiny|100/100
|-ability|p2a: Zamazenta|Dauntless Shield|boost
|-boost|p2a: Zamazenta|def|1
|turn|5
|inactive|LooksGoodToMe has 90 seconds left.
|
|t:|1757914437
|switch|p2a: Darkrai|Darkrai|91/100
|move|p1a: Blaziken|Swords Dance|p1a: Blaziken
|-boost|p1a: Blaziken|atk|2
|
|-ability|p1a: Blaziken|Speed Boost|boost
|-boost|p1a: Blaziken|spe|1
|upkeep
|turn|6
|
|t:|1757914463
|move|p1a: Blaziken|Earthquake|p2a: Darkrai
|-damage|p2a: Darkrai|7/100
|move|p2a: Darkrai|Sludge Bomb|p1a: Blaziken
|-damage|p1a: Blaziken|40/100
|-damage|p2a: Darkrai|0 fnt|[from] item: Life Orb
|faint|p2a: Darkrai
|
|-ability|p1a: Blaziken|Speed Boost|boost
|-boost|p1a: Blaziken|spe|1
|upkeep
|inactive|LooksGoodToMe has 60 seconds left.
|
|t:|1757914493
|switch|p2a: Zamazenta|Zamazenta|100/100
|turn|7
|
|t:|1757914513
|switch|p2a: Cinderace|Cinderace, M|100/100
|-terastallize|p1a: Blaziken|Ghost
|move|p1a: Blaziken|Earthquake|p2a: Cinderace
|-supereffective|p2a: Cinderace
|-damage|p2a: Cinderace|0 fnt
|faint|p2a: Cinderace
|
|-ability|p1a: Blaziken|Speed Boost|boost
|-boost|p1a: Blaziken|spe|1
|upkeep
|
|t:|1757914522
|switch|p2a: Zamazenta|Zamazenta|100/100
|turn|8
|
|t:|1757914530
|switch|p2a: Ogerpon|Ogerpon-Wellspring, F|100/100
|move|p1a: Blaziken|Earthquake|p2a: Ogerpon
|-resisted|p2a: Ogerpon
|-damage|p2a: Ogerpon|56/100
|
|-ability|p1a: Blaziken|Speed Boost|boost
|-boost|p1a: Blaziken|spe|1
|upkeep
|turn|9
|
|t:|1757914538
|move|p1a: Blaziken|Endure|p1a: Blaziken
|-singleturn|p1a: Blaziken|move: Endure
|move|p2a: Ogerpon|Trailblaze|p1a: Blaziken
|-activate|p1a: Blaziken|move: Endure
|-damage|p1a: Blaziken|1/100
|-boost|p2a: Ogerpon|spe|1
|
|-ability|p1a: Blaziken|Speed Boost|boost
|-boost|p1a: Blaziken|spe|1
|upkeep
|turn|10
|
|t:|1757914546
|move|p1a: Blaziken|Reversal|p2a: Ogerpon
|-damage|p2a: Ogerpon|0 fnt
|faint|p2a: Ogerpon
|
|-ability|p1a: Blaziken|Speed Boost|boost
|-boost|p1a: Blaziken|spe|1
|upkeep
|
|t:|1757914551
|switch|p2a: Zamazenta|Zamazenta|100/100
|turn|11
|
|t:|1757914554
|move|p1a: Blaziken|Reversal|p2a: Zamazenta
|-damage|p2a: Zamazenta|0 fnt
|faint|p2a: Zamazenta
|
|win|susumu808
|raw|susumu808's rating: 1266 &rarr; <strong>1287</strong><br />(+21 for winning)
|raw|LooksGoodToMe's rating: 1214 &rarr; <strong>1193</strong><br />(-21 for losing)
|c|☆LooksGoodToMe|gg
|l|☆susumu808
|player|p1|
