|j|☆jandrypapu
|j|☆parashooter15
|t:|1757826765
|gametype|singles
|player|p1|jandrypapu|clerk|1272
|player|p2|parashooter15|li|1215
|gen|9
|tier|[Gen 9] OU
|rated|
|rule|HP Percentage Mod: HP is shown in percentages
|rule|Endless Battle Clause: Forcing endless battles is banned
|rule|Species Clause: Limit one of each Pokémon
|rule|OHKO Clause: OHKO moves are banned
|rule|Evasion Items Clause: Evasion items are banned
|rule|Evasion Moves Clause: Evasion moves are banned
|rule|Evasion Abilities Clause: Evasion abilities are banned
|rule|Sleep Moves Clause: Sleep-inducing moves are banned
|clearpoke
|poke|p1|Sylveon, F|
|poke|p1|Espeon, F|
|poke|p1|Jolteon, M|
|poke|p1|Leafeon, M|
|poke|p1|Umbreon, M|
|poke|p1|Flareon, M|
|poke|p2|Ceruledge, M|
|poke|p2|Dondozo, M|
|poke|p2|Tornadus-Therian, M|
|poke|p2|Sandy Shocks|
|poke|p2|Meowscarada, M|
|poke|p2|Goodra-Hisui, F|
|teampreview
|
|t:|1757826794
|teamsize|p1|6
|teamsize|p2|6
|start
|switch|p1a: Jolteon|Jolteon, M|100/100
|switch|p2a: Meowscarada|Meowscarada, M|100/100
|turn|1
|
|t:|1757826822
|move|p2a: Meowscarada|Flower Trick|p1a: Jolteon
|-start|p2a: Meowscarada|typechange|Grass|[from] ability: Protean
|-crit|p1a: Jolteon
|-damage|p1a: Jolteon|3/100
|move|p1a: Jolteon|Volt Switch|p2a: Meowscarada
|-resisted|p2a: Meowscarada
|-damage|p2a: Meowscarada|63/100
|
|t:|1757826831
|switch|p1a: Flareon|Flareon, M|100/100|[from] Volt Switch
|
|upkeep
|turn|2
|
|t:|1757826847
|switch|p2a: Dondozo|Dondozo, M|100/100
|move|p1a: Flareon|Will-O-Wisp|p2a: Dondozo
|-status|p2a: Dondozo|brn
|
|-damage|p2a: Dondozo|94/100 brn|[from] brn
|upkeep
|turn|3
|
|t:|1757826885
|switch|p1a: Leafeon|Leafeon, M|100/100
|move|p2a: Dondozo|Curse|p2a: Dondozo
|-unboost|p2a: Dondozo|spe|1
|-boost|p2a: Dondozo|atk|1
|-boost|p2a: Dondozo|def|1
|
|-damage|p2a: Dondozo|88/100 brn|[from] brn
|upkeep
|turn|4
|
|t:|1757826903
|switch|p2a: Ceruledge|Ceruledge, M|100/100
|move|p1a: Leafeon|Leech Seed|p2a: Ceruledge
|-start|p2a: Ceruledge|move: Leech Seed
|
|-damage|p2a: Ceruledge|88/100|[from] Leech Seed|[of] p1a: Leafeon
|upkeep
|turn|5
|
|t:|1757826916
|switch|p1a: Umbreon|Umbreon, M|100/100
|move|p2a: Ceruledge|Bitter Blade|p1a: Umbreon
|-damage|p1a: Umbreon|68/100
|-heal|p2a: Ceruledge|100/100|[from] drain|[of] p1a: Umbreon
|
|-heal|p1a: Umbreon|74/100|[from] item: Leftovers
|-damage|p2a: Ceruledge|88/100|[from] Leech Seed|[of] p1a: Umbreon
|-heal|p1a: Umbreon|83/100|[silent]
|upkeep
|turn|6
|inactive|Battle timer is ON: inactive players will automatically lose when time's up. (requested by jandrypapu)
|
|t:|1757827005
|switch|p2a: Goodra|Goodra-Hisui, F|100/100
|move|p1a: Umbreon|Toxic|p2a: Goodra
|-immune|p2a: Goodra
|
|-heal|p1a: Umbreon|89/100|[from] item: Leftovers
|upkeep
|turn|7
|inactive|parashooter15 has 120 seconds left.
|inactive|parashooter15 has 90 seconds left.
|
|t:|1757827082
|switch|p1a: Sylveon|Sylveon, F|100/100
|move|p2a: Goodra|Body Slam|p1a: Sylveon
|-damage|p1a: Sylveon|75/100
|-status|p1a: Sylveon|par
|
|-heal|p1a: Sylveon|81/100 par|[from] item: Leftovers
|upkeep
|turn|8
|
|t:|1757827092
|move|p2a: Goodra|Knock Off|p1a: Sylveon
|-resisted|p1a: Sylveon
|-damage|p1a: Sylveon|68/100 par
|-enditem|p1a: Sylveon|Leftovers|[from] move: Knock Off|[of] p2a: Goodra
|cant|p1a: Sylveon|par
|
|upkeep
|turn|9
|
|t:|1757827103
|move|p2a: Goodra|Rock Slide|p1a: Sylveon
|-damage|p1a: Sylveon|47/100 par
|move|p1a: Sylveon|Curse|p1a: Sylveon
|-unboost|p1a: Sylveon|spe|1
|-boost|p1a: Sylveon|atk|1
|-boost|p1a: Sylveon|def|1
|
|upkeep
|turn|10
|
|t:|1757827118
|switch|p2a: Sandy Shocks|Sandy Shocks|100/100
|cant|p1a: Sylveon|par
|
|upkeep
|turn|11
|
|t:|1757827124
|move|p2a: Sandy Shocks|Volt Switch|p1a: Sylveon
|-damage|p1a: Sylveon|27/100 par
|
|t:|1757827128
|-end|p2a: Sandy Shocks|Protosynthesis|[silent]
|switch|p2a: Goodra|Goodra-Hisui, F|100/100|[from] Volt Switch
|move|p1a: Sylveon|Wish|p1a: Sylveon
|
|upkeep
|turn|12
|
|t:|1757827136
|move|p2a: Goodra|Body Slam|p1a: Sylveon
|-damage|p1a: Sylveon|11/100 par
|move|p1a: Sylveon|Curse|p1a: Sylveon
|-unboost|p1a: Sylveon|spe|1
|-boost|p1a: Sylveon|atk|1
|-boost|p1a: Sylveon|def|1
|
|-heal|p1a: Sylveon|61/100 par|[from] move: Wish|[wisher] Sylveon
|upkeep
|turn|13
|inactive|parashooter15 has 90 seconds left.
|
|t:|1757827147
|switch|p2a: Sandy Shocks|Sandy Shocks|100/100
|move|p1a: Sylveon|Wish|p1a: Sylveon
|
|upkeep
|turn|14
|
|t:|1757827153
|move|p2a: Sandy Shocks|Flash Cannon|p1a: Sylveon
|-supereffective|p1a: Sylveon
|-damage|p1a: Sylveon|25/100 par
|cant|p1a: Sylveon|par
|
|-heal|p1a: Sylveon|75/100 par|[from] move: Wish|[wisher] Sylveon
|upkeep
|turn|15
|
|t:|1757827161
|move|p2a: Sandy Shocks|Flash Cannon|p1a: Sylveon
|-supereffective|p1a: Sylveon
|-damage|p1a: Sylveon|39/100 par
|move|p1a: Sylveon|Wish|p1a: Sylveon
|
|upkeep
|turn|16
|
|t:|1757827167
|move|p2a: Sandy Shocks|Flash Cannon|p1a: Sylveon
|-supereffective|p1a: Sylveon
|-damage|p1a: Sylveon|3/100 par
|cant|p1a: Sylveon|par
|
|-heal|p1a: Sylveon|53/100 par|[from] move: Wish|[wisher] Sylveon
|upkeep
|turn|17
|
|t:|1757827175
|move|p2a: Sandy Shocks|Flash Cannon|p1a: Sylveon
|-supereffective|p1a: Sylveon
|-damage|p1a: Sylveon|22/100 par
|move|p1a: Sylveon|Wish|p1a: Sylveon
|
|upkeep
|turn|18
|
|t:|1757827182
|move|p2a: Sandy Shocks|Flash Cannon|p1a: Sylveon
|-supereffective|p1a: Sylveon
|-damage|p1a: Sylveon|0 fnt
|faint|p1a: Sylveon
|
|upkeep
|
|t:|1757827189
|switch|p1a: Flareon|Flareon, M|100/100
|turn|19
|
|t:|1757827195
|-end|p2a: Sandy Shocks|Protosynthesis|[silent]
|switch|p2a: Dondozo|Dondozo, M|88/100 brn
|switch|p1a: Leafeon|Leafeon, M|100/100
|
|-damage|p2a: Dondozo|82/100 brn|[from] brn
|upkeep
|turn|20
|inactive|parashooter15 has 120 seconds left.
|
|t:|1757827214
|switch|p2a: Ceruledge|Ceruledge, M|88/100
|move|p1a: Leafeon|Leech Seed|p2a: Ceruledge
|-start|p2a: Ceruledge|move: Leech Seed
|
|-damage|p2a: Ceruledge|76/100|[from] Leech Seed|[of] p1a: Leafeon
|upkeep
|turn|21
|
|t:|1757827223
|switch|p1a: Umbreon|Umbreon, M|89/100
|move|p2a: Ceruledge|Close Combat|p1a: Umbreon
|-supereffective|p1a: Umbreon
|-damage|p1a: Umbreon|30/100
|-unboost|p2a: Ceruledge|def|1
|-unboost|p2a: Ceruledge|spd|1
|
|-heal|p1a: Umbreon|36/100|[from] item: Leftovers
|-damage|p2a: Ceruledge|63/100|[from] Leech Seed|[of] p1a: Umbreon
|-heal|p1a: Umbreon|45/100|[silent]
|upkeep
|turn|22
|
|t:|1757827234
|move|p1a: Umbreon|Protect|p1a: Umbreon
|-singleturn|p1a: Umbreon|Protect
|move|p2a: Ceruledge|Close Combat|p1a: Umbreon
|-activate|p1a: Umbreon|move: Protect
|
|-heal|p1a: Umbreon|51/100|[from] item: Leftovers
|-damage|p2a: Ceruledge|51/100|[from] Leech Seed|[of] p1a: Umbreon
|-heal|p1a: Umbreon|60/100|[silent]
|upkeep
|turn|23
|
|t:|1757827244
|move|p2a: Ceruledge|Close Combat|p1a: Umbreon
|-supereffective|p1a: Umbreon
|-damage|p1a: Umbreon|0 fnt
|-unboost|p2a: Ceruledge|def|1
|-unboost|p2a: Ceruledge|spd|1
|faint|p1a: Umbreon
|
|upkeep
|
|t:|1757827257
|switch|p1a: Espeon|Espeon, F|100/100
|turn|24
|
|t:|1757827265
|switch|p2a: Goodra|Goodra-Hisui, F|100/100
|move|p1a: Espeon|Future Sight|p2a: Goodra
|-start|p1a: Espeon|move: Future Sight
|
|upkeep
|turn|25
|l|☆jandrypapu
|inactive|jandrypapu disconnected and has a minute to reconnect!
|player|p1|
|inactive|jandrypapu has 30 seconds to reconnect!
|inactive|jandrypapu has 20 seconds to reconnect!
|inactive|jandrypapu has 15 seconds to reconnect!
|inactive|jandrypapu has 10 seconds to reconnect!
|inactive|jandrypapu has 5 seconds to reconnect!
|-message|jandrypapu lost due to inactivity.
|
|win|parashooter15
|raw|jandrypapu's rating: 1272 &rarr; <strong>1243</strong><br />(-29 for losing)
|raw|parashooter15's rating: 1215 &rarr; <strong>1244</strong><br />(+29 for winning)
|l|☆parashooter15
|player|p2|
