|j|☆Amigo26
|j|☆kmisw
|t:|1757824724
|gametype|singles
|player|p1|Amigo26|nate|1559
|player|p2|kmisw|leaf-masters|1538
|gen|9
|tier|[Gen 9] OU
|rated|
|rule|HP Percentage Mod: HP is shown in percentages
|rule|Endless Battle Clause: Forcing endless battles is banned
|rule|Species Clause: Limit one of each Pokémon
|rule|OHKO Clause: OHKO moves are banned
|rule|Evasion Items Clause: Evasion items are banned
|rule|Evasion Moves Clause: Evasion moves are banned
|rule|Evasion Abilities Clause: Evasion abilities are banned
|rule|Sleep Moves Clause: Sleep-inducing moves are banned
|clearpoke
|poke|p1|Araquanid, F|
|poke|p1|Gholdengo|
|poke|p1|Iron Moth|
|poke|p1|Iron Valiant|
|poke|p1|Raging Bolt|
|poke|p1|Kingambit, F|
|poke|p2|Ogerpon-Cornerstone, F|
|poke|p2|Hatterene, F|
|poke|p2|Pecharunt|
|poke|p2|Landorus-Therian, M|
|poke|p2|Kingambit, M|
|poke|p2|Latios, M|
|teampreview
|inactive|Battle timer is ON: inactive players will automatically lose when time's up. (requested by Amigo26)
|inactive|kmisw also wants the timer to be on.
|
|t:|1757824737
|teamsize|p1|6
|teamsize|p2|6
|start
|switch|p1a: QUZZ|Iron Valiant|100/100
|switch|p2a: Ogerpon|Ogerpon-Cornerstone, F|100/100
|-enditem|p1a: QUZZ|Booster Energy
|-activate|p1a: QUZZ|ability: Quark Drive|[fromitem]
|-start|p1a: QUZZ|quarkdrivespa
|turn|1
|inactive|kmisw has 120 seconds left.
|
|t:|1757824768
|move|p2a: Ogerpon|Power Whip|p1a: QUZZ
|-damage|p1a: QUZZ|10/100
|move|p1a: QUZZ|Moonblast|p2a: Ogerpon
|-damage|p2a: Ogerpon|26/100
|
|upkeep
|turn|2
|
|t:|1757824774
|move|p1a: QUZZ|Vacuum Wave|p2a: Ogerpon
|-supereffective|p2a: Ogerpon
|-damage|p2a: Ogerpon|0 fnt
|faint|p2a: Ogerpon
|
|upkeep
|inactive|kmisw has 120 seconds left.
|
|t:|1757824804
|switch|p2a: Latios|Latios, M|100/100
|turn|3
|
|t:|1757824810
|move|p2a: Latios|Luster Purge|p1a: QUZZ
|-supereffective|p1a: QUZZ
|-damage|p1a: QUZZ|0 fnt
|faint|p1a: QUZZ
|-end|p1a: QUZZ|Quark Drive|[silent]
|
|upkeep
|
|t:|1757824813
|switch|p1a: QUIL|Araquanid, F|100/100
|turn|4
|
|t:|1757824816
|move|p2a: Latios|Luster Purge|p1a: QUIL
|-damage|p1a: QUIL|60/100
|move|p1a: QUIL|Sticky Web|p2a: Latios
|-sidestart|p2: kmisw|move: Sticky Web
|
|upkeep
|turn|5
|inactive|kmisw has 120 seconds left.
|
|t:|1757824829
|move|p2a: Latios|Luster Purge|p1a: QUIL
|-damage|p1a: QUIL|19/100
|move|p1a: QUIL|Endeavor|p2a: Latios
|-damage|p2a: Latios|21/100
|
|upkeep
|turn|6
|-enditem|p1a: QUIL|Custap Berry|[eat]
|-activate|p1a: QUIL|item: Custap Berry|[consumed]
|
|t:|1757824832
|move|p1a: QUIL|Surf|p2a: Latios
|-resisted|p2a: Latios
|-damage|p2a: Latios|0 fnt
|faint|p2a: Latios
|
|upkeep
|
|t:|1757824846
|switch|p2a: Landorus|Landorus-Therian, M|100/100
|-ability|p2a: Landorus|Intimidate|boost
|-unboost|p1a: QUIL|atk|1
|turn|7
|
|t:|1757824851
|move|p2a: Landorus|Stealth Rock|p1a: QUIL
|-sidestart|p1: Amigo26|move: Stealth Rock
|move|p1a: QUIL|Surf|p2a: Landorus
|-supereffective|p2a: Landorus
|-damage|p2a: Landorus|0 fnt
|faint|p2a: Landorus
|
|upkeep
|
|t:|1757824859
|switch|p2a: Pecharunt|Pecharunt|100/100
|turn|8
|
|t:|1757824863
|move|p2a: Pecharunt|Shadow Ball|p1a: QUIL
|-damage|p1a: QUIL|0 fnt
|faint|p1a: QUIL
|
|upkeep
|
|t:|1757824873
|switch|p1a: CALA|Iron Moth|100/100
|-damage|p1a: CALA|76/100|[from] Stealth Rock
|-enditem|p1a: CALA|Booster Energy
|-activate|p1a: CALA|ability: Quark Drive|[fromitem]
|-start|p1a: CALA|quarkdrivespa
|turn|9
|
|t:|1757824885
|move|p1a: CALA|Fiery Dance|p2a: Pecharunt
|-damage|p2a: Pecharunt|44/100
|-boost|p1a: CALA|spa|1
|move|p2a: Pecharunt|Parting Shot|p1a: CALA
|-unboost|p1a: CALA|atk|1
|-unboost|p1a: CALA|spa|1
|
|t:|1757824896
|switch|p2a: Hatterene|Hatterene, F|100/100|[from] Parting Shot
|-activate|p2a: Hatterene|move: Sticky Web
|-unboost|p2a: Hatterene|spe|1
|
|upkeep
|turn|10
|
|t:|1757824910
|move|p1a: CALA|Sludge Wave|p2a: Hatterene
|-supereffective|p2a: Hatterene
|-damage|p2a: Hatterene|23/100
|move|p2a: Hatterene|Psychic Noise|p1a: CALA
|-supereffective|p1a: CALA
|-damage|p1a: CALA|0 fnt
|faint|p1a: CALA
|-end|p1a: CALA|Quark Drive|[silent]
|
|upkeep
|
|t:|1757824914
|switch|p1a: DELI|Raging Bolt|100/100
|-damage|p1a: DELI|88/100|[from] Stealth Rock
|-enditem|p1a: DELI|Booster Energy
|-activate|p1a: DELI|ability: Protosynthesis|[fromitem]
|-start|p1a: DELI|protosynthesisspa
|turn|11
|
|t:|1757824922
|move|p1a: DELI|Thunderbolt|p2a: Hatterene
|-damage|p2a: Hatterene|0 fnt
|faint|p2a: Hatterene
|
|upkeep
|
|t:|1757824928
|switch|p2a: Kingambit|Kingambit, M|100/100
|-activate|p2a: Kingambit|move: Sticky Web
|-unboost|p2a: Kingambit|spe|1
|-activate|p2a: Kingambit|ability: Supreme Overlord
|-start|p2a: Kingambit|fallen4|[silent]
|turn|12
|
|t:|1757824937
|move|p1a: DELI|Thunderbolt|p2a: Kingambit
|-damage|p2a: Kingambit|22/100
|move|p2a: Kingambit|Kowtow Cleave|p1a: DELI
|-damage|p1a: DELI|28/100
|
|-heal|p2a: Kingambit|28/100|[from] item: Leftovers
|upkeep
|turn|13
|
|t:|1757824940
|move|p1a: DELI|Thunderclap||[still]
|-fail|p1a: DELI
|move|p2a: Kingambit|Swords Dance|p2a: Kingambit
|-boost|p2a: Kingambit|atk|2
|
|-heal|p2a: Kingambit|35/100|[from] item: Leftovers
|upkeep
|turn|14
|
|t:|1757824944
|move|p1a: DELI|Thunderclap||[still]
|-fail|p1a: DELI
|move|p2a: Kingambit|Swords Dance|p2a: Kingambit
|-boost|p2a: Kingambit|atk|2
|
|-heal|p2a: Kingambit|41/100|[from] item: Leftovers
|upkeep
|turn|15
|
|t:|1757824945
|move|p1a: DELI|Thunderclap||[still]
|-fail|p1a: DELI
|move|p2a: Kingambit|Swords Dance|p2a: Kingambit
|-boost|p2a: Kingambit|atk|2
|
|-heal|p2a: Kingambit|47/100|[from] item: Leftovers
|upkeep
|turn|16
|
|t:|1757824948
|move|p1a: DELI|Thunderclap|p2a: Kingambit
|-damage|p2a: Kingambit|0 fnt
|faint|p2a: Kingambit
|-end|p2a: Kingambit|fallen4|[silent]
|
|upkeep
|-message|kmisw forfeited.
|
|win|Amigo26
|raw|Amigo26's rating: 1559 &rarr; <strong>1578</strong><br />(+19 for winning)
|raw|kmisw's rating: 1538 &rarr; <strong>1519</strong><br />(-19 for losing)
|l|☆kmisw
|player|p2|
|l|☆Amigo26
|player|p1|
