|j|☆Lolproplayer
|j|☆i have no id
|t:|1757841977
|gametype|singles
|player|p1|Lolproplayer|170|1633
|player|p2|i have no id|cynthia-gen4|1605
|gen|9
|tier|[Gen 9] OU
|rated|
|rule|HP Percentage Mod: HP is shown in percentages
|rule|Endless Battle Clause: Forcing endless battles is banned
|rule|Species Clause: Limit one of each Pokémon
|rule|OHKO Clause: OHKO moves are banned
|rule|Evasion Items Clause: Evasion items are banned
|rule|Evasion Moves Clause: Evasion moves are banned
|rule|Evasion Abilities Clause: Evasion abilities are banned
|rule|Sleep Moves Clause: Sleep-inducing moves are banned
|clearpoke
|poke|p1|Ursaluna, M|
|poke|p1|Cresselia, F|
|poke|p1|Iron Hands|
|poke|p1|Volcanion|
|poke|p1|Hatterene, F|
|poke|p1|Porygon2|
|poke|p2|Primarina, M|
|poke|p2|Iron Treads|
|poke|p2|Dragapult, M|
|poke|p2|Corviknight, F|
|poke|p2|Raging Bolt|
|poke|p2|Meowscarada, M|
|teampreview
|inactive|Battle timer is ON: inactive players will automatically lose when time's up. (requested by Lolproplayer)
|inactive|i have no id has 120 seconds left.
|inactive|i have no id has 90 seconds left.
|inactive|i have no id has 60 seconds left.
|
|t:|1757842069
|teamsize|p1|6
|teamsize|p2|6
|start
|switch|p1a: Neckless|Porygon2|100/100
|switch|p2a: Iron Treads|Iron Treads|100/100
|-item|p2a: Iron Treads|Air Balloon
|-ability|p1a: Neckless|Download|boost
|-boost|p1a: Neckless|spa|1
|turn|1
|
|t:|1757842077
|move|p2a: Iron Treads|Stealth Rock|p1a: Neckless
|-sidestart|p1: Lolproplayer|move: Stealth Rock
|move|p1a: Neckless|Ice Beam|p2a: Iron Treads
|-damage|p2a: Iron Treads|42/100
|-enditem|p2a: Iron Treads|Air Balloon
|
|upkeep
|turn|2
|
|t:|1757842084
|-end|p2a: Iron Treads|Quark Drive|[silent]
|switch|p2a: Primarina|Primarina, M|100/100
|move|p1a: Neckless|Trick Room|p1a: Neckless
|-fieldstart|move: Trick Room|[of] p1a: Neckless
|
|upkeep
|turn|3
|
|t:|1757842103
|move|p1a: Neckless|Tera Blast|p2a: Primarina
|-damage|p2a: Primarina|64/100
|move|p2a: Primarina|Flip Turn|p1a: Neckless
|-damage|p1a: Neckless|91/100
|
|t:|1757842113
|switch|p2a: Iron Treads|Iron Treads|42/100|[from] Flip Turn
|
|upkeep
|turn|4
|
|t:|1757842127
|switch|p1a: Molester|Volcanion|100/100
|-damage|p1a: Molester|75/100|[from] Stealth Rock
|-end|p2a: Iron Treads|Quark Drive|[silent]
|switch|p2a: Primarina|Primarina, M|64/100
|
|upkeep
|turn|5
|
|t:|1757842135
|move|p1a: Molester|Sludge Bomb|p2a: Primarina
|-supereffective|p2a: Primarina
|-damage|p2a: Primarina|3/100
|-status|p2a: Primarina|psn
|move|p2a: Primarina|Psychic Noise|p1a: Molester
|-crit|p1a: Molester
|-damage|p1a: Molester|32/100
|-start|p1a: Molester|move: Heal Block
|
|-damage|p2a: Primarina|0 fnt|[from] psn
|faint|p2a: Primarina
|upkeep
|
|t:|1757842146
|switch|p2a: Raging Bolt|Raging Bolt|100/100
|-enditem|p2a: Raging Bolt|Booster Energy
|-activate|p2a: Raging Bolt|ability: Protosynthesis|[fromitem]
|-start|p2a: Raging Bolt|protosynthesisspa
|turn|6
|
|t:|1757842171
|switch|p1a: Moonboy|Cresselia, F, shiny|100/100
|-damage|p1a: Moonboy|88/100|[from] Stealth Rock
|move|p2a: Raging Bolt|Calm Mind|p2a: Raging Bolt
|-boost|p2a: Raging Bolt|spa|1
|-boost|p2a: Raging Bolt|spd|1
|
|-fieldend|move: Trick Room
|upkeep
|turn|7
|
|t:|1757842178
|move|p2a: Raging Bolt|Thunderbolt|p1a: Moonboy
|-damage|p1a: Moonboy|27/100
|move|p1a: Moonboy|Trick Room|p1a: Moonboy
|-fieldstart|move: Trick Room|[of] p1a: Moonboy
|
|upkeep
|turn|8
|
|t:|1757842184
|move|p2a: Raging Bolt|Thunderclap||[still]
|-fail|p2a: Raging Bolt
|move|p1a: Moonboy|Lunar Dance|p1a: Moonboy
|faint|p1a: Moonboy
|
|upkeep
|
|t:|1757842195
|switch|p1a: big mike|Iron Hands|100/100
|-damage|p1a: big mike|94/100|[from] Stealth Rock
|-enditem|p1a: big mike|Booster Energy
|-activate|p1a: big mike|ability: Quark Drive|[fromitem]
|-start|p1a: big mike|quarkdriveatk
|turn|9
|
|t:|1757842204
|-terastallize|p2a: Raging Bolt|Fairy
|move|p1a: big mike|Swords Dance|p1a: big mike
|-boost|p1a: big mike|atk|2
|move|p2a: Raging Bolt|Dragon Pulse|p1a: big mike
|-damage|p1a: big mike|0 fnt
|faint|p1a: big mike
|-end|p1a: big mike|Quark Drive|[silent]
|
|upkeep
|
|t:|1757842219
|switch|p1a: AssFrasser|Ursaluna, M|100/100
|-damage|p1a: AssFrasser|94/100|[from] Stealth Rock
|turn|10
|
|t:|1757842224
|move|p1a: AssFrasser|Protect|p1a: AssFrasser
|-singleturn|p1a: AssFrasser|Protect
|move|p2a: Raging Bolt|Dragon Pulse|p1a: AssFrasser
|-activate|p1a: AssFrasser|move: Protect
|
|-status|p1a: AssFrasser|brn|[from] item: Flame Orb
|upkeep
|turn|11
|
|t:|1757842234
|move|p1a: AssFrasser|Facade|p2a: Raging Bolt
|-damage|p2a: Raging Bolt|0 fnt
|faint|p2a: Raging Bolt
|-end|p2a: Raging Bolt|Protosynthesis|[silent]
|
|-damage|p1a: AssFrasser|88/100 brn|[from] brn
|-fieldend|move: Trick Room
|upkeep
|
|t:|1757842241
|switch|p2a: Meowscarada|Meowscarada, M|100/100
|turn|12
|j| Ctannn
|
|t:|1757842261
|-terastallize|p1a: AssFrasser|Normal
|move|p2a: Meowscarada|U-turn|p1a: AssFrasser
|-start|p2a: Meowscarada|typechange|Bug|[from] ability: Protean
|-damage|p1a: AssFrasser|65/100 brn
|
|t:|1757842268
|switch|p2a: Dragapult|Dragapult, M|100/100|[from] U-turn
|move|p1a: AssFrasser|Facade|p2a: Dragapult
|-immune|p2a: Dragapult
|
|-damage|p1a: AssFrasser|59/100 brn|[from] brn
|upkeep
|turn|13
|
|t:|1757842283
|move|p2a: Dragapult|Draco Meteor|p1a: AssFrasser
|-damage|p1a: AssFrasser|0 fnt
|-unboost|p2a: Dragapult|spa|2
|faint|p1a: AssFrasser
|
|upkeep
|
|t:|1757842293
|switch|p1a: queer|Hatterene, F|100/100
|-damage|p1a: queer|88/100|[from] Stealth Rock
|turn|14
|
|t:|1757842298
|switch|p2a: Iron Treads|Iron Treads|42/100
|move|p1a: queer|Trick Room|p1a: queer
|-fieldstart|move: Trick Room|[of] p1a: queer
|
|upkeep
|turn|15
|
|t:|1757842310
|move|p1a: queer|Dazzling Gleam|p2a: Iron Treads
|-resisted|p2a: Iron Treads
|-damage|p2a: Iron Treads|9/100
|move|p2a: Iron Treads|Earthquake|p1a: queer
|-damage|p1a: queer|36/100
|
|upkeep
|turn|16
|
|t:|1757842322
|move|p1a: queer|Dazzling Gleam|p2a: Iron Treads
|-resisted|p2a: Iron Treads
|-damage|p2a: Iron Treads|0 fnt
|faint|p2a: Iron Treads
|-end|p2a: Iron Treads|Quark Drive|[silent]
|
|upkeep
|
|t:|1757842324
|switch|p2a: Corviknight|Corviknight, F|100/100
|-ability|p2a: Corviknight|Pressure
|turn|17
|
|t:|1757842331
|move|p1a: queer|Healing Wish|p1a: queer
|faint|p1a: queer
|move|p2a: Corviknight|U-turn|p1: queer|[notarget]
|-fail|p2a: Corviknight
|
|upkeep
|j| wgw2333
|
|t:|1757842347
|switch|p1a: Molester|Volcanion|32/100
|-heal|p1a: Molester|100/100|[from] move: Lunar Dance
|-damage|p1a: Molester|75/100|[from] Stealth Rock
|turn|18
|
|t:|1757842360
|move|p1a: Molester|Flamethrower|p2a: Corviknight
|-supereffective|p2a: Corviknight
|-damage|p2a: Corviknight|0 fnt
|faint|p2a: Corviknight
|
|-fieldend|move: Trick Room
|upkeep
|
|t:|1757842363
|switch|p2a: Dragapult|Dragapult, M|100/100
|turn|19
|
|t:|1757842370
|move|p2a: Dragapult|Draco Meteor|p1a: Molester
|-damage|p1a: Molester|0 fnt
|-unboost|p2a: Dragapult|spa|2
|faint|p1a: Molester
|
|upkeep
|
|t:|1757842375
|switch|p1a: Neckless|Porygon2|91/100
|-heal|p1a: Neckless|100/100|[from] move: Healing Wish
|-damage|p1a: Neckless|88/100|[from] Stealth Rock
|-ability|p1a: Neckless|Download|boost
|-boost|p1a: Neckless|atk|1
|turn|20
|
|t:|1757842384
|move|p2a: Dragapult|Draco Meteor|p1a: Neckless
|-crit|p1a: Neckless
|-damage|p1a: Neckless|9/100
|-unboost|p2a: Dragapult|spa|2
|move|p1a: Neckless|Trick Room|p1a: Neckless
|-fieldstart|move: Trick Room|[of] p1a: Neckless
|
|upkeep
|turn|21
|
|t:|1757842391
|switch|p2a: Meowscarada|Meowscarada, M|100/100
|move|p1a: Neckless|Ice Beam|p2a: Meowscarada
|-supereffective|p2a: Meowscarada
|-damage|p2a: Meowscarada|12/100
|-status|p2a: Meowscarada|frz
|
|upkeep
|turn|22
|
|t:|1757842399
|move|p1a: Neckless|Ice Beam|p2a: Meowscarada
|-supereffective|p2a: Meowscarada
|-damage|p2a: Meowscarada|0 fnt
|faint|p2a: Meowscarada
|
|upkeep
|
|t:|1757842401
|switch|p2a: Dragapult|Dragapult, M|100/100
|turn|23
|
|t:|1757842407
|move|p1a: Neckless|Ice Beam|p2a: Dragapult
|-supereffective|p2a: Dragapult
|-damage|p2a: Dragapult|25/100
|move|p2a: Dragapult|Draco Meteor|p1a: Neckless
|-damage|p1a: Neckless|0 fnt
|-unboost|p2a: Dragapult|spa|2
|faint|p1a: Neckless
|
|win|i have no id
|raw|Lolproplayer's rating: 1633 &rarr; <strong>1611</strong><br />(-22 for losing)
|raw|i have no id's rating: 1605 &rarr; <strong>1627</strong><br />(+22 for winning)
|l|☆Lolproplayer
|player|p1|
|l|☆i have no id
|player|p2|
