|j|☆Ravingtomb
|j|‽Cherrybomb15
|t:|1757812563
|gametype|singles
|player|p1|Ravingtomb|medium|1576
|player|p2|Cherrybomb15|1|1569
|gen|9
|tier|[Gen 9] OU
|rated|
|rule|HP Percentage Mod: HP is shown in percentages
|rule|Endless Battle Clause: Forcing endless battles is banned
|rule|Species Clause: Limit one of each Pokémon
|rule|OHKO Clause: OHKO moves are banned
|rule|Evasion Items Clause: Evasion items are banned
|rule|Evasion Moves Clause: Evasion moves are banned
|rule|Evasion Abilities Clause: Evasion abilities are banned
|rule|Sleep Moves Clause: Sleep-inducing moves are banned
|clearpoke
|poke|p1|Iron Moth|
|poke|p1|Dragapult, F|
|poke|p1|Dondozo, F|
|poke|p1|Goodra-Hisui, F|
|poke|p1|Chesnaught, F|
|poke|p1|Tentacruel, F|
|poke|p2|Dondozo, M|
|poke|p2|Slowking-Galar, M|
|poke|p2|Cinderace, F|
|poke|p2|Gholdengo|
|poke|p2|Hatterene, F|
|poke|p2|Landorus-Therian, M|
|teampreview
|inactive|Battle timer is ON: inactive players will automatically lose when time's up. (requested by Cherrybomb15)
|
|t:|1757812578
|teamsize|p1|6
|teamsize|p2|6
|start
|switch|p1a: Dragapult|Dragapult, F|100/100
|switch|p2a: Landorus|Landorus-Therian, M|100/100
|-ability|p2a: Landorus|Intimidate|boost
|-unboost|p1a: Dragapult|atk|1
|turn|1
|
|t:|1757812598
|-terastallize|p2a: Landorus|Ground
|-terastallize|p1a: Dragapult|Dragon
|move|p2a: Landorus|Earthquake|p1a: Dragapult
|-damage|p1a: Dragapult|0 fnt
|faint|p1a: Dragapult
|
|upkeep
|
|t:|1757812607
|switch|p1a: Chesnaught|Chesnaught, F|100/100
|turn|2
|
|t:|1757812612
|switch|p2a: Hatterene|Hatterene, F|100/100
|move|p1a: Chesnaught|Leech Seed|p2a: Hatterene
|move|p2a: Hatterene|Leech Seed|p1a: Chesnaught|[from] ability: Magic Bounce
|-immune|p1a: Chesnaught
|
|upkeep
|turn|3
|
|t:|1757812616
|switch|p1a: Tentacruel|Tentacruel, F|100/100
|move|p2a: Hatterene|Nuzzle|p1a: Tentacruel
|-supereffective|p1a: Tentacruel
|-damage|p1a: Tentacruel|90/100
|-status|p1a: Tentacruel|par
|
|-heal|p1a: Tentacruel|96/100 par|[from] item: Black Sludge
|upkeep
|turn|4
|
|t:|1757812621
|switch|p1a: Goodra|Goodra-Hisui, F|100/100
|switch|p2a: Slowking|Slowking-Galar, M|100/100
|
|upkeep
|turn|5
|
|t:|1757812626
|move|p1a: Goodra|Earthquake|p2a: Slowking
|-supereffective|p2a: Slowking
|-damage|p2a: Slowking|53/100
|-prepare|p2a: Slowking|Chilly Reception|[premajor]
|move|p2a: Slowking|Chilly Reception|p2a: Slowking
|-weather|Snowscape
|
|t:|1757812631
|switch|p2a: Landorus|Landorus-Therian, M, tera:Ground|100/100|[from] Chilly Reception
|-ability|p2a: Landorus|Intimidate|boost
|-unboost|p1a: Goodra|atk|1
|
|-weather|Snowscape|[upkeep]
|upkeep
|turn|6
|
|t:|1757812637
|switch|p1a: Chesnaught|Chesnaught, F|100/100
|move|p2a: Landorus|Earthquake|p1a: Chesnaught
|-resisted|p1a: Chesnaught
|-damage|p1a: Chesnaught|78/100
|
|-weather|Snowscape|[upkeep]
|-heal|p1a: Chesnaught|84/100|[from] item: Leftovers
|upkeep
|turn|7
|
|t:|1757812642
|switch|p2a: Gholdengo|Gholdengo|100/100
|move|p1a: Chesnaught|Knock Off|p2a: Gholdengo
|-supereffective|p2a: Gholdengo
|-damage|p2a: Gholdengo|50/100
|-enditem|p2a: Gholdengo|Choice Scarf|[from] move: Knock Off|[of] p1a: Chesnaught
|
|-weather|Snowscape|[upkeep]
|-heal|p1a: Chesnaught|90/100|[from] item: Leftovers
|upkeep
|turn|8
|
|t:|1757812645
|move|p2a: Gholdengo|Trick|p1a: Chesnaught
|-activate|p2a: Gholdengo|move: Trick|[of] p1a: Chesnaught
|-enditem|p1a: Chesnaught|Leftovers|[silent]|[from] move: Trick
|-item|p2a: Gholdengo|Leftovers|[from] move: Trick
|move|p1a: Chesnaught|Knock Off|p2a: Gholdengo
|-supereffective|p2a: Gholdengo
|-damage|p2a: Gholdengo|0 fnt
|-enditem|p2a: Gholdengo|Leftovers|[from] move: Knock Off|[of] p1a: Chesnaught
|faint|p2a: Gholdengo
|
|-weather|Snowscape|[upkeep]
|upkeep
|
|t:|1757812652
|switch|p2a: Hatterene|Hatterene, F|100/100
|turn|9
|
|t:|1757812656
|switch|p1a: Goodra|Goodra-Hisui, F|100/100
|move|p2a: Hatterene|Calm Mind|p2a: Hatterene
|-boost|p2a: Hatterene|spa|1
|-boost|p2a: Hatterene|spd|1
|
|-weather|none
|upkeep
|turn|10
|
|t:|1757812661
|switch|p1a: Dondozo|Dondozo, F|100/100
|move|p2a: Hatterene|Nuzzle|p1a: Dondozo
|-supereffective|p1a: Dondozo
|-damage|p1a: Dondozo|97/100
|-status|p1a: Dondozo|par
|
|upkeep
|turn|11
|
|t:|1757812670
|switch|p2a: Slowking|Slowking-Galar, M|86/100
|move|p1a: Dondozo|Curse|p1a: Dondozo
|-unboost|p1a: Dondozo|spe|1
|-boost|p1a: Dondozo|atk|1
|-boost|p1a: Dondozo|def|1
|
|upkeep
|turn|12
|
|t:|1757812675
|move|p2a: Slowking|Future Sight|p1a: Dondozo
|-start|p2a: Slowking|move: Future Sight
|move|p1a: Dondozo|Liquidation|p2a: Slowking
|-damage|p2a: Slowking|39/100
|
|upkeep
|turn|13
|
|t:|1757812684
|switch|p2a: Dondozo|Dondozo, M|100/100
|move|p1a: Dondozo|Liquidation|p2a: Dondozo
|-resisted|p2a: Dondozo
|-damage|p2a: Dondozo|94/100
|-unboost|p2a: Dondozo|def|1
|
|-heal|p2a: Dondozo|99/100|[from] item: Leftovers
|upkeep
|turn|14
|
|t:|1757812693
|switch|p2a: Slowking|Slowking-Galar, M|72/100
|move|p1a: Dondozo|Curse|p1a: Dondozo
|-unboost|p1a: Dondozo|spe|1
|-boost|p1a: Dondozo|atk|1
|-boost|p1a: Dondozo|def|1
|
|-end|p1a: Dondozo|move: Future Sight
|-damage|p1a: Dondozo|50/100 par
|upkeep
|turn|15
|
|t:|1757812696
|move|p2a: Slowking|Future Sight|p1a: Dondozo
|-start|p2a: Slowking|move: Future Sight
|move|p1a: Dondozo|Rest|p1a: Dondozo
|-status|p1a: Dondozo|slp|[from] move: Rest
|-heal|p1a: Dondozo|100/100 slp|[silent]
|-enditem|p1a: Dondozo|Chesto Berry|[eat]
|-curestatus|p1a: Dondozo|slp|[msg]
|
|upkeep
|turn|16
|
|t:|1757812702
|move|p2a: Slowking|Sludge Bomb|p1a: Dondozo
|-damage|p1a: Dondozo|68/100
|-status|p1a: Dondozo|psn
|move|p1a: Dondozo|Liquidation|p2a: Slowking
|-damage|p2a: Slowking|10/100
|-unboost|p2a: Slowking|def|1
|
|-damage|p1a: Dondozo|56/100 psn|[from] psn
|upkeep
|turn|17
|
|t:|1757812713
|switch|p2a: Dondozo|Dondozo, M|99/100
|switch|p1a: Goodra|Goodra-Hisui, F|100/100
|
|-end|p1a: Goodra|move: Future Sight
|-resisted|p1a: Goodra
|-damage|p1a: Goodra|89/100
|-heal|p1a: Goodra|95/100|[from] item: Leftovers
|-heal|p2a: Dondozo|100/100|[from] item: Leftovers
|upkeep
|turn|18
|
|t:|1757812718
|switch|p1a: Dondozo|Dondozo, F|56/100 psn
|move|p2a: Dondozo|Body Press|p1a: Dondozo
|-damage|p1a: Dondozo|43/100 psn
|
|-damage|p1a: Dondozo|31/100 psn|[from] psn
|upkeep
|turn|19
|
|t:|1757812724
|switch|p2a: Slowking|Slowking-Galar, M|44/100
|move|p1a: Dondozo|Rest|p1a: Dondozo
|-status|p1a: Dondozo|slp|[from] move: Rest
|-heal|p1a: Dondozo|100/100 slp|[silent]
|
|upkeep
|turn|20
|
|t:|1757812728
|switch|p1a: Goodra|Goodra-Hisui, F|95/100
|move|p2a: Slowking|Future Sight|p1a: Goodra
|-start|p2a: Slowking|move: Future Sight
|
|-heal|p1a: Goodra|100/100|[from] item: Leftovers
|upkeep
|turn|21
|
|t:|1757812734
|switch|p2a: Dondozo|Dondozo, M|100/100
|move|p1a: Goodra|Earthquake|p2a: Dondozo
|-crit|p2a: Dondozo
|-damage|p2a: Dondozo|85/100
|
|-heal|p2a: Dondozo|91/100|[from] item: Leftovers
|upkeep
|turn|22
|
|t:|1757812740
|switch|p1a: Dondozo|Dondozo, F|100/100 slp
|move|p2a: Dondozo|Liquidation|p1a: Dondozo
|-resisted|p1a: Dondozo
|-damage|p1a: Dondozo|94/100 slp
|
|-end|p1a: Dondozo|move: Future Sight
|-damage|p1a: Dondozo|54/100 slp
|-heal|p2a: Dondozo|97/100|[from] item: Leftovers
|upkeep
|turn|23
|
|t:|1757812744
|switch|p2a: Slowking|Slowking-Galar, M|77/100
|cant|p1a: Dondozo|slp
|
|upkeep
|turn|24
|
|t:|1757812750
|switch|p1a: Iron Moth|Iron Moth, shiny|100/100
|-enditem|p1a: Iron Moth|Booster Energy
|-activate|p1a: Iron Moth|ability: Quark Drive|[fromitem]
|-start|p1a: Iron Moth|quarkdrivespe
|move|p2a: Slowking|Sludge Bomb|p1a: Iron Moth
|-resisted|p1a: Iron Moth
|-damage|p1a: Iron Moth|86/100
|
|upkeep
|turn|25
|
|t:|1757812754
|move|p1a: Iron Moth|Fiery Dance|p2a: Slowking
|-damage|p2a: Slowking|54/100
|-boost|p1a: Iron Moth|spa|1
|move|p2a: Slowking|Future Sight|p1a: Iron Moth
|-start|p2a: Slowking|move: Future Sight
|
|upkeep
|turn|26
|
|t:|1757812763
|move|p1a: Iron Moth|Fiery Dance|p2a: Slowking
|-damage|p2a: Slowking|19/100
|-prepare|p2a: Slowking|Chilly Reception|[premajor]
|move|p2a: Slowking|Chilly Reception|p2a: Slowking
|-weather|Snowscape
|
|t:|1757812774
|switch|p2a: Dondozo|Dondozo, M|97/100|[from] Chilly Reception
|
|-weather|Snowscape|[upkeep]
|-heal|p2a: Dondozo|100/100|[from] item: Leftovers
|upkeep
|turn|27
|
|t:|1757812782
|-end|p1a: Iron Moth|Quark Drive|[silent]
|switch|p1a: Tentacruel|Tentacruel, F|96/100 par
|move|p2a: Dondozo|Liquidation|p1a: Tentacruel
|-resisted|p1a: Tentacruel
|-damage|p1a: Tentacruel|78/100 par
|-unboost|p1a: Tentacruel|def|1
|
|-weather|Snowscape|[upkeep]
|-end|p1a: Tentacruel|move: Future Sight
|-supereffective|p1a: Tentacruel
|-damage|p1a: Tentacruel|28/100 par
|-heal|p1a: Tentacruel|34/100 par|[from] item: Black Sludge
|upkeep
|turn|28
|
|t:|1757812787
|switch|p2a: Slowking|Slowking-Galar, M|52/100
|move|p1a: Tentacruel|Whirlpool|p2a: Slowking
|-damage|p2a: Slowking|46/100
|-activate|p2a: Slowking|move: Whirlpool|[of] p1a: Tentacruel
|
|-weather|Snowscape|[upkeep]
|-heal|p1a: Tentacruel|40/100 par|[from] item: Black Sludge
|-damage|p2a: Slowking|33/100|[from] move: Whirlpool|[partiallytrapped]
|upkeep
|turn|29
|
|t:|1757812802
|move|p1a: Tentacruel|Acid Armor|p1a: Tentacruel
|-boost|p1a: Tentacruel|def|2
|-prepare|p2a: Slowking|Chilly Reception|[premajor]
|move|p2a: Slowking|Chilly Reception|p2a: Slowking
|
|t:|1757812820
|switch|p2a: Landorus|Landorus-Therian, M, tera:Ground|100/100|[from] Chilly Reception
|-ability|p2a: Landorus|Intimidate|boost
|-unboost|p1a: Tentacruel|atk|1
|
|-weather|Snowscape|[upkeep]
|-heal|p1a: Tentacruel|46/100 par|[from] item: Black Sludge
|upkeep
|turn|30
|
|t:|1757812828
|switch|p1a: Chesnaught|Chesnaught, F|90/100
|move|p2a: Landorus|Earthquake|p1a: Chesnaught
|-resisted|p1a: Chesnaught
|-damage|p1a: Chesnaught|66/100
|
|-weather|none
|upkeep
|turn|31
|
|t:|1757812832
|switch|p2a: Slowking|Slowking-Galar, M|67/100
|move|p1a: Chesnaught|Knock Off|p2a: Slowking
|-supereffective|p2a: Slowking
|-damage|p2a: Slowking|20/100
|-enditem|p2a: Slowking|Heavy-Duty Boots|[from] move: Knock Off|[of] p1a: Chesnaught
|
|upkeep
|turn|32
|
|t:|1757812842
|switch|p2a: Hatterene|Hatterene, F|100/100
|move|p1a: Chesnaught|Knock Off|p2a: Hatterene
|-damage|p2a: Hatterene|80/100
|-enditem|p2a: Hatterene|Leftovers|[from] move: Knock Off|[of] p1a: Chesnaught
|
|upkeep
|turn|33
|
|t:|1757812854
|switch|p1a: Tentacruel|Tentacruel, F|46/100 par
|move|p2a: Hatterene|Draining Kiss|p1a: Tentacruel
|-resisted|p1a: Tentacruel
|-damage|p1a: Tentacruel|39/100 par
|-damage|p2a: Hatterene|74/100|[from] ability: Liquid Ooze|[of] p1a: Tentacruel
|
|-heal|p1a: Tentacruel|45/100 par|[from] item: Black Sludge
|upkeep
|turn|34
|
|t:|1757812863
|move|p1a: Tentacruel|Whirlpool|p2a: Hatterene
|-damage|p2a: Hatterene|62/100
|-activate|p2a: Hatterene|move: Whirlpool|[of] p1a: Tentacruel
|move|p2a: Hatterene|Psyshock|p1a: Tentacruel
|-supereffective|p1a: Tentacruel
|-damage|p1a: Tentacruel|0 fnt
|faint|p1a: Tentacruel
|
|-end|p2a: Hatterene|Whirlpool|[partiallytrapped]|[silent]
|upkeep
|
|t:|1757812871
|switch|p1a: Goodra|Goodra-Hisui, F|100/100
|turn|35
|
|t:|1757812875
|switch|p2a: Dondozo|Dondozo, M|100/100
|move|p1a: Goodra|Flash Cannon|p2a: Dondozo
|-resisted|p2a: Dondozo
|-damage|p2a: Dondozo|86/100
|
|-heal|p2a: Dondozo|93/100|[from] item: Leftovers
|upkeep
|turn|36
|
|t:|1757812879
|switch|p1a: Chesnaught|Chesnaught, F|66/100
|move|p2a: Dondozo|Body Press|p1a: Chesnaught
|-damage|p1a: Chesnaught|50/100
|
|-heal|p2a: Dondozo|99/100|[from] item: Leftovers
|upkeep
|turn|37
|
|t:|1757812888
|switch|p2a: Hatterene|Hatterene, F|62/100
|move|p1a: Chesnaught|Knock Off|p2a: Hatterene
|-damage|p2a: Hatterene|49/100
|
|upkeep
|turn|38
|
|t:|1757812896
|switch|p1a: Goodra|Goodra-Hisui, F|100/100
|move|p2a: Hatterene|Draining Kiss|p1a: Goodra
|-damage|p1a: Goodra|89/100
|-heal|p2a: Hatterene|59/100|[from] drain|[of] p1a: Goodra
|
|-heal|p1a: Goodra|95/100|[from] item: Leftovers
|upkeep
|turn|39
|
|t:|1757812901
|switch|p2a: Dondozo|Dondozo, M|99/100
|move|p1a: Goodra|Flash Cannon|p2a: Dondozo
|-resisted|p2a: Dondozo
|-damage|p2a: Dondozo|85/100
|
|-heal|p1a: Goodra|100/100|[from] item: Leftovers
|-heal|p2a: Dondozo|91/100|[from] item: Leftovers
|upkeep
|turn|40
|
|t:|1757812906
|switch|p1a: Chesnaught|Chesnaught, F|50/100
|move|p2a: Dondozo|Body Press|p1a: Chesnaught
|-damage|p1a: Chesnaught|33/100
|
|-heal|p2a: Dondozo|98/100|[from] item: Leftovers
|upkeep
|turn|41
|
|t:|1757812911
|switch|p2a: Hatterene|Hatterene, F|59/100
|move|p1a: Chesnaught|Leech Seed|p2a: Hatterene
|move|p2a: Hatterene|Leech Seed|p1a: Chesnaught|[from] ability: Magic Bounce
|-immune|p1a: Chesnaught
|
|upkeep
|turn|42
|
|t:|1757812915
|switch|p1a: Goodra|Goodra-Hisui, F|100/100
|move|p2a: Hatterene|Nuzzle|p1a: Goodra
|-resisted|p1a: Goodra
|-damage|p1a: Goodra|99/100
|-status|p1a: Goodra|par
|
|-heal|p1a: Goodra|100/100 par|[from] item: Leftovers
|upkeep
|turn|43
|
|t:|1757812919
|switch|p2a: Slowking|Slowking-Galar, M|53/100
|switch|p1a: Chesnaught|Chesnaught, F|33/100
|
|upkeep
|turn|44
|inactive|Cherrybomb15 has 120 seconds left.
|
|t:|1757812950
|switch|p2a: Hatterene|Hatterene, F|59/100
|move|p1a: Chesnaught|Leech Seed|p2a: Hatterene
|move|p2a: Hatterene|Leech Seed|p1a: Chesnaught|[from] ability: Magic Bounce
|-immune|p1a: Chesnaught
|
|upkeep
|turn|45
|
|t:|1757812959
|switch|p1a: Goodra|Goodra-Hisui, F|100/100 par
|move|p2a: Hatterene|Draining Kiss|p1a: Goodra
|-damage|p1a: Goodra|90/100 par
|-heal|p2a: Hatterene|69/100|[from] drain|[of] p1a: Goodra
|
|-heal|p1a: Goodra|96/100 par|[from] item: Leftovers
|upkeep
|turn|46
|
|t:|1757812969
|switch|p2a: Dondozo|Dondozo, M|98/100
|move|p1a: Goodra|Flash Cannon|p2a: Dondozo
|-resisted|p2a: Dondozo
|-damage|p2a: Dondozo|83/100
|
|-heal|p2a: Dondozo|90/100|[from] item: Leftovers
|-heal|p1a: Goodra|100/100 par|[from] item: Leftovers
|upkeep
|turn|47
|
|t:|1757812978
|switch|p1a: Dondozo|Dondozo, F|54/100 slp
|move|p2a: Dondozo|Body Press|p1a: Dondozo
|-damage|p1a: Dondozo|41/100 slp
|
|-heal|p2a: Dondozo|96/100|[from] item: Leftovers
|upkeep
|turn|48
|
|t:|1757812983
|switch|p2a: Slowking|Slowking-Galar, M|86/100
|cant|p1a: Dondozo|slp
|
|upkeep
|turn|49
|
|t:|1757812988
|switch|p1a: Chesnaught|Chesnaught, F|33/100
|move|p2a: Slowking|Future Sight|p1a: Chesnaught
|-start|p2a: Slowking|move: Future Sight
|
|upkeep
|turn|50
|
|t:|1757812992
|move|p1a: Chesnaught|Knock Off|p2a: Slowking
|-supereffective|p2a: Slowking
|-damage|p2a: Slowking|56/100
|-prepare|p2a: Slowking|Chilly Reception|[premajor]
|move|p2a: Slowking|Chilly Reception|p2a: Slowking
|-weather|Snowscape
|
|t:|1757812998
|switch|p2a: Landorus|Landorus-Therian, M, tera:Ground|100/100|[from] Chilly Reception
|-ability|p2a: Landorus|Intimidate|boost
|-unboost|p1a: Chesnaught|atk|1
|
|-weather|Snowscape|[upkeep]
|upkeep
|turn|51
|
|t:|1757813003
|move|p1a: Chesnaught|Spiky Shield|p1a: Chesnaught
|-singleturn|p1a: Chesnaught|move: Protect
|move|p2a: Landorus|Earthquake|p1a: Chesnaught
|-activate|p1a: Chesnaught|move: Protect
|
|-weather|Snowscape|[upkeep]
|-end|p1a: Chesnaught|move: Future Sight
|-supereffective|p1a: Chesnaught
|-damage|p1a: Chesnaught|0 fnt
|faint|p1a: Chesnaught
|upkeep
|
|t:|1757813009
|switch|p1a: Dondozo|Dondozo, F|41/100 slp
|turn|52
|
|t:|1757813013
|move|p2a: Landorus|Earthquake|p1a: Dondozo
|-damage|p1a: Dondozo|4/100 slp
|-curestatus|p1a: Dondozo|slp|[msg]
|move|p1a: Dondozo|Liquidation|p2a: Landorus
|-supereffective|p2a: Landorus
|-damage|p2a: Landorus|35/100
|
|-weather|Snowscape|[upkeep]
|upkeep
|turn|53
|
|t:|1757813017
|move|p2a: Landorus|Earthquake|p1a: Dondozo
|-damage|p1a: Dondozo|0 fnt
|faint|p1a: Dondozo
|
|-weather|Snowscape|[upkeep]
|upkeep
|
|t:|1757813019
|switch|p1a: Iron Moth|Iron Moth, shiny|86/100
|turn|54
|
|t:|1757813021
|move|p2a: Landorus|Earthquake|p1a: Iron Moth
|-supereffective|p1a: Iron Moth
|-damage|p1a: Iron Moth|0 fnt
|faint|p1a: Iron Moth
|-end|p1a: Iron Moth|Quark Drive|[silent]
|
|-weather|none
|upkeep
|
|t:|1757813023
|switch|p1a: Goodra|Goodra-Hisui, F|100/100 par
|turn|55
|
|t:|1757813025
|move|p2a: Landorus|Earthquake|p1a: Goodra
|-supereffective|p1a: Goodra
|-damage|p1a: Goodra|0 fnt
|faint|p1a: Goodra
|
|win|Cherrybomb15
|raw|Ravingtomb's rating: 1576 &rarr; <strong>1556</strong><br />(-20 for losing)
|raw|Cherrybomb15's rating: 1569 &rarr; <strong>1589</strong><br />(+20 for winning)
|l|‽Cherrybomb15
|player|p2|
