|j|☆Cap2n
|j|☆Papagayo32
|t:|1757818731
|gametype|singles
|player|p1|Cap2n|burglar|1475
|player|p2|Papagayo32|youngster-gen4dp|1458
|gen|9
|tier|[Gen 9] OU
|rated|
|rule|HP Percentage Mod: HP is shown in percentages
|rule|Endless Battle Clause: Forcing endless battles is banned
|rule|Species Clause: Limit one of each Pokémon
|rule|OHKO Clause: OHKO moves are banned
|rule|Evasion Items Clause: Evasion items are banned
|rule|Evasion Moves Clause: Evasion moves are banned
|rule|Evasion Abilities Clause: Evasion abilities are banned
|rule|Sleep Moves Clause: Sleep-inducing moves are banned
|clearpoke
|poke|p1|Pelipper, F|
|poke|p1|Talonflame, M|
|poke|p1|Iron Treads|
|poke|p1|Tornadus-Therian, M|
|poke|p1|Zamazenta-*|
|poke|p1|Greninja-*, M|
|poke|p2|Dragapult, F|
|poke|p2|Slowbro, M|
|poke|p2|Empoleon, M|
|poke|p2|Gliscor, F|
|poke|p2|Darkrai|
|poke|p2|Weezing-Galar, M|
|teampreview
|inactive|Battle timer is ON: inactive players will automatically lose when time's up. (requested by Cap2n)
|inactive|Papagayo32 has 120 seconds left.
|inactive|Papagayo32 has 90 seconds left.
|
|t:|1757818799
|teamsize|p1|6
|teamsize|p2|6
|start
|switch|p1a: Ranas|Greninja, M|100/100
|switch|p2a: Darkrai|Darkrai|100/100
|turn|1
|
|t:|1757818807
|switch|p2a: Weezing|Weezing-Galar, M|100/100
|move|p1a: Ranas|U-turn|p2a: Weezing
|-start|p1a: Ranas|typechange|Bug|[from] ability: Protean
|-resisted|p2a: Weezing
|-damage|p2a: Weezing|96/100
|
|t:|1757818823
|switch|p1a: Vayu|Tornadus-Therian, M|100/100|[from] U-turn
|
|upkeep
|turn|2
|inactive|Papagayo32 has 120 seconds left.
|
|t:|1757818863
|move|p1a: Vayu|Hurricane|p2a: Weezing|[miss]
|-miss|p1a: Vayu|p2a: Weezing
|move|p2a: Weezing|Sludge Bomb|p1a: Vayu
|-damage|p1a: Vayu|82/100
|-status|p1a: Vayu|psn
|
|-damage|p1a: Vayu|70/100 psn|[from] psn
|upkeep
|turn|3
|
|t:|1757818884
|move|p1a: Vayu|Hurricane|p2a: Weezing|[miss]
|-miss|p1a: Vayu|p2a: Weezing
|move|p2a: Weezing|Strange Steam|p1a: Vayu
|-damage|p1a: Vayu|50/100 psn
|
|-damage|p1a: Vayu|38/100 psn|[from] psn
|upkeep
|turn|4
|
|t:|1757818898
|move|p1a: Vayu|U-turn|p2a: Weezing
|-resisted|p2a: Weezing
|-damage|p2a: Weezing|93/100
|
|t:|1757818900
|switch|p1a: Big Unit 51|Iron Treads|100/100|[from] U-turn
|move|p2a: Weezing|Sludge Bomb|p1a: Big Unit 51
|-immune|p1a: Big Unit 51
|
|upkeep
|turn|5
|
|t:|1757818918
|-end|p1a: Big Unit 51|Quark Drive|[silent]
|switch|p1a: Vayu|Tornadus-Therian, M|71/100 psn
|move|p2a: Weezing|Flamethrower|p1a: Vayu
|-damage|p1a: Vayu|59/100 psn
|
|-damage|p1a: Vayu|46/100 psn|[from] psn
|upkeep
|turn|6
|
|t:|1757818928
|move|p1a: Vayu|Hurricane|p2a: Weezing
|-damage|p2a: Weezing|60/100
|move|p2a: Weezing|Strange Steam|p1a: Vayu
|-damage|p1a: Vayu|28/100 psn
|
|-damage|p1a: Vayu|16/100 psn|[from] psn
|upkeep
|turn|7
|
|t:|1757818956
|move|p1a: Vayu|U-turn|p2a: Weezing
|-resisted|p2a: Weezing
|-damage|p2a: Weezing|56/100
|inactive|Cap2n has 120 seconds left.
|
|t:|1757818979
|switch|p1a: Ranas|Greninja, M|100/100|[from] U-turn
|move|p2a: Weezing|Flamethrower|p1a: Ranas
|-resisted|p1a: Ranas
|-damage|p1a: Ranas|86/100
|
|upkeep
|turn|8
|inactive|Papagayo32 has 120 seconds left.
|
|t:|1757819031
|move|p1a: Ranas|Surf|p2a: Weezing
|-start|p1a: Ranas|typechange|Water|[from] ability: Protean
|-damage|p2a: Weezing|33/100
|move|p2a: Weezing|Sludge Bomb|p1a: Ranas
|-damage|p1a: Ranas|39/100
|
|upkeep
|turn|9
|inactive|Cap2n has 90 seconds left.
|
|t:|1757819064
|move|p1a: Ranas|Surf|p2a: Weezing
|-damage|p2a: Weezing|7/100
|move|p2a: Weezing|Sludge Bomb|p1a: Ranas
|-damage|p1a: Ranas|0 fnt
|faint|p1a: Ranas
|
|upkeep
|inactive|Cap2n has 60 seconds left.
|
|t:|1757819090
|switch|p1a: Big Unit 51|Iron Treads|100/100
|turn|10
|
|t:|1757819106
|move|p1a: Big Unit 51|Rapid Spin|p2a: Weezing
|-damage|p2a: Weezing|0 fnt
|-boost|p1a: Big Unit 51|spe|1
|faint|p2a: Weezing
|
|upkeep
|
|t:|1757819110
|switch|p2a: Slowbro|Slowbro, M|100/100
|turn|11
|
|t:|1757819115
|move|p1a: Big Unit 51|Volt Switch|p2a: Slowbro
|-supereffective|p2a: Slowbro
|-damage|p2a: Slowbro|77/100
|
|t:|1757819121
|-end|p1a: Big Unit 51|Quark Drive|[silent]
|switch|p1a: Vayu|Tornadus-Therian, M|49/100 psn|[from] Volt Switch
|move|p2a: Slowbro|Scald|p1a: Vayu
|-crit|p1a: Vayu
|-damage|p1a: Vayu|19/100 psn
|
|-heal|p2a: Slowbro|83/100|[from] item: Leftovers
|-damage|p1a: Vayu|6/100 psn|[from] psn
|upkeep
|turn|12
|
|t:|1757819128
|switch|p2a: Empoleon|Empoleon, M, shiny|100/100
|move|p1a: Vayu|U-turn|p2a: Empoleon
|-resisted|p2a: Empoleon
|-damage|p2a: Empoleon|90/100
|inactive|Cap2n has 90 seconds left.
|
|t:|1757819141
|switch|p1a: Artemis|Zamazenta|100/100|[from] U-turn
|-ability|p1a: Artemis|Dauntless Shield|boost
|-boost|p1a: Artemis|def|1
|
|upkeep
|turn|13
|inactive|Cap2n has 90 seconds left.
|
|t:|1757819180
|switch|p2a: Gliscor|Gliscor, F|100/100
|move|p1a: Artemis|Crunch|p2a: Gliscor
|-damage|p2a: Gliscor|76/100
|-damage|p1a: Artemis|91/100|[from] item: Life Orb
|
|-status|p2a: Gliscor|tox|[from] item: Toxic Orb
|upkeep
|turn|14
|
|t:|1757819195
|switch|p1a: STORMBRINGER|Pelipper, F|100/100
|-weather|RainDance|[from] ability: Drizzle|[of] p1a: STORMBRINGER
|move|p2a: Gliscor|Stealth Rock|p1a: STORMBRINGER
|-sidestart|p1: Cap2n|move: Stealth Rock
|
|-weather|RainDance|[upkeep]
|-heal|p2a: Gliscor|89/100 tox|[from] ability: Poison Heal
|upkeep
|turn|15
|
|t:|1757819215
|switch|p2a: Dragapult|Dragapult, F, shiny|100/100
|move|p1a: STORMBRINGER|Weather Ball|p2a: Dragapult
|-resisted|p2a: Dragapult
|-damage|p2a: Dragapult|79/100
|
|-weather|RainDance|[upkeep]
|-heal|p2a: Dragapult|85/100|[from] item: Leftovers
|upkeep
|turn|16
|
|t:|1757819223
|switch|p1a: Vayu|Tornadus-Therian, M|39/100 psn
|-damage|p1a: Vayu|15/100 psn|[from] Stealth Rock
|move|p2a: Dragapult|Will-O-Wisp||[still]
|-fail|p2a: Dragapult
|
|-weather|RainDance|[upkeep]
|-heal|p2a: Dragapult|91/100|[from] item: Leftovers
|-damage|p1a: Vayu|2/100 psn|[from] psn
|upkeep
|turn|17
|
|t:|1757819235
|move|p2a: Dragapult|Shadow Ball|p1a: Vayu
|-damage|p1a: Vayu|0 fnt
|faint|p1a: Vayu
|
|-weather|RainDance|[upkeep]
|-heal|p2a: Dragapult|97/100|[from] item: Leftovers
|upkeep
|inactive|Cap2n has 60 seconds left.
|
|t:|1757819259
|switch|p1a: Artemis|Zamazenta|91/100
|-damage|p1a: Artemis|85/100|[from] Stealth Rock
|turn|18
|inactive|Cap2n has 60 seconds left.
|
|t:|1757819266
|switch|p2a: Gliscor|Gliscor, F|89/100 tox
|move|p1a: Artemis|Crunch|p2a: Gliscor
|-damage|p2a: Gliscor|64/100 tox
|-damage|p1a: Artemis|75/100|[from] item: Life Orb
|
|-weather|RainDance|[upkeep]
|-heal|p2a: Gliscor|76/100 tox|[from] ability: Poison Heal
|upkeep
|turn|19
|inactive|Cap2n has 60 seconds left.
|
|t:|1757819289
|move|p1a: Artemis|Crunch|p2a: Gliscor
|-damage|p2a: Gliscor|54/100 tox
|-damage|p1a: Artemis|65/100|[from] item: Life Orb
|move|p2a: Gliscor|Knock Off|p1a: Artemis
|-resisted|p1a: Artemis
|-damage|p1a: Artemis|55/100
|-enditem|p1a: Artemis|Life Orb|[from] move: Knock Off|[of] p2a: Gliscor
|
|-weather|RainDance|[upkeep]
|-heal|p2a: Gliscor|67/100 tox|[from] ability: Poison Heal
|upkeep
|turn|20
|
|t:|1757819307
|move|p1a: Artemis|Heavy Slam|p2a: Gliscor
|-damage|p2a: Gliscor|42/100 tox
|move|p2a: Gliscor|Spikes|p1a: Artemis
|-sidestart|p1: Cap2n|Spikes
|
|-weather|RainDance|[upkeep]
|-heal|p2a: Gliscor|55/100 tox|[from] ability: Poison Heal
|upkeep
|turn|21
|
|t:|1757819313
|switch|p2a: Slowbro|Slowbro, M|100/100
|move|p1a: Artemis|Crunch|p2a: Slowbro
|-supereffective|p2a: Slowbro
|-damage|p2a: Slowbro|65/100
|
|-weather|none
|-heal|p2a: Slowbro|71/100|[from] item: Leftovers
|upkeep
|turn|22
|
|t:|1757819333
|move|p1a: Artemis|Close Combat|p2a: Slowbro
|-resisted|p2a: Slowbro
|-damage|p2a: Slowbro|53/100
|-unboost|p1a: Artemis|def|1
|-unboost|p1a: Artemis|spd|1
|move|p2a: Slowbro|Calm Mind|p2a: Slowbro
|-boost|p2a: Slowbro|spa|1
|-boost|p2a: Slowbro|spd|1
|
|-heal|p2a: Slowbro|59/100|[from] item: Leftovers
|upkeep
|turn|23
|
|t:|1757819342
|move|p1a: Artemis|Crunch|p2a: Slowbro
|-supereffective|p2a: Slowbro
|-damage|p2a: Slowbro|26/100
|move|p2a: Slowbro|Slack Off|p2a: Slowbro
|-heal|p2a: Slowbro|76/100
|
|-heal|p2a: Slowbro|82/100|[from] item: Leftovers
|upkeep
|turn|24
|
|t:|1757819368
|move|p1a: Artemis|Crunch|p2a: Slowbro
|-supereffective|p2a: Slowbro
|-damage|p2a: Slowbro|48/100
|-unboost|p2a: Slowbro|def|1
|move|p2a: Slowbro|Slack Off|p2a: Slowbro
|-heal|p2a: Slowbro|98/100
|
|-heal|p2a: Slowbro|100/100|[from] item: Leftovers
|upkeep
|turn|25
|
|t:|1757819378
|switch|p1a: STORMBRINGER|Pelipper, F|100/100
|-damage|p1a: STORMBRINGER|75/100|[from] Stealth Rock
|-weather|RainDance|[from] ability: Drizzle|[of] p1a: STORMBRINGER
|move|p2a: Slowbro|Psychic Noise|p1a: STORMBRINGER
|-damage|p1a: STORMBRINGER|25/100
|-start|p1a: STORMBRINGER|move: Heal Block
|
|-weather|RainDance|[upkeep]
|upkeep
|turn|26
|
|t:|1757819385
|move|p1a: STORMBRINGER|Hurricane|p2a: Slowbro
|-damage|p2a: Slowbro|76/100
|move|p2a: Slowbro|Psychic Noise|p1a: STORMBRINGER
|-damage|p1a: STORMBRINGER|0 fnt
|faint|p1a: STORMBRINGER
|
|-weather|RainDance|[upkeep]
|-heal|p2a: Slowbro|82/100|[from] item: Leftovers
|upkeep
|
|t:|1757819396
|switch|p1a: Big Unit 51|Iron Treads|100/100
|-damage|p1a: Big Unit 51|97/100|[from] Stealth Rock
|-damage|p1a: Big Unit 51|85/100|[from] Spikes
|turn|27
|
|t:|1757819409
|move|p1a: Big Unit 51|Rapid Spin|p2a: Slowbro
|-damage|p2a: Slowbro|69/100
|-boost|p1a: Big Unit 51|spe|1
|-sideend|p1: Cap2n|Spikes|[from] move: Rapid Spin|[of] p1a: Big Unit 51
|-sideend|p1: Cap2n|Stealth Rock|[from] move: Rapid Spin|[of] p1a: Big Unit 51
|move|p2a: Slowbro|Scald|p1a: Big Unit 51
|-supereffective|p1a: Big Unit 51
|-damage|p1a: Big Unit 51|0 fnt
|faint|p1a: Big Unit 51
|-end|p1a: Big Unit 51|Quark Drive|[silent]
|
|-weather|RainDance|[upkeep]
|-heal|p2a: Slowbro|75/100|[from] item: Leftovers
|upkeep
|
|t:|1757819428
|switch|p1a: Artemis|Zamazenta|55/100
|turn|28
|
|t:|1757819438
|switch|p2a: Gliscor|Gliscor, F|55/100 tox
|-terastallize|p1a: Artemis|Dark
|move|p1a: Artemis|Crunch|p2a: Gliscor
|-damage|p2a: Gliscor|25/100 tox
|
|-weather|RainDance|[upkeep]
|-heal|p2a: Gliscor|38/100 tox|[from] ability: Poison Heal
|upkeep
|turn|29
|
|t:|1757819456
|move|p1a: Artemis|Heavy Slam|p2a: Gliscor
|-damage|p2a: Gliscor|15/100 tox
|move|p2a: Gliscor|Stealth Rock|p1a: Artemis
|-sidestart|p1: Cap2n|move: Stealth Rock
|
|-weather|RainDance|[upkeep]
|-heal|p2a: Gliscor|28/100 tox|[from] ability: Poison Heal
|upkeep
|turn|30
|inactive|Papagayo32 has 120 seconds left.
|
|t:|1757819504
|move|p1a: Artemis|Crunch|p2a: Gliscor
|-damage|p2a: Gliscor|2/100 tox
|move|p2a: Gliscor|Toxic|p1a: Artemis
|-status|p1a: Artemis|tox
|
|-weather|RainDance|[upkeep]
|-damage|p1a: Artemis|49/100 tox|[from] psn
|-heal|p2a: Gliscor|15/100 tox|[from] ability: Poison Heal
|upkeep
|turn|31
|inactive|Papagayo32 has 90 seconds left.
|
|t:|1757819555
|move|p1a: Artemis|Heavy Slam|p2a: Gliscor
|-damage|p2a: Gliscor|0 fnt
|faint|p2a: Gliscor
|
|-weather|RainDance|[upkeep]
|-damage|p1a: Artemis|36/100 tox|[from] psn
|upkeep
|
|t:|1757819558
|switch|p2a: Slowbro|Slowbro, M|100/100
|turn|32
|
|t:|1757819568
|move|p1a: Artemis|Crunch|p2a: Slowbro
|-supereffective|p2a: Slowbro
|-damage|p2a: Slowbro|46/100
|move|p2a: Slowbro|Scald|p1a: Artemis
|-damage|p1a: Artemis|0 fnt
|faint|p1a: Artemis
|
|-weather|none
|-heal|p2a: Slowbro|52/100|[from] item: Leftovers
|upkeep
|
|t:|1757819570
|switch|p1a: Vendavas|Talonflame, M, shiny|100/100
|-damage|p1a: Vendavas|51/100|[from] Stealth Rock
|turn|33
|inactive|Papagayo32 has 90 seconds left.
|
|t:|1757819581
|move|p1a: Vendavas|Hurricane|p2a: Slowbro
|-damage|p2a: Slowbro|0 fnt
|faint|p2a: Slowbro
|
|upkeep
|
|t:|1757819587
|switch|p2a: Empoleon|Empoleon, M, shiny|90/100
|turn|34
|
|t:|1757819591
|move|p2a: Empoleon|Hydro Pump|p1a: Vendavas
|-supereffective|p1a: Vendavas
|-damage|p1a: Vendavas|0 fnt
|faint|p1a: Vendavas
|
|win|Papagayo32
|raw|Cap2n's rating: 1475 &rarr; <strong>1453</strong><br />(-22 for losing)
|raw|Papagayo32's rating: 1437 &rarr; <strong>1459</strong><br />(+22 for winning)
|l|☆Cap2n
|player|p1|
