|j|☆grunt ted
|j|☆PikachuStupid90
|t:|1757857522
|gametype|singles
|player|p1|grunt ted|rocketgrunt|1259
|player|p2|PikachuStupid90|miku-ground|1279
|gen|9
|tier|[Gen 9] OU
|rated|
|rule|HP Percentage Mod: HP is shown in percentages
|rule|Endless Battle Clause: Forcing endless battles is banned
|rule|Species Clause: Limit one of each Pokémon
|rule|OHKO Clause: OHKO moves are banned
|rule|Evasion Items Clause: Evasion items are banned
|rule|Evasion Moves Clause: Evasion moves are banned
|rule|Evasion Abilities Clause: Evasion abilities are banned
|rule|Sleep Moves Clause: Sleep-inducing moves are banned
|clearpoke
|poke|p1|Pelipper, M|
|poke|p1|Glimmora, M|
|poke|p1|Arboliva, F|
|poke|p1|Hatterene, F|
|poke|p1|Darkrai|
|poke|p1|Raging Bolt|
|poke|p2|Scizor, F|
|poke|p2|Pelipper, F|
|poke|p2|Rillaboom, F|
|poke|p2|Weezing-Galar, M|
|poke|p2|Ogerpon-Wellspring, F|
|poke|p2|Kingambit, M|
|teampreview
|
|t:|1757857542
|teamsize|p1|6
|teamsize|p2|6
|start
|switch|p1a: Hatterene|Hatterene, F|100/100
|switch|p2a: Weezing|Weezing-Galar, M|100/100
|-ability|p2a: Weezing|Neutralizing Gas
|turn|1
|
|t:|1757857553
|move|p2a: Weezing|Sludge Bomb|p1a: Hatterene
|-supereffective|p1a: Hatterene
|-damage|p1a: Hatterene|46/100
|move|p1a: Hatterene|Calm Mind|p1a: Hatterene
|-boost|p1a: Hatterene|spa|1
|-boost|p1a: Hatterene|spd|1
|
|-heal|p1a: Hatterene|52/100|[from] item: Leftovers
|upkeep
|turn|2
|inactive|Battle timer is ON: inactive players will automatically lose when time's up. (requested by PikachuStupid90)
|
|t:|1757857570
|-end|p2a: Weezing|ability: Neutralizing Gas
|switch|p2a: Kingambit|Kingambit, M|100/100
|move|p1a: Hatterene|Psychic Noise|p2a: Kingambit
|-immune|p2a: Kingambit
|
|-heal|p1a: Hatterene|58/100|[from] item: Leftovers
|upkeep
|turn|3
|
|t:|1757857588
|switch|p1a: Glimmora|Glimmora, M|100/100
|move|p2a: Kingambit|Iron Head|p1a: Glimmora
|-supereffective|p1a: Glimmora
|-damage|p1a: Glimmora|0 fnt
|-activate|p1a: Glimmora|ability: Toxic Debris
|-sidestart|p2: PikachuStupid90|move: Toxic Spikes
|faint|p1a: Glimmora
|
|upkeep
|
|t:|1757857595
|switch|p1a: Pelipper|Pelipper, M|100/100
|-weather|RainDance|[from] ability: Drizzle|[of] p1a: Pelipper
|turn|4
|inactive|PikachuStupid90 has 120 seconds left.
|
|t:|1757857626
|move|p1a: Pelipper|U-turn|p2a: Kingambit
|-damage|p2a: Kingambit|95/100
|
|t:|1757857631
|switch|p1a: Raging Bolt|Raging Bolt|100/100|[from] U-turn
|move|p2a: Kingambit|Kowtow Cleave|p1a: Raging Bolt
|-damage|p1a: Raging Bolt|53/100
|
|-weather|RainDance|[upkeep]
|upkeep
|turn|5
|
|t:|1757857640
|move|p1a: Raging Bolt|Volt Switch|p2a: Kingambit
|-damage|p2a: Kingambit|68/100
|
|t:|1757857648
|-end|p1a: Raging Bolt|Protosynthesis|[silent]
|switch|p1a: Pelipper|Pelipper, M|100/100|[from] Volt Switch
|move|p2a: Kingambit|Kowtow Cleave|p1a: Pelipper
|-damage|p1a: Pelipper|45/100
|
|-weather|RainDance|[upkeep]
|upkeep
|turn|6
|
|t:|1757857657
|move|p1a: Pelipper|Weather Ball|p2a: Kingambit
|-damage|p2a: Kingambit|0 fnt
|faint|p2a: Kingambit
|-end|p2a: Kingambit|fallenundefined|[silent]
|
|-weather|RainDance|[upkeep]
|upkeep
|
|t:|1757857667
|switch|p2a: Weezing|Weezing-Galar, M|100/100
|-ability|p2a: Weezing|Neutralizing Gas
|-sideend|p2: PikachuStupid90|move: Toxic Spikes|[of] p2a: Weezing
|turn|7
|
|t:|1757857677
|-end|p2a: Weezing|ability: Neutralizing Gas
|switch|p2a: Rillaboom|Rillaboom, F|100/100
|-fieldstart|move: Grassy Terrain|[from] ability: Grassy Surge|[of] p2a: Rillaboom
|move|p1a: Pelipper|Weather Ball|p2a: Rillaboom
|-resisted|p2a: Rillaboom
|-damage|p2a: Rillaboom|28/100
|
|-weather|RainDance|[upkeep]
|-heal|p2a: Rillaboom|35/100|[from] Grassy Terrain
|upkeep
|turn|8
|
|t:|1757857691
|-terastallize|p2a: Rillaboom|Grass
|move|p2a: Rillaboom|Grassy Glide|p1a: Pelipper
|-damage|p1a: Pelipper|0 fnt
|faint|p1a: Pelipper
|
|-weather|none
|-heal|p2a: Rillaboom|41/100|[from] Grassy Terrain
|upkeep
|
|t:|1757857698
|switch|p1a: Raging Bolt|Raging Bolt|53/100
|turn|9
|
|t:|1757857709
|switch|p2a: Weezing|Weezing-Galar, M|100/100
|-ability|p2a: Weezing|Neutralizing Gas
|move|p1a: Raging Bolt|Thunderclap||[still]
|-fail|p1a: Raging Bolt
|
|-heal|p1a: Raging Bolt|60/100|[from] Grassy Terrain
|upkeep
|turn|10
|
|t:|1757857719
|move|p1a: Raging Bolt|Volt Switch|p2a: Weezing
|-damage|p2a: Weezing|45/100
|
|t:|1757857725
|-end|p1a: Raging Bolt|Protosynthesis|[silent]
|switch|p1a: Hatterene|Hatterene, F|58/100|[from] Volt Switch
|move|p2a: Weezing|Will-O-Wisp|p1a: Hatterene
|-status|p1a: Hatterene|brn
|
|-heal|p2a: Weezing|50/100|[from] Grassy Terrain
|-heal|p1a: Hatterene|64/100 brn|[from] Grassy Terrain
|-heal|p1a: Hatterene|70/100 brn|[from] item: Leftovers
|-damage|p1a: Hatterene|64/100 brn|[from] brn
|upkeep
|turn|11
|
|t:|1757857732
|move|p2a: Weezing|Sludge Bomb|p1a: Hatterene
|-supereffective|p1a: Hatterene
|-damage|p1a: Hatterene|5/100 brn
|move|p1a: Hatterene|Psychic Noise|p2a: Weezing
|-supereffective|p2a: Weezing
|-damage|p2a: Weezing|0 fnt
|faint|p2a: Weezing
|-end|p2a: Weezing|ability: Neutralizing Gas
|
|-heal|p1a: Hatterene|11/100 brn|[from] Grassy Terrain
|-heal|p1a: Hatterene|17/100 brn|[from] item: Leftovers
|-damage|p1a: Hatterene|11/100 brn|[from] brn
|-fieldend|move: Grassy Terrain
|upkeep
|
|t:|1757857750
|switch|p2a: Scizor|Scizor, F|100/100
|turn|12
|
|t:|1757857752
|move|p2a: Scizor|U-turn|p1a: Hatterene
|-damage|p1a: Hatterene|0 fnt
|faint|p1a: Hatterene
|
|t:|1757857756
|switch|p2a: Rillaboom|Rillaboom, F, tera:Grass|41/100|[from] U-turn
|-fieldstart|move: Grassy Terrain|[from] ability: Grassy Surge|[of] p2a: Rillaboom
|
|-heal|p2a: Rillaboom|47/100|[from] Grassy Terrain
|upkeep
|
|t:|1757857770
|switch|p1a: Arboliva|Arboliva, F, shiny|100/100
|turn|13
|
|t:|1757857774
|move|p2a: Rillaboom|U-turn|p1a: Arboliva
|-supereffective|p1a: Arboliva
|-damage|p1a: Arboliva|40/100
|
|t:|1757857778
|switch|p2a: Scizor|Scizor, F|100/100|[from] U-turn
|move|p1a: Arboliva|Strength Sap|p2a: Scizor
|-unboost|p2a: Scizor|atk|1
|-heal|p1a: Arboliva|100/100
|
|upkeep
|turn|14
|
|t:|1757857785
|move|p2a: Scizor|U-turn|p1a: Arboliva
|-supereffective|p1a: Arboliva
|-damage|p1a: Arboliva|34/100
|
|t:|1757857794
|switch|p2a: Pelipper|Pelipper, F|100/100|[from] U-turn
|-weather|RainDance|[from] ability: Drizzle|[of] p2a: Pelipper
|move|p1a: Arboliva|Leech Seed|p2a: Pelipper
|-start|p2a: Pelipper|move: Leech Seed
|
|-weather|RainDance|[upkeep]
|-heal|p1a: Arboliva|40/100|[from] Grassy Terrain
|-heal|p1a: Arboliva|46/100|[from] item: Leftovers
|-damage|p2a: Pelipper|88/100|[from] Leech Seed|[of] p1a: Arboliva
|-heal|p1a: Arboliva|57/100|[silent]
|upkeep
|turn|15
|
|t:|1757857817
|move|p1a: Arboliva|Giga Drain|p2a: Pelipper
|-damage|p2a: Pelipper|35/100
|-heal|p1a: Arboliva|81/100|[from] drain|[of] p2a: Pelipper
|move|p2a: Pelipper|U-turn|p1a: Arboliva
|-supereffective|p1a: Arboliva
|-damage|p1a: Arboliva|65/100
|
|t:|1757857824
|switch|p2a: Scizor|Scizor, F|100/100|[from] U-turn
|
|-weather|RainDance|[upkeep]
|-heal|p1a: Arboliva|72/100|[from] Grassy Terrain
|-heal|p1a: Arboliva|78/100|[from] item: Leftovers
|upkeep
|turn|16
|
|t:|1757857833
|switch|p1a: Raging Bolt|Raging Bolt|60/100
|move|p2a: Scizor|U-turn|p1a: Raging Bolt
|-damage|p1a: Raging Bolt|4/100
|
|t:|1757857836
|switch|p2a: Rillaboom|Rillaboom, F, tera:Grass|47/100|[from] U-turn
|
|-weather|RainDance|[upkeep]
|-heal|p2a: Rillaboom|53/100|[from] Grassy Terrain
|-heal|p1a: Raging Bolt|10/100|[from] Grassy Terrain
|-fieldend|move: Grassy Terrain
|upkeep
|turn|17
|
|t:|1757857844
|move|p1a: Raging Bolt|Thunderclap|p2a: Rillaboom
|-resisted|p2a: Rillaboom
|-damage|p2a: Rillaboom|27/100
|move|p2a: Rillaboom|U-turn|p1a: Raging Bolt
|-damage|p1a: Raging Bolt|0 fnt
|faint|p1a: Raging Bolt
|-end|p1a: Raging Bolt|Protosynthesis|[silent]
|
|t:|1757857851
|switch|p2a: Ogerpon|Ogerpon-Wellspring, F|100/100|[from] U-turn
|
|-weather|RainDance|[upkeep]
|upkeep
|
|t:|1757857861
|switch|p1a: Arboliva|Arboliva, F, shiny|78/100
|turn|18
|
|t:|1757857879
|move|p2a: Ogerpon|U-turn|p1a: Arboliva
|-supereffective|p1a: Arboliva
|-damage|p1a: Arboliva|35/100
|-fieldstart|move: Grassy Terrain|[from] ability: Seed Sower|[of] p1a: Arboliva
|
|t:|1757857885
|switch|p2a: Scizor|Scizor, F|100/100|[from] U-turn
|move|p1a: Arboliva|Substitute|p1a: Arboliva
|-start|p1a: Arboliva|Substitute
|-damage|p1a: Arboliva|11/100
|
|-weather|none
|-heal|p1a: Arboliva|17/100|[from] Grassy Terrain
|-heal|p1a: Arboliva|23/100|[from] item: Leftovers
|upkeep
|turn|19
|
|t:|1757857893
|move|p2a: Scizor|U-turn|p1a: Arboliva
|-supereffective|p1a: Arboliva
|-end|p1a: Arboliva|Substitute
|
|t:|1757857896
|switch|p2a: Ogerpon|Ogerpon-Wellspring, F|100/100|[from] U-turn
|move|p1a: Arboliva|Leech Seed|p2a: Ogerpon
|-immune|p2a: Ogerpon
|
|-heal|p1a: Arboliva|29/100|[from] Grassy Terrain
|-heal|p1a: Arboliva|35/100|[from] item: Leftovers
|upkeep
|turn|20
|
|t:|1757857907
|move|p2a: Ogerpon|Encore|p1a: Arboliva
|-start|p1a: Arboliva|Encore
|move|p1a: Arboliva|Leech Seed|p2a: Ogerpon
|-immune|p2a: Ogerpon
|
|-heal|p1a: Arboliva|41/100|[from] Grassy Terrain
|-heal|p1a: Arboliva|47/100|[from] item: Leftovers
|upkeep
|turn|21
|-message|grunt ted forfeited.
|
|win|PikachuStupid90
|raw|grunt ted's rating: 1259 &rarr; <strong>1235</strong><br />(-24 for losing)
|raw|PikachuStupid90's rating: 1279 &rarr; <strong>1303</strong><br />(+24 for winning)
|l|☆grunt ted
|player|p1|
|l|☆PikachuStupid90
|player|p2|
