|j|☆ghuiod
|j|☆CD.qtvser
|t:|1757830285
|gametype|singles
|player|p1|ghuiod|hilbert-wonderlauncher|1061
|player|p2|CD.qtvser|102|1084
|gen|9
|tier|[Gen 9] OU
|rated|
|rule|HP Percentage Mod: HP is shown in percentages
|rule|Endless Battle Clause: Forcing endless battles is banned
|rule|Species Clause: Limit one of each Pokémon
|rule|OHKO Clause: OHKO moves are banned
|rule|Evasion Items Clause: Evasion items are banned
|rule|Evasion Moves Clause: Evasion moves are banned
|rule|Evasion Abilities Clause: Evasion abilities are banned
|rule|Sleep Moves Clause: Sleep-inducing moves are banned
|clearpoke
|poke|p1|Tyranitar, M|
|poke|p1|Lycanroc, M|
|poke|p1|Garganacl, F|
|poke|p1|Avalugg-Hisui, M|
|poke|p1|Kleavor, F|
|poke|p1|Drednaw, F|
|poke|p2|Ogerpon-Wellspring, F|
|poke|p2|Kingambit, M|
|poke|p2|Landorus-Therian, M|
|poke|p2|Glimmora, M|
|poke|p2|Dragapult, F|
|poke|p2|Iron Valiant|
|teampreview
|inactive|Battle timer is ON: inactive players will automatically lose when time's up. (requested by ghuiod)
|inactive|ghuiod has 120 seconds left.
|inactive|CD.qtvser has 120 seconds left.
|
|t:|1757830335
|teamsize|p1|6
|teamsize|p2|6
|start
|switch|p1a: Garganacl|Garganacl, F|100/100
|switch|p2a: Landorus|Landorus-Therian, M|100/100
|-ability|p2a: Landorus|Intimidate|boost
|-unboost|p1a: Garganacl|atk|1
|turn|1
|inactive|ghuiod has 120 seconds left.
|
|t:|1757830367
|move|p2a: Landorus|Earthquake|p1a: Garganacl
|-supereffective|p1a: Garganacl
|-damage|p1a: Garganacl|32/100
|move|p1a: Garganacl|Iron Defense|p1a: Garganacl
|-boost|p1a: Garganacl|def|2
|
|-heal|p1a: Garganacl|38/100|[from] item: Leftovers
|upkeep
|turn|2
|inactive|ghuiod has 120 seconds left.
|
|t:|1757830378
|move|p2a: Landorus|Earthquake|p1a: Garganacl
|-supereffective|p1a: Garganacl
|-damage|p1a: Garganacl|3/100
|move|p1a: Garganacl|Recover|p1a: Garganacl
|-heal|p1a: Garganacl|53/100
|
|-heal|p1a: Garganacl|59/100|[from] item: Leftovers
|upkeep
|turn|3
|inactive|ghuiod has 120 seconds left.
|
|t:|1757830392
|move|p2a: Landorus|Taunt|p1a: Garganacl
|-start|p1a: Garganacl|move: Taunt
|cant|p1a: Garganacl|move: Taunt|Recover
|
|-heal|p1a: Garganacl|66/100|[from] item: Leftovers
|upkeep
|turn|4
|
|t:|1757830401
|move|p2a: Landorus|Earthquake|p1a: Garganacl
|-supereffective|p1a: Garganacl
|-damage|p1a: Garganacl|32/100
|move|p1a: Garganacl|Body Press|p2a: Landorus
|-resisted|p2a: Landorus
|-crit|p2a: Landorus
|-damage|p2a: Landorus|69/100
|-damage|p1a: Garganacl|16/100|[from] item: Rocky Helmet|[of] p2a: Landorus
|
|-heal|p1a: Garganacl|22/100|[from] item: Leftovers
|upkeep
|turn|5
|
|t:|1757830415
|move|p2a: Landorus|Stealth Rock|p1a: Garganacl
|-sidestart|p1: ghuiod|move: Stealth Rock
|move|p1a: Garganacl|Salt Cure|p2a: Landorus
|-damage|p2a: Landorus|60/100
|-start|p2a: Landorus|Salt Cure
|
|-heal|p1a: Garganacl|28/100|[from] item: Leftovers
|-damage|p2a: Landorus|48/100|[from] Salt Cure
|-end|p1a: Garganacl|move: Taunt
|upkeep
|turn|6
|
|t:|1757830432
|switch|p2a: Glimmora|Glimmora, M|100/100
|move|p1a: Garganacl|Body Press|p2a: Glimmora
|-damage|p2a: Glimmora|49/100
|-activate|p2a: Glimmora|ability: Toxic Debris
|-sidestart|p1: ghuiod|move: Toxic Spikes
|
|-heal|p1a: Garganacl|34/100|[from] item: Leftovers
|upkeep
|turn|7
|
|t:|1757830443
|move|p2a: Glimmora|Earth Power|p1a: Garganacl
|-supereffective|p1a: Garganacl
|-damage|p1a: Garganacl|0 fnt
|faint|p1a: Garganacl
|
|upkeep
|
|t:|1757830457
|switch|p1a: Avalugg|Avalugg-Hisui, M, shiny|100/100
|-damage|p1a: Avalugg|76/100|[from] Stealth Rock
|-status|p1a: Avalugg|psn
|turn|8
|inactive|ghuiod has 120 seconds left.
|inactive|CD.qtvser has 120 seconds left.
|
|t:|1757830499
|move|p2a: Glimmora|Spikes|p1a: Avalugg
|-sidestart|p1: ghuiod|Spikes
|move|p1a: Avalugg|Ice Spinner|p2a: Glimmora
|-damage|p2a: Glimmora|10/100
|-activate|p2a: Glimmora|ability: Toxic Debris
|-sidestart|p1: ghuiod|move: Toxic Spikes
|
|-heal|p1a: Avalugg|82/100 psn|[from] item: Leftovers
|-damage|p1a: Avalugg|69/100 psn|[from] psn
|upkeep
|turn|9
|inactive|CD.qtvser has 120 seconds left.
|
|t:|1757830513
|move|p2a: Glimmora|Spikes|p1a: Avalugg
|-sidestart|p1: ghuiod|Spikes
|move|p1a: Avalugg|Rapid Spin|p2a: Glimmora
|-resisted|p2a: Glimmora
|-damage|p2a: Glimmora|1/100
|-boost|p1a: Avalugg|spe|1
|-sideend|p1: ghuiod|Spikes|[from] move: Rapid Spin|[of] p1a: Avalugg
|-sideend|p1: ghuiod|Toxic Spikes|[from] move: Rapid Spin|[of] p1a: Avalugg
|-sideend|p1: ghuiod|Stealth Rock|[from] move: Rapid Spin|[of] p1a: Avalugg
|
|-heal|p1a: Avalugg|75/100 psn|[from] item: Leftovers
|-damage|p1a: Avalugg|63/100 psn|[from] psn
|upkeep
|turn|10
|inactive|CD.qtvser has 120 seconds left.
|
|t:|1757830528
|move|p2a: Glimmora|Meteor Beam||[still]
|-prepare|p2a: Glimmora|Meteor Beam
|-boost|p2a: Glimmora|spa|1
|-enditem|p2a: Glimmora|Power Herb
|-anim|p2a: Glimmora|Meteor Beam|p1a: Avalugg
|-supereffective|p1a: Avalugg
|-damage|p1a: Avalugg|0 fnt
|faint|p1a: Avalugg
|
|upkeep
|inactive|ghuiod has 90 seconds left.
|
|t:|1757830552
|switch|p1a: gugch3|Lycanroc, M, shiny|100/100
|turn|11
|inactive|ghuiod has 90 seconds left.
|
|t:|1757830566
|move|p1a: gugch3|Crunch|p2a: Glimmora
|-damage|p2a: Glimmora|0 fnt
|-activate|p2a: Glimmora|ability: Toxic Debris
|-sidestart|p1: ghuiod|move: Toxic Spikes
|faint|p2a: Glimmora
|
|upkeep
|inactive|CD.qtvser has 120 seconds left.
|
|t:|1757830587
|switch|p2a: Dragapult|Dragapult, F|100/100
|turn|12
|inactive|ghuiod has 90 seconds left.
|
|t:|1757830598
|switch|p1a: 塞班|Tyranitar, M, shiny|100/100
|-status|p1a: 塞班|psn
|-weather|Sandstorm|[from] ability: Sand Stream|[of] p1a: 塞班
|move|p2a: Dragapult|Draco Meteor|p1a: 塞班
|-damage|p1a: 塞班|49/100 psn
|-unboost|p2a: Dragapult|spa|2
|
|-weather|Sandstorm|[upkeep]
|-damage|p2a: Dragapult|95/100|[from] Sandstorm
|-heal|p1a: 塞班|55/100 psn|[from] item: Leftovers
|-damage|p1a: 塞班|42/100 psn|[from] psn
|upkeep
|turn|13
|inactive|ghuiod has 90 seconds left.
|inactive|CD.qtvser has 120 seconds left.
|
|t:|1757830622
|switch|p2a: Landorus|Landorus-Therian, M|48/100
|-ability|p2a: Landorus|Intimidate|boost
|-unboost|p1a: 塞班|atk|1
|move|p1a: 塞班|Crunch|p2a: Landorus
|-damage|p2a: Landorus|19/100
|-damage|p1a: 塞班|26/100 psn|[from] item: Rocky Helmet|[of] p2a: Landorus
|
|-weather|Sandstorm|[upkeep]
|-heal|p1a: 塞班|32/100 psn|[from] item: Leftovers
|-damage|p1a: 塞班|20/100 psn|[from] psn
|upkeep
|turn|14
|inactive|ghuiod has 90 seconds left.
|
|t:|1757830639
|move|p2a: Landorus|Earthquake|p1a: 塞班
|-supereffective|p1a: 塞班
|-damage|p1a: 塞班|0 fnt
|faint|p1a: 塞班
|
|-weather|Sandstorm|[upkeep]
|upkeep
|
|t:|1757830653
|switch|p1a: gugch3|Lycanroc, M, shiny|100/100
|-status|p1a: gugch3|psn
|turn|15
|inactive|CD.qtvser has 120 seconds left.
|
|t:|1757830660
|move|p1a: gugch3|Rock Blast|p2a: Landorus
|-damage|p2a: Landorus|7/100
|-damage|p2a: Landorus|0 fnt
|faint|p2a: Landorus
|-hitcount|p2: Landorus|2
|
|-weather|Sandstorm|[upkeep]
|-damage|p1a: gugch3|88/100 psn|[from] psn
|upkeep
|inactive|CD.qtvser has 120 seconds left.
|
|t:|1757830669
|switch|p2a: Dragapult|Dragapult, F|95/100
|turn|16
|inactive|ghuiod has 90 seconds left.
|
|t:|1757830676
|move|p1a: gugch3|Crunch|p2a: Dragapult
|-supereffective|p2a: Dragapult
|-damage|p2a: Dragapult|17/100
|move|p2a: Dragapult|Draco Meteor|p1a: gugch3
|-damage|p1a: gugch3|0 fnt
|-unboost|p2a: Dragapult|spa|2
|faint|p1a: gugch3
|
|-weather|none
|upkeep
|inactive|ghuiod has 90 seconds left.
|
|t:|1757830689
|switch|p1a: Drednaw|Drednaw, F, shiny|100/100
|-status|p1a: Drednaw|psn
|turn|17
|inactive|ghuiod has 90 seconds left.
|
|t:|1757830702
|switch|p2a: Iron Valiant|Iron Valiant|100/100
|-enditem|p2a: Iron Valiant|Booster Energy
|-activate|p2a: Iron Valiant|ability: Quark Drive|[fromitem]
|-start|p2a: Iron Valiant|quarkdrivespe
|move|p1a: Drednaw|Rock Polish|p1a: Drednaw
|-boost|p1a: Drednaw|spe|2
|
|-damage|p1a: Drednaw|88/100 psn|[from] psn
|upkeep
|turn|18
|inactive|ghuiod has 90 seconds left.
|
|t:|1757830734
|move|p2a: Iron Valiant|Encore|p1a: Drednaw
|-start|p1a: Drednaw|Encore
|move|p1a: Drednaw|Rock Polish|p1a: Drednaw
|-boost|p1a: Drednaw|spe|2
|
|-heal|p1a: Drednaw|94/100 psn|[from] item: Leftovers
|-damage|p1a: Drednaw|82/100 psn|[from] psn
|upkeep
|turn|19
|
|t:|1757830746
|move|p1a: Drednaw|Rock Polish|p1a: Drednaw
|-boost|p1a: Drednaw|spe|2
|move|p2a: Iron Valiant|Spirit Break|p1a: Drednaw
|-damage|p1a: Drednaw|33/100 psn
|-unboost|p1a: Drednaw|spa|1
|
|-heal|p1a: Drednaw|39/100 psn|[from] item: Leftovers
|-damage|p1a: Drednaw|27/100 psn|[from] psn
|upkeep
|turn|20
|
|t:|1757830759
|move|p1a: Drednaw|Rock Polish|p1a: Drednaw
|-boost|p1a: Drednaw|spe|0
|move|p2a: Iron Valiant|Spirit Break|p1a: Drednaw
|-damage|p1a: Drednaw|0 fnt
|faint|p1a: Drednaw
|
|upkeep
|-message|ghuiod forfeited.
|
|win|CD.qtvser
|raw|ghuiod's rating: 1061 &rarr; <strong>1043</strong><br />(-18 for losing)
|raw|CD.qtvser's rating: 1084 &rarr; <strong>1110</strong><br />(+26 for winning)
|l|☆ghuiod
|player|p1|
|l|☆CD.qtvser
|player|p2|
