|j|☆Bogatyum
|j|☆ewzfs
|t:|1757949215
|gametype|singles
|player|p1|Bogatyum|lucas|1012
|player|p2|ewzfs|170|1000
|gen|9
|tier|[Gen 9] OU
|rated|
|rule|HP Percentage Mod: HP is shown in percentages
|rule|Endless Battle Clause: Forcing endless battles is banned
|rule|Species Clause: Limit one of each Pokémon
|rule|OHKO Clause: OHKO moves are banned
|rule|Evasion Items Clause: Evasion items are banned
|rule|Evasion Moves Clause: Evasion moves are banned
|rule|Evasion Abilities Clause: Evasion abilities are banned
|rule|Sleep Moves Clause: Sleep-inducing moves are banned
|clearpoke
|poke|p1|Tinkaton, F|
|poke|p1|Scream Tail|
|poke|p1|Blastoise, M|
|poke|p1|Raichu, M|
|poke|p1|Mimikyu, M|
|poke|p1|Primeape, M|
|poke|p2|Primeape, F|
|poke|p2|Noctowl, F|
|poke|p2|Bisharp, M|
|poke|p2|Magmar, M|
|teampreview
|
|t:|1757949233
|teamsize|p1|6
|teamsize|p2|4
|start
|switch|p1a: Крикун|Scream Tail|100/100
|switch|p2a: Se fudeu|Bisharp, M|100/100
|turn|1
|
|t:|1757949269
|-end|p1a: Крикун|Protosynthesis|[silent]
|switch|p1a: Це точно Пікачу|Mimikyu, M|100/100
|move|p2a: Se fudeu|Swords Dance|p2a: Se fudeu
|-boost|p2a: Se fudeu|atk|2
|
|upkeep
|turn|2
|
|t:|1757949277
|move|p1a: Це точно Пікачу|Play Rough|p2a: Se fudeu|[miss]
|-miss|p1a: Це точно Пікачу|p2a: Se fudeu
|move|p2a: Se fudeu|Iron Head|p1a: Це точно Пікачу
|-activate|p1a: Це точно Пікачу|ability: Disguise
|-damage|p1a: Це точно Пікачу|100/100
|detailschange|p1a: Це точно Пікачу|Mimikyu-Busted, M
|-damage|p1a: Це точно Пікачу|88/100|[from] pokemon: Mimikyu-Busted
|
|-heal|p1a: Це точно Пікачу|94/100|[from] item: Leftovers
|upkeep
|turn|3
|
|t:|1757949327
|move|p2a: Se fudeu|Sucker Punch|p1a: Це точно Пікачу
|-damage|p1a: Це точно Пікачу|0 fnt
|faint|p1a: Це точно Пікачу
|
|upkeep
|
|t:|1757949354
|switch|p1a: Божевільна Мавпа|Primeape, M|100/100
|turn|4
|
|t:|1757949379
|move|p1a: Божевільна Мавпа|Brick Break|p2a: Se fudeu
|-supereffective|p2a: Se fudeu
|-enditem|p2a: Se fudeu|Focus Sash
|-damage|p2a: Se fudeu|1/100
|move|p2a: Se fudeu|Iron Head|p1a: Божевільна Мавпа
|-damage|p1a: Божевільна Мавпа|0 fnt
|faint|p1a: Божевільна Мавпа
|
|upkeep
|
|t:|1757949398
|switch|p1a: Крикун|Scream Tail|100/100
|turn|5
|
|t:|1757949403
|move|p2a: Se fudeu|Sucker Punch|p1a: Крикун
|-damage|p1a: Крикун|40/100
|move|p1a: Крикун|Crunch|p2a: Se fudeu
|-resisted|p2a: Se fudeu
|-damage|p2a: Se fudeu|0 fnt
|faint|p2a: Se fudeu
|
|-heal|p1a: Крикун|47/100|[from] item: Leftovers
|upkeep
|
|t:|1757949426
|switch|p2a: Queimado|Magmar, M|100/100
|turn|6
|
|t:|1757949431
|-end|p1a: Крикун|Protosynthesis|[silent]
|switch|p1a: Танк|Blastoise, M|100/100
|move|p2a: Queimado|Lava Plume|p1a: Танк
|-resisted|p1a: Танк
|-damage|p1a: Танк|83/100
|-status|p1a: Танк|brn
|
|-heal|p1a: Танк|89/100 brn|[from] item: Leftovers
|-damage|p1a: Танк|83/100 brn|[from] brn
|upkeep
|turn|7
|
|t:|1757949444
|switch|p2a: Seu toba|Noctowl, F|100/100
|move|p1a: Танк|Chilling Water|p2a: Seu toba
|-damage|p2a: Seu toba|90/100
|-unboost|p2a: Seu toba|atk|1
|
|-heal|p1a: Танк|89/100 brn|[from] item: Leftovers
|-heal|p2a: Seu toba|96/100|[from] item: Leftovers
|-damage|p1a: Танк|83/100 brn|[from] brn
|upkeep
|turn|8
|
|t:|1757949461
|move|p2a: Seu toba|Reflect|p2a: Seu toba
|-sidestart|p2: ewzfs|Reflect
|move|p1a: Танк|Avalanche|p2a: Seu toba
|-supereffective|p2a: Seu toba
|-damage|p2a: Seu toba|86/100
|
|-heal|p1a: Танк|89/100 brn|[from] item: Leftovers
|-heal|p2a: Seu toba|92/100|[from] item: Leftovers
|-damage|p1a: Танк|83/100 brn|[from] brn
|upkeep
|turn|9
|
|t:|1757949475
|switch|p2a: Putasso|Primeape, F|100/100
|move|p1a: Танк|Brick Break|p2a: Putasso
|-sideend|p2: ewzfs|Reflect
|-damage|p2a: Putasso|90/100
|
|-heal|p1a: Танк|89/100 brn|[from] item: Leftovers
|-damage|p1a: Танк|83/100 brn|[from] brn
|upkeep
|turn|10
|
|t:|1757949506
|switch|p1a: Крикун|Scream Tail|47/100
|move|p2a: Putasso|Bulk Up|p2a: Putasso
|-boost|p2a: Putasso|atk|1
|-boost|p2a: Putasso|def|1
|
|-heal|p1a: Крикун|53/100|[from] item: Leftovers
|upkeep
|turn|11
|
|t:|1757949520
|move|p2a: Putasso|Earthquake|p1a: Крикун
|-damage|p1a: Крикун|17/100
|move|p1a: Крикун|Psychic|p2a: Putasso
|-supereffective|p2a: Putasso
|-crit|p2a: Putasso
|-damage|p2a: Putasso|0 fnt
|faint|p2a: Putasso
|
|-heal|p1a: Крикун|23/100|[from] item: Leftovers
|upkeep
|
|t:|1757949532
|switch|p2a: Queimado|Magmar, M|100/100
|turn|12
|
|t:|1757949541
|-end|p1a: Крикун|Protosynthesis|[silent]
|switch|p1a: Танк|Blastoise, M|83/100 brn
|move|p2a: Queimado|Psychic|p1a: Танк
|-damage|p1a: Танк|59/100 brn
|-unboost|p1a: Танк|spd|1
|
|-heal|p1a: Танк|65/100 brn|[from] item: Leftovers
|-damage|p1a: Танк|59/100 brn|[from] brn
|upkeep
|turn|13
|
|t:|1757949553
|move|p2a: Queimado|Psychic|p1a: Танк
|-damage|p1a: Танк|20/100 brn
|move|p1a: Танк|Hydro Pump|p2a: Queimado
|-supereffective|p2a: Queimado
|-damage|p2a: Queimado|3/100
|
|-heal|p1a: Танк|26/100 brn|[from] item: Leftovers
|-damage|p1a: Танк|20/100 brn|[from] brn
|upkeep
|turn|14
|
|t:|1757949565
|switch|p1a: Електроснанція|Raichu, M|100/100
|move|p2a: Queimado|Psychic|p1a: Електроснанція
|-damage|p1a: Електроснанція|71/100
|
|-heal|p1a: Електроснанція|77/100|[from] item: Leftovers
|upkeep
|turn|15
|
|t:|1757949575
|move|p2a: Queimado|Lava Plume|p1a: Електроснанція
|-damage|p1a: Електроснанція|31/100
|move|p1a: Електроснанція|Brick Break|p2a: Queimado
|-damage|p2a: Queimado|0 fnt
|faint|p2a: Queimado
|
|-heal|p1a: Електроснанція|37/100|[from] item: Leftovers
|upkeep
|
|t:|1757949584
|switch|p2a: Seu toba|Noctowl, F|92/100
|turn|16
|inactive|Battle timer is ON: inactive players will automatically lose when time's up. (requested by Bogatyum)
|inactive|ewzfs has 120 seconds left.
|
|t:|1757949695
|-terastallize|p2a: Seu toba|Normal
|move|p2a: Seu toba|Protect|p2a: Seu toba
|-singleturn|p2a: Seu toba|Protect
|move|p1a: Електроснанція|Thunder Wave|p2a: Seu toba
|-activate|p2a: Seu toba|move: Protect
|
|-heal|p1a: Електроснанція|43/100|[from] item: Leftovers
|-heal|p2a: Seu toba|98/100|[from] item: Leftovers
|upkeep
|turn|17
|
|t:|1757949708
|move|p1a: Електроснанція|Brick Break|p2a: Seu toba
|-supereffective|p2a: Seu toba
|-damage|p2a: Seu toba|55/100
|move|p2a: Seu toba|Defog|p1a: Електроснанція
|-unboost|p1a: Електроснанція|evasion|1
|
|-heal|p1a: Електроснанція|49/100|[from] item: Leftovers
|-heal|p2a: Seu toba|61/100|[from] item: Leftovers
|upkeep
|turn|18
|
|t:|1757949719
|move|p1a: Електроснанція|Brick Break|p2a: Seu toba
|-supereffective|p2a: Seu toba
|-damage|p2a: Seu toba|13/100
|move|p2a: Seu toba|Roost|p2a: Seu toba
|-heal|p2a: Seu toba|63/100
|
|-heal|p1a: Електроснанція|55/100|[from] item: Leftovers
|-heal|p2a: Seu toba|69/100|[from] item: Leftovers
|upkeep
|turn|19
|
|t:|1757949728
|move|p1a: Електроснанція|Brick Break|p2a: Seu toba
|-supereffective|p2a: Seu toba
|-damage|p2a: Seu toba|27/100
|move|p2a: Seu toba|Roost|p2a: Seu toba
|-heal|p2a: Seu toba|77/100
|
|-heal|p1a: Електроснанція|61/100|[from] item: Leftovers
|-heal|p2a: Seu toba|83/100|[from] item: Leftovers
|upkeep
|turn|20
|
|t:|1757949737
|move|p1a: Електроснанція|Thunder Wave|p2a: Seu toba
|-status|p2a: Seu toba|par
|move|p2a: Seu toba|Roost|p2a: Seu toba
|-heal|p2a: Seu toba|100/100 par
|
|-heal|p1a: Електроснанція|67/100|[from] item: Leftovers
|upkeep
|turn|21
|
|t:|1757949752
|move|p1a: Електроснанція|Brick Break|p2a: Seu toba
|-supereffective|p2a: Seu toba
|-damage|p2a: Seu toba|52/100 par
|move|p2a: Seu toba|Roost|p2a: Seu toba
|-heal|p2a: Seu toba|100/100 par
|
|-heal|p1a: Електроснанція|73/100|[from] item: Leftovers
|upkeep
|turn|22
|-message|ewzfs forfeited.
|
|win|Bogatyum
|raw|Bogatyum's rating: 1012 &rarr; <strong>1049</strong><br />(+37 for winning)
|raw|ewzfs's rating: 1000 &rarr; <strong>1000</strong><br />(+0 for losing)
|l|☆ewzfs
|player|p2|
