|j|☆jgtyfkyk
|j|☆The Moz
|t:|1757790448
|gametype|singles
|player|p1|jgtyfkyk|2|1100
|player|p2|The Moz|brock|1126
|gen|9
|tier|[Gen 9] OU
|rated|
|rule|HP Percentage Mod: HP is shown in percentages
|rule|Endless Battle Clause: Forcing endless battles is banned
|rule|Species Clause: Limit one of each Pokémon
|rule|OHKO Clause: OHKO moves are banned
|rule|Evasion Items Clause: Evasion items are banned
|rule|Evasion Moves Clause: Evasion moves are banned
|rule|Evasion Abilities Clause: Evasion abilities are banned
|rule|Sleep Moves Clause: Sleep-inducing moves are banned
|clearpoke
|poke|p1|Toxicroak, M|
|poke|p1|Houndoom, F|
|poke|p1|Shaymin|
|poke|p1|Orthworm, F|
|poke|p1|Hoopa-Unbound|
|poke|p1|Altaria, F|
|poke|p2|Gholdengo|
|poke|p2|Glimmora, M|
|poke|p2|Talonflame, M|
|poke|p2|Dragonite, F|
|poke|p2|Dondozo, F|
|poke|p2|Tatsugiri, M|
|teampreview
|
|t:|1757790465
|teamsize|p1|6
|teamsize|p2|6
|start
|switch|p1a: Orthworm|Orthworm, F|100/100
|switch|p2a: Glimmora|Glimmora, M|100/100
|turn|1
|
|t:|1757790474
|move|p2a: Glimmora|Earth Power|p1a: Orthworm
|-immune|p1a: Orthworm|[from] ability: Earth Eater
|move|p1a: Orthworm|Earthquake|p2a: Glimmora
|-supereffective|p2a: Glimmora
|-damage|p2a: Glimmora|0 fnt
|-activate|p2a: Glimmora|ability: Toxic Debris
|-sidestart|p1: jgtyfkyk|move: Toxic Spikes
|faint|p2a: Glimmora
|
|upkeep
|
|t:|1757790486
|switch|p2a: Talonflame|Talonflame, M|100/100
|turn|2
|
|t:|1757790497
|switch|p1a: Altaria|Altaria, F|100/100
|move|p2a: Talonflame|Will-O-Wisp|p1a: Altaria
|-status|p1a: Altaria|brn
|
|-damage|p1a: Altaria|95/100 brn|[from] brn
|upkeep
|turn|3
|
|t:|1757790512
|move|p2a: Talonflame|Tailwind|p2a: Talonflame
|-sidestart|p2: The Moz|move: Tailwind
|move|p1a: Altaria|Hurricane|p2a: Talonflame
|-damage|p2a: Talonflame|50/100
|-start|p2a: Talonflame|confusion
|
|-damage|p1a: Altaria|89/100 brn|[from] brn
|upkeep
|turn|4
|
|t:|1757790527
|switch|p2a: Dondozo|Dondozo, F|100/100
|move|p1a: Altaria|Hurricane|p2a: Dondozo|[miss]
|-miss|p1a: Altaria|p2a: Dondozo
|
|-damage|p1a: Altaria|83/100 brn|[from] brn
|upkeep
|turn|5
|
|t:|1757790539
|-curestatus|p1a: Altaria|brn|[from] ability: Natural Cure
|switch|p1a: Shaymin|Shaymin|100/100
|-status|p1a: Shaymin|psn
|move|p2a: Dondozo|Order Up|p1a: Shaymin
|-damage|p1a: Shaymin|79/100 psn
|
|-heal|p1a: Shaymin|85/100 psn|[from] item: Leftovers
|-damage|p1a: Shaymin|72/100 psn|[from] psn
|upkeep
|turn|6
|
|t:|1757790554
|switch|p2a: Talonflame|Talonflame, M|50/100
|move|p1a: Shaymin|Seed Flare|p2a: Talonflame
|-resisted|p2a: Talonflame
|-damage|p2a: Talonflame|31/100
|
|-heal|p1a: Shaymin|79/100 psn|[from] item: Leftovers
|-damage|p1a: Shaymin|66/100 psn|[from] psn
|-sideend|p2: The Moz|move: Tailwind
|upkeep
|turn|7
|
|t:|1757790572
|-curestatus|p1a: Shaymin|psn|[from] ability: Natural Cure
|switch|p1a: Altaria|Altaria, F|83/100
|move|p2a: Talonflame|Brave Bird|p1a: Altaria
|-damage|p1a: Altaria|15/100
|-damage|p2a: Talonflame|6/100|[from] Recoil
|-damage|p2a: Talonflame|0 fnt|[from] item: Life Orb
|faint|p2a: Talonflame
|
|upkeep
|
|t:|1757790596
|switch|p2a: Gholdengo|Gholdengo|100/100
|turn|8
|
|t:|1757790622
|move|p2a: Gholdengo|Thunderbolt|p1a: Altaria
|-damage|p1a: Altaria|0 fnt
|faint|p1a: Altaria
|
|upkeep
|
|t:|1757790631
|switch|p1a: Toxicroak|Toxicroak, M|100/100
|-sideend|p1: jgtyfkyk|move: Toxic Spikes|[of] p1a: Toxicroak
|turn|9
|
|t:|1757790638
|switch|p1a: Shaymin|Shaymin|66/100
|move|p2a: Gholdengo|Thunderbolt|p1a: Shaymin
|-resisted|p1a: Shaymin
|-damage|p1a: Shaymin|46/100
|
|-heal|p1a: Shaymin|52/100|[from] item: Leftovers
|upkeep
|turn|10
|
|t:|1757790649
|switch|p2a: Tatsugiri|Tatsugiri, M|100/100
|move|p1a: Shaymin|Synthesis|p1a: Shaymin
|-heal|p1a: Shaymin|100/100
|
|upkeep
|turn|11
|
|t:|1757790664
|switch|p1a: Hoopa|Hoopa-Unbound|100/100
|-terastallize|p2a: Tatsugiri|Stellar
|move|p2a: Tatsugiri|Dragon Pulse|p1a: Hoopa
|-damage|p1a: Hoopa|62/100
|
|upkeep
|turn|12
|
|t:|1757790675
|move|p2a: Tatsugiri|Dragon Pulse|p1a: Hoopa
|-damage|p1a: Hoopa|34/100
|move|p1a: Hoopa|Psychic|p2a: Tatsugiri
|-damage|p2a: Tatsugiri|41/100
|
|upkeep
|turn|13
|
|t:|1757790680
|move|p2a: Tatsugiri|Dragon Pulse|p1a: Hoopa
|-damage|p1a: Hoopa|1/100
|move|p1a: Hoopa|Psychic|p2a: Tatsugiri
|-damage|p2a: Tatsugiri|0 fnt
|faint|p2a: Tatsugiri
|
|upkeep
|
|t:|1757790690
|switch|p2a: Dragonite|Dragonite, F|100/100
|turn|14
|
|t:|1757790701
|move|p2a: Dragonite|Extreme Speed|p1a: Hoopa
|-damage|p1a: Hoopa|0 fnt
|faint|p1a: Hoopa
|
|upkeep
|
|t:|1757790704
|switch|p1a: Orthworm|Orthworm, F|100/100
|turn|15
|
|t:|1757790710
|switch|p2a: Dondozo|Dondozo, F|100/100
|move|p1a: Orthworm|Stealth Rock|p2a: Dondozo
|-sidestart|p2: The Moz|move: Stealth Rock
|
|upkeep
|turn|16
|inactive|Battle timer is ON: inactive players will automatically lose when time's up. (requested by jgtyfkyk)
|
|t:|1757790734
|switch|p1a: Shaymin|Shaymin|100/100
|move|p2a: Dondozo|Wave Crash|p1a: Shaymin
|-resisted|p1a: Shaymin
|-damage|p1a: Shaymin|74/100
|-damage|p2a: Dondozo|94/100|[from] Recoil
|
|-heal|p1a: Shaymin|80/100|[from] item: Leftovers
|-heal|p2a: Dondozo|99/100|[from] item: Leftovers
|upkeep
|turn|17
|
|t:|1757790746
|switch|p2a: Dragonite|Dragonite, F|100/100
|-damage|p2a: Dragonite|75/100|[from] Stealth Rock
|move|p1a: Shaymin|Seed Flare|p2a: Dragonite
|-resisted|p2a: Dragonite
|-damage|p2a: Dragonite|66/100
|
|-heal|p1a: Shaymin|86/100|[from] item: Leftovers
|upkeep
|turn|18
|
|t:|1757790760
|move|p1a: Shaymin|Dazzling Gleam|p2a: Dragonite
|-supereffective|p2a: Dragonite
|-damage|p2a: Dragonite|26/100
|move|p2a: Dragonite|Aerial Ace|p1a: Shaymin
|-supereffective|p1a: Shaymin
|-damage|p1a: Shaymin|0 fnt
|faint|p1a: Shaymin
|
|upkeep
|
|t:|1757790770
|switch|p1a: Toxicroak|Toxicroak, M|100/100
|turn|19
|
|t:|1757790775
|move|p1a: Toxicroak|Gunk Shot|p2a: Dragonite
|-damage|p2a: Dragonite|0 fnt
|faint|p2a: Dragonite
|
|upkeep
|
|t:|1757790789
|switch|p2a: Gholdengo|Gholdengo|100/100
|-damage|p2a: Gholdengo|94/100|[from] Stealth Rock
|turn|20
|
|t:|1757790802
|switch|p1a: Orthworm|Orthworm, F|100/100
|move|p2a: Gholdengo|Shadow Ball|p1a: Orthworm
|-damage|p1a: Orthworm|0 fnt
|faint|p1a: Orthworm
|
|upkeep
|
|t:|1757790807
|switch|p1a: Houndoom|Houndoom, F|100/100
|turn|21
|
|t:|1757790818
|switch|p2a: Dondozo|Dondozo, F|99/100
|-damage|p2a: Dondozo|87/100|[from] Stealth Rock
|move|p1a: Houndoom|Overheat|p2a: Dondozo
|-resisted|p2a: Dondozo
|-damage|p2a: Dondozo|37/100
|-unboost|p1a: Houndoom|spa|2
|
|-heal|p2a: Dondozo|43/100|[from] item: Leftovers
|upkeep
|turn|22
|
|t:|1757790828
|switch|p1a: Toxicroak|Toxicroak, M|100/100
|move|p2a: Dondozo|Protect||[still]
|-fail|p2a: Dondozo
|
|-heal|p2a: Dondozo|49/100|[from] item: Leftovers
|upkeep
|turn|23
|
|t:|1757790839
|move|p1a: Toxicroak|Gunk Shot|p2a: Dondozo|[miss]
|-miss|p1a: Toxicroak|p2a: Dondozo
|move|p2a: Dondozo|Wave Crash|p1a: Toxicroak
|-immune|p1a: Toxicroak|[from] ability: Dry Skin
|
|-heal|p2a: Dondozo|55/100|[from] item: Leftovers
|upkeep
|turn|24
|
|t:|1757790847
|switch|p1a: Houndoom|Houndoom, F|100/100
|move|p2a: Dondozo|Protect||[still]
|-fail|p2a: Dondozo
|
|-heal|p2a: Dondozo|62/100|[from] item: Leftovers
|upkeep
|turn|25
|
|t:|1757790858
|switch|p1a: Toxicroak|Toxicroak, M|100/100
|move|p2a: Dondozo|Earthquake|p1a: Toxicroak
|-supereffective|p1a: Toxicroak
|-damage|p1a: Toxicroak|7/100
|
|-heal|p2a: Dondozo|68/100|[from] item: Leftovers
|upkeep
|turn|26
|
|t:|1757790865
|move|p2a: Dondozo|Protect|p2a: Dondozo
|-singleturn|p2a: Dondozo|Protect
|move|p1a: Toxicroak|Gunk Shot|p2a: Dondozo
|-activate|p2a: Dondozo|move: Protect
|
|-heal|p2a: Dondozo|74/100|[from] item: Leftovers
|upkeep
|turn|27
|
|t:|1757790872
|move|p1a: Toxicroak|Gunk Shot|p2a: Dondozo
|-damage|p2a: Dondozo|38/100
|move|p2a: Dondozo|Earthquake|p1a: Toxicroak
|-supereffective|p1a: Toxicroak
|-damage|p1a: Toxicroak|0 fnt
|faint|p1a: Toxicroak
|
|-heal|p2a: Dondozo|44/100|[from] item: Leftovers
|upkeep
|
|t:|1757790877
|switch|p1a: Houndoom|Houndoom, F|100/100
|turn|28
|
|t:|1757790882
|move|p2a: Dondozo|Protect|p2a: Dondozo
|-singleturn|p2a: Dondozo|Protect
|move|p1a: Houndoom|Dark Pulse|p2a: Dondozo
|-activate|p2a: Dondozo|move: Protect
|
|-heal|p2a: Dondozo|50/100|[from] item: Leftovers
|upkeep
|turn|29
|
|t:|1757790892
|move|p2a: Dondozo|Protect||[still]
|-fail|p2a: Dondozo
|move|p1a: Houndoom|Dark Pulse|p2a: Dondozo
|-crit|p2a: Dondozo
|-damage|p2a: Dondozo|0 fnt
|faint|p2a: Dondozo
|
|upkeep
|
|t:|1757790899
|switch|p2a: Gholdengo|Gholdengo|94/100
|-damage|p2a: Gholdengo|88/100|[from] Stealth Rock
|turn|30
|
|t:|1757790906
|move|p1a: Houndoom|Dark Pulse|p2a: Gholdengo
|-supereffective|p2a: Gholdengo
|-damage|p2a: Gholdengo|0 fnt
|faint|p2a: Gholdengo
|
|win|jgtyfkyk
|raw|jgtyfkyk's rating: 1100 &rarr; <strong>1127</strong><br />(+27 for winning)
|raw|The Moz's rating: 1126 &rarr; <strong>1099</strong><br />(-27 for losing)
|l|☆The Moz
|player|p2|
