|j|☆Mr.X&Y97
|j|☆LVL62Monoco
|t:|1757811839
|gametype|singles
|player|p1|Mr.X&Y97|ingo|1501
|player|p2|LVL62Monoco|1|1502
|gen|9
|tier|[Gen 9] OU
|rated|
|rule|HP Percentage Mod: HP is shown in percentages
|rule|Endless Battle Clause: Forcing endless battles is banned
|rule|Species Clause: Limit one of each Pokémon
|rule|OHKO Clause: OHKO moves are banned
|rule|Evasion Items Clause: Evasion items are banned
|rule|Evasion Moves Clause: Evasion moves are banned
|rule|Evasion Abilities Clause: Evasion abilities are banned
|rule|Sleep Moves Clause: Sleep-inducing moves are banned
|clearpoke
|poke|p1|Samurott-Hisui, F|
|poke|p1|Gholdengo|
|poke|p1|Great Tusk|
|poke|p1|Raging Bolt|
|poke|p1|Dragonite, F|
|poke|p1|Kingambit, F|
|poke|p2|Grimmsnarl, M|
|poke|p2|Ursaluna, F|
|poke|p2|Slowbro-Galar, M|
|poke|p2|Iron Hands|
|poke|p2|Kingambit, M|
|poke|p2|Enamorus-Therian, F|
|teampreview
|inactive|Battle timer is ON: inactive players will automatically lose when time's up. (requested by Mr.X&Y97)
|
|t:|1757811845
|teamsize|p1|6
|teamsize|p2|6
|start
|switch|p1a: Samurott|Samurott-Hisui, F|100/100
|switch|p2a: Grimmsnarl|Grimmsnarl, M, shiny|100/100
|turn|1
|
|t:|1757811857
|switch|p1a: Gholdengo|Gholdengo|100/100
|-item|p1a: Gholdengo|Air Balloon
|move|p2a: Grimmsnarl|Reflect|p2a: Grimmsnarl
|-sidestart|p2: LVL62Monoco|Reflect
|
|upkeep
|turn|2
|
|t:|1757811863
|move|p2a: Grimmsnarl|Light Screen|p2a: Grimmsnarl
|-sidestart|p2: LVL62Monoco|move: Light Screen
|move|p1a: Gholdengo|Thunder Wave|p2a: Grimmsnarl
|-status|p2a: Grimmsnarl|par
|
|upkeep
|turn|3
|
|t:|1757811871
|switch|p1a: Samurott|Samurott-Hisui, F|100/100
|move|p2a: Grimmsnarl|Parting Shot|p1a: Samurott
|-hint|Since gen 7, Dark is immune to Prankster moves.
|-immune|p1a: Samurott
|
|upkeep
|turn|4
|
|t:|1757811886
|switch|p2a: Iron Hands|Iron Hands|100/100
|move|p1a: Samurott|Flip Turn|p2a: Iron Hands
|-damage|p2a: Iron Hands|91/100
|
|t:|1757811912
|switch|p1a: Raging Bolt|Raging Bolt|100/100|[from] Flip Turn
|-enditem|p1a: Raging Bolt|Booster Energy
|-activate|p1a: Raging Bolt|ability: Protosynthesis|[fromitem]
|-start|p1a: Raging Bolt|protosynthesisspa
|
|upkeep
|turn|5
|-activate|p2a: Iron Hands|item: Quick Claw
|
|t:|1757811918
|move|p2a: Iron Hands|Ice Punch|p1a: Raging Bolt
|-supereffective|p1a: Raging Bolt
|-damage|p1a: Raging Bolt|44/100
|move|p1a: Raging Bolt|Calm Mind|p1a: Raging Bolt
|-boost|p1a: Raging Bolt|spa|1
|-boost|p1a: Raging Bolt|spd|1
|
|upkeep
|turn|6
|
|t:|1757811926
|move|p1a: Raging Bolt|Dragon Pulse|p2a: Iron Hands
|-damage|p2a: Iron Hands|49/100
|move|p2a: Iron Hands|Ice Punch|p1a: Raging Bolt
|-supereffective|p1a: Raging Bolt
|-damage|p1a: Raging Bolt|0 fnt
|faint|p1a: Raging Bolt
|-end|p1a: Raging Bolt|Protosynthesis|[silent]
|
|upkeep
|
|t:|1757811931
|switch|p1a: Great Tusk|Great Tusk|100/100
|turn|7
|
|t:|1757811939
|move|p1a: Great Tusk|Headlong Rush|p2a: Iron Hands
|-supereffective|p2a: Iron Hands
|-damage|p2a: Iron Hands|18/100
|-unboost|p1a: Great Tusk|def|1
|-unboost|p1a: Great Tusk|spd|1
|move|p2a: Iron Hands|Ice Punch|p1a: Great Tusk
|-supereffective|p1a: Great Tusk
|-damage|p1a: Great Tusk|47/100
|
|upkeep
|turn|8
|
|t:|1757811949
|move|p1a: Great Tusk|Stealth Rock|p2a: Iron Hands
|-sidestart|p2: LVL62Monoco|move: Stealth Rock
|move|p2a: Iron Hands|Ice Punch|p1a: Great Tusk
|-supereffective|p1a: Great Tusk
|-damage|p1a: Great Tusk|0 fnt
|faint|p1a: Great Tusk
|-end|p1a: Great Tusk|Protosynthesis|[silent]
|
|-sideend|p2: LVL62Monoco|Reflect
|upkeep
|
|t:|1757811967
|switch|p1a: Dragonite|Dragonite, F|100/100
|turn|9
|-activate|p2a: Iron Hands|item: Quick Claw
|
|t:|1757811976
|move|p2a: Iron Hands|Ice Punch|p1a: Dragonite
|-supereffective|p1a: Dragonite
|-damage|p1a: Dragonite|35/100
|move|p1a: Dragonite|Earthquake|p2a: Iron Hands
|-supereffective|p2a: Iron Hands
|-damage|p2a: Iron Hands|0 fnt
|faint|p2a: Iron Hands
|-end|p2a: Iron Hands|Quark Drive|[silent]
|
|-sideend|p2: LVL62Monoco|move: Light Screen
|upkeep
|
|t:|1757811992
|switch|p2a: Slowbro|Slowbro-Galar, M|100/100
|-damage|p2a: Slowbro|88/100|[from] Stealth Rock
|turn|10
|-activate|p2a: Slowbro|item: Quick Claw
|
|t:|1757811997
|move|p2a: Slowbro|Ice Beam|p1a: Dragonite
|-supereffective|p1a: Dragonite
|-damage|p1a: Dragonite|0 fnt
|faint|p1a: Dragonite
|
|upkeep
|
|t:|1757812008
|switch|p1a: Samurott|Samurott-Hisui, F|100/100
|turn|11
|
|t:|1757812016
|-terastallize|p2a: Slowbro|Water
|move|p1a: Samurott|Ceaseless Edge|p2a: Slowbro
|-damage|p2a: Slowbro|50/100
|-sidestart|p2: LVL62Monoco|Spikes
|move|p2a: Slowbro|Sludge Bomb|p1a: Samurott
|-damage|p1a: Samurott|40/100
|
|upkeep
|turn|12
|
|t:|1757812024
|move|p1a: Samurott|Ceaseless Edge|p2a: Slowbro
|-damage|p2a: Slowbro|10/100
|-sidestart|p2: LVL62Monoco|Spikes
|move|p2a: Slowbro|Sludge Bomb|p1a: Samurott
|-damage|p1a: Samurott|0 fnt
|faint|p1a: Samurott
|
|upkeep
|
|t:|1757812031
|switch|p1a: Gholdengo|Gholdengo|100/100
|-item|p1a: Gholdengo|Air Balloon
|turn|13
|
|t:|1757812036
|move|p1a: Gholdengo|Hex|p2a: Slowbro
|-damage|p2a: Slowbro|0 fnt
|faint|p2a: Slowbro
|
|upkeep
|
|t:|1757812040
|switch|p2a: Grimmsnarl|Grimmsnarl, M, shiny|100/100 par
|-damage|p2a: Grimmsnarl|88/100 par|[from] Stealth Rock
|-damage|p2a: Grimmsnarl|72/100 par|[from] Spikes
|turn|14
|
|t:|1757812045
|cant|p2a: Grimmsnarl|par
|move|p1a: Gholdengo|Make It Rain|p2a: Grimmsnarl
|-supereffective|p2a: Grimmsnarl
|-damage|p2a: Grimmsnarl|0 fnt
|-unboost|p1a: Gholdengo|spa|1
|faint|p2a: Grimmsnarl
|
|upkeep
|
|t:|1757812058
|switch|p2a: Kingambit|Kingambit, M, shiny|100/100
|-damage|p2a: Kingambit|94/100|[from] Stealth Rock
|-damage|p2a: Kingambit|78/100|[from] Spikes
|-activate|p2a: Kingambit|ability: Supreme Overlord
|-start|p2a: Kingambit|fallen3|[silent]
|turn|15
|
|t:|1757812064
|move|p1a: Gholdengo|Thunder Wave|p2a: Kingambit
|-status|p2a: Kingambit|par
|cant|p2a: Kingambit|par
|
|upkeep
|turn|16
|
|t:|1757812071
|switch|p1a: Kingambit|Kingambit, F|100/100
|-activate|p1a: Kingambit|ability: Supreme Overlord
|-start|p1a: Kingambit|fallen4|[silent]
|move|p2a: Kingambit|Kowtow Cleave|p1a: Kingambit
|-resisted|p1a: Kingambit
|-damage|p1a: Kingambit|75/100
|
|upkeep
|turn|17
|
|t:|1757812096
|-end|p1a: Kingambit|fallen4|[silent]
|switch|p1a: Gholdengo|Gholdengo|100/100
|-item|p1a: Gholdengo|Air Balloon
|cant|p2a: Kingambit|par
|
|upkeep
|turn|18
|
|t:|1757812102
|move|p1a: Gholdengo|Hex|p2a: Kingambit
|-resisted|p2a: Kingambit
|-damage|p2a: Kingambit|48/100 par
|cant|p2a: Kingambit|par
|
|upkeep
|turn|19
|-activate|p2a: Kingambit|item: Quick Claw
|
|t:|1757812111
|switch|p1a: Kingambit|Kingambit, F|75/100
|-activate|p1a: Kingambit|ability: Supreme Overlord
|-start|p1a: Kingambit|fallen4|[silent]
|move|p2a: Kingambit|Kowtow Cleave|p1a: Kingambit
|-resisted|p1a: Kingambit
|-damage|p1a: Kingambit|47/100
|
|upkeep
|turn|20
|
|t:|1757812123
|move|p1a: Kingambit|Kowtow Cleave|p2a: Kingambit
|-resisted|p2a: Kingambit
|-damage|p2a: Kingambit|20/100 par
|move|p2a: Kingambit|Low Kick|p1a: Kingambit
|-supereffective|p1a: Kingambit
|-damage|p1a: Kingambit|0 fnt
|faint|p1a: Kingambit
|-end|p1a: Kingambit|fallen4|[silent]
|
|upkeep
|
|t:|1757812128
|switch|p1a: Gholdengo|Gholdengo|100/100
|-item|p1a: Gholdengo|Air Balloon
|turn|21
|
|t:|1757812147
|move|p1a: Gholdengo|Hex|p2a: Kingambit
|-resisted|p2a: Kingambit
|-damage|p2a: Kingambit|0 fnt
|faint|p2a: Kingambit
|-end|p2a: Kingambit|fallen3|[silent]
|
|upkeep
|
|t:|1757812154
|switch|p2a: Enamorus|Enamorus-Therian, F|100/100
|-damage|p2a: Enamorus|76/100|[from] Stealth Rock
|turn|22
|
|t:|1757812161
|move|p1a: Gholdengo|Thunder Wave|p2a: Enamorus
|-status|p2a: Enamorus|par
|move|p2a: Enamorus|Mystical Fire|p1a: Gholdengo
|-supereffective|p1a: Gholdengo
|-damage|p1a: Gholdengo|39/100
|-unboost|p1a: Gholdengo|spa|1
|-enditem|p1a: Gholdengo|Air Balloon
|
|upkeep
|turn|23
|
|t:|1757812171
|-terastallize|p1a: Gholdengo|Fairy
|move|p1a: Gholdengo|Recover|p1a: Gholdengo
|-heal|p1a: Gholdengo|89/100
|move|p2a: Enamorus|Mystical Fire|p1a: Gholdengo
|-damage|p1a: Gholdengo|58/100
|-unboost|p1a: Gholdengo|spa|1
|
|upkeep
|turn|24
|
|t:|1757812179
|move|p1a: Gholdengo|Hex|p2a: Enamorus
|-damage|p2a: Enamorus|48/100 par
|move|p2a: Enamorus|Mystical Fire|p1a: Gholdengo
|-crit|p1a: Gholdengo
|-damage|p1a: Gholdengo|17/100
|-unboost|p1a: Gholdengo|spa|1
|
|upkeep
|turn|25
|
|t:|1757812188
|move|p1a: Gholdengo|Recover|p1a: Gholdengo
|-heal|p1a: Gholdengo|67/100
|cant|p2a: Enamorus|par
|
|upkeep
|turn|26
|
|t:|1757812194
|move|p1a: Gholdengo|Hex|p2a: Enamorus
|-damage|p2a: Enamorus|24/100 par
|move|p2a: Enamorus|Mystical Fire|p1a: Gholdengo
|-crit|p1a: Gholdengo
|-damage|p1a: Gholdengo|21/100
|-unboost|p1a: Gholdengo|spa|1
|
|upkeep
|turn|27
|
|t:|1757812201
|move|p1a: Gholdengo|Recover|p1a: Gholdengo
|-heal|p1a: Gholdengo|71/100
|move|p2a: Enamorus|Mystical Fire|p1a: Gholdengo
|-damage|p1a: Gholdengo|43/100
|-unboost|p1a: Gholdengo|spa|1
|
|upkeep
|turn|28
|
|t:|1757812210
|move|p1a: Gholdengo|Recover|p1a: Gholdengo
|-heal|p1a: Gholdengo|93/100
|move|p2a: Enamorus|Moonblast|p1a: Gholdengo
|-damage|p1a: Gholdengo|42/100
|
|upkeep
|turn|29
|
|t:|1757812215
|move|p1a: Gholdengo|Recover|p1a: Gholdengo
|-heal|p1a: Gholdengo|92/100
|move|p2a: Enamorus|Moonblast|p1a: Gholdengo
|-damage|p1a: Gholdengo|42/100
|
|upkeep
|turn|30
|
|t:|1757812221
|move|p1a: Gholdengo|Recover|p1a: Gholdengo
|-heal|p1a: Gholdengo|92/100
|move|p2a: Enamorus|Calm Mind|p2a: Enamorus
|-boost|p2a: Enamorus|spa|1
|-boost|p2a: Enamorus|spd|1
|
|upkeep
|turn|31
|
|t:|1757812228
|move|p1a: Gholdengo|Make It Rain|p2a: Enamorus
|-supereffective|p2a: Enamorus
|-damage|p2a: Enamorus|5/100 par
|-unboost|p1a: Gholdengo|spa|1
|cant|p2a: Enamorus|par
|
|upkeep
|turn|32
|-activate|p2a: Enamorus|item: Quick Claw
|
|t:|1757812236
|move|p2a: Enamorus|Moonblast|p1a: Gholdengo
|-damage|p1a: Gholdengo|9/100
|move|p1a: Gholdengo|Make It Rain|p2a: Enamorus
|-supereffective|p2a: Enamorus
|-damage|p2a: Enamorus|0 fnt
|faint|p2a: Enamorus
|
|upkeep
|
|t:|1757812244
|switch|p2a: Ursaluna|Ursaluna, F|100/100
|-damage|p2a: Ursaluna|94/100|[from] Stealth Rock
|-damage|p2a: Ursaluna|78/100|[from] Spikes
|turn|33
|-activate|p2a: Ursaluna|item: Quick Claw
|
|t:|1757812250
|move|p2a: Ursaluna|Facade|p1a: Gholdengo
|-damage|p1a: Gholdengo|0 fnt
|faint|p1a: Gholdengo
|
|win|LVL62Monoco
|raw|Mr.X&amp;Y97's rating: 1501 &rarr; <strong>1481</strong><br />(-20 for losing)
|raw|LVL62Monoco's rating: 1502 &rarr; <strong>1522</strong><br />(+20 for winning)
|l|☆Mr.X&Y97
|player|p1|
|l|☆LVL62Monoco
|player|p2|
