|j|☆rubzed
|j|☆Envy cat
|t:|1757862875
|gametype|singles
|player|p1|rubzed|steven|1152
|player|p2|Envy cat|roughneck-gen4|1136
|gen|9
|tier|[Gen 9] OU
|rated|
|rule|HP Percentage Mod: HP is shown in percentages
|rule|Endless Battle Clause: Forcing endless battles is banned
|rule|Species Clause: Limit one of each Pokémon
|rule|OHKO Clause: OHKO moves are banned
|rule|Evasion Items Clause: Evasion items are banned
|rule|Evasion Moves Clause: Evasion moves are banned
|rule|Evasion Abilities Clause: Evasion abilities are banned
|rule|Sleep Moves Clause: Sleep-inducing moves are banned
|clearpoke
|poke|p1|Kingambit, M|
|poke|p1|Iron Valiant|
|poke|p1|Moltres|
|poke|p1|Raging Bolt|
|poke|p1|Deoxys-Speed|
|poke|p1|Ogerpon-Wellspring, F|
|poke|p2|Zoroark-Hisui, M|
|poke|p2|Sandslash-Alola, M|
|poke|p2|Kyurem|
|poke|p2|Lanturn, F|
|poke|p2|Landorus-Therian, M|
|poke|p2|Scrafty, F|
|teampreview
|
|t:|1757862888
|teamsize|p1|6
|teamsize|p2|6
|start
|switch|p1a: Deoxys|Deoxys-Speed|100/100
|switch|p2a: SDL IV Cyber|Landorus-Therian, M|100/100
|-ability|p1a: Deoxys|Pressure
|-ability|p2a: SDL IV Cyber|Intimidate|boost
|-unboost|p1a: Deoxys|atk|1
|turn|1
|
|t:|1757862895
|move|p1a: Deoxys|Taunt|p2a: SDL IV Cyber
|-start|p2a: SDL IV Cyber|move: Taunt
|move|p2a: SDL IV Cyber|U-turn|p1a: Deoxys
|-supereffective|p1a: Deoxys
|-crit|p1a: Deoxys
|-damage|p1a: Deoxys|25/100
|
|t:|1757862901
|switch|p2a: Cyber55555|Scrafty, F|100/100|[from] U-turn
|
|upkeep
|turn|2
|
|t:|1757862916
|switch|p1a: Iron Valiant|Iron Valiant|100/100
|-enditem|p1a: Iron Valiant|Booster Energy
|-activate|p1a: Iron Valiant|ability: Quark Drive|[fromitem]
|-start|p1a: Iron Valiant|quarkdrivespe
|move|p2a: Cyber55555|Bitter Malice|p1a: Iron Valiant
|-damage|p1a: Iron Valiant|32/100
|-unboost|p1a: Iron Valiant|atk|1
|
|upkeep
|turn|3
|
|t:|1757862932
|switch|p2a: Forest Cyber|Lanturn, F|100/100
|move|p1a: Iron Valiant|Spirit Break|p2a: Forest Cyber
|-damage|p2a: Forest Cyber|67/100
|-unboost|p2a: Forest Cyber|spa|1
|
|upkeep
|turn|4
|
|t:|1757862948
|-end|p1a: Iron Valiant|Quark Drive|[silent]
|switch|p1a: Ogerpon|Ogerpon-Wellspring, F|100/100
|move|p2a: Forest Cyber|Flip Turn|p1a: Ogerpon
|-immune|p1a: Ogerpon|[from] ability: Water Absorb
|
|upkeep
|turn|5
|
|t:|1757862963
|-terastallize|p2a: Forest Cyber|Flying
|move|p1a: Ogerpon|Trailblaze|p2a: Forest Cyber
|-resisted|p2a: Forest Cyber
|-damage|p2a: Forest Cyber|49/100
|-boost|p1a: Ogerpon|spe|1
|move|p2a: Forest Cyber|Thunderbolt|p1a: Ogerpon
|-damage|p1a: Ogerpon|73/100
|
|upkeep
|turn|6
|
|t:|1757862971
|move|p1a: Ogerpon|Ivy Cudgel|p2a: Forest Cyber|[anim] Ivy Cudgel Water
|-damage|p2a: Forest Cyber|0 fnt
|faint|p2a: Forest Cyber
|
|upkeep
|
|t:|1757862977
|switch|p2a: Cyber55555|Scrafty, F|100/100
|turn|7
|
|t:|1757862981
|move|p1a: Ogerpon|U-turn|p2a: Cyber55555
|-resisted|p2a: Cyber55555
|-damage|p2a: Cyber55555|72/100
|replace|p2a: Cyber Catnap's|Zoroark-Hisui, M, shiny
|-end|p2a: Cyber Catnap's|Illusion
|
|t:|1757862987
|switch|p1a: Kingambit|Kingambit, M|100/100|[from] U-turn
|move|p2a: Cyber Catnap's|Snowscape|p2a: Cyber Catnap's
|-weather|Snowscape
|
|-weather|Snowscape|[upkeep]
|upkeep
|turn|8
|
|t:|1757862995
|move|p2a: Cyber Catnap's|Focus Blast|p1a: Kingambit
|-supereffective|p1a: Kingambit
|-damage|p1a: Kingambit|0 fnt
|faint|p1a: Kingambit
|-end|p1a: Kingambit|fallenundefined|[silent]
|
|-weather|Snowscape|[upkeep]
|upkeep
|
|t:|1757863002
|switch|p1a: Ogerpon|Ogerpon-Wellspring, F|73/100
|turn|9
|
|t:|1757863006
|move|p1a: Ogerpon|Knock Off|p2a: Cyber Catnap's
|-supereffective|p2a: Cyber Catnap's
|-damage|p2a: Cyber Catnap's|0 fnt
|-enditem|p2a: Cyber Catnap's|Icy Rock|[from] move: Knock Off|[of] p1a: Ogerpon
|faint|p2a: Cyber Catnap's
|
|-weather|Snowscape|[upkeep]
|upkeep
|
|t:|1757863009
|switch|p2a: SDL III Cyber|Sandslash-Alola, M|100/100
|turn|10
|
|t:|1757863020
|move|p2a: SDL III Cyber|Ice Spinner|p1a: Ogerpon
|-damage|p1a: Ogerpon|26/100
|move|p1a: Ogerpon|U-turn|p2a: SDL III Cyber
|-resisted|p2a: SDL III Cyber
|-damage|p2a: SDL III Cyber|92/100
|
|t:|1757863026
|switch|p1a: Moltres|Moltres|100/100|[from] U-turn
|
|-weather|Snowscape|[upkeep]
|upkeep
|turn|11
|
|t:|1757863034
|switch|p2a: UnTh Cyber|Kyurem, shiny|100/100
|-ability|p2a: UnTh Cyber|Pressure
|move|p1a: Moltres|Will-O-Wisp|p2a: UnTh Cyber|[miss]
|-miss|p1a: Moltres|p2a: UnTh Cyber
|
|-weather|Snowscape|[upkeep]
|upkeep
|turn|12
|
|t:|1757863046
|move|p2a: UnTh Cyber|Dragon Dance|p2a: UnTh Cyber
|-boost|p2a: UnTh Cyber|atk|1
|-boost|p2a: UnTh Cyber|spe|1
|move|p1a: Moltres|Scorching Sands|p2a: UnTh Cyber
|-damage|p2a: UnTh Cyber|80/100
|
|-weather|Snowscape|[upkeep]
|upkeep
|turn|13
|
|t:|1757863053
|move|p2a: UnTh Cyber|Fling|p1a: Moltres
|-damage|p1a: Moltres|34/100
|-enditem|p2a: UnTh Cyber|Big Nugget|[from] move: Fling
|move|p1a: Moltres|Will-O-Wisp|p2a: UnTh Cyber
|-status|p2a: UnTh Cyber|brn
|
|-weather|Snowscape|[upkeep]
|-damage|p2a: UnTh Cyber|74/100 brn|[from] brn
|upkeep
|turn|14
|
|t:|1757863105
|move|p2a: UnTh Cyber|Dragon Dance|p2a: UnTh Cyber
|-boost|p2a: UnTh Cyber|atk|1
|-boost|p2a: UnTh Cyber|spe|1
|move|p1a: Moltres|Roost|p1a: Moltres
|-heal|p1a: Moltres|84/100
|-singleturn|p1a: Moltres|move: Roost
|
|-weather|none
|-damage|p2a: UnTh Cyber|68/100 brn|[from] brn
|upkeep
|turn|15
|
|t:|1757863116
|move|p2a: UnTh Cyber|Dragon Dance|p2a: UnTh Cyber
|-boost|p2a: UnTh Cyber|atk|1
|-boost|p2a: UnTh Cyber|spe|1
|move|p1a: Moltres|Flamethrower|p2a: UnTh Cyber
|-damage|p2a: UnTh Cyber|31/100 brn
|
|-damage|p2a: UnTh Cyber|25/100 brn|[from] brn
|upkeep
|turn|16
|
|t:|1757863124
|move|p2a: UnTh Cyber|Dragon Claw|p1a: Moltres
|-damage|p1a: Moltres|33/100
|move|p1a: Moltres|Flamethrower|p2a: UnTh Cyber
|-crit|p2a: UnTh Cyber
|-damage|p2a: UnTh Cyber|0 fnt
|faint|p2a: UnTh Cyber
|
|upkeep
|
|t:|1757863131
|switch|p2a: Cyber55555|Scrafty, F|100/100
|-ability|p2a: Cyber55555|Intimidate|boost
|-unboost|p1a: Moltres|atk|1
|turn|17
|
|t:|1757863139
|move|p1a: Moltres|Will-O-Wisp|p2a: Cyber55555|[miss]
|-miss|p1a: Moltres|p2a: Cyber55555
|move|p2a: Cyber55555|Knock Off|p1a: Moltres
|-damage|p1a: Moltres|0 fnt
|-enditem|p1a: Moltres|Heavy-Duty Boots|[from] move: Knock Off|[of] p2a: Cyber55555
|faint|p1a: Moltres
|
|upkeep
|
|t:|1757863146
|switch|p1a: Iron Valiant|Iron Valiant|32/100
|turn|18
|
|t:|1757863149
|move|p1a: Iron Valiant|Destiny Bond|p1a: Iron Valiant
|-singlemove|p1a: Iron Valiant|Destiny Bond
|move|p2a: Cyber55555|Zen Headbutt|p1a: Iron Valiant|[miss]
|-miss|p2a: Cyber55555|p1a: Iron Valiant
|
|upkeep
|turn|19
|
|t:|1757863157
|move|p1a: Iron Valiant|Spirit Break|p2a: Cyber55555
|-supereffective|p2a: Cyber55555
|-enditem|p2a: Cyber55555|Roseli Berry|[eat]
|-enditem|p2a: Cyber55555|Roseli Berry|[weaken]
|-damage|p2a: Cyber55555|12/100
|-unboost|p2a: Cyber55555|spa|1
|move|p2a: Cyber55555|Close Combat|p1a: Iron Valiant
|-resisted|p1a: Iron Valiant
|-damage|p1a: Iron Valiant|0 fnt
|-unboost|p2a: Cyber55555|def|1
|-unboost|p2a: Cyber55555|spd|1
|faint|p1a: Iron Valiant
|-end|p1a: Iron Valiant|Quark Drive|[silent]
|
|upkeep
|
|t:|1757863169
|switch|p1a: Deoxys|Deoxys-Speed|25/100
|-ability|p1a: Deoxys|Pressure
|turn|20
|
|t:|1757863179
|switch|p2a: SDL IV Cyber|Landorus-Therian, M|100/100
|-ability|p2a: SDL IV Cyber|Intimidate|boost
|-unboost|p1a: Deoxys|atk|1
|move|p1a: Deoxys|Stealth Rock|p2a: SDL IV Cyber
|-sidestart|p2: Envy cat|move: Stealth Rock
|
|upkeep
|turn|21
|
|t:|1757863187
|move|p1a: Deoxys|Taunt|p2a: SDL IV Cyber
|-start|p2a: SDL IV Cyber|move: Taunt
|cant|p2a: SDL IV Cyber|move: Taunt|Stealth Rock
|
|upkeep
|turn|22
|
|t:|1757863192
|move|p1a: Deoxys|Psycho Boost|p2a: SDL IV Cyber
|-damage|p2a: SDL IV Cyber|43/100
|-unboost|p1a: Deoxys|spa|2
|move|p2a: SDL IV Cyber|Earth Power|p1a: Deoxys
|-damage|p1a: Deoxys|0 fnt
|faint|p1a: Deoxys
|
|upkeep
|
|t:|1757863201
|switch|p1a: Ogerpon|Ogerpon-Wellspring, F|26/100
|turn|23
|
|t:|1757863204
|switch|p2a: SDL III Cyber|Sandslash-Alola, M|92/100
|-damage|p2a: SDL III Cyber|80/100|[from] Stealth Rock
|move|p1a: Ogerpon|Ivy Cudgel|p2a: SDL III Cyber|[anim] Ivy Cudgel Water
|-damage|p2a: SDL III Cyber|16/100
|
|upkeep
|turn|24
|
|t:|1757863213
|move|p1a: Ogerpon|Ivy Cudgel|p2a: SDL III Cyber|[anim] Ivy Cudgel Water
|-damage|p2a: SDL III Cyber|0 fnt
|faint|p2a: SDL III Cyber
|
|upkeep
|
|t:|1757863216
|switch|p2a: Cyber55555|Scrafty, F|12/100
|-damage|p2a: Cyber55555|6/100|[from] Stealth Rock
|-ability|p2a: Cyber55555|Intimidate|boost
|-unboost|p1a: Ogerpon|atk|1
|turn|25
|
|t:|1757863223
|move|p1a: Ogerpon|Trailblaze|p2a: Cyber55555
|-damage|p2a: Cyber55555|0 fnt
|-boost|p1a: Ogerpon|spe|1
|faint|p2a: Cyber55555
|
|upkeep
|
|t:|1757863226
|switch|p2a: SDL IV Cyber|Landorus-Therian, M|43/100
|-damage|p2a: SDL IV Cyber|31/100|[from] Stealth Rock
|-ability|p2a: SDL IV Cyber|Intimidate|boost
|-unboost|p1a: Ogerpon|atk|1
|turn|26
|
|t:|1757863233
|move|p1a: Ogerpon|Ivy Cudgel|p2a: SDL IV Cyber|[anim] Ivy Cudgel Water
|-supereffective|p2a: SDL IV Cyber
|-damage|p2a: SDL IV Cyber|0 fnt
|faint|p2a: SDL IV Cyber
|
|win|rubzed
|raw|rubzed's rating: 1152 &rarr; <strong>1176</strong><br />(+24 for winning)
|raw|Envy cat's rating: 1136 &rarr; <strong>1112</strong><br />(-24 for losing)
|l|☆Envy cat
|player|p2|
|l|☆rubzed
|player|p1|
