|j|☆biggiech33se246
|j|☆kenjihibiki
|t:|1757823578
|gametype|singles
|player|p1|biggiech33se246|1|1418
|player|p2|kenjihibiki|hilbert|1424
|gen|9
|tier|[Gen 9] OU
|rated|
|rule|HP Percentage Mod: HP is shown in percentages
|rule|Endless Battle Clause: Forcing endless battles is banned
|rule|Species Clause: Limit one of each Pokémon
|rule|OHKO Clause: OHKO moves are banned
|rule|Evasion Items Clause: Evasion items are banned
|rule|Evasion Moves Clause: Evasion moves are banned
|rule|Evasion Abilities Clause: Evasion abilities are banned
|rule|Sleep Moves Clause: Sleep-inducing moves are banned
|clearpoke
|poke|p1|Landorus-Therian, M|
|poke|p1|Samurott-Hisui, F|
|poke|p1|Pecharunt|
|poke|p1|Scizor, F|
|poke|p1|Latios, M|
|poke|p1|Zamazenta-*|
|poke|p2|Pelipper, F|
|poke|p2|Kingdra, M|
|poke|p2|Feraligatr, M|
|poke|p2|Scizor, M|
|poke|p2|Sinistcha|
|poke|p2|Raging Bolt|
|teampreview
|inactive|Battle timer is ON: inactive players will automatically lose when time's up. (requested by biggiech33se246)
|
|t:|1757823596
|teamsize|p1|6
|teamsize|p2|6
|start
|switch|p1a: Samurott|Samurott-Hisui, F|100/100
|switch|p2a: Pelipper|Pelipper, F|100/100
|-weather|RainDance|[from] ability: Drizzle|[of] p2a: Pelipper
|turn|1
|
|t:|1757823602
|move|p1a: Samurott|Knock Off|p2a: Pelipper
|-damage|p2a: Pelipper|65/100
|-enditem|p2a: Pelipper|Damp Rock|[from] move: Knock Off|[of] p1a: Samurott
|move|p2a: Pelipper|Hurricane|p1a: Samurott
|-damage|p1a: Samurott|65/100
|
|-weather|RainDance|[upkeep]
|upkeep
|turn|2
|
|t:|1757823623
|switch|p1a: Latios|Latios, M|100/100
|move|p2a: Pelipper|U-turn|p1a: Latios
|-supereffective|p1a: Latios
|-damage|p1a: Latios|75/100
|
|t:|1757823629
|switch|p2a: Kingdra|Kingdra, M|100/100|[from] U-turn
|
|-weather|RainDance|[upkeep]
|upkeep
|turn|3
|
|t:|1757823641
|switch|p1a: Samurott|Samurott-Hisui, F|65/100
|move|p2a: Kingdra|Dragon Pulse|p1a: Samurott
|-damage|p1a: Samurott|11/100
|
|-weather|RainDance|[upkeep]
|upkeep
|turn|4
|
|t:|1757823649
|move|p2a: Kingdra|Dragon Pulse|p1a: Samurott
|-damage|p1a: Samurott|0 fnt
|faint|p1a: Samurott
|
|-weather|RainDance|[upkeep]
|upkeep
|
|t:|1757823655
|switch|p1a: Landorus|Landorus-Therian, M|100/100
|-ability|p1a: Landorus|Intimidate|boost
|-unboost|p2a: Kingdra|atk|1
|turn|5
|
|t:|1757823662
|switch|p2a: Sinistcha|Sinistcha|100/100
|move|p1a: Landorus|Stealth Rock|p2a: Sinistcha
|-sidestart|p2: kenjihibiki|move: Stealth Rock
|
|-weather|RainDance|[upkeep]
|upkeep
|turn|6
|
|t:|1757823667
|move|p1a: Landorus|U-turn|p2a: Sinistcha
|-damage|p2a: Sinistcha|83/100
|-damage|p1a: Landorus|84/100|[from] item: Rocky Helmet|[of] p2a: Sinistcha
|
|t:|1757823672
|switch|p1a: Scizor|Scizor, F|100/100|[from] U-turn
|move|p2a: Sinistcha|Matcha Gotcha|p1a: Scizor
|-resisted|p1a: Scizor
|-damage|p1a: Scizor|88/100
|-heal|p2a: Sinistcha|88/100|[from] drain|[of] p1a: Scizor
|
|-weather|RainDance|[upkeep]
|upkeep
|turn|7
|
|t:|1757823681
|move|p1a: Scizor|Knock Off|p2a: Sinistcha
|-supereffective|p2a: Sinistcha
|-damage|p2a: Sinistcha|31/100
|-damage|p1a: Scizor|72/100|[from] item: Rocky Helmet|[of] p2a: Sinistcha
|-enditem|p2a: Sinistcha|Rocky Helmet|[from] move: Knock Off|[of] p1a: Scizor
|move|p2a: Sinistcha|Strength Sap|p1a: Scizor
|-unboost|p1a: Scizor|atk|1
|-heal|p2a: Sinistcha|100/100
|
|-weather|RainDance|[upkeep]
|upkeep
|turn|8
|
|t:|1757823692
|switch|p1a: Pecharunt|Pecharunt|100/100
|move|p2a: Sinistcha|Calm Mind|p2a: Sinistcha
|-boost|p2a: Sinistcha|spa|1
|-boost|p2a: Sinistcha|spd|1
|
|-weather|none
|upkeep
|turn|9
|
|t:|1757823698
|-terastallize|p2a: Sinistcha|Poison
|move|p1a: Pecharunt|Parting Shot|p2a: Sinistcha
|-unboost|p2a: Sinistcha|atk|1
|-unboost|p2a: Sinistcha|spa|1
|
|t:|1757823707
|switch|p1a: Landorus|Landorus-Therian, M|84/100|[from] Parting Shot
|-ability|p1a: Landorus|Intimidate|boost
|-unboost|p2a: Sinistcha|atk|1
|move|p2a: Sinistcha|Calm Mind|p2a: Sinistcha
|-boost|p2a: Sinistcha|spa|1
|-boost|p2a: Sinistcha|spd|1
|
|upkeep
|turn|10
|
|t:|1757823716
|switch|p2a: Pelipper|Pelipper, F|65/100
|-damage|p2a: Pelipper|40/100|[from] Stealth Rock
|-weather|RainDance|[from] ability: Drizzle|[of] p2a: Pelipper
|move|p1a: Landorus|Earthquake|p2a: Pelipper
|-immune|p2a: Pelipper
|
|-weather|RainDance|[upkeep]
|upkeep
|turn|11
|
|t:|1757823739
|move|p1a: Landorus|Smack Down|p2a: Pelipper
|-supereffective|p2a: Pelipper
|-damage|p2a: Pelipper|13/100
|-start|p2a: Pelipper|Smack Down
|move|p2a: Pelipper|Roost|p2a: Pelipper
|-heal|p2a: Pelipper|63/100
|-singleturn|p2a: Pelipper|move: Roost
|
|-weather|RainDance|[upkeep]
|upkeep
|turn|12
|
|t:|1757823751
|move|p1a: Landorus|U-turn|p2a: Pelipper
|-resisted|p2a: Pelipper
|-damage|p2a: Pelipper|54/100
|
|t:|1757823756
|switch|p1a: Latios|Latios, M|75/100|[from] U-turn
|move|p2a: Pelipper|Weather Ball|p1a: Latios
|-resisted|p1a: Latios
|-damage|p1a: Latios|51/100
|
|-weather|RainDance|[upkeep]
|upkeep
|turn|13
|
|t:|1757823764
|switch|p2a: Scizor|Scizor, M|100/100
|-damage|p2a: Scizor|88/100|[from] Stealth Rock
|move|p1a: Latios|Recover|p1a: Latios
|-heal|p1a: Latios|100/100
|
|-weather|RainDance|[upkeep]
|-heal|p2a: Scizor|94/100|[from] item: Leftovers
|upkeep
|turn|14
|
|t:|1757823772
|switch|p1a: Landorus|Landorus-Therian, M|84/100
|-ability|p1a: Landorus|Intimidate|boost
|-unboost|p2a: Scizor|atk|1
|move|p2a: Scizor|Defog|p1a: Landorus
|-unboost|p1a: Landorus|evasion|1
|-sideend|p2: kenjihibiki|Stealth Rock|[from] move: Defog|[of] p2a: Scizor
|
|-weather|none
|-heal|p2a: Scizor|99/100|[from] item: Leftovers
|upkeep
|turn|15
|
|t:|1757823785
|switch|p2a: Pelipper|Pelipper, F|54/100
|-weather|RainDance|[from] ability: Drizzle|[of] p2a: Pelipper
|move|p1a: Landorus|Stealth Rock|p2a: Pelipper
|-sidestart|p2: kenjihibiki|move: Stealth Rock
|
|-weather|RainDance|[upkeep]
|upkeep
|turn|16
|
|t:|1757823794
|move|p1a: Landorus|U-turn|p2a: Pelipper
|-resisted|p2a: Pelipper
|-damage|p2a: Pelipper|46/100
|
|t:|1757823797
|switch|p1a: Latios|Latios, M|100/100|[from] U-turn
|move|p2a: Pelipper|U-turn|p1a: Latios
|-supereffective|p1a: Latios
|-damage|p1a: Latios|77/100
|
|t:|1757823805
|switch|p2a: Kingdra|Kingdra, M|100/100|[from] U-turn
|-damage|p2a: Kingdra|88/100|[from] Stealth Rock
|
|-weather|RainDance|[upkeep]
|upkeep
|turn|17
|
|t:|1757823814
|-terastallize|p1a: Latios|Steel
|move|p2a: Kingdra|Draco Meteor|p1a: Latios
|-resisted|p1a: Latios
|-damage|p1a: Latios|31/100
|-unboost|p2a: Kingdra|spa|2
|move|p1a: Latios|Draco Meteor|p2a: Kingdra
|-supereffective|p2a: Kingdra
|-damage|p2a: Kingdra|0 fnt
|-unboost|p1a: Latios|spa|2
|faint|p2a: Kingdra
|
|-weather|RainDance|[upkeep]
|upkeep
|
|t:|1757823825
|switch|p2a: Feraligatr|Feraligatr, M|100/100
|-damage|p2a: Feraligatr|88/100|[from] Stealth Rock
|turn|18
|
|t:|1757823831
|switch|p1a: Pecharunt|Pecharunt|100/100
|move|p2a: Feraligatr|Dragon Dance|p2a: Feraligatr
|-boost|p2a: Feraligatr|atk|1
|-boost|p2a: Feraligatr|spe|1
|
|-weather|RainDance|[upkeep]
|upkeep
|turn|19
|
|t:|1757823840
|move|p2a: Feraligatr|Liquidation|p1a: Pecharunt
|-damage|p1a: Pecharunt|18/100
|move|p1a: Pecharunt|Parting Shot|p2a: Feraligatr
|-unboost|p2a: Feraligatr|atk|1
|-unboost|p2a: Feraligatr|spa|1
|
|t:|1757823843
|switch|p1a: Zamazenta|Zamazenta|100/100|[from] Parting Shot
|-ability|p1a: Zamazenta|Dauntless Shield|boost
|-boost|p1a: Zamazenta|def|1
|
|-weather|none
|upkeep
|turn|20
|
|t:|1757823854
|switch|p2a: Sinistcha|Sinistcha, tera:Poison|100/100
|-damage|p2a: Sinistcha|88/100|[from] Stealth Rock
|move|p1a: Zamazenta|Roar|p2a: Sinistcha
|drag|p2a: Feraligatr|Feraligatr, M|88/100
|-damage|p2a: Feraligatr|76/100|[from] Stealth Rock
|
|upkeep
|turn|21
|
|t:|1757823865
|switch|p2a: Sinistcha|Sinistcha, tera:Poison|88/100
|-damage|p2a: Sinistcha|76/100|[from] Stealth Rock
|move|p1a: Zamazenta|Roar|p2a: Sinistcha
|drag|p2a: Feraligatr|Feraligatr, M|76/100
|-damage|p2a: Feraligatr|64/100|[from] Stealth Rock
|
|upkeep
|turn|22
|
|t:|1757823873
|move|p2a: Feraligatr|Liquidation|p1a: Zamazenta
|-damage|p1a: Zamazenta|70/100
|move|p1a: Zamazenta|Roar|p2a: Feraligatr
|drag|p2a: Pelipper|Pelipper, F|46/100
|-damage|p2a: Pelipper|21/100|[from] Stealth Rock
|-weather|RainDance|[from] ability: Drizzle|[of] p2a: Pelipper
|
|-weather|RainDance|[upkeep]
|-heal|p1a: Zamazenta|76/100|[from] item: Leftovers
|upkeep
|turn|23
|
|t:|1757823883
|move|p1a: Zamazenta|Crunch|p2a: Pelipper
|-damage|p2a: Pelipper|2/100
|move|p2a: Pelipper|Roost|p2a: Pelipper
|-heal|p2a: Pelipper|52/100
|-singleturn|p2a: Pelipper|move: Roost
|
|-weather|RainDance|[upkeep]
|-heal|p1a: Zamazenta|82/100|[from] item: Leftovers
|upkeep
|turn|24
|
|t:|1757823892
|switch|p1a: Scizor|Scizor, F|72/100
|move|p2a: Pelipper|Hurricane|p1a: Scizor
|-damage|p1a: Scizor|18/100
|
|-weather|RainDance|[upkeep]
|upkeep
|turn|25
|
|t:|1757823912
|move|p1a: Scizor|Bullet Punch|p2a: Pelipper
|-resisted|p2a: Pelipper
|-damage|p2a: Pelipper|39/100
|move|p2a: Pelipper|Weather Ball|p1a: Scizor
|-damage|p1a: Scizor|0 fnt
|faint|p1a: Scizor
|
|-weather|RainDance|[upkeep]
|upkeep
|
|t:|1757823915
|switch|p1a: Landorus|Landorus-Therian, M|84/100
|-ability|p1a: Landorus|Intimidate|boost
|-unboost|p2a: Pelipper|atk|1
|turn|26
|
|t:|1757823926
|switch|p2a: Sinistcha|Sinistcha, tera:Poison|76/100
|-damage|p2a: Sinistcha|63/100|[from] Stealth Rock
|move|p1a: Landorus|Smack Down|p2a: Sinistcha
|-damage|p2a: Sinistcha|51/100
|
|-weather|none
|upkeep
|turn|27
|
|t:|1757823937
|move|p1a: Landorus|Earthquake|p2a: Sinistcha
|-supereffective|p2a: Sinistcha
|-damage|p2a: Sinistcha|0 fnt
|faint|p2a: Sinistcha
|
|upkeep
|
|t:|1757823942
|switch|p2a: Scizor|Scizor, M|99/100
|-damage|p2a: Scizor|88/100|[from] Stealth Rock
|turn|28
|
|t:|1757823948
|move|p1a: Landorus|Stealth Rock||[still]
|-fail|p1a: Landorus
|move|p2a: Scizor|Swords Dance|p2a: Scizor
|-boost|p2a: Scizor|atk|2
|
|-heal|p2a: Scizor|94/100|[from] item: Leftovers
|upkeep
|turn|29
|
|t:|1757823954
|move|p1a: Landorus|U-turn|p2a: Scizor
|-resisted|p2a: Scizor
|-damage|p2a: Scizor|83/100
|
|t:|1757823957
|switch|p1a: Zamazenta|Zamazenta|82/100|[from] U-turn
|move|p2a: Scizor|Swords Dance|p2a: Scizor
|-boost|p2a: Scizor|atk|2
|
|-heal|p1a: Zamazenta|88/100|[from] item: Leftovers
|-heal|p2a: Scizor|89/100|[from] item: Leftovers
|upkeep
|turn|30
|
|t:|1757823964
|move|p2a: Scizor|Bullet Punch|p1a: Zamazenta
|-damage|p1a: Zamazenta|13/100
|move|p1a: Zamazenta|Roar|p2a: Scizor
|drag|p2a: Raging Bolt|Raging Bolt|100/100
|-damage|p2a: Raging Bolt|88/100|[from] Stealth Rock
|-enditem|p2a: Raging Bolt|Booster Energy
|-activate|p2a: Raging Bolt|ability: Protosynthesis|[fromitem]
|-start|p2a: Raging Bolt|protosynthesisspa
|
|-heal|p1a: Zamazenta|19/100|[from] item: Leftovers
|upkeep
|turn|31
|
|t:|1757823978
|switch|p1a: Landorus|Landorus-Therian, M|84/100
|-ability|p1a: Landorus|Intimidate|boost
|-unboost|p2a: Raging Bolt|atk|1
|move|p2a: Raging Bolt|Draco Meteor|p1a: Landorus
|-damage|p1a: Landorus|0 fnt
|-unboost|p2a: Raging Bolt|spa|2
|faint|p1a: Landorus
|
|upkeep
|
|t:|1757823986
|switch|p1a: Latios|Latios, M, tera:Steel|31/100
|turn|32
|
|t:|1757823999
|-end|p2a: Raging Bolt|Protosynthesis|[silent]
|switch|p2a: Scizor|Scizor, M|89/100
|-damage|p2a: Scizor|76/100|[from] Stealth Rock
|move|p1a: Latios|Recover|p1a: Latios
|-heal|p1a: Latios|81/100
|
|-heal|p2a: Scizor|82/100|[from] item: Leftovers
|upkeep
|turn|33
|
|t:|1757824012
|move|p1a: Latios|Calm Mind|p1a: Latios
|-boost|p1a: Latios|spa|1
|-boost|p1a: Latios|spd|1
|move|p2a: Scizor|Defog|p1a: Latios
|-unboost|p1a: Latios|evasion|1
|-sideend|p2: kenjihibiki|Stealth Rock|[from] move: Defog|[of] p2a: Scizor
|
|-heal|p2a: Scizor|88/100|[from] item: Leftovers
|upkeep
|turn|34
|
|t:|1757824021
|move|p1a: Latios|Psychic Noise|p2a: Scizor
|-resisted|p2a: Scizor
|-damage|p2a: Scizor|44/100
|-start|p2a: Scizor|move: Heal Block
|move|p2a: Scizor|Swords Dance|p2a: Scizor
|-boost|p2a: Scizor|atk|2
|
|upkeep
|turn|35
|
|t:|1757824035
|move|p2a: Scizor|Bullet Punch|p1a: Latios
|-resisted|p1a: Latios
|-damage|p1a: Latios|38/100
|move|p1a: Latios|Draco Meteor|p2a: Scizor
|-resisted|p2a: Scizor
|-damage|p2a: Scizor|0 fnt
|-unboost|p1a: Latios|spa|2
|faint|p2a: Scizor
|
|upkeep
|
|t:|1757824043
|switch|p2a: Feraligatr|Feraligatr, M|64/100
|turn|36
|
|t:|1757824048
|move|p1a: Latios|Recover|p1a: Latios
|-heal|p1a: Latios|88/100
|move|p2a: Feraligatr|Dragon Dance|p2a: Feraligatr
|-boost|p2a: Feraligatr|atk|1
|-boost|p2a: Feraligatr|spe|1
|
|upkeep
|turn|37
|
|t:|1757824056
|switch|p1a: Pecharunt|Pecharunt|18/100
|move|p2a: Feraligatr|Liquidation|p1a: Pecharunt
|-damage|p1a: Pecharunt|0 fnt
|faint|p1a: Pecharunt
|
|upkeep
|
|t:|1757824057
|switch|p1a: Zamazenta|Zamazenta|19/100
|turn|38
|
|t:|1757824063
|move|p2a: Feraligatr|Liquidation|p1a: Zamazenta
|-damage|p1a: Zamazenta|0 fnt
|faint|p1a: Zamazenta
|
|upkeep
|
|t:|1757824065
|switch|p1a: Latios|Latios, M, tera:Steel|88/100
|turn|39
|
|t:|1757824068
|move|p2a: Feraligatr|Liquidation|p1a: Latios
|-damage|p1a: Latios|0 fnt
|faint|p1a: Latios
|
|win|kenjihibiki
|raw|biggiech33se246's rating: 1418 &rarr; <strong>1398</strong><br />(-20 for losing)
|raw|kenjihibiki's rating: 1424 &rarr; <strong>1444</strong><br />(+20 for winning)
|l|☆biggiech33se246
|player|p1|
|l|☆kenjihibiki
|player|p2|
