|j|☆jandrypapu
|j|☆Smellyporkchop
|t:|1757826424
|gametype|singles
|player|p1|jandrypapu|clerk|1298
|player|p2|Smellyporkchop|170|1288
|gen|9
|tier|[Gen 9] OU
|rated|
|rule|HP Percentage Mod: HP is shown in percentages
|rule|Endless Battle Clause: Forcing endless battles is banned
|rule|Species Clause: Limit one of each Pokémon
|rule|OHKO Clause: OHKO moves are banned
|rule|Evasion Items Clause: Evasion items are banned
|rule|Evasion Moves Clause: Evasion moves are banned
|rule|Evasion Abilities Clause: Evasion abilities are banned
|rule|Sleep Moves Clause: Sleep-inducing moves are banned
|clearpoke
|poke|p1|Sylveon, F|
|poke|p1|Espeon, F|
|poke|p1|Jolteon, M|
|poke|p1|Leafeon, M|
|poke|p1|Umbreon, F|
|poke|p1|Flareon, F|
|poke|p2|Lokix, F|
|poke|p2|Cinderace, F|
|poke|p2|Great Tusk|
|poke|p2|Alomomola, F|
|poke|p2|Enamorus, F|
|poke|p2|Slowking-Galar, M|
|teampreview
|inactive|Battle timer is ON: inactive players will automatically lose when time's up. (requested by Smellyporkchop)
|
|t:|1757826443
|teamsize|p1|6
|teamsize|p2|6
|start
|switch|p1a: Jolteon|Jolteon, M|100/100
|switch|p2a: Slowking|Slowking-Galar, M|100/100
|turn|1
|
|t:|1757826453
|move|p1a: Jolteon|Volt Switch|p2a: Slowking
|-damage|p2a: Slowking|61/100
|
|t:|1757826472
|switch|p1a: Flareon|Flareon, F|100/100|[from] Volt Switch
|-prepare|p2a: Slowking|Chilly Reception|[premajor]
|move|p2a: Slowking|Chilly Reception|p2a: Slowking
|-weather|Snowscape
|
|t:|1757826489
|switch|p2a: Great Tusk|Great Tusk|100/100|[from] Chilly Reception
|
|-weather|Snowscape|[upkeep]
|upkeep
|turn|2
|
|t:|1757826500
|move|p2a: Great Tusk|Bulk Up|p2a: Great Tusk
|-boost|p2a: Great Tusk|atk|1
|-boost|p2a: Great Tusk|def|1
|move|p1a: Flareon|Will-O-Wisp|p2a: Great Tusk
|-status|p2a: Great Tusk|brn
|
|-weather|Snowscape|[upkeep]
|-damage|p2a: Great Tusk|94/100 brn|[from] brn
|upkeep
|turn|3
|
|t:|1757826510
|switch|p1a: Jolteon|Jolteon, M|100/100
|move|p2a: Great Tusk|Earthquake|p1a: Jolteon
|-supereffective|p1a: Jolteon
|-damage|p1a: Jolteon|0 fnt
|faint|p1a: Jolteon
|
|-weather|Snowscape|[upkeep]
|-heal|p2a: Great Tusk|100/100 brn|[from] item: Leftovers
|-damage|p2a: Great Tusk|94/100 brn|[from] brn
|upkeep
|
|t:|1757826521
|switch|p1a: Leafeon|Leafeon, M|100/100
|turn|4
|
|t:|1757826529
|move|p2a: Great Tusk|Knock Off|p1a: Leafeon
|-damage|p1a: Leafeon|86/100
|-damage|p2a: Great Tusk|78/100 brn|[from] item: Rocky Helmet|[of] p1a: Leafeon
|-enditem|p1a: Leafeon|Rocky Helmet|[from] move: Knock Off|[of] p2a: Great Tusk
|move|p1a: Leafeon|Knock Off|p2a: Great Tusk
|-resisted|p2a: Great Tusk
|-damage|p2a: Great Tusk|74/100 brn
|-enditem|p2a: Great Tusk|Leftovers|[from] move: Knock Off|[of] p1a: Leafeon
|
|-weather|Snowscape|[upkeep]
|-damage|p2a: Great Tusk|68/100 brn|[from] brn
|upkeep
|turn|5
|
|t:|1757826540
|-end|p2a: Great Tusk|Protosynthesis|[silent]
|switch|p2a: Cinderace|Cinderace, F|100/100
|move|p1a: Leafeon|Leech Seed|p2a: Cinderace
|-start|p2a: Cinderace|move: Leech Seed
|
|-weather|none
|-damage|p2a: Cinderace|88/100|[from] Leech Seed|[of] p1a: Leafeon
|-heal|p1a: Leafeon|99/100|[silent]
|upkeep
|turn|6
|
|t:|1757826550
|switch|p1a: Flareon|Flareon, F|100/100
|move|p2a: Cinderace|Pyro Ball|p1a: Flareon
|-resisted|p1a: Flareon
|-damage|p1a: Flareon|55/100
|
|-damage|p2a: Cinderace|76/100|[from] Leech Seed|[of] p1a: Flareon
|-heal|p1a: Flareon|72/100|[silent]
|upkeep
|turn|7
|
|t:|1757826563
|move|p2a: Cinderace|Court Change||[still]
|-fail|p2a: Cinderace
|move|p1a: Flareon|Flame Charge|p2a: Cinderace
|-resisted|p2a: Cinderace
|-damage|p2a: Cinderace|60/100
|-boost|p1a: Flareon|spe|1
|
|-damage|p2a: Cinderace|47/100|[from] Leech Seed|[of] p1a: Flareon
|-heal|p1a: Flareon|88/100|[silent]
|upkeep
|turn|8
|
|t:|1757826572
|move|p1a: Flareon|Body Slam|p2a: Cinderace
|-damage|p2a: Cinderace|11/100
|-status|p2a: Cinderace|par
|cant|p2a: Cinderace|par
|
|-damage|p2a: Cinderace|0 fnt|[from] Leech Seed|[of] p1a: Flareon
|-heal|p1a: Flareon|100/100|[silent]
|faint|p2a: Cinderace
|upkeep
|
|t:|1757826576
|switch|p2a: Alomomola|Alomomola, F|100/100
|turn|9
|
|t:|1757826592
|move|p1a: Flareon|Body Slam|p2a: Alomomola
|-damage|p2a: Alomomola|78/100
|-status|p2a: Alomomola|par
|move|p2a: Alomomola|Body Slam|p1a: Flareon
|-damage|p1a: Flareon|73/100
|
|upkeep
|turn|10
|inactive|jandrypapu has 120 seconds left.
|
|t:|1757826618
|switch|p1a: Espeon|Espeon, F|100/100
|cant|p2a: Alomomola|par
|
|upkeep
|turn|11
|inactive|jandrypapu has 120 seconds left.
|
|t:|1757826632
|move|p1a: Espeon|Future Sight|p2a: Alomomola
|-start|p1a: Espeon|move: Future Sight
|cant|p2a: Alomomola|par
|
|upkeep
|turn|12
|
|t:|1757826637
|move|p1a: Espeon|Calm Mind|p1a: Espeon
|-boost|p1a: Espeon|spa|1
|-boost|p1a: Espeon|spd|1
|move|p2a: Alomomola|Body Slam|p1a: Espeon
|-damage|p1a: Espeon|71/100
|-status|p1a: Espeon|par
|
|upkeep
|turn|13
|
|t:|1757826647
|cant|p1a: Espeon|par
|cant|p2a: Alomomola|par
|
|-end|p2a: Alomomola|move: Future Sight
|-damage|p2a: Alomomola|26/100 par
|upkeep
|turn|14
|
|t:|1757826654
|cant|p1a: Espeon|par
|cant|p2a: Alomomola|par
|
|upkeep
|turn|15
|
|t:|1757826660
|switch|p2a: Lokix|Lokix, F|100/100
|move|p1a: Espeon|Psychic|p2a: Lokix
|-immune|p2a: Lokix
|
|upkeep
|turn|16
|
|t:|1757826676
|switch|p1a: Flareon|Flareon, F|73/100
|move|p2a: Lokix|U-turn|p1a: Flareon
|-resisted|p1a: Flareon
|-damage|p1a: Flareon|0 fnt
|faint|p1a: Flareon
|
|t:|1757826684
|switch|p2a: Alomomola|Alomomola, F|59/100 par|[from] U-turn
|
|upkeep
|
|t:|1757826688
|switch|p1a: Espeon|Espeon, F|71/100 par
|turn|17
|
|t:|1757826691
|move|p1a: Espeon|Calm Mind|p1a: Espeon
|-boost|p1a: Espeon|spa|1
|-boost|p1a: Espeon|spd|1
|cant|p2a: Alomomola|par
|
|upkeep
|turn|18
|
|t:|1757826697
|switch|p2a: Lokix|Lokix, F|100/100
|cant|p1a: Espeon|par
|
|upkeep
|turn|19
|
|t:|1757826705
|move|p2a: Lokix|U-turn|p1a: Espeon
|-supereffective|p1a: Espeon
|-damage|p1a: Espeon|0 fnt
|faint|p1a: Espeon
|
|t:|1757826709
|switch|p2a: Alomomola|Alomomola, F|92/100 par|[from] U-turn
|
|upkeep
|
|t:|1757826713
|switch|p1a: Leafeon|Leafeon, M|99/100
|turn|20
|
|t:|1757826718
|move|p1a: Leafeon|Leech Seed|p2a: Alomomola
|-start|p2a: Alomomola|move: Leech Seed
|move|p2a: Alomomola|Mirror Coat||[still]
|-fail|p2a: Alomomola
|
|-damage|p2a: Alomomola|80/100 par|[from] Leech Seed|[of] p1a: Leafeon
|-heal|p1a: Leafeon|100/100|[silent]
|upkeep
|turn|21
|
|t:|1757826724
|switch|p2a: Lokix|Lokix, F|100/100
|move|p1a: Leafeon|Knock Off|p2a: Lokix
|-resisted|p2a: Lokix
|-damage|p2a: Lokix|83/100
|-enditem|p2a: Lokix|Choice Band|[from] move: Knock Off|[of] p1a: Leafeon
|
|upkeep
|turn|22
|
|t:|1757826733
|move|p2a: Lokix|First Impression|p1a: Leafeon
|-supereffective|p1a: Leafeon
|-crit|p1a: Leafeon
|-damage|p1a: Leafeon|6/100
|move|p1a: Leafeon|Synthesis|p1a: Leafeon
|-heal|p1a: Leafeon|56/100
|
|upkeep
|turn|23
|
|t:|1757826740
|move|p2a: Lokix|U-turn|p1a: Leafeon
|-supereffective|p1a: Leafeon
|-damage|p1a: Leafeon|13/100
|
|t:|1757826745
|switch|p2a: Slowking|Slowking-Galar, M|95/100|[from] U-turn
|move|p1a: Leafeon|Leech Seed|p2a: Slowking
|-start|p2a: Slowking|move: Leech Seed
|
|-damage|p2a: Slowking|82/100|[from] Leech Seed|[of] p1a: Leafeon
|-heal|p1a: Leafeon|28/100|[silent]
|upkeep
|turn|24
|
|t:|1757826752
|move|p1a: Leafeon|Synthesis|p1a: Leafeon
|-heal|p1a: Leafeon|78/100
|move|p2a: Slowking|Sludge Bomb|p1a: Leafeon
|-supereffective|p1a: Leafeon
|-damage|p1a: Leafeon|0 fnt
|faint|p1a: Leafeon
|
|upkeep
|-message|jandrypapu forfeited.
|
|win|Smellyporkchop
|raw|jandrypapu's rating: 1298 &rarr; <strong>1272</strong><br />(-26 for losing)
|raw|Smellyporkchop's rating: 1288 &rarr; <strong>1314</strong><br />(+26 for winning)
|l|☆jandrypapu
|player|p1|
|l|☆Smellyporkchop
|player|p2|
