|j|☆frozen shogun
|j|☆silverlol
|t:|1757906878
|gametype|singles
|player|p1|frozen shogun|wallace|1310
|player|p2|silverlol|gambler|1358
|gen|9
|tier|[Gen 9] OU
|rated|
|rule|HP Percentage Mod: HP is shown in percentages
|rule|Endless Battle Clause: Forcing endless battles is banned
|rule|Species Clause: Limit one of each Pokémon
|rule|OHKO Clause: OHKO moves are banned
|rule|Evasion Items Clause: Evasion items are banned
|rule|Evasion Moves Clause: Evasion moves are banned
|rule|Evasion Abilities Clause: Evasion abilities are banned
|rule|Sleep Moves Clause: Sleep-inducing moves are banned
|clearpoke
|poke|p1|Victreebel, F|
|poke|p1|Torkoal, M|
|poke|p1|Ninetales, M|
|poke|p1|Thundurus-Therian, M|
|poke|p1|Cinderace, M|
|poke|p1|Walking Wake|
|poke|p2|Scizor, M|
|poke|p2|Greninja-*, M|
|poke|p2|Garchomp, F|
|poke|p2|Metagross|
|poke|p2|Zapdos|
|poke|p2|Excadrill, M|
|teampreview
|
|t:|1757906887
|teamsize|p1|6
|teamsize|p2|6
|start
|switch|p1a: Torkoal|Torkoal, M|100/100
|switch|p2a: Zapdos|Zapdos, shiny|100/100
|-weather|SunnyDay|[from] ability: Drought|[of] p1a: Torkoal
|turn|1
|
|t:|1757906905
|move|p2a: Zapdos|Thunderbolt|p1a: Torkoal
|-damage|p1a: Torkoal|55/100
|move|p1a: Torkoal|Stealth Rock|p2a: Zapdos
|-sidestart|p2: silverlol|move: Stealth Rock
|
|-weather|SunnyDay|[upkeep]
|upkeep
|turn|2
|
|t:|1757906913
|switch|p1a: Thundurus|Thundurus-Therian, M|100/100
|move|p2a: Zapdos|Hurricane|p1a: Thundurus|[miss]
|-miss|p2a: Zapdos|p1a: Thundurus
|
|-weather|SunnyDay|[upkeep]
|upkeep
|turn|3
|
|t:|1757906920
|switch|p2a: Garchomp|Garchomp, F|100/100
|-damage|p2a: Garchomp|94/100|[from] Stealth Rock
|move|p1a: Thundurus|Weather Ball|p2a: Garchomp
|-resisted|p2a: Garchomp
|-damage|p2a: Garchomp|59/100
|
|-weather|SunnyDay|[upkeep]
|upkeep
|turn|4
|
|t:|1757906930
|switch|p1a: Victreebel|Victreebel, F|100/100
|move|p2a: Garchomp|Scale Shot|p1a: Victreebel
|-damage|p1a: Victreebel|74/100
|-damage|p1a: Victreebel|48/100
|-damage|p1a: Victreebel|23/100
|-hitcount|p1a: Victreebel|3
|-unboost|p2a: Garchomp|def|1
|-boost|p2a: Garchomp|spe|1
|
|-weather|SunnyDay|[upkeep]
|upkeep
|turn|5
|
|t:|1757906943
|-terastallize|p2a: Garchomp|Steel
|move|p2a: Garchomp|Swords Dance|p2a: Garchomp
|-boost|p2a: Garchomp|atk|2
|move|p1a: Victreebel|Bullet Seed|p2a: Garchomp
|-resisted|p2a: Garchomp
|-damage|p2a: Garchomp|50/100
|-resisted|p2a: Garchomp
|-damage|p2a: Garchomp|40/100
|-resisted|p2a: Garchomp
|-damage|p2a: Garchomp|31/100
|-resisted|p2a: Garchomp
|-damage|p2a: Garchomp|22/100
|-hitcount|p2a: Garchomp|4
|
|-weather|none
|upkeep
|turn|6
|
|t:|1757906955
|move|p2a: Garchomp|Earthquake|p1a: Victreebel
|-damage|p1a: Victreebel|0 fnt
|faint|p1a: Victreebel
|
|upkeep
|
|t:|1757906957
|switch|p1a: Cinderace|Cinderace, M|100/100
|turn|7
|
|t:|1757906960
|move|p1a: Cinderace|Pyro Ball|p2a: Garchomp
|-supereffective|p2a: Garchomp
|-damage|p2a: Garchomp|0 fnt
|faint|p2a: Garchomp
|
|upkeep
|
|t:|1757906966
|switch|p2a: Metagross|Metagross|100/100
|-damage|p2a: Metagross|94/100|[from] Stealth Rock
|turn|8
|
|t:|1757906969
|move|p1a: Cinderace|Pyro Ball|p2a: Metagross
|-supereffective|p2a: Metagross
|-damage|p2a: Metagross|9/100
|-status|p2a: Metagross|brn
|-enditem|p2a: Metagross|Weakness Policy
|-boost|p2a: Metagross|atk|2|[from] item: Weakness Policy
|-boost|p2a: Metagross|spa|2|[from] item: Weakness Policy
|move|p2a: Metagross|Earthquake|p1a: Cinderace
|-supereffective|p1a: Cinderace
|-damage|p1a: Cinderace|0 fnt
|faint|p1a: Cinderace
|
|-damage|p2a: Metagross|3/100 brn|[from] brn
|upkeep
|
|t:|1757906979
|switch|p1a: Thundurus|Thundurus-Therian, M|100/100
|turn|9
|
|t:|1757906983
|move|p2a: Metagross|Bullet Punch|p1a: Thundurus
|-resisted|p1a: Thundurus
|-damage|p1a: Thundurus|84/100
|move|p1a: Thundurus|Volt Switch|p2a: Metagross
|-damage|p2a: Metagross|0 fnt
|faint|p2a: Metagross
|
|t:|1757907004
|switch|p1a: Ninetales|Ninetales, M|100/100|[from] Volt Switch
|-weather|SunnyDay|[from] ability: Drought|[of] p1a: Ninetales
|
|-weather|SunnyDay|[upkeep]
|upkeep
|
|t:|1757907011
|switch|p2a: Greninja|Greninja, M|100/100
|-damage|p2a: Greninja|88/100|[from] Stealth Rock
|turn|10
|
|t:|1757907016
|move|p2a: Greninja|Surf|p1a: Ninetales
|-supereffective|p1a: Ninetales
|-damage|p1a: Ninetales|43/100
|move|p1a: Ninetales|Fire Spin|p2a: Greninja
|-resisted|p2a: Greninja
|-damage|p2a: Greninja|71/100
|-activate|p2a: Greninja|move: Fire Spin|[of] p1a: Ninetales
|
|-weather|SunnyDay|[upkeep]
|-damage|p2a: Greninja|54/100|[from] move: Fire Spin|[partiallytrapped]
|upkeep
|turn|11
|
|t:|1757907024
|switch|p1a: Walking Wake|Walking Wake|100/100
|-activate|p1a: Walking Wake|ability: Protosynthesis
|-start|p1a: Walking Wake|protosynthesisspa
|move|p2a: Greninja|Surf|p1a: Walking Wake
|-resisted|p1a: Walking Wake
|-damage|p1a: Walking Wake|97/100
|
|-weather|SunnyDay|[upkeep]
|-end|p2a: Greninja|Fire Spin|[partiallytrapped]|[silent]
|upkeep
|turn|12
|
|t:|1757907033
|move|p1a: Walking Wake|Flamethrower|p2a: Greninja
|-resisted|p2a: Greninja
|-damage|p2a: Greninja|0 fnt
|faint|p2a: Greninja
|
|-weather|SunnyDay|[upkeep]
|upkeep
|
|t:|1757907040
|switch|p2a: Zapdos|Zapdos, shiny|100/100
|-damage|p2a: Zapdos|76/100|[from] Stealth Rock
|turn|13
|
|t:|1757907042
|move|p1a: Walking Wake|Flamethrower|p2a: Zapdos
|-damage|p2a: Zapdos|8/100
|move|p2a: Zapdos|Thunderbolt|p1a: Walking Wake
|-damage|p1a: Walking Wake|59/100
|
|-weather|none
|-end|p1a: Walking Wake|Protosynthesis
|upkeep
|turn|14
|
|t:|1757907049
|move|p1a: Walking Wake|Flamethrower|p2a: Zapdos
|-damage|p2a: Zapdos|0 fnt
|faint|p2a: Zapdos
|
|upkeep
|
|t:|1757907052
|switch|p2a: Excadrill|Excadrill, M|100/100
|-damage|p2a: Excadrill|97/100|[from] Stealth Rock
|-ability|p2a: Excadrill|Mold Breaker
|turn|15
|
|t:|1757907057
|move|p1a: Walking Wake|Flamethrower|p2a: Excadrill
|-supereffective|p2a: Excadrill
|-damage|p2a: Excadrill|19/100
|move|p2a: Excadrill|Rapid Spin|p1a: Walking Wake
|-damage|p1a: Walking Wake|36/100
|-boost|p2a: Excadrill|spe|1
|-sideend|p2: silverlol|Stealth Rock|[from] move: Rapid Spin|[of] p2a: Excadrill
|
|upkeep
|turn|16
|
|t:|1757907064
|move|p2a: Excadrill|Earthquake|p1a: Walking Wake
|-damage|p1a: Walking Wake|0 fnt
|faint|p1a: Walking Wake
|-end|p1a: Walking Wake|Protosynthesis|[silent]
|
|upkeep
|
|t:|1757907066
|switch|p1a: Thundurus|Thundurus-Therian, M|84/100
|turn|17
|
|t:|1757907071
|-terastallize|p1a: Thundurus|Flying
|move|p1a: Thundurus|Weather Ball|p2a: Excadrill
|-resisted|p2a: Excadrill
|-damage|p2a: Excadrill|5/100
|move|p2a: Excadrill|Rock Slide|p1a: Thundurus
|-supereffective|p1a: Thundurus
|-damage|p1a: Thundurus|0 fnt
|faint|p1a: Thundurus
|
|upkeep
|
|t:|1757907080
|switch|p1a: Torkoal|Torkoal, M|55/100
|-weather|SunnyDay|[from] ability: Drought|[of] p1a: Torkoal
|turn|18
|
|t:|1757907086
|move|p2a: Excadrill|Earthquake|p1a: Torkoal
|-supereffective|p1a: Torkoal
|-damage|p1a: Torkoal|0 fnt
|faint|p1a: Torkoal
|
|-weather|SunnyDay|[upkeep]
|upkeep
|-message|frozen shogun forfeited.
|
|win|silverlol
|raw|frozen shogun's rating: 1310 &rarr; <strong>1293</strong><br />(-17 for losing)
|raw|silverlol's rating: 1358 &rarr; <strong>1375</strong><br />(+17 for winning)
|l|☆frozen shogun
|player|p1|
|l|☆silverlol
|player|p2|
