|j|☆aladdin2000
|j|☆Garacade
|t:|1757868162
|gametype|singles
|player|p1|aladdin2000|101|1246
|player|p2|Garacade|102|1262
|gen|9
|tier|[Gen 9] OU
|rated|
|rule|HP Percentage Mod: HP is shown in percentages
|rule|Endless Battle Clause: Forcing endless battles is banned
|rule|Species Clause: Limit one of each Pokémon
|rule|OHKO Clause: OHKO moves are banned
|rule|Evasion Items Clause: Evasion items are banned
|rule|Evasion Moves Clause: Evasion moves are banned
|rule|Evasion Abilities Clause: Evasion abilities are banned
|rule|Sleep Moves Clause: Sleep-inducing moves are banned
|clearpoke
|poke|p1|Glimmora, F|
|poke|p1|Avalugg, M|
|poke|p1|Garchomp, F|
|poke|p1|Darkrai|
|poke|p1|Gardevoir, F|
|poke|p1|Cinderace, F|
|poke|p2|Bronzong|
|poke|p2|Great Tusk|
|poke|p2|Dragapult, M|
|poke|p2|Ogerpon-Wellspring, F|
|poke|p2|Uxie|
|poke|p2|Kingambit, F|
|teampreview
|
|t:|1757868175
|teamsize|p1|6
|teamsize|p2|6
|start
|switch|p1a: Glimmora|Glimmora, F, shiny|100/100
|switch|p2a: Bronzong|Bronzong|100/100
|turn|1
|
|t:|1757868184
|switch|p1a: Avalugg|Avalugg, M|100/100
|move|p2a: Bronzong|Stealth Rock|p1a: Avalugg
|-sidestart|p1: aladdin2000|move: Stealth Rock
|
|upkeep
|turn|2
|
|t:|1757868193
|move|p1a: Avalugg|Rapid Spin|p2a: Bronzong
|-resisted|p2a: Bronzong
|-damage|p2a: Bronzong|93/100
|-boost|p1a: Avalugg|spe|1
|-sideend|p1: aladdin2000|Stealth Rock|[from] move: Rapid Spin|[of] p1a: Avalugg
|move|p2a: Bronzong|Gyro Ball|p1a: Avalugg
|-supereffective|p1a: Avalugg
|-damage|p1a: Avalugg|84/100
|
|-heal|p1a: Avalugg|90/100|[from] item: Leftovers
|upkeep
|turn|3
|
|t:|1757868201
|move|p1a: Avalugg|Body Press|p2a: Bronzong
|-damage|p2a: Bronzong|63/100
|move|p2a: Bronzong|Stealth Rock|p1a: Avalugg
|-sidestart|p1: aladdin2000|move: Stealth Rock
|
|-heal|p1a: Avalugg|96/100|[from] item: Leftovers
|upkeep
|turn|4
|
|t:|1757868208
|switch|p2a: Dragapult|Dragapult, M|100/100
|move|p1a: Avalugg|Rapid Spin|p2a: Dragapult
|-immune|p2a: Dragapult
|
|-heal|p1a: Avalugg|100/100|[from] item: Leftovers
|upkeep
|turn|5
|
|t:|1757868212
|move|p2a: Dragapult|Draco Meteor|p1a: Avalugg
|-ability|p1a: Avalugg|Sturdy
|-damage|p1a: Avalugg|1/100
|-unboost|p2a: Dragapult|spa|2
|move|p1a: Avalugg|Ice Spinner|p2a: Dragapult
|-supereffective|p2a: Dragapult
|-damage|p2a: Dragapult|0 fnt
|faint|p2a: Dragapult
|
|-heal|p1a: Avalugg|7/100|[from] item: Leftovers
|upkeep
|
|t:|1757868218
|switch|p2a: Ogerpon|Ogerpon-Wellspring, F|100/100
|turn|6
|
|t:|1757868224
|move|p2a: Ogerpon|U-turn|p1a: Avalugg
|-damage|p1a: Avalugg|0 fnt
|faint|p1a: Avalugg
|
|t:|1757868233
|switch|p2a: Great Tusk|Great Tusk|100/100|[from] U-turn
|-enditem|p2a: Great Tusk|Booster Energy
|-activate|p2a: Great Tusk|ability: Protosynthesis|[fromitem]
|-start|p2a: Great Tusk|protosynthesisatk
|
|upkeep
|
|t:|1757868257
|switch|p1a: Gardevoir|Gardevoir, F|100/100
|-damage|p1a: Gardevoir|88/100|[from] Stealth Rock
|turn|7
|
|t:|1757868263
|-terastallize|p2a: Great Tusk|Ground
|move|p1a: Gardevoir|Moonblast|p2a: Great Tusk
|-damage|p2a: Great Tusk|31/100
|move|p2a: Great Tusk|Earthquake|p1a: Gardevoir
|-damage|p1a: Gardevoir|0 fnt
|faint|p1a: Gardevoir
|
|upkeep
|
|t:|1757868272
|switch|p1a: Darkrai|Darkrai|100/100
|-damage|p1a: Darkrai|88/100|[from] Stealth Rock
|turn|8
|
|t:|1757868285
|move|p1a: Darkrai|Ice Beam|p2a: Great Tusk
|-supereffective|p2a: Great Tusk
|-damage|p2a: Great Tusk|0 fnt
|faint|p2a: Great Tusk
|-end|p2a: Great Tusk|Protosynthesis|[silent]
|
|upkeep
|
|t:|1757868292
|switch|p2a: Ogerpon|Ogerpon-Wellspring, F|100/100
|turn|9
|
|t:|1757868303
|-terastallize|p1a: Darkrai|Poison
|move|p1a: Darkrai|Sludge Bomb|p2a: Ogerpon
|-supereffective|p2a: Ogerpon
|-damage|p2a: Ogerpon|0 fnt
|faint|p2a: Ogerpon
|
|upkeep
|c|☆Garacade|i hit rapid spin there i win
|c|☆Garacade|smh
|c|☆Garacade|im a dumbass
|
|t:|1757868315
|switch|p2a: Uxie|Uxie|100/100
|turn|10
|
|t:|1757868320
|move|p1a: Darkrai|Dark Pulse|p2a: Uxie
|-supereffective|p2a: Uxie
|-damage|p2a: Uxie|21/100
|cant|p2a: Uxie|flinch
|
|upkeep
|turn|11
|
|t:|1757868326
|move|p1a: Darkrai|Dark Pulse|p2a: Uxie
|-supereffective|p2a: Uxie
|-damage|p2a: Uxie|0 fnt
|faint|p2a: Uxie
|
|upkeep
|
|t:|1757868328
|switch|p2a: Kingambit|Kingambit, F|100/100
|-activate|p2a: Kingambit|ability: Supreme Overlord
|-start|p2a: Kingambit|fallen4|[silent]
|turn|12
|
|t:|1757868336
|switch|p1a: Glimmora|Glimmora, F, shiny|100/100
|-damage|p1a: Glimmora|88/100|[from] Stealth Rock
|move|p2a: Kingambit|Swords Dance|p2a: Kingambit
|-boost|p2a: Kingambit|atk|2
|
|upkeep
|turn|13
|
|t:|1757868342
|move|p2a: Kingambit|Sucker Punch|p1a: Glimmora
|-damage|p1a: Glimmora|0 fnt
|faint|p1a: Glimmora
|
|upkeep
|
|t:|1757868346
|switch|p1a: Cinderace|Cinderace, F|100/100
|turn|14
|
|t:|1757868350
|move|p1a: Cinderace|Court Change|p1a: Cinderace
|-start|p1a: Cinderace|typechange|Normal|[from] ability: Libero
|-swapsideconditions
|-activate|p1a: Cinderace|move: Court Change
|move|p2a: Kingambit|Kowtow Cleave|p1a: Cinderace
|-damage|p1a: Cinderace|0 fnt
|faint|p1a: Cinderace
|
|upkeep
|
|t:|1757868358
|switch|p1a: Garchomp|Garchomp, F|100/100
|turn|15
|
|t:|1757868362
|move|p1a: Garchomp|Earthquake|p2a: Kingambit
|-supereffective|p2a: Kingambit
|-damage|p2a: Kingambit|31/100
|move|p2a: Kingambit|Kowtow Cleave|p1a: Garchomp
|-damage|p1a: Garchomp|0 fnt
|-damage|p2a: Kingambit|18/100|[from] ability: Rough Skin|[of] p1a: Garchomp
|faint|p1a: Garchomp
|
|upkeep
|c|☆Garacade|well
|
|t:|1757868370
|switch|p1a: Darkrai|Darkrai, tera:Poison|88/100
|turn|16
|
|t:|1757868373
|move|p2a: Kingambit|Sucker Punch|p1a: Darkrai
|-damage|p1a: Darkrai|0 fnt
|faint|p1a: Darkrai
|
|win|Garacade
|raw|aladdin2000's rating: 1246 &rarr; <strong>1222</strong><br />(-24 for losing)
|raw|Garacade's rating: 1262 &rarr; <strong>1286</strong><br />(+24 for winning)
|c|☆aladdin2000|gg
|l|☆aladdin2000
|player|p1|
|l|☆Garacade
|player|p2|
