|j|☆zeigokashijiki
|j|☆TheGreatGrap3
|t:|1757909438
|gametype|singles
|player|p1|zeigokashijiki|169|1068
|player|p2|TheGreatGrap3|psychic-gen4|1110
|gen|9
|tier|[Gen 9] OU
|rated|
|rule|HP Percentage Mod: HP is shown in percentages
|rule|Endless Battle Clause: Forcing endless battles is banned
|rule|Species Clause: Limit one of each Pokémon
|rule|OHKO Clause: OHKO moves are banned
|rule|Evasion Items Clause: Evasion items are banned
|rule|Evasion Moves Clause: Evasion moves are banned
|rule|Evasion Abilities Clause: Evasion abilities are banned
|rule|Sleep Moves Clause: Sleep-inducing moves are banned
|clearpoke
|poke|p1|Primeape, M|
|poke|p1|Ninetales, M|
|poke|p1|Whimsicott, M|
|poke|p1|Whiscash, M|
|poke|p1|Electrode|
|poke|p1|Araquanid, M|
|poke|p2|Gholdengo|
|poke|p2|Araquanid, M|
|poke|p2|Sinistcha|
|poke|p2|Great Tusk|
|poke|p2|Kyurem|
|poke|p2|Ting-Lu|
|teampreview
|
|t:|1757909451
|teamsize|p1|6
|teamsize|p2|6
|start
|switch|p1a: Electrode|Electrode|100/100
|switch|p2a: Araquanid|Araquanid, M|100/100
|turn|1
|
|t:|1757909460
|move|p2a: Araquanid|Endure|p2a: Araquanid
|-singleturn|p2a: Araquanid|move: Endure
|move|p1a: Electrode|Volt Switch|p2a: Araquanid
|-supereffective|p2a: Araquanid
|-damage|p2a: Araquanid|33/100
|
|t:|1757909470
|switch|p1a: Ninetales|Ninetales, M|100/100|[from] Volt Switch
|-weather|SunnyDay|[from] ability: Drought|[of] p1a: Ninetales
|
|-weather|SunnyDay|[upkeep]
|upkeep
|turn|2
|
|t:|1757909485
|move|p2a: Araquanid|Endure||[still]
|-fail|p2a: Araquanid
|move|p1a: Ninetales|Weather Ball|p2a: Araquanid
|-damage|p2a: Araquanid|8/100
|
|-weather|SunnyDay|[upkeep]
|upkeep
|turn|3
|-enditem|p2a: Araquanid|Custap Berry|[eat]
|-activate|p2a: Araquanid|item: Custap Berry|[consumed]
|
|t:|1757909494
|move|p2a: Araquanid|Sticky Web|p1a: Ninetales
|-sidestart|p1: zeigokashijiki|move: Sticky Web
|move|p1a: Ninetales|Solar Beam||[still]
|-prepare|p1a: Ninetales|Solar Beam
|-anim|p1a: Ninetales|Solar Beam|p2a: Araquanid
|-damage|p2a: Araquanid|0 fnt
|faint|p2a: Araquanid
|
|-weather|SunnyDay|[upkeep]
|upkeep
|
|t:|1757909512
|switch|p2a: Ting-Lu|Ting-Lu|100/100
|-ability|p2a: Ting-Lu|Vessel of Ruin
|turn|4
|
|t:|1757909527
|switch|p1a: Primeape|Primeape, M, shiny|100/100
|-activate|p1a: Primeape|move: Sticky Web
|-unboost|p1a: Primeape|spe|1
|-ability|p1a: Primeape|Defiant|boost
|-boost|p1a: Primeape|atk|2
|move|p2a: Ting-Lu|Earthquake|p1a: Primeape
|-damage|p1a: Primeape|50/100
|
|-weather|SunnyDay|[upkeep]
|upkeep
|turn|5
|
|t:|1757909545
|switch|p2a: Sinistcha|Sinistcha|100/100
|move|p1a: Primeape|Drain Punch|p2a: Sinistcha
|-immune|p2a: Sinistcha
|
|-weather|SunnyDay|[upkeep]
|upkeep
|turn|6
|
|t:|1757909556
|move|p1a: Primeape|Rage Fist|p2a: Sinistcha
|-supereffective|p2a: Sinistcha
|-damage|p2a: Sinistcha|24/100
|move|p2a: Sinistcha|Shadow Ball|p1a: Primeape
|-damage|p1a: Primeape|18/100
|
|-weather|SunnyDay|[upkeep]
|upkeep
|turn|7
|
|t:|1757909566
|switch|p2a: Ting-Lu|Ting-Lu|100/100
|-ability|p2a: Ting-Lu|Vessel of Ruin
|move|p1a: Primeape|Rage Fist|p2a: Ting-Lu
|-resisted|p2a: Ting-Lu
|-damage|p2a: Ting-Lu|77/100
|
|-weather|SunnyDay|[upkeep]
|-heal|p2a: Ting-Lu|83/100|[from] item: Leftovers
|upkeep
|turn|8
|
|t:|1757909581
|move|p1a: Primeape|Rage Fist|p2a: Ting-Lu
|-resisted|p2a: Ting-Lu
|-damage|p2a: Ting-Lu|57/100
|move|p2a: Ting-Lu|Earthquake|p1a: Primeape
|-damage|p1a: Primeape|0 fnt
|faint|p1a: Primeape
|
|-weather|none
|-heal|p2a: Ting-Lu|64/100|[from] item: Leftovers
|upkeep
|
|t:|1757909590
|switch|p1a: Ninetales|Ninetales, M|100/100
|-activate|p1a: Ninetales|move: Sticky Web
|-unboost|p1a: Ninetales|spe|1
|-weather|SunnyDay|[from] ability: Drought|[of] p1a: Ninetales
|turn|9
|
|t:|1757909605
|move|p1a: Ninetales|Encore|p2a: Ting-Lu
|-start|p2a: Ting-Lu|Encore
|move|p2a: Ting-Lu|Earthquake|p1a: Ninetales
|-supereffective|p1a: Ninetales
|-damage|p1a: Ninetales|0 fnt
|faint|p1a: Ninetales
|
|-weather|SunnyDay|[upkeep]
|-heal|p2a: Ting-Lu|70/100|[from] item: Leftovers
|upkeep
|
|t:|1757909611
|switch|p1a: Whimsicott|Whimsicott, M|100/100
|-activate|p1a: Whimsicott|move: Sticky Web
|-unboost|p1a: Whimsicott|spe|1
|turn|10
|
|t:|1757909620
|switch|p2a: Gholdengo|Gholdengo|100/100
|-item|p2a: Gholdengo|Air Balloon
|move|p1a: Whimsicott|Growth|p1a: Whimsicott
|-boost|p1a: Whimsicott|atk|2
|-boost|p1a: Whimsicott|spa|2
|
|-weather|SunnyDay|[upkeep]
|upkeep
|turn|11
|
|t:|1757909635
|-terastallize|p1a: Whimsicott|Fire
|move|p1a: Whimsicott|Tera Blast|p2a: Gholdengo|[anim] Tera Blast Fire
|-supereffective|p2a: Gholdengo
|-damage|p2a: Gholdengo|0 fnt
|-enditem|p2a: Gholdengo|Air Balloon
|faint|p2a: Gholdengo
|-damage|p1a: Whimsicott|91/100|[from] item: Life Orb
|
|-weather|SunnyDay|[upkeep]
|upkeep
|
|t:|1757909641
|switch|p2a: Ting-Lu|Ting-Lu|70/100
|-ability|p2a: Ting-Lu|Vessel of Ruin
|turn|12
|
|t:|1757909649
|-terastallize|p2a: Ting-Lu|Poison
|move|p1a: Whimsicott|Solar Beam||[still]
|-prepare|p1a: Whimsicott|Solar Beam
|-anim|p1a: Whimsicott|Solar Beam|p2a: Ting-Lu
|-resisted|p2a: Ting-Lu
|-damage|p2a: Ting-Lu|43/100
|-damage|p1a: Whimsicott|81/100|[from] item: Life Orb
|move|p2a: Ting-Lu|Earthquake|p1a: Whimsicott
|-supereffective|p1a: Whimsicott
|-damage|p1a: Whimsicott|0 fnt
|faint|p1a: Whimsicott
|
|-weather|SunnyDay|[upkeep]
|-heal|p2a: Ting-Lu|50/100|[from] item: Leftovers
|upkeep
|
|t:|1757909663
|switch|p1a: Whiscash|Whiscash, M|100/100
|-activate|p1a: Whiscash|move: Sticky Web
|-unboost|p1a: Whiscash|spe|1
|turn|13
|
|t:|1757909670
|switch|p2a: Great Tusk|Great Tusk|100/100
|-activate|p2a: Great Tusk|ability: Protosynthesis
|-start|p2a: Great Tusk|protosynthesisspe
|move|p1a: Whiscash|Dragon Dance|p1a: Whiscash
|-boost|p1a: Whiscash|atk|1
|-boost|p1a: Whiscash|spe|1
|
|-weather|SunnyDay|[upkeep]
|upkeep
|turn|14
|
|t:|1757909684
|move|p2a: Great Tusk|Knock Off|p1a: Whiscash
|-damage|p1a: Whiscash|68/100
|-enditem|p1a: Whiscash|Leftovers|[from] move: Knock Off|[of] p2a: Great Tusk
|move|p1a: Whiscash|Liquidation|p2a: Great Tusk
|-supereffective|p2a: Great Tusk
|-damage|p2a: Great Tusk|67/100
|-damage|p1a: Whiscash|51/100|[from] item: Rocky Helmet|[of] p2a: Great Tusk
|
|-weather|SunnyDay|[upkeep]
|upkeep
|turn|15
|
|t:|1757909694
|move|p2a: Great Tusk|Headlong Rush|p1a: Whiscash
|-damage|p1a: Whiscash|0 fnt
|-unboost|p2a: Great Tusk|def|1
|-unboost|p2a: Great Tusk|spd|1
|faint|p1a: Whiscash
|
|-weather|SunnyDay|[upkeep]
|upkeep
|
|t:|1757909701
|switch|p1a: Araquanid|Araquanid, M|100/100
|-activate|p1a: Araquanid|move: Sticky Web
|-unboost|p1a: Araquanid|spe|1
|turn|16
|
|t:|1757909708
|-end|p2a: Great Tusk|Protosynthesis|[silent]
|switch|p2a: Kyurem|Kyurem|100/100
|-ability|p2a: Kyurem|Pressure
|move|p1a: Araquanid|Reflect|p1a: Araquanid
|-sidestart|p1: zeigokashijiki|Reflect
|
|-weather|none
|upkeep
|turn|17
|
|t:|1757909716
|move|p2a: Kyurem|Freeze-Dry|p1a: Araquanid
|-supereffective|p1a: Araquanid
|-damage|p1a: Araquanid|43/100
|move|p1a: Araquanid|Sticky Web|p2a: Kyurem
|-sidestart|p2: TheGreatGrap3|move: Sticky Web
|
|upkeep
|turn|18
|
|t:|1757909726
|move|p2a: Kyurem|Freeze-Dry|p1a: Araquanid
|-supereffective|p1a: Araquanid
|-damage|p1a: Araquanid|0 fnt
|faint|p1a: Araquanid
|
|upkeep
|
|t:|1757909732
|switch|p1a: Electrode|Electrode|100/100
|-activate|p1a: Electrode|move: Sticky Web
|-unboost|p1a: Electrode|spe|1
|turn|19
|
|t:|1757909737
|move|p2a: Kyurem|Earth Power|p1a: Electrode
|-supereffective|p1a: Electrode
|-damage|p1a: Electrode|0 fnt
|faint|p1a: Electrode
|
|win|TheGreatGrap3
|raw|zeigokashijiki's rating: 1068 &rarr; <strong>1050</strong><br />(-18 for losing)
|raw|TheGreatGrap3's rating: 1110 &rarr; <strong>1132</strong><br />(+22 for winning)
|l|☆TheGreatGrap3
|player|p2|
|l|☆zeigokashijiki
|player|p1|
