|j|☆Buy my book azul
|j|☆Andad
|t:|1757873939
|gametype|singles
|player|p1|Buy my book azul|diantha-masters|1393
|player|p2|Andad|ghetsis|1464
|gen|9
|tier|[Gen 9] OU
|rated|
|rule|HP Percentage Mod: HP is shown in percentages
|rule|Endless Battle Clause: Forcing endless battles is banned
|rule|Species Clause: Limit one of each Pokémon
|rule|OHKO Clause: OHKO moves are banned
|rule|Evasion Items Clause: Evasion items are banned
|rule|Evasion Moves Clause: Evasion moves are banned
|rule|Evasion Abilities Clause: Evasion abilities are banned
|rule|Sleep Moves Clause: Sleep-inducing moves are banned
|clearpoke
|poke|p1|Garchomp, F|
|poke|p1|Dragapult, M|
|poke|p1|Samurott-Hisui, F|
|poke|p1|Scizor, F|
|poke|p1|Gholdengo|
|poke|p1|Ting-Lu|
|poke|p2|Weezing-Galar, M|
|poke|p2|Gliscor, M|
|poke|p2|Primarina, F|
|poke|p2|Dragapult, M|
|poke|p2|Arcanine-Hisui, F|
|poke|p2|Kingambit, F|
|teampreview
|
|t:|1757873953
|teamsize|p1|6
|teamsize|p2|6
|start
|switch|p1a: Samurott|Samurott-Hisui, F, shiny|100/100
|switch|p2a: Weezing|Weezing-Galar, M|100/100
|-ability|p2a: Weezing|Neutralizing Gas
|turn|1
|
|t:|1757873963
|move|p1a: Samurott|Ceaseless Edge|p2a: Weezing
|-resisted|p2a: Weezing
|-damage|p2a: Weezing|90/100
|-sidestart|p2: Andad|Spikes
|move|p2a: Weezing|Strange Steam|p1a: Samurott
|-supereffective|p1a: Samurott
|-damage|p1a: Samurott|20/100
|-start|p1a: Samurott|confusion
|
|upkeep
|turn|2
|
|t:|1757873974
|-activate|p1a: Samurott|confusion
|move|p1a: Samurott|Knock Off|p2a: Weezing
|-resisted|p2a: Weezing
|-damage|p2a: Weezing|75/100
|-enditem|p2a: Weezing|Heavy-Duty Boots|[from] move: Knock Off|[of] p1a: Samurott
|move|p2a: Weezing|Strange Steam|p1a: Samurott
|-supereffective|p1a: Samurott
|-damage|p1a: Samurott|0 fnt
|faint|p1a: Samurott
|
|upkeep
|
|t:|1757873981
|switch|p1a: Gholdengo|Gholdengo|100/100
|-item|p1a: Gholdengo|Air Balloon
|turn|3
|
|t:|1757873987
|-end|p2a: Weezing|ability: Neutralizing Gas
|switch|p2a: Primarina|Primarina, F|100/100
|-damage|p2a: Primarina|88/100|[from] Spikes
|move|p1a: Gholdengo|Make It Rain|p2a: Primarina
|-damage|p2a: Primarina|49/100
|-unboost|p1a: Gholdengo|spa|1
|
|upkeep
|turn|4
|
|t:|1757874005
|switch|p1a: Scizor|Scizor, F|100/100
|move|p2a: Primarina|Surf|p1a: Scizor
|-damage|p1a: Scizor|38/100
|
|upkeep
|turn|5
|
|t:|1757874011
|move|p1a: Scizor|Bullet Punch|p2a: Primarina
|-damage|p2a: Primarina|0 fnt
|faint|p2a: Primarina
|
|upkeep
|
|t:|1757874019
|switch|p2a: Gliscor|Gliscor, M|100/100
|turn|6
|
|t:|1757874022
|move|p1a: Scizor|Bullet Punch|p2a: Gliscor
|-damage|p2a: Gliscor|69/100
|move|p2a: Gliscor|Swords Dance|p2a: Gliscor
|-boost|p2a: Gliscor|atk|2
|
|-status|p2a: Gliscor|tox|[from] item: Toxic Orb
|upkeep
|turn|7
|
|t:|1757874028
|move|p1a: Scizor|Bullet Punch|p2a: Gliscor
|-damage|p2a: Gliscor|37/100 tox
|move|p2a: Gliscor|Knock Off|p1a: Scizor
|-damage|p1a: Scizor|0 fnt
|-enditem|p1a: Scizor|Choice Band|[from] move: Knock Off|[of] p2a: Gliscor
|faint|p1a: Scizor
|
|-heal|p2a: Gliscor|50/100 tox|[from] ability: Poison Heal
|upkeep
|
|t:|1757874036
|switch|p1a: Dragapult|Dragapult, M, shiny|100/100
|turn|8
|
|t:|1757874046
|move|p1a: Dragapult|Hex|p2a: Gliscor
|-damage|p2a: Gliscor|0 fnt
|faint|p2a: Gliscor
|
|upkeep
|
|t:|1757874053
|switch|p2a: Weezing|Weezing-Galar, M|75/100
|-ability|p2a: Weezing|Neutralizing Gas
|-damage|p2a: Weezing|63/100|[from] Spikes
|turn|9
|
|t:|1757874058
|switch|p1a: Gholdengo|Gholdengo|100/100
|-item|p1a: Gholdengo|Air Balloon
|move|p2a: Weezing|Defog|p1a: Gholdengo
|-unboost|p1a: Gholdengo|evasion|1
|-sideend|p2: Andad|Spikes|[from] move: Defog|[of] p2a: Weezing
|
|upkeep
|turn|10
|
|t:|1757874074
|move|p1a: Gholdengo|Shadow Ball|p2a: Weezing
|-damage|p2a: Weezing|7/100
|-unboost|p2a: Weezing|spd|1
|move|p2a: Weezing|Toxic|p1a: Gholdengo
|-immune|p1a: Gholdengo
|
|upkeep
|turn|11
|inactive|Battle timer is ON: inactive players will automatically lose when time's up. (requested by Buy my book azul)
|
|t:|1757874089
|move|p1a: Gholdengo|Shadow Ball|p2a: Weezing
|-damage|p2a: Weezing|0 fnt
|faint|p2a: Weezing
|-end|p2a: Weezing|ability: Neutralizing Gas
|
|upkeep
|
|t:|1757874094
|switch|p2a: Arcanine|Arcanine-Hisui, F|100/100
|turn|12
|
|t:|1757874107
|switch|p1a: Ting-Lu|Ting-Lu|100/100
|-ability|p1a: Ting-Lu|Vessel of Ruin
|move|p2a: Arcanine|Flare Blitz|p1a: Ting-Lu
|-damage|p1a: Ting-Lu|53/100
|
|-heal|p1a: Ting-Lu|59/100|[from] item: Leftovers
|upkeep
|turn|13
|
|t:|1757874115
|-terastallize|p2a: Arcanine|Fire
|move|p2a: Arcanine|Flare Blitz|p1a: Ting-Lu
|-damage|p1a: Ting-Lu|0 fnt
|faint|p1a: Ting-Lu
|
|upkeep
|inactive|Buy my book azul has 120 seconds left.
|
|t:|1757874149
|switch|p1a: Garchomp|Garchomp, F|100/100
|turn|14
|inactive|Buy my book azul has 120 seconds left.
|
|t:|1757874161
|switch|p2a: Dragapult|Dragapult, M|100/100
|-terastallize|p1a: Garchomp|Fire
|move|p1a: Garchomp|Earthquake|p2a: Dragapult
|-damage|p2a: Dragapult|25/100
|
|upkeep
|turn|15
|
|t:|1757874171
|switch|p1a: Gholdengo|Gholdengo|100/100
|-item|p1a: Gholdengo|Air Balloon
|move|p2a: Dragapult|Draco Meteor|p1a: Gholdengo
|-resisted|p1a: Gholdengo
|-damage|p1a: Gholdengo|70/100
|-unboost|p2a: Dragapult|spa|2
|-enditem|p1a: Gholdengo|Air Balloon
|
|upkeep
|turn|16
|
|t:|1757874180
|switch|p2a: Kingambit|Kingambit, F|100/100
|-activate|p2a: Kingambit|ability: Supreme Overlord
|-start|p2a: Kingambit|fallen3|[silent]
|move|p1a: Gholdengo|Focus Blast|p2a: Kingambit
|-supereffective|p2a: Kingambit
|-damage|p2a: Kingambit|0 fnt
|faint|p2a: Kingambit
|-end|p2a: Kingambit|fallen3|[silent]
|
|upkeep
|
|t:|1757874184
|switch|p2a: Arcanine|Arcanine-Hisui, F, tera:Fire|100/100
|turn|17
|inactive|Buy my book azul has 120 seconds left.
|
|t:|1757874216
|move|p2a: Arcanine|Flare Blitz|p1a: Gholdengo
|-supereffective|p1a: Gholdengo
|-damage|p1a: Gholdengo|0 fnt
|faint|p1a: Gholdengo
|
|upkeep
|
|t:|1757874221
|switch|p1a: Garchomp|Garchomp, F, tera:Fire|100/100
|turn|18
|
|t:|1757874227
|move|p2a: Arcanine|Flare Blitz|p1a: Garchomp
|-resisted|p1a: Garchomp
|-damage|p1a: Garchomp|44/100
|-damage|p2a: Arcanine|88/100|[from] ability: Rough Skin|[of] p1a: Garchomp
|move|p1a: Garchomp|Earthquake|p2a: Arcanine
|-supereffective|p2a: Arcanine
|-damage|p2a: Arcanine|0 fnt
|faint|p2a: Arcanine
|
|upkeep
|
|t:|1757874233
|switch|p2a: Dragapult|Dragapult, M|25/100
|turn|19
|
|t:|1757874236
|move|p2a: Dragapult|Draco Meteor|p1a: Garchomp
|-damage|p1a: Garchomp|0 fnt
|-unboost|p2a: Dragapult|spa|2
|faint|p1a: Garchomp
|
|upkeep
|
|t:|1757874239
|switch|p1a: Dragapult|Dragapult, M, shiny|100/100
|turn|20
|
|t:|1757874240
|move|p2a: Dragapult|Draco Meteor|p1a: Dragapult|[miss]
|-miss|p2a: Dragapult|p1a: Dragapult
|move|p1a: Dragapult|Dragon Darts|p2a: Dragapult
|-supereffective|p2a: Dragapult
|-damage|p2a: Dragapult|0 fnt
|faint|p2a: Dragapult
|
|win|Buy my book azul
|raw|Buy my book azul's rating: 1393 &rarr; <strong>1417</strong><br />(+24 for winning)
|raw|Andad's rating: 1464 &rarr; <strong>1440</strong><br />(-24 for losing)
|l|☆Andad
|player|p2|
