|j|☆hsdfao
|j|☆RAGNARSSJ4
|t:|1757862377
|gametype|singles
|player|p1|hsdfao|101|1129
|player|p2|RAGNARSSJ4|hooligans|1092
|gen|9
|tier|[Gen 9] OU
|rated|
|rule|HP Percentage Mod: HP is shown in percentages
|rule|Endless Battle Clause: Forcing endless battles is banned
|rule|Species Clause: Limit one of each Pokémon
|rule|OHKO Clause: OHKO moves are banned
|rule|Evasion Items Clause: Evasion items are banned
|rule|Evasion Moves Clause: Evasion moves are banned
|rule|Evasion Abilities Clause: Evasion abilities are banned
|rule|Sleep Moves Clause: Sleep-inducing moves are banned
|clearpoke
|poke|p1|Emboar, F|
|poke|p1|Moltres|
|poke|p1|Clodsire, M|
|poke|p1|Iron Valiant|
|poke|p1|Rillaboom, M|
|poke|p1|Gogoat, M|
|poke|p2|Corviknight, M|
|poke|p2|Pelipper, F|
|poke|p2|Toxapex, M|
|poke|p2|Venusaur, M|
|poke|p2|Rotom-Wash|
|poke|p2|Raichu, M|
|teampreview
|
|t:|1757862389
|teamsize|p1|6
|teamsize|p2|6
|start
|switch|p1a: Clodsire|Clodsire, M|100/100
|switch|p2a: Pelipper|Pelipper, F|100/100
|-weather|RainDance|[from] ability: Drizzle|[of] p2a: Pelipper
|turn|1
|
|t:|1757862401
|move|p2a: Pelipper|Hydro Pump|p1a: Clodsire
|-immune|p1a: Clodsire|[from] ability: Water Absorb
|move|p1a: Clodsire|Stealth Rock|p2a: Pelipper
|-sidestart|p2: RAGNARSSJ4|move: Stealth Rock
|
|-weather|RainDance|[upkeep]
|upkeep
|turn|2
|
|t:|1757862412
|move|p2a: Pelipper|Tailwind|p2a: Pelipper
|-sidestart|p2: RAGNARSSJ4|move: Tailwind
|move|p1a: Clodsire|Body Press|p2a: Pelipper
|-resisted|p2a: Pelipper
|-damage|p2a: Pelipper|96/100
|
|-weather|RainDance|[upkeep]
|upkeep
|turn|3
|
|t:|1757862422
|switch|p2a: Venusaur|Venusaur, M|100/100
|-damage|p2a: Venusaur|88/100|[from] Stealth Rock
|move|p1a: Clodsire|Earthquake|p2a: Venusaur
|-damage|p2a: Venusaur|61/100
|
|-weather|RainDance|[upkeep]
|-heal|p2a: Venusaur|68/100|[from] item: Leftovers
|upkeep
|turn|4
|
|t:|1757862433
|move|p2a: Venusaur|Leech Seed|p1a: Clodsire
|-start|p1a: Clodsire|move: Leech Seed
|move|p1a: Clodsire|Earthquake|p2a: Venusaur
|-damage|p2a: Venusaur|40/100
|
|-weather|RainDance|[upkeep]
|-heal|p2a: Venusaur|46/100|[from] item: Leftovers
|-damage|p1a: Clodsire|88/100|[from] Leech Seed|[of] p2a: Venusaur
|-heal|p2a: Venusaur|62/100|[silent]
|upkeep
|turn|5
|
|t:|1757862446
|switch|p1a: Emboar|Emboar, F|100/100
|move|p2a: Venusaur|Giga Drain|p1a: Emboar
|-resisted|p1a: Emboar
|-damage|p1a: Emboar|82/100
|-heal|p2a: Venusaur|73/100|[from] drain|[of] p1a: Emboar
|
|-weather|RainDance|[upkeep]
|-heal|p2a: Venusaur|79/100|[from] item: Leftovers
|-sideend|p2: RAGNARSSJ4|move: Tailwind
|upkeep
|turn|6
|
|t:|1757862457
|switch|p1a: Clodsire|Clodsire, M|88/100
|move|p2a: Venusaur|Leech Seed|p1a: Clodsire
|-start|p1a: Clodsire|move: Leech Seed
|
|-weather|RainDance|[upkeep]
|-heal|p2a: Venusaur|85/100|[from] item: Leftovers
|-heal|p1a: Clodsire|94/100|[from] item: Black Sludge
|-damage|p1a: Clodsire|82/100|[from] Leech Seed|[of] p2a: Venusaur
|-heal|p2a: Venusaur|100/100|[silent]
|upkeep
|turn|7
|
|t:|1757862471
|move|p2a: Venusaur|Toxic|p1a: Clodsire
|-immune|p1a: Clodsire
|move|p1a: Clodsire|Earthquake|p2a: Venusaur
|-damage|p2a: Venusaur|72/100
|
|-weather|RainDance|[upkeep]
|-heal|p2a: Venusaur|78/100|[from] item: Leftovers
|-heal|p1a: Clodsire|88/100|[from] item: Black Sludge
|-damage|p1a: Clodsire|75/100|[from] Leech Seed|[of] p2a: Venusaur
|-heal|p2a: Venusaur|94/100|[silent]
|upkeep
|turn|8
|
|t:|1757862483
|move|p2a: Venusaur|Toxic|p1a: Clodsire
|-immune|p1a: Clodsire
|move|p1a: Clodsire|Earthquake|p2a: Venusaur
|-damage|p2a: Venusaur|66/100
|
|-weather|none
|-heal|p2a: Venusaur|72/100|[from] item: Leftovers
|-heal|p1a: Clodsire|82/100|[from] item: Black Sludge
|-damage|p1a: Clodsire|69/100|[from] Leech Seed|[of] p2a: Venusaur
|-heal|p2a: Venusaur|88/100|[silent]
|upkeep
|turn|9
|
|t:|1757862499
|switch|p1a: Emboar|Emboar, F|82/100
|move|p2a: Venusaur|Leech Seed|p1a: Emboar
|-start|p1a: Emboar|move: Leech Seed
|
|-heal|p2a: Venusaur|94/100|[from] item: Leftovers
|-damage|p1a: Emboar|69/100|[from] Leech Seed|[of] p2a: Venusaur
|-heal|p2a: Venusaur|100/100|[silent]
|upkeep
|turn|10
|
|t:|1757862512
|switch|p2a: Pelipper|Pelipper, F|96/100
|-damage|p2a: Pelipper|71/100|[from] Stealth Rock
|-weather|RainDance|[from] ability: Drizzle|[of] p2a: Pelipper
|move|p1a: Emboar|Bulk Up|p1a: Emboar
|-boost|p1a: Emboar|atk|1
|-boost|p1a: Emboar|def|1
|
|-weather|RainDance|[upkeep]
|-damage|p1a: Emboar|57/100|[from] Leech Seed|[of] p2a: Pelipper
|-heal|p2a: Pelipper|87/100|[silent]
|upkeep
|turn|11
|
|t:|1757862524
|move|p1a: Emboar|Head Smash|p2a: Pelipper
|-supereffective|p2a: Pelipper
|-damage|p2a: Pelipper|0 fnt
|faint|p2a: Pelipper
|-damage|p1a: Emboar|23/100|[from] Recoil
|
|-weather|RainDance|[upkeep]
|upkeep
|
|t:|1757862533
|switch|p2a: Rotom|Rotom-Wash|100/100
|-damage|p2a: Rotom|88/100|[from] Stealth Rock
|turn|12
|
|t:|1757862540
|move|p2a: Rotom|Nasty Plot|p2a: Rotom
|-boost|p2a: Rotom|spa|2
|move|p1a: Emboar|Head Smash|p2a: Rotom
|-damage|p2a: Rotom|0 fnt
|faint|p2a: Rotom
|-damage|p1a: Emboar|0 fnt|[from] Recoil
|faint|p1a: Emboar
|
|-weather|RainDance|[upkeep]
|upkeep
|
|t:|1757862556
|switch|p2a: Toxapex|Toxapex, M|100/100
|switch|p1a: Rillaboom|Rillaboom, M|100/100
|-fieldstart|move: Grassy Terrain|[from] ability: Grassy Surge|[of] p1a: Rillaboom
|-damage|p2a: Toxapex|88/100|[from] Stealth Rock
|turn|13
|
|t:|1757862563
|move|p1a: Rillaboom|Knock Off|p2a: Toxapex
|-damage|p2a: Toxapex|67/100
|-enditem|p2a: Toxapex|Black Sludge|[from] move: Knock Off|[of] p1a: Rillaboom
|move|p2a: Toxapex|Toxic|p1a: Rillaboom
|-status|p1a: Rillaboom|tox
|
|-weather|RainDance|[upkeep]
|-heal|p2a: Toxapex|74/100|[from] Grassy Terrain
|-damage|p1a: Rillaboom|94/100 tox|[from] psn
|upkeep
|turn|14
|
|t:|1757862592
|switch|p1a: Clodsire|Clodsire, M|69/100
|move|p2a: Toxapex|Toxic Spikes|p1a: Clodsire
|-sidestart|p1: hsdfao|move: Toxic Spikes
|
|-weather|RainDance|[upkeep]
|-heal|p2a: Toxapex|80/100|[from] Grassy Terrain
|-heal|p1a: Clodsire|75/100|[from] Grassy Terrain
|-heal|p1a: Clodsire|82/100|[from] item: Black Sludge
|upkeep
|turn|15
|
|t:|1757862602
|move|p2a: Toxapex|Chilling Water|p1a: Clodsire
|-heal|p1a: Clodsire|100/100|[from] ability: Water Absorb|[of] p2a: Toxapex
|move|p1a: Clodsire|Earthquake|p2a: Toxapex
|-supereffective|p2a: Toxapex
|-crit|p2a: Toxapex
|-damage|p2a: Toxapex|53/100
|
|-weather|RainDance|[upkeep]
|-heal|p2a: Toxapex|60/100|[from] Grassy Terrain
|upkeep
|turn|16
|
|t:|1757862616
|switch|p2a: Venusaur|Venusaur, M|100/100
|-damage|p2a: Venusaur|88/100|[from] Stealth Rock
|move|p1a: Clodsire|Earthquake|p2a: Venusaur
|-damage|p2a: Venusaur|75/100
|
|-weather|RainDance|[upkeep]
|-heal|p2a: Venusaur|81/100|[from] Grassy Terrain
|-heal|p2a: Venusaur|87/100|[from] item: Leftovers
|upkeep
|turn|17
|
|t:|1757862627
|switch|p1a: Rillaboom|Rillaboom, M|94/100 tox
|move|p2a: Venusaur|Leech Seed|p1a: Rillaboom
|-immune|p1a: Rillaboom
|
|-weather|none
|-heal|p1a: Rillaboom|100/100 tox|[from] Grassy Terrain
|-heal|p2a: Venusaur|93/100|[from] Grassy Terrain
|-heal|p2a: Venusaur|99/100|[from] item: Leftovers
|-damage|p1a: Rillaboom|94/100 tox|[from] psn
|upkeep
|turn|18
|
|t:|1757862642
|switch|p2a: Toxapex|Toxapex, M|93/100
|-damage|p2a: Toxapex|80/100|[from] Stealth Rock
|move|p1a: Rillaboom|Knock Off|p2a: Toxapex
|-damage|p2a: Toxapex|66/100
|
|-heal|p1a: Rillaboom|100/100 tox|[from] Grassy Terrain
|-heal|p2a: Toxapex|72/100|[from] Grassy Terrain
|-damage|p1a: Rillaboom|88/100 tox|[from] psn
|upkeep
|turn|19
|
|t:|1757862655
|move|p1a: Rillaboom|U-turn|p2a: Toxapex
|-resisted|p2a: Toxapex
|-damage|p2a: Toxapex|65/100
|
|t:|1757862659
|switch|p1a: Clodsire|Clodsire, M|100/100|[from] U-turn
|-sideend|p1: hsdfao|move: Toxic Spikes|[of] p1a: Clodsire
|move|p2a: Toxapex|Chilling Water|p1a: Clodsire
|-immune|p1a: Clodsire|[from] ability: Water Absorb
|
|-heal|p2a: Toxapex|71/100|[from] Grassy Terrain
|upkeep
|turn|20
|
|t:|1757862675
|switch|p2a: Corviknight|Corviknight, M|100/100
|-damage|p2a: Corviknight|88/100|[from] Stealth Rock
|move|p1a: Clodsire|Body Press|p2a: Corviknight
|-damage|p2a: Corviknight|81/100
|-damage|p1a: Clodsire|84/100|[from] item: Rocky Helmet|[of] p2a: Corviknight
|
|-heal|p1a: Clodsire|90/100|[from] Grassy Terrain
|-heal|p1a: Clodsire|96/100|[from] item: Black Sludge
|-fieldend|move: Grassy Terrain
|upkeep
|turn|21
|
|t:|1757862687
|switch|p1a: Moltres|Moltres|100/100
|move|p2a: Corviknight|Bulk Up|p2a: Corviknight
|-boost|p2a: Corviknight|atk|1
|-boost|p2a: Corviknight|def|1
|
|upkeep
|turn|22
|
|t:|1757862698
|switch|p2a: Toxapex|Toxapex, M|100/100
|-damage|p2a: Toxapex|88/100|[from] Stealth Rock
|move|p1a: Moltres|Flamethrower|p2a: Toxapex
|-resisted|p2a: Toxapex
|-damage|p2a: Toxapex|74/100
|
|upkeep
|turn|23
|
|t:|1757862708
|move|p1a: Moltres|Scorching Sands|p2a: Toxapex
|-supereffective|p2a: Toxapex
|-damage|p2a: Toxapex|42/100
|move|p2a: Toxapex|Toxic|p1a: Moltres
|-status|p1a: Moltres|tox
|
|-damage|p1a: Moltres|94/100 tox|[from] psn
|upkeep
|turn|24
|
|t:|1757862726
|move|p1a: Moltres|Scorching Sands|p2a: Toxapex
|-supereffective|p2a: Toxapex
|-damage|p2a: Toxapex|13/100
|-status|p2a: Toxapex|brn
|move|p2a: Toxapex|Chilling Water|p1a: Moltres
|-supereffective|p1a: Moltres
|-damage|p1a: Moltres|75/100 tox
|-unboost|p1a: Moltres|atk|1
|
|-damage|p1a: Moltres|62/100 tox|[from] psn
|-damage|p2a: Toxapex|6/100 brn|[from] brn
|upkeep
|turn|25
|
|t:|1757862747
|switch|p2a: Venusaur|Venusaur, M|99/100
|-damage|p2a: Venusaur|87/100|[from] Stealth Rock
|move|p1a: Moltres|Flamethrower|p2a: Venusaur
|-supereffective|p2a: Venusaur
|-damage|p2a: Venusaur|25/100
|
|-heal|p2a: Venusaur|31/100|[from] item: Leftovers
|-damage|p1a: Moltres|44/100 tox|[from] psn
|upkeep
|turn|26
|
|t:|1757862768
|move|p2a: Venusaur|Protect|p2a: Venusaur
|-singleturn|p2a: Venusaur|Protect
|move|p1a: Moltres|Flamethrower|p2a: Venusaur
|-activate|p2a: Venusaur|move: Protect
|
|-heal|p2a: Venusaur|37/100|[from] item: Leftovers
|-damage|p1a: Moltres|19/100 tox|[from] psn
|upkeep
|turn|27
|
|t:|1757862800
|switch|p2a: Raichu|Raichu, M|100/100
|-damage|p2a: Raichu|88/100|[from] Stealth Rock
|move|p1a: Moltres|Roost|p1a: Moltres
|-heal|p1a: Moltres|69/100 tox
|-singleturn|p1a: Moltres|move: Roost
|
|-damage|p1a: Moltres|37/100 tox|[from] psn
|upkeep
|turn|28
|
|t:|1757862817
|switch|p1a: Rillaboom|Rillaboom, M|88/100 tox
|-fieldstart|move: Grassy Terrain|[from] ability: Grassy Surge|[of] p1a: Rillaboom
|move|p2a: Raichu|Draining Kiss|p1a: Rillaboom
|-damage|p1a: Rillaboom|73/100 tox
|-heal|p2a: Raichu|100/100|[from] drain|[of] p1a: Rillaboom
|
|-heal|p1a: Rillaboom|79/100 tox|[from] Grassy Terrain
|-damage|p1a: Rillaboom|73/100 tox|[from] psn
|upkeep
|turn|29
|
|t:|1757862830
|switch|p2a: Corviknight|Corviknight, M|81/100
|-damage|p2a: Corviknight|68/100|[from] Stealth Rock
|move|p1a: Rillaboom|Knock Off|p2a: Corviknight
|-damage|p2a: Corviknight|48/100
|-damage|p1a: Rillaboom|56/100 tox|[from] item: Rocky Helmet|[of] p2a: Corviknight
|-enditem|p2a: Corviknight|Rocky Helmet|[from] move: Knock Off|[of] p1a: Rillaboom
|
|-heal|p1a: Rillaboom|63/100 tox|[from] Grassy Terrain
|-damage|p1a: Rillaboom|50/100 tox|[from] psn
|upkeep
|turn|30
|
|t:|1757862842
|move|p1a: Rillaboom|U-turn|p2a: Corviknight
|-resisted|p2a: Corviknight
|-damage|p2a: Corviknight|44/100
|
|t:|1757862864
|switch|p1a: Gogoat|Gogoat, M|100/100|[from] U-turn
|-enditem|p1a: Gogoat|Grassy Seed
|-boost|p1a: Gogoat|def|1|[from] item: Grassy Seed
|move|p2a: Corviknight|Roost|p2a: Corviknight
|-heal|p2a: Corviknight|94/100
|-singleturn|p2a: Corviknight|move: Roost
|
|-heal|p2a: Corviknight|100/100|[from] Grassy Terrain
|upkeep
|turn|31
|
|t:|1757862876
|-terastallize|p1a: Gogoat|Electric
|move|p1a: Gogoat|Bulk Up|p1a: Gogoat
|-boost|p1a: Gogoat|atk|1
|-boost|p1a: Gogoat|def|1
|move|p2a: Corviknight|Bulk Up|p2a: Corviknight
|-boost|p2a: Corviknight|atk|1
|-boost|p2a: Corviknight|def|1
|
|upkeep
|turn|32
|
|t:|1757862885
|move|p1a: Gogoat|Wild Charge|p2a: Corviknight
|-supereffective|p2a: Corviknight
|-damage|p2a: Corviknight|55/100
|-damage|p1a: Gogoat|90/100|[from] Recoil
|move|p2a: Corviknight|Bulk Up|p2a: Corviknight
|-boost|p2a: Corviknight|atk|1
|-boost|p2a: Corviknight|def|1
|
|-heal|p1a: Gogoat|96/100|[from] Grassy Terrain
|upkeep
|turn|33
|
|t:|1757862896
|move|p1a: Gogoat|Bulk Up|p1a: Gogoat
|-boost|p1a: Gogoat|atk|1
|-boost|p1a: Gogoat|def|1
|move|p2a: Corviknight|Roost|p2a: Corviknight
|-heal|p2a: Corviknight|100/100
|-singleturn|p2a: Corviknight|move: Roost
|
|-heal|p1a: Gogoat|100/100|[from] Grassy Terrain
|upkeep
|turn|34
|
|t:|1757862910
|move|p1a: Gogoat|Bulk Up|p1a: Gogoat
|-boost|p1a: Gogoat|atk|1
|-boost|p1a: Gogoat|def|1
|move|p2a: Corviknight|Bulk Up|p2a: Corviknight
|-boost|p2a: Corviknight|atk|1
|-boost|p2a: Corviknight|def|1
|
|upkeep
|turn|35
|
|t:|1757862918
|move|p1a: Gogoat|Wild Charge|p2a: Corviknight
|-supereffective|p2a: Corviknight
|-damage|p2a: Corviknight|51/100
|-damage|p1a: Gogoat|89/100|[from] Recoil
|move|p2a: Corviknight|Bulk Up|p2a: Corviknight
|-boost|p2a: Corviknight|atk|1
|-boost|p2a: Corviknight|def|1
|
|-heal|p1a: Gogoat|95/100|[from] Grassy Terrain
|-fieldend|move: Grassy Terrain
|upkeep
|turn|36
|
|t:|1757862929
|move|p1a: Gogoat|Wild Charge|p2a: Corviknight
|-supereffective|p2a: Corviknight
|-damage|p2a: Corviknight|10/100
|-damage|p1a: Gogoat|86/100|[from] Recoil
|move|p2a: Corviknight|Roost|p2a: Corviknight
|-heal|p2a: Corviknight|60/100
|-singleturn|p2a: Corviknight|move: Roost
|
|upkeep
|turn|37
|
|t:|1757862939
|move|p1a: Gogoat|Grassy Terrain|p1a: Gogoat
|-fieldstart|move: Grassy Terrain
|move|p2a: Corviknight|Roost|p2a: Corviknight
|-heal|p2a: Corviknight|100/100
|-singleturn|p2a: Corviknight|move: Roost
|
|-heal|p1a: Gogoat|92/100|[from] Grassy Terrain
|upkeep
|turn|38
|
|t:|1757862948
|move|p1a: Gogoat|Bulk Up|p1a: Gogoat
|-boost|p1a: Gogoat|atk|1
|-boost|p1a: Gogoat|def|1
|move|p2a: Corviknight|Brave Bird|p1a: Gogoat
|-resisted|p1a: Gogoat
|-damage|p1a: Gogoat|82/100
|-damage|p2a: Corviknight|97/100|[from] Recoil
|
|-heal|p1a: Gogoat|88/100|[from] Grassy Terrain
|upkeep
|turn|39
|
|t:|1757862959
|move|p1a: Gogoat|Bulk Up|p1a: Gogoat
|-boost|p1a: Gogoat|atk|1
|-boost|p1a: Gogoat|def|1
|move|p2a: Corviknight|Bulk Up|p2a: Corviknight
|-boost|p2a: Corviknight|atk|1
|-boost|p2a: Corviknight|def|1
|
|-heal|p1a: Gogoat|94/100|[from] Grassy Terrain
|upkeep
|turn|40
|
|t:|1757862968
|move|p1a: Gogoat|Bulk Up|p1a: Gogoat
|-boost|p1a: Gogoat|atk|1
|-boost|p1a: Gogoat|def|0
|move|p2a: Corviknight|Bulk Up|p2a: Corviknight
|-boost|p2a: Corviknight|atk|1
|-boost|p2a: Corviknight|def|1
|
|-heal|p1a: Gogoat|99/100|[from] Grassy Terrain
|upkeep
|turn|41
|
|t:|1757862978
|move|p1a: Gogoat|Wild Charge|p2a: Corviknight
|-supereffective|p2a: Corviknight
|-damage|p2a: Corviknight|55/100
|-damage|p1a: Gogoat|91/100|[from] Recoil
|move|p2a: Corviknight|Bulk Up|p2a: Corviknight
|-boost|p2a: Corviknight|atk|0
|-boost|p2a: Corviknight|def|0
|
|-heal|p1a: Gogoat|97/100|[from] Grassy Terrain
|-fieldend|move: Grassy Terrain
|upkeep
|turn|42
|
|t:|1757862991
|move|p1a: Gogoat|Grassy Terrain|p1a: Gogoat
|-fieldstart|move: Grassy Terrain
|move|p2a: Corviknight|Body Press|p1a: Gogoat
|-damage|p1a: Gogoat|81/100
|
|-heal|p1a: Gogoat|87/100|[from] Grassy Terrain
|upkeep
|turn|43
|
|t:|1757863007
|-terastallize|p2a: Corviknight|Flying
|move|p1a: Gogoat|Wild Charge|p2a: Corviknight
|-supereffective|p2a: Corviknight
|-damage|p2a: Corviknight|13/100
|-damage|p1a: Gogoat|78/100|[from] Recoil
|move|p2a: Corviknight|Brave Bird|p1a: Gogoat
|-resisted|p1a: Gogoat
|-damage|p1a: Gogoat|62/100
|-damage|p2a: Corviknight|7/100|[from] Recoil
|
|-heal|p1a: Gogoat|68/100|[from] Grassy Terrain
|upkeep
|turn|44
|
|t:|1757863020
|move|p1a: Gogoat|Wild Charge|p2a: Corviknight
|-supereffective|p2a: Corviknight
|-damage|p2a: Corviknight|0 fnt
|faint|p2a: Corviknight
|-damage|p1a: Gogoat|67/100|[from] Recoil
|
|-heal|p1a: Gogoat|73/100|[from] Grassy Terrain
|upkeep
|
|t:|1757863029
|switch|p2a: Venusaur|Venusaur, M|37/100
|-damage|p2a: Venusaur|25/100|[from] Stealth Rock
|turn|45
|
|t:|1757863037
|move|p2a: Venusaur|Protect|p2a: Venusaur
|-singleturn|p2a: Venusaur|Protect
|move|p1a: Gogoat|Grassy Glide|p2a: Venusaur
|-activate|p2a: Venusaur|move: Protect
|
|-heal|p2a: Venusaur|31/100|[from] Grassy Terrain
|-heal|p2a: Venusaur|37/100|[from] item: Leftovers
|-heal|p1a: Gogoat|79/100|[from] Grassy Terrain
|upkeep
|turn|46
|
|t:|1757863048
|move|p1a: Gogoat|Grassy Glide|p2a: Venusaur
|-resisted|p2a: Venusaur
|-damage|p2a: Venusaur|9/100
|move|p2a: Venusaur|Toxic|p1a: Gogoat
|-status|p1a: Gogoat|tox
|
|-heal|p2a: Venusaur|15/100|[from] Grassy Terrain
|-heal|p2a: Venusaur|21/100|[from] item: Leftovers
|-heal|p1a: Gogoat|85/100 tox|[from] Grassy Terrain
|-damage|p1a: Gogoat|79/100 tox|[from] psn
|-fieldend|move: Grassy Terrain
|upkeep
|turn|47
|
|t:|1757863062
|move|p2a: Venusaur|Protect|p2a: Venusaur
|-singleturn|p2a: Venusaur|Protect
|move|p1a: Gogoat|Grassy Terrain|p1a: Gogoat
|-fieldstart|move: Grassy Terrain
|
|-heal|p2a: Venusaur|27/100|[from] Grassy Terrain
|-heal|p2a: Venusaur|33/100|[from] item: Leftovers
|-heal|p1a: Gogoat|85/100 tox|[from] Grassy Terrain
|-damage|p1a: Gogoat|73/100 tox|[from] psn
|upkeep
|turn|48
|
|t:|1757863072
|move|p2a: Venusaur|Leech Seed|p1a: Gogoat
|-start|p1a: Gogoat|move: Leech Seed
|move|p1a: Gogoat|Wild Charge|p2a: Venusaur
|-resisted|p2a: Venusaur
|-damage|p2a: Venusaur|0 fnt
|faint|p2a: Venusaur
|-damage|p1a: Gogoat|66/100 tox|[from] Recoil
|
|-heal|p1a: Gogoat|72/100 tox|[from] Grassy Terrain
|-damage|p1a: Gogoat|54/100 tox|[from] psn
|upkeep
|
|t:|1757863086
|switch|p2a: Toxapex|Toxapex, M|40/100 brn
|-damage|p2a: Toxapex|27/100 brn|[from] Stealth Rock
|turn|49
|
|t:|1757863092
|move|p2a: Toxapex|Baneful Bunker|p2a: Toxapex
|-singleturn|p2a: Toxapex|move: Protect
|move|p1a: Gogoat|Grassy Glide|p2a: Toxapex
|-activate|p2a: Toxapex|move: Protect
|
|-heal|p1a: Gogoat|60/100 tox|[from] Grassy Terrain
|-heal|p2a: Toxapex|33/100 brn|[from] Grassy Terrain
|-damage|p1a: Gogoat|48/100 tox|[from] Leech Seed|[of] p2a: Toxapex
|-heal|p2a: Toxapex|51/100 brn|[silent]
|-damage|p1a: Gogoat|23/100 tox|[from] psn
|-damage|p2a: Toxapex|45/100 brn|[from] brn
|upkeep
|turn|50
|
|t:|1757863107
|move|p2a: Toxapex|Baneful Bunker|p2a: Toxapex
|-singleturn|p2a: Toxapex|move: Protect
|move|p1a: Gogoat|Grassy Glide|p2a: Toxapex
|-activate|p2a: Toxapex|move: Protect
|
|-heal|p1a: Gogoat|29/100 tox|[from] Grassy Terrain
|-heal|p2a: Toxapex|51/100 brn|[from] Grassy Terrain
|-damage|p1a: Gogoat|17/100 tox|[from] Leech Seed|[of] p2a: Toxapex
|-heal|p2a: Toxapex|70/100 brn|[silent]
|-damage|p1a: Gogoat|0 fnt|[from] psn
|faint|p1a: Gogoat
|-damage|p2a: Toxapex|63/100 brn|[from] brn
|upkeep
|
|t:|1757863112
|switch|p1a: Iron Valiant|Iron Valiant|100/100
|-enditem|p1a: Iron Valiant|Booster Energy
|-activate|p1a: Iron Valiant|ability: Quark Drive|[fromitem]
|-start|p1a: Iron Valiant|quarkdrivespe
|turn|51
|
|t:|1757863130
|move|p1a: Iron Valiant|Encore|p2a: Toxapex
|-start|p2a: Toxapex|Encore
|move|p2a: Toxapex|Baneful Bunker||[still]
|-fail|p2a: Toxapex
|
|-heal|p2a: Toxapex|70/100 brn|[from] Grassy Terrain
|-damage|p2a: Toxapex|63/100 brn|[from] brn
|-fieldend|move: Grassy Terrain
|upkeep
|turn|52
|
|t:|1757863141
|move|p2a: Toxapex|Baneful Bunker|p2a: Toxapex
|-singleturn|p2a: Toxapex|move: Protect
|move|p1a: Iron Valiant|Moonblast|p2a: Toxapex
|-activate|p2a: Toxapex|move: Protect
|
|-damage|p2a: Toxapex|57/100 brn|[from] brn
|upkeep
|turn|53
|
|t:|1757863154
|move|p2a: Toxapex|Baneful Bunker||[still]
|-fail|p2a: Toxapex
|move|p1a: Iron Valiant|Moonblast|p2a: Toxapex
|-resisted|p2a: Toxapex
|-damage|p2a: Toxapex|40/100 brn
|
|-damage|p2a: Toxapex|34/100 brn|[from] brn
|-end|p2a: Toxapex|Encore
|upkeep
|turn|54
|
|t:|1757863163
|move|p1a: Iron Valiant|Encore|p2a: Toxapex
|-start|p2a: Toxapex|Encore
|move|p2a: Toxapex|Baneful Bunker||[still]
|-fail|p2a: Toxapex
|
|-damage|p2a: Toxapex|28/100 brn|[from] brn
|upkeep
|turn|55
|
|t:|1757863173
|switch|p2a: Raichu|Raichu, M|100/100
|-damage|p2a: Raichu|88/100|[from] Stealth Rock
|move|p1a: Iron Valiant|Moonblast|p2a: Raichu
|-damage|p2a: Raichu|23/100
|-unboost|p2a: Raichu|spa|1
|
|upkeep
|turn|56
|
|t:|1757863187
|move|p1a: Iron Valiant|Moonblast|p2a: Raichu
|-damage|p2a: Raichu|0 fnt
|faint|p2a: Raichu
|
|upkeep
|
|t:|1757863192
|switch|p2a: Toxapex|Toxapex, M|61/100 brn
|-damage|p2a: Toxapex|49/100 brn|[from] Stealth Rock
|turn|57
|
|t:|1757863197
|move|p1a: Iron Valiant|Close Combat|p2a: Toxapex
|-resisted|p2a: Toxapex
|-damage|p2a: Toxapex|30/100 brn
|-unboost|p1a: Iron Valiant|def|1
|-unboost|p1a: Iron Valiant|spd|1
|move|p2a: Toxapex|Toxic|p1a: Iron Valiant
|-status|p1a: Iron Valiant|tox
|
|-damage|p1a: Iron Valiant|95/100 tox|[from] psn
|-damage|p2a: Toxapex|24/100 brn|[from] brn
|upkeep
|turn|58
|
|t:|1757863210
|move|p2a: Toxapex|Baneful Bunker|p2a: Toxapex
|-singleturn|p2a: Toxapex|move: Protect
|move|p1a: Iron Valiant|Encore|p2a: Toxapex
|-activate|p2a: Toxapex|move: Protect
|
|-damage|p1a: Iron Valiant|83/100 tox|[from] psn
|-damage|p2a: Toxapex|17/100 brn|[from] brn
|upkeep
|turn|59
|
|t:|1757863220
|move|p1a: Iron Valiant|Close Combat|p2a: Toxapex
|-resisted|p2a: Toxapex
|-damage|p2a: Toxapex|0 fnt
|-unboost|p1a: Iron Valiant|def|1
|-unboost|p1a: Iron Valiant|spd|1
|faint|p2a: Toxapex
|
|win|hsdfao
|raw|hsdfao's rating: 1129 &rarr; <strong>1150</strong><br />(+21 for winning)
|raw|RAGNARSSJ4's rating: 1066 &rarr; <strong>1050</strong><br />(-16 for losing)
|l|☆RAGNARSSJ4
|player|p2|
|j|☆RAGNARSSJ4
|player|p2|RAGNARSSJ4|hooligans|
|l|☆RAGNARSSJ4
|player|p2|
