|j|☆Alitiantian
|j|☆ProfSheen
|t:|1757912189
|gametype|singles
|player|p1|Alitiantian|265|1415
|player|p2|ProfSheen|169|1482
|gen|9
|tier|[Gen 9] OU
|rated|
|rule|HP Percentage Mod: HP is shown in percentages
|rule|Endless Battle Clause: Forcing endless battles is banned
|rule|Species Clause: Limit one of each Pokémon
|rule|OHKO Clause: OHKO moves are banned
|rule|Evasion Items Clause: Evasion items are banned
|rule|Evasion Moves Clause: Evasion moves are banned
|rule|Evasion Abilities Clause: Evasion abilities are banned
|rule|Sleep Moves Clause: Sleep-inducing moves are banned
|clearpoke
|poke|p1|Heatran, M|
|poke|p1|Rillaboom, M|
|poke|p1|Ogerpon-Wellspring, F|
|poke|p1|Dragapult, M|
|poke|p1|Great Tusk|
|poke|p1|Bronzong|
|poke|p2|Ursaluna, M|
|poke|p2|Cresselia, F|
|poke|p2|Grimmsnarl, M|
|poke|p2|Zamazenta-*|
|poke|p2|Sinistcha-Masterpiece|
|poke|p2|Tentacruel, F|
|teampreview
|
|t:|1757912210
|teamsize|p1|6
|teamsize|p2|6
|start
|switch|p1a: Starblaze|Heatran, M|100/100
|switch|p2a: Grimmsnarl|Grimmsnarl, M, shiny|100/100
|turn|1
|
|t:|1757912222
|move|p2a: Grimmsnarl|Parting Shot|p1a: Starblaze
|-unboost|p1a: Starblaze|atk|1
|-unboost|p1a: Starblaze|spa|1
|
|t:|1757912225
|switch|p2a: Ursaluna|Ursaluna, M, shiny|100/100|[from] Parting Shot
|move|p1a: Starblaze|Taunt|p2a: Ursaluna
|-start|p2a: Ursaluna|move: Taunt
|
|-status|p2a: Ursaluna|brn|[from] item: Flame Orb
|upkeep
|turn|2
|
|t:|1757912246
|switch|p1a: Starlink|Bronzong, shiny|100/100
|move|p2a: Ursaluna|Facade|p1a: Starlink
|-resisted|p1a: Starlink
|-damage|p1a: Starlink|62/100
|
|-damage|p2a: Ursaluna|94/100 brn|[from] brn
|upkeep
|turn|3
|
|t:|1757912261
|move|p2a: Ursaluna|Supercell Slam|p1a: Starlink
|-damage|p1a: Starlink|24/100
|move|p1a: Starlink|Body Press|p2a: Ursaluna
|-supereffective|p2a: Ursaluna
|-damage|p2a: Ursaluna|57/100 brn
|
|-damage|p2a: Ursaluna|51/100 brn|[from] brn
|-end|p2a: Ursaluna|move: Taunt
|upkeep
|turn|4
|
|t:|1757912277
|switch|p1a: Starburst|Great Tusk|100/100
|move|p2a: Ursaluna|Facade|p1a: Starburst
|-damage|p1a: Starburst|10/100
|
|-damage|p2a: Ursaluna|45/100 brn|[from] brn
|upkeep
|turn|5
|
|t:|1757912304
|switch|p2a: Grimmsnarl|Grimmsnarl, M, shiny|100/100
|move|p1a: Starburst|Headlong Rush|p2a: Grimmsnarl
|-damage|p2a: Grimmsnarl|23/100
|-unboost|p1a: Starburst|def|1
|-unboost|p1a: Starburst|spd|1
|
|upkeep
|turn|6
|
|t:|1757912311
|move|p2a: Grimmsnarl|Sucker Punch|p1a: Starburst
|-resisted|p1a: Starburst
|-damage|p1a: Starburst|0 fnt
|faint|p1a: Starburst
|-end|p1a: Starburst|Protosynthesis|[silent]
|
|upkeep
|
|t:|1757912324
|switch|p1a: Stardrum|Rillaboom, M|100/100
|-fieldstart|move: Grassy Terrain|[from] ability: Grassy Surge|[of] p1a: Stardrum
|turn|7
|
|t:|1757912330
|switch|p2a: Sinistcha|Sinistcha-Masterpiece, shiny|100/100
|move|p1a: Stardrum|Grassy Glide|p2a: Sinistcha
|-resisted|p2a: Sinistcha
|-damage|p2a: Sinistcha|85/100
|
|-heal|p2a: Sinistcha|91/100|[from] Grassy Terrain
|upkeep
|turn|8
|
|t:|1757912335
|move|p1a: Stardrum|Knock Off|p2a: Sinistcha
|-supereffective|p2a: Sinistcha
|-damage|p2a: Sinistcha|40/100
|-enditem|p2a: Sinistcha|Heavy-Duty Boots|[from] move: Knock Off|[of] p1a: Stardrum
|move|p2a: Sinistcha|Shadow Ball|p1a: Stardrum
|-damage|p1a: Stardrum|63/100
|
|-heal|p1a: Stardrum|69/100|[from] Grassy Terrain
|-heal|p2a: Sinistcha|46/100|[from] Grassy Terrain
|upkeep
|turn|9
|
|t:|1757912343
|move|p1a: Stardrum|U-turn|p2a: Sinistcha
|-damage|p2a: Sinistcha|26/100
|
|t:|1757912348
|switch|p1a: Starblaze|Heatran, M|100/100|[from] U-turn
|move|p2a: Sinistcha|Strength Sap|p1a: Starblaze
|-unboost|p1a: Starblaze|atk|1
|-heal|p2a: Sinistcha|82/100
|
|-heal|p2a: Sinistcha|88/100|[from] Grassy Terrain
|upkeep
|turn|10
|
|t:|1757912356
|switch|p2a: Tentacruel|Tentacruel, F|100/100
|move|p1a: Starblaze|Magma Storm|p2a: Tentacruel
|-resisted|p2a: Tentacruel
|-damage|p2a: Tentacruel|90/100
|-activate|p2a: Tentacruel|move: Magma Storm|[of] p1a: Starblaze
|
|-heal|p2a: Tentacruel|96/100|[from] Grassy Terrain
|-damage|p2a: Tentacruel|83/100|[from] move: Magma Storm|[partiallytrapped]
|upkeep
|turn|11
|
|t:|1757912374
|move|p2a: Tentacruel|Flip Turn|p1a: Starblaze
|-supereffective|p1a: Starblaze
|-damage|p1a: Starblaze|75/100
|
|t:|1757912383
|switch|p2a: Sinistcha|Sinistcha-Masterpiece, shiny|88/100|[from] Flip Turn
|move|p1a: Starblaze|Earth Power|p2a: Sinistcha
|-resisted|p2a: Sinistcha
|-damage|p2a: Sinistcha|74/100
|
|-heal|p1a: Starblaze|81/100|[from] Grassy Terrain
|-heal|p1a: Starblaze|87/100|[from] item: Leftovers
|-heal|p2a: Sinistcha|80/100|[from] Grassy Terrain
|upkeep
|turn|12
|
|t:|1757912394
|switch|p2a: Cresselia|Cresselia, F|100/100
|move|p1a: Starblaze|Magma Storm|p2a: Cresselia|[miss]
|-miss|p1a: Starblaze|p2a: Cresselia
|
|-heal|p1a: Starblaze|93/100|[from] Grassy Terrain
|-heal|p1a: Starblaze|99/100|[from] item: Leftovers
|upkeep
|turn|13
|
|t:|1757912401
|move|p2a: Cresselia|Thunder Wave|p1a: Starblaze
|-status|p1a: Starblaze|par
|move|p1a: Starblaze|Taunt|p2a: Cresselia
|-start|p2a: Cresselia|move: Taunt
|
|-heal|p1a: Starblaze|100/100 par|[from] Grassy Terrain
|upkeep
|turn|14
|
|t:|1757912416
|switch|p2a: Tentacruel|Tentacruel, F|83/100
|move|p1a: Starblaze|Magma Storm|p2a: Tentacruel
|-resisted|p2a: Tentacruel
|-damage|p2a: Tentacruel|72/100
|-activate|p2a: Tentacruel|move: Magma Storm|[of] p1a: Starblaze
|
|-heal|p2a: Tentacruel|78/100|[from] Grassy Terrain
|-damage|p2a: Tentacruel|65/100|[from] move: Magma Storm|[partiallytrapped]
|-fieldend|move: Grassy Terrain
|upkeep
|turn|15
|
|t:|1757912423
|switch|p1a: Stardrum|Rillaboom, M|69/100
|-fieldstart|move: Grassy Terrain|[from] ability: Grassy Surge|[of] p1a: Stardrum
|move|p2a: Tentacruel|Rapid Spin|p1a: Stardrum
|-damage|p1a: Stardrum|61/100
|-boost|p2a: Tentacruel|spe|1
|-end|p2a: Tentacruel|Magma Storm|[partiallytrapped]
|
|-heal|p2a: Tentacruel|71/100|[from] Grassy Terrain
|-heal|p1a: Stardrum|68/100|[from] Grassy Terrain
|upkeep
|turn|16
|
|t:|1757912434
|switch|p1a: Starforce|Ogerpon-Wellspring, F|100/100
|move|p2a: Tentacruel|Flip Turn|p1a: Starforce
|-immune|p1a: Starforce|[from] ability: Water Absorb
|
|-heal|p2a: Tentacruel|77/100|[from] Grassy Terrain
|upkeep
|turn|17
|
|t:|1757912440
|move|p1a: Starforce|Grassy Glide|p2a: Tentacruel
|-damage|p2a: Tentacruel|11/100
|move|p2a: Tentacruel|Acid Spray|p1a: Starforce
|-supereffective|p1a: Starforce
|-damage|p1a: Starforce|74/100
|-unboost|p1a: Starforce|spd|2
|
|-heal|p2a: Tentacruel|17/100|[from] Grassy Terrain
|-heal|p1a: Starforce|80/100|[from] Grassy Terrain
|upkeep
|turn|18
|
|t:|1757912457
|switch|p2a: Cresselia|Cresselia, F|100/100
|move|p1a: Starforce|Swords Dance|p1a: Starforce
|-boost|p1a: Starforce|atk|2
|
|-heal|p1a: Starforce|86/100|[from] Grassy Terrain
|upkeep
|turn|19
|
|t:|1757912462
|move|p1a: Starforce|Ivy Cudgel|p2a: Cresselia|[anim] Ivy Cudgel Water
|-damage|p2a: Cresselia|29/100
|-enditem|p2a: Cresselia|Red Card|[of] p1a: Starforce
|drag|p1a: Starblaze|Heatran, M|100/100 par
|move|p2a: Cresselia|Trick Room|p2a: Cresselia
|-fieldstart|move: Trick Room|[of] p2a: Cresselia
|
|upkeep
|turn|20
|
|t:|1757912469
|move|p1a: Starblaze|Magma Storm|p2a: Cresselia|[miss]
|-miss|p1a: Starblaze|p2a: Cresselia
|move|p2a: Cresselia|Lunar Dance|p2a: Cresselia
|faint|p2a: Cresselia
|
|upkeep
|
|t:|1757912472
|switch|p2a: Ursaluna|Ursaluna, M, shiny|45/100 brn
|-heal|p2a: Ursaluna|100/100|[from] move: Lunar Dance
|turn|21
|
|t:|1757912482
|move|p1a: Starblaze|Magma Storm|p2a: Ursaluna
|-damage|p2a: Ursaluna|64/100
|-activate|p2a: Ursaluna|move: Magma Storm|[of] p1a: Starblaze
|move|p2a: Ursaluna|Headlong Rush|p1a: Starblaze
|-supereffective|p1a: Starblaze
|-damage|p1a: Starblaze|0 fnt
|-unboost|p2a: Ursaluna|def|1
|-unboost|p2a: Ursaluna|spd|1
|faint|p1a: Starblaze
|
|-heal|p2a: Ursaluna|70/100|[from] Grassy Terrain
|-end|p2a: Ursaluna|Magma Storm|[partiallytrapped]|[silent]
|-status|p2a: Ursaluna|brn|[from] item: Flame Orb
|upkeep
|
|t:|1757912496
|switch|p1a: Starforce|Ogerpon-Wellspring, F|86/100
|turn|22
|
|t:|1757912506
|move|p1a: Starforce|Grassy Glide|p2a: Ursaluna
|-supereffective|p2a: Ursaluna
|-damage|p2a: Ursaluna|0 fnt
|faint|p2a: Ursaluna
|
|-heal|p1a: Starforce|92/100|[from] Grassy Terrain
|-fieldend|move: Grassy Terrain
|upkeep
|
|t:|1757912518
|switch|p2a: Zamazenta|Zamazenta, shiny|100/100
|-ability|p2a: Zamazenta|Dauntless Shield|boost
|-boost|p2a: Zamazenta|def|1
|turn|23
|
|t:|1757912525
|switch|p1a: Starlink|Bronzong, shiny|24/100
|move|p2a: Zamazenta|Iron Defense|p2a: Zamazenta
|-boost|p2a: Zamazenta|def|2
|
|-fieldend|move: Trick Room
|upkeep
|turn|24
|
|t:|1757912533
|move|p2a: Zamazenta|Body Press|p1a: Starlink
|-damage|p1a: Starlink|0 fnt
|faint|p1a: Starlink
|
|upkeep
|
|t:|1757912537
|switch|p1a: Starscream|Dragapult, M|100/100
|turn|25
|
|t:|1757912545
|-terastallize|p1a: Starscream|Fairy
|-terastallize|p2a: Zamazenta|Steel
|move|p1a: Starscream|Tera Blast|p2a: Zamazenta|[anim] Tera Blast Fairy
|-resisted|p2a: Zamazenta
|-damage|p2a: Zamazenta|80/100
|move|p2a: Zamazenta|Crunch|p1a: Starscream
|-resisted|p1a: Starscream
|-damage|p1a: Starscream|85/100
|
|-heal|p2a: Zamazenta|86/100|[from] item: Leftovers
|upkeep
|turn|26
|
|t:|1757912557
|switch|p1a: Stardrum|Rillaboom, M|68/100
|-fieldstart|move: Grassy Terrain|[from] ability: Grassy Surge|[of] p1a: Stardrum
|move|p2a: Zamazenta|Iron Head|p1a: Stardrum
|-damage|p1a: Stardrum|39/100
|
|-heal|p2a: Zamazenta|93/100|[from] Grassy Terrain
|-heal|p2a: Zamazenta|99/100|[from] item: Leftovers
|-heal|p1a: Stardrum|45/100|[from] Grassy Terrain
|upkeep
|turn|27
|
|t:|1757912568
|move|p2a: Zamazenta|Body Press|p1a: Stardrum
|-damage|p1a: Stardrum|0 fnt
|faint|p1a: Stardrum
|
|-heal|p2a: Zamazenta|100/100|[from] Grassy Terrain
|upkeep
|
|t:|1757912573
|switch|p1a: Starscream|Dragapult, M, tera:Fairy|85/100
|turn|28
|
|t:|1757912578
|move|p1a: Starscream|Flamethrower|p2a: Zamazenta
|-supereffective|p2a: Zamazenta
|-damage|p2a: Zamazenta|42/100
|move|p2a: Zamazenta|Iron Head|p1a: Starscream
|-supereffective|p1a: Starscream
|-damage|p1a: Starscream|0 fnt
|faint|p1a: Starscream
|
|-heal|p2a: Zamazenta|48/100|[from] Grassy Terrain
|-heal|p2a: Zamazenta|55/100|[from] item: Leftovers
|upkeep
|
|t:|1757912584
|switch|p1a: Starforce|Ogerpon-Wellspring, F|92/100
|turn|29
|
|t:|1757912605
|move|p2a: Zamazenta|Body Press|p1a: Starforce
|-crit|p1a: Starforce
|-damage|p1a: Starforce|0 fnt
|faint|p1a: Starforce
|
|win|ProfSheen
|raw|Alitiantian's rating: 1415 &rarr; <strong>1399</strong><br />(-16 for losing)
|raw|ProfSheen's rating: 1482 &rarr; <strong>1498</strong><br />(+16 for winning)
|l|☆Alitiantian
|player|p1|
|l|☆ProfSheen
|player|p2|
