|j|☆ezpz0909
|j|☆imgodslayer
|t:|1757926398
|gametype|singles
|player|p1|ezpz0909|266|1436
|player|p2|imgodslayer|benga|1390
|gen|9
|tier|[Gen 9] OU
|rated|
|rule|HP Percentage Mod: HP is shown in percentages
|rule|Endless Battle Clause: Forcing endless battles is banned
|rule|Species Clause: Limit one of each Pokémon
|rule|OHKO Clause: OHKO moves are banned
|rule|Evasion Items Clause: Evasion items are banned
|rule|Evasion Moves Clause: Evasion moves are banned
|rule|Evasion Abilities Clause: Evasion abilities are banned
|rule|Sleep Moves Clause: Sleep-inducing moves are banned
|clearpoke
|poke|p1|Latios, M|
|poke|p1|Quaquaval, F|
|poke|p1|Pelipper, F|
|poke|p1|Basculegion-F, F|
|poke|p1|Iron Treads|
|poke|p1|Iron Valiant|
|poke|p2|Araquanid, F|
|poke|p2|Pelipper, F|
|poke|p2|Raging Bolt|
|poke|p2|Great Tusk|
|poke|p2|Poliwrath, F|
|poke|p2|Goodra-Hisui, F|
|teampreview
|
|t:|1757926420
|teamsize|p1|6
|teamsize|p2|6
|start
|switch|p1a: Pelipper|Pelipper, F|100/100
|switch|p2a: Pelipper|Pelipper, F|100/100
|-weather|RainDance|[from] ability: Drizzle|[of] p2a: Pelipper
|turn|1
|
|t:|1757926423
|move|p2a: Pelipper|U-turn|p1a: Pelipper
|-resisted|p1a: Pelipper
|-damage|p1a: Pelipper|96/100
|j| encourager
|
|t:|1757926426
|switch|p2a: Goodra|Goodra-Hisui, F|100/100|[from] U-turn
|move|p1a: Pelipper|Hurricane|p2a: Goodra
|-resisted|p2a: Goodra
|-damage|p2a: Goodra|88/100
|-start|p2a: Goodra|confusion
|
|-weather|RainDance|[upkeep]
|upkeep
|turn|2
|
|t:|1757926432
|switch|p2a: Araquanid|Araquanid, F|100/100
|move|p1a: Pelipper|U-turn|p2a: Araquanid
|-damage|p2a: Araquanid|92/100
|
|t:|1757926455
|switch|p1a: Basculegion|Basculegion-F, F|100/100|[from] U-turn
|
|-weather|RainDance|[upkeep]
|upkeep
|turn|3
|
|t:|1757926459
|move|p1a: Basculegion|Shadow Ball|p2a: Araquanid
|-damage|p2a: Araquanid|45/100
|move|p2a: Araquanid|Liquidation|p1a: Basculegion
|-resisted|p1a: Basculegion
|-damage|p1a: Basculegion|5/100
|-unboost|p1a: Basculegion|def|1
|
|-weather|RainDance|[upkeep]
|upkeep
|turn|4
|
|t:|1757926465
|switch|p2a: Goodra|Goodra-Hisui, F|88/100
|move|p1a: Basculegion|Shadow Ball|p2a: Goodra
|-damage|p2a: Goodra|62/100
|
|-weather|RainDance|[upkeep]
|upkeep
|turn|5
|
|t:|1757926469
|move|p1a: Basculegion|Shadow Ball|p2a: Goodra
|-damage|p2a: Goodra|36/100
|move|p2a: Goodra|Draco Meteor|p1a: Basculegion
|-damage|p1a: Basculegion|0 fnt
|-unboost|p2a: Goodra|spa|2
|faint|p1a: Basculegion
|
|-weather|RainDance|[upkeep]
|upkeep
|
|t:|1757926475
|switch|p1a: Iron Treads|Iron Treads|100/100
|turn|6
|
|t:|1757926478
|switch|p2a: Great Tusk|Great Tusk|100/100
|move|p1a: Iron Treads|Stealth Rock|p2a: Great Tusk
|-sidestart|p2: imgodslayer|move: Stealth Rock
|
|-weather|RainDance|[upkeep]
|upkeep
|turn|7
|
|t:|1757926489
|-terastallize|p1a: Iron Treads|Ghost
|move|p1a: Iron Treads|Earthquake|p2a: Great Tusk
|-damage|p2a: Great Tusk|77/100
|move|p2a: Great Tusk|Rapid Spin|p1a: Iron Treads
|-immune|p1a: Iron Treads
|
|-weather|RainDance|[upkeep]
|upkeep
|turn|8
|
|t:|1757926496
|-end|p2a: Great Tusk|Protosynthesis|[silent]
|switch|p2a: Pelipper|Pelipper, F|100/100
|-damage|p2a: Pelipper|76/100|[from] Stealth Rock
|move|p1a: Iron Treads|Knock Off|p2a: Pelipper
|-damage|p2a: Pelipper|41/100
|-enditem|p2a: Pelipper|Damp Rock|[from] move: Knock Off|[of] p1a: Iron Treads
|
|-weather|none
|upkeep
|turn|9
|
|t:|1757926502
|move|p1a: Iron Treads|Rapid Spin|p2a: Pelipper
|-damage|p2a: Pelipper|25/100
|-boost|p1a: Iron Treads|spe|1
|move|p2a: Pelipper|Roost|p2a: Pelipper
|-heal|p2a: Pelipper|75/100
|-singleturn|p2a: Pelipper|move: Roost
|
|upkeep
|turn|10
|
|t:|1757926510
|move|p1a: Iron Treads|Knock Off|p2a: Pelipper
|-damage|p2a: Pelipper|53/100
|move|p2a: Pelipper|Hurricane|p1a: Iron Treads
|-damage|p1a: Iron Treads|31/100
|
|-heal|p1a: Iron Treads|38/100|[from] item: Leftovers
|upkeep
|turn|11
|
|t:|1757926515
|-end|p1a: Iron Treads|Quark Drive|[silent]
|switch|p1a: Iron Valiant|Iron Valiant|100/100
|-enditem|p1a: Iron Valiant|Booster Energy
|-activate|p1a: Iron Valiant|ability: Quark Drive|[fromitem]
|-start|p1a: Iron Valiant|quarkdrivespe
|move|p2a: Pelipper|Roost|p2a: Pelipper
|-heal|p2a: Pelipper|100/100
|-singleturn|p2a: Pelipper|move: Roost
|
|upkeep
|turn|12
|
|t:|1757926520
|move|p1a: Iron Valiant|Encore|p2a: Pelipper
|-start|p2a: Pelipper|Encore
|move|p2a: Pelipper|Roost||[still]
|-fail|p2a: Pelipper|heal
|
|upkeep
|turn|13
|
|t:|1757926526
|switch|p2a: Great Tusk|Great Tusk|77/100
|-damage|p2a: Great Tusk|74/100|[from] Stealth Rock
|move|p1a: Iron Valiant|Swords Dance|p1a: Iron Valiant
|-boost|p1a: Iron Valiant|atk|2
|
|upkeep
|turn|14
|
|t:|1757926531
|move|p1a: Iron Valiant|Close Combat|p2a: Great Tusk
|-damage|p2a: Great Tusk|2/100
|-unboost|p1a: Iron Valiant|def|1
|-unboost|p1a: Iron Valiant|spd|1
|-damage|p1a: Iron Valiant|84/100|[from] item: Rocky Helmet|[of] p2a: Great Tusk
|move|p2a: Great Tusk|Roar|p1a: Iron Valiant
|-end|p1a: Iron Valiant|Quark Drive|[silent]
|drag|p1a: Duck Jin Woo|Quaquaval, F|100/100
|
|upkeep
|turn|15
|
|t:|1757926545
|-end|p2a: Great Tusk|Protosynthesis|[silent]
|switch|p2a: Raging Bolt|Raging Bolt|100/100
|-damage|p2a: Raging Bolt|88/100|[from] Stealth Rock
|-enditem|p2a: Raging Bolt|Booster Energy
|-activate|p2a: Raging Bolt|ability: Protosynthesis|[fromitem]
|-start|p2a: Raging Bolt|protosynthesisspa
|move|p1a: Duck Jin Woo|Aqua Jet|p2a: Raging Bolt
|-resisted|p2a: Raging Bolt
|-crit|p2a: Raging Bolt
|-damage|p2a: Raging Bolt|73/100
|
|upkeep
|turn|16
|
|t:|1757926548
|switch|p1a: Pelipper|Pelipper, F|96/100
|-weather|RainDance|[from] ability: Drizzle|[of] p1a: Pelipper
|move|p2a: Raging Bolt|Thunder|p1a: Pelipper
|-supereffective|p1a: Pelipper
|-damage|p1a: Pelipper|0 fnt
|faint|p1a: Pelipper
|
|-weather|RainDance|[upkeep]
|upkeep
|
|t:|1757926558
|switch|p1a: Iron Treads|Iron Treads, tera:Ghost|38/100
|turn|17
|
|t:|1757926564
|move|p2a: Raging Bolt|Thunderclap|p1a: Iron Treads
|-damage|p1a: Iron Treads|0 fnt
|faint|p1a: Iron Treads
|-end|p1a: Iron Treads|Quark Drive|[silent]
|
|-weather|RainDance|[upkeep]
|upkeep
|c|☆ezpz0909|oops
|
|t:|1757926573
|switch|p1a: Iron Valiant|Iron Valiant|84/100
|turn|18
|
|t:|1757926577
|-end|p2a: Raging Bolt|Protosynthesis|[silent]
|switch|p2a: Poliwrath|Poliwrath, F|100/100
|-damage|p2a: Poliwrath|94/100|[from] Stealth Rock
|move|p1a: Iron Valiant|Encore||[still]
|-fail|p1a: Iron Valiant
|
|-weather|RainDance|[upkeep]
|upkeep
|turn|19
|
|t:|1757926586
|switch|p2a: Great Tusk|Great Tusk|2/100
|-damage|p2a: Great Tusk|0 fnt|[from] Stealth Rock
|faint|p2a: Great Tusk
|-end|p2a: Great Tusk|Protosynthesis|[silent]
|move|p1a: Iron Valiant|Close Combat|p2: Great Tusk|[notarget]
|-fail|p1a: Iron Valiant
|
|-weather|RainDance|[upkeep]
|upkeep
|
|t:|1757926592
|switch|p2a: Pelipper|Pelipper, F|100/100
|-damage|p2a: Pelipper|76/100|[from] Stealth Rock
|turn|20
|
|t:|1757926598
|move|p1a: Iron Valiant|Close Combat|p2a: Pelipper
|-resisted|p2a: Pelipper
|-damage|p2a: Pelipper|41/100
|-unboost|p1a: Iron Valiant|def|1
|-unboost|p1a: Iron Valiant|spd|1
|move|p2a: Pelipper|Hurricane|p1a: Iron Valiant
|-supereffective|p1a: Iron Valiant
|-damage|p1a: Iron Valiant|0 fnt
|faint|p1a: Iron Valiant
|-end|p1a: Iron Valiant|Quark Drive|[silent]
|
|-weather|RainDance|[upkeep]
|upkeep
|
|t:|1757926607
|switch|p1a: Latios|Latios, M|100/100
|turn|21
|
|t:|1757926612
|switch|p2a: Araquanid|Araquanid, F|45/100
|-damage|p2a: Araquanid|20/100|[from] Stealth Rock
|move|p1a: Latios|Agility|p1a: Latios
|-boost|p1a: Latios|spe|2
|
|-weather|RainDance|[upkeep]
|upkeep
|turn|22
|
|t:|1757926618
|move|p1a: Latios|Calm Mind|p1a: Latios
|-boost|p1a: Latios|spa|1
|-boost|p1a: Latios|spd|1
|move|p2a: Araquanid|Leech Life|p1a: Latios
|-supereffective|p1a: Latios
|-damage|p1a: Latios|16/100
|-heal|p2a: Araquanid|64/100|[from] drain|[of] p1a: Latios
|-enditem|p1a: Latios|Weakness Policy
|-boost|p1a: Latios|atk|2|[from] item: Weakness Policy
|-boost|p1a: Latios|spa|2|[from] item: Weakness Policy
|
|-weather|RainDance|[upkeep]
|upkeep
|turn|23
|
|t:|1757926620
|move|p1a: Latios|Stored Power|p2a: Araquanid
|-damage|p2a: Araquanid|0 fnt
|faint|p2a: Araquanid
|
|-weather|none
|upkeep
|
|t:|1757926626
|switch|p2a: Raging Bolt|Raging Bolt|73/100
|-damage|p2a: Raging Bolt|61/100|[from] Stealth Rock
|turn|24
|
|t:|1757926631
|move|p2a: Raging Bolt|Thunderclap|p1a: Latios
|-resisted|p1a: Latios
|-damage|p1a: Latios|4/100
|move|p1a: Latios|Stored Power|p2a: Raging Bolt
|-damage|p2a: Raging Bolt|0 fnt
|faint|p2a: Raging Bolt
|-end|p2a: Raging Bolt|Protosynthesis|[silent]
|
|upkeep
|
|t:|1757926635
|switch|p2a: Pelipper|Pelipper, F|41/100
|-damage|p2a: Pelipper|16/100|[from] Stealth Rock
|-weather|RainDance|[from] ability: Drizzle|[of] p2a: Pelipper
|turn|25
|
|t:|1757926640
|move|p1a: Latios|Stored Power|p2a: Pelipper
|-damage|p2a: Pelipper|0 fnt
|faint|p2a: Pelipper
|
|-weather|RainDance|[upkeep]
|upkeep
|
|t:|1757926642
|switch|p2a: Poliwrath|Poliwrath, F|94/100
|-damage|p2a: Poliwrath|88/100|[from] Stealth Rock
|turn|26
|
|t:|1757926650
|-terastallize|p2a: Poliwrath|Steel
|move|p1a: Latios|Stored Power|p2a: Poliwrath
|-resisted|p2a: Poliwrath
|-crit|p2a: Poliwrath
|-damage|p2a: Poliwrath|0 fnt
|faint|p2a: Poliwrath
|
|-weather|RainDance|[upkeep]
|upkeep
|-message|imgodslayer forfeited.
|
|win|ezpz0909
|raw|ezpz0909's rating: 1436 &rarr; <strong>1453</strong><br />(+17 for winning)
|raw|imgodslayer's rating: 1390 &rarr; <strong>1373</strong><br />(-17 for losing)
|l|☆imgodslayer
|player|p2|
|c| encourager|Gg
|c|☆ezpz0909|gg
|l|☆ezpz0909
|player|p1|
|l| encourager
