|j|☆asw990117
|j|☆mattsbeats
|t:|1757947787
|gametype|singles
|player|p1|asw990117|lucas|1168
|player|p2|mattsbeats|266|1173
|gen|9
|tier|[Gen 9] OU
|rated|
|rule|HP Percentage Mod: HP is shown in percentages
|rule|Endless Battle Clause: Forcing endless battles is banned
|rule|Species Clause: Limit one of each Pokémon
|rule|OHKO Clause: OHKO moves are banned
|rule|Evasion Items Clause: Evasion items are banned
|rule|Evasion Moves Clause: Evasion moves are banned
|rule|Evasion Abilities Clause: Evasion abilities are banned
|rule|Sleep Moves Clause: Sleep-inducing moves are banned
|clearpoke
|poke|p1|Breloom, M|
|poke|p1|Gholdengo|
|poke|p1|Corviknight, F|
|poke|p1|Swampert, M|
|poke|p1|Blaziken, M|
|poke|p1|Dragonite, F|
|poke|p2|Ceruledge, M|
|poke|p2|Gastrodon, F|
|poke|p2|Corviknight, F|
|poke|p2|Gliscor, M|
|poke|p2|Serperior, M|
|poke|p2|Ditto|
|teampreview
|inactive|Battle timer is ON: inactive players will automatically lose when time's up. (requested by mattsbeats)
|
|t:|1757947806
|teamsize|p1|6
|teamsize|p2|6
|start
|switch|p1a: Dragonite|Dragonite, F|100/100
|switch|p2a: Gliscor|Gliscor, M|100/100
|turn|1
|
|t:|1757947812
|move|p2a: Gliscor|Protect|p2a: Gliscor
|-singleturn|p2a: Gliscor|Protect
|move|p1a: Dragonite|Ice Spinner|p2a: Gliscor
|-activate|p2a: Gliscor|move: Protect
|
|-status|p2a: Gliscor|tox|[from] item: Toxic Orb
|upkeep
|turn|2
|inactive|asw990117 has 120 seconds left.
|
|t:|1757947862
|switch|p2a: Corviknight|Corviknight, F|100/100
|-ability|p2a: Corviknight|Pressure
|move|p1a: Dragonite|Ice Spinner|p2a: Corviknight
|-damage|p2a: Corviknight|84/100
|-damage|p1a: Dragonite|84/100|[from] item: Rocky Helmet|[of] p2a: Corviknight
|
|-heal|p1a: Dragonite|90/100|[from] item: Leftovers
|upkeep
|turn|3
|
|t:|1757947873
|switch|p1a: Gholdengo|Gholdengo|100/100
|-item|p1a: Gholdengo|Air Balloon
|move|p2a: Corviknight|U-turn|p1a: Gholdengo
|-resisted|p1a: Gholdengo
|-damage|p1a: Gholdengo|96/100
|-enditem|p1a: Gholdengo|Air Balloon
|
|t:|1757947893
|switch|p2a: Gliscor|Gliscor, M|100/100 tox|[from] U-turn
|
|upkeep
|turn|4
|
|t:|1757947899
|switch|p1a: Dragonite|Dragonite, F|90/100
|move|p2a: Gliscor|Earthquake|p1a: Dragonite
|-immune|p1a: Dragonite
|
|-heal|p1a: Dragonite|96/100|[from] item: Leftovers
|upkeep
|turn|5
|
|t:|1757947908
|switch|p2a: Corviknight|Corviknight, F|84/100
|-ability|p2a: Corviknight|Pressure
|move|p1a: Dragonite|Dragon Dance|p1a: Dragonite
|-boost|p1a: Dragonite|atk|1
|-boost|p1a: Dragonite|spe|1
|
|-heal|p1a: Dragonite|100/100|[from] item: Leftovers
|upkeep
|turn|6
|inactive|asw990117 has 120 seconds left.
|
|t:|1757947947
|move|p1a: Dragonite|Dragon Dance|p1a: Dragonite
|-boost|p1a: Dragonite|atk|1
|-boost|p1a: Dragonite|spe|1
|move|p2a: Corviknight|U-turn|p1a: Dragonite
|-resisted|p1a: Dragonite
|-damage|p1a: Dragonite|97/100
|
|t:|1757947972
|switch|p2a: Ceruledge|Ceruledge, M|100/100|[from] U-turn
|
|-heal|p1a: Dragonite|100/100|[from] item: Leftovers
|upkeep
|turn|7
|inactive|asw990117 has 120 seconds left.
|
|t:|1757947979
|move|p2a: Ceruledge|Shadow Sneak|p1a: Dragonite
|-damage|p1a: Dragonite|85/100
|move|p1a: Dragonite|Earthquake|p2a: Ceruledge
|-supereffective|p2a: Ceruledge
|-damage|p2a: Ceruledge|0 fnt
|faint|p2a: Ceruledge
|
|-heal|p1a: Dragonite|92/100|[from] item: Leftovers
|upkeep
|
|t:|1757947988
|switch|p2a: Ditto|Ditto|100/100
|-transform|p2a: Ditto|p1a: Dragonite|[from] ability: Imposter
|turn|8
|inactive|asw990117 has 120 seconds left.
|inactive|mattsbeats has 120 seconds left.
|
|t:|1757948028
|-terastallize|p1a: Dragonite|Normal
|move|p2a: Ditto|Ice Spinner|p1a: Dragonite
|-damage|p1a: Dragonite|36/100
|move|p1a: Dragonite|Ice Spinner|p2a: Ditto
|-supereffective|p2a: Ditto
|-damage|p2a: Ditto|0 fnt
|faint|p2a: Ditto
|
|-heal|p1a: Dragonite|43/100|[from] item: Leftovers
|upkeep
|
|t:|1757948044
|switch|p2a: Corviknight|Corviknight, F|84/100
|-ability|p2a: Corviknight|Pressure
|turn|9
|inactive|asw990117 has 120 seconds left.
|
|t:|1757948058
|switch|p1a: Gholdengo|Gholdengo|96/100
|move|p2a: Corviknight|Body Press|p1a: Gholdengo
|-immune|p1a: Gholdengo
|
|upkeep
|turn|10
|
|t:|1757948066
|move|p1a: Gholdengo|Shadow Ball|p2a: Corviknight
|-damage|p2a: Corviknight|44/100
|move|p2a: Corviknight|U-turn|p1a: Gholdengo
|-resisted|p1a: Gholdengo
|-damage|p1a: Gholdengo|93/100
|
|t:|1757948076
|switch|p2a: Gliscor|Gliscor, M|100/100 tox|[from] U-turn
|
|upkeep
|turn|11
|
|t:|1757948083
|switch|p1a: Corviknight|Corviknight, F|100/100
|move|p2a: Gliscor|Toxic|p1a: Corviknight
|-immune|p1a: Corviknight
|
|upkeep
|turn|12
|inactive|mattsbeats has 120 seconds left.
|
|t:|1757948093
|switch|p2a: Gastrodon|Gastrodon, F|100/100
|move|p1a: Corviknight|Iron Defense|p1a: Corviknight
|-boost|p1a: Corviknight|def|2
|
|upkeep
|turn|13
|inactive|mattsbeats has 120 seconds left.
|inactive|asw990117 has 120 seconds left.
|
|t:|1757948142
|switch|p2a: Serperior|Serperior, M|100/100
|move|p1a: Corviknight|Iron Defense|p1a: Corviknight
|-boost|p1a: Corviknight|def|2
|
|upkeep
|turn|14
|
|t:|1757948151
|-terastallize|p2a: Serperior|Fire
|move|p2a: Serperior|Glare|p1a: Corviknight
|-status|p1a: Corviknight|par
|move|p1a: Corviknight|Brave Bird|p2a: Serperior
|-damage|p2a: Serperior|66/100
|-damage|p1a: Corviknight|90/100 par|[from] Recoil
|
|-heal|p2a: Serperior|73/100|[from] item: Leftovers
|-heal|p1a: Corviknight|97/100 par|[from] item: Leftovers
|upkeep
|turn|15
|inactive|mattsbeats has 120 seconds left.
|
|t:|1757948163
|move|p2a: Serperior|Leech Seed|p1a: Corviknight
|-start|p1a: Corviknight|move: Leech Seed
|move|p1a: Corviknight|Body Press|p2a: Serperior
|-damage|p2a: Serperior|0 fnt
|faint|p2a: Serperior
|
|-heal|p1a: Corviknight|100/100 par|[from] item: Leftovers
|upkeep
|
|t:|1757948184
|switch|p2a: Gliscor|Gliscor, M|100/100 tox
|turn|16
|inactive|asw990117 has 120 seconds left.
|
|t:|1757948203
|switch|p1a: Swampert|Swampert, M|100/100
|move|p2a: Gliscor|Substitute|p2a: Gliscor
|-start|p2a: Gliscor|Substitute
|-damage|p2a: Gliscor|76/100 tox
|
|-heal|p2a: Gliscor|88/100 tox|[from] ability: Poison Heal
|upkeep
|turn|17
|
|t:|1757948212
|move|p2a: Gliscor|Toxic|p1a: Swampert
|-status|p1a: Swampert|tox
|move|p1a: Swampert|Ice Punch|p2a: Gliscor
|-supereffective|p2a: Gliscor
|-end|p2a: Gliscor|Substitute
|
|-heal|p2a: Gliscor|100/100 tox|[from] ability: Poison Heal
|-damage|p1a: Swampert|94/100 tox|[from] psn
|upkeep
|turn|18
|inactive|mattsbeats has 120 seconds left.
|
|t:|1757948223
|move|p2a: Gliscor|Protect|p2a: Gliscor
|-singleturn|p2a: Gliscor|Protect
|move|p1a: Swampert|Ice Punch|p2a: Gliscor
|-activate|p2a: Gliscor|move: Protect
|
|-heal|p1a: Swampert|100/100 tox|[from] item: Leftovers
|-damage|p1a: Swampert|88/100 tox|[from] psn
|upkeep
|turn|19
|inactive|mattsbeats has 120 seconds left.
|
|t:|1757948237
|move|p2a: Gliscor|Substitute|p2a: Gliscor
|-start|p2a: Gliscor|Substitute
|-damage|p2a: Gliscor|76/100 tox
|move|p1a: Swampert|Ice Punch|p2a: Gliscor
|-supereffective|p2a: Gliscor
|-end|p2a: Gliscor|Substitute
|
|-heal|p1a: Swampert|94/100 tox|[from] item: Leftovers
|-heal|p2a: Gliscor|88/100 tox|[from] ability: Poison Heal
|-damage|p1a: Swampert|76/100 tox|[from] psn
|upkeep
|turn|20
|inactive|mattsbeats has 120 seconds left.
|
|t:|1757948248
|move|p2a: Gliscor|Protect|p2a: Gliscor
|-singleturn|p2a: Gliscor|Protect
|move|p1a: Swampert|Ice Punch|p2a: Gliscor
|-activate|p2a: Gliscor|move: Protect
|
|-heal|p1a: Swampert|82/100 tox|[from] item: Leftovers
|-heal|p2a: Gliscor|100/100 tox|[from] ability: Poison Heal
|-damage|p1a: Swampert|58/100 tox|[from] psn
|upkeep
|turn|21
|inactive|mattsbeats has 120 seconds left.
|
|t:|1757948259
|move|p2a: Gliscor|Substitute|p2a: Gliscor
|-start|p2a: Gliscor|Substitute
|-damage|p2a: Gliscor|76/100 tox
|move|p1a: Swampert|Ice Punch|p2a: Gliscor
|-supereffective|p2a: Gliscor
|-end|p2a: Gliscor|Substitute
|
|-heal|p1a: Swampert|64/100 tox|[from] item: Leftovers
|-heal|p2a: Gliscor|88/100 tox|[from] ability: Poison Heal
|-damage|p1a: Swampert|33/100 tox|[from] psn
|upkeep
|turn|22
|inactive|mattsbeats has 120 seconds left.
|
|t:|1757948273
|switch|p1a: Corviknight|Corviknight, F|100/100 par
|move|p2a: Gliscor|Protect||[still]
|-fail|p2a: Gliscor
|
|-heal|p2a: Gliscor|100/100 tox|[from] ability: Poison Heal
|upkeep
|turn|23
|inactive|mattsbeats has 120 seconds left.
|
|t:|1757948285
|switch|p2a: Gastrodon|Gastrodon, F|100/100
|move|p1a: Corviknight|Iron Defense|p1a: Corviknight
|-boost|p1a: Corviknight|def|2
|
|upkeep
|turn|24
|inactive|mattsbeats has 120 seconds left.
|
|t:|1757948306
|move|p2a: Gastrodon|Ice Beam|p1a: Corviknight
|-damage|p1a: Corviknight|83/100 par
|move|p1a: Corviknight|Iron Defense|p1a: Corviknight
|-boost|p1a: Corviknight|def|2
|
|-heal|p1a: Corviknight|89/100 par|[from] item: Leftovers
|upkeep
|turn|25
|inactive|mattsbeats has 120 seconds left.
|
|t:|1757948317
|move|p2a: Gastrodon|Ice Beam|p1a: Corviknight
|-damage|p1a: Corviknight|69/100 par
|cant|p1a: Corviknight|par
|
|-heal|p1a: Corviknight|75/100 par|[from] item: Leftovers
|upkeep
|turn|26
|
|t:|1757948325
|move|p2a: Gastrodon|Ice Beam|p1a: Corviknight
|-damage|p1a: Corviknight|56/100 par
|move|p1a: Corviknight|Body Press|p2a: Gastrodon
|-damage|p2a: Gastrodon|14/100
|
|-heal|p2a: Gastrodon|20/100|[from] item: Leftovers
|-heal|p1a: Corviknight|62/100 par|[from] item: Leftovers
|upkeep
|turn|27
|
|t:|1757948334
|move|p2a: Gastrodon|Ice Beam|p1a: Corviknight
|-damage|p1a: Corviknight|44/100 par
|cant|p1a: Corviknight|par
|
|-heal|p2a: Gastrodon|27/100|[from] item: Leftovers
|-heal|p1a: Corviknight|50/100 par|[from] item: Leftovers
|upkeep
|turn|28
|
|t:|1757948342
|move|p2a: Gastrodon|Ice Beam|p1a: Corviknight
|-damage|p1a: Corviknight|31/100 par
|move|p1a: Corviknight|Body Press|p2a: Gastrodon
|-damage|p2a: Gastrodon|0 fnt
|faint|p2a: Gastrodon
|
|-heal|p1a: Corviknight|38/100 par|[from] item: Leftovers
|upkeep
|
|t:|1757948355
|switch|p2a: Corviknight|Corviknight, F|44/100
|-ability|p2a: Corviknight|Pressure
|turn|29
|
|t:|1757948361
|move|p2a: Corviknight|Body Press|p1a: Corviknight
|-damage|p1a: Corviknight|32/100 par
|move|p1a: Corviknight|Body Press|p2a: Corviknight
|-damage|p2a: Corviknight|0 fnt
|-damage|p1a: Corviknight|16/100 par|[from] item: Rocky Helmet|[of] p2a: Corviknight
|faint|p2a: Corviknight
|
|-heal|p1a: Corviknight|22/100 par|[from] item: Leftovers
|upkeep
|-message|mattsbeats forfeited.
|
|win|asw990117
|raw|asw990117's rating: 1168 &rarr; <strong>1193</strong><br />(+25 for winning)
|raw|mattsbeats's rating: 1173 &rarr; <strong>1148</strong><br />(-25 for losing)
|l|☆mattsbeats
|player|p2|
|l|☆asw990117
|player|p1|
