|j|☆flamephoenix5000
|j|‽C30league
|t:|1757911229
|gametype|singles
|player|p1|flamephoenix5000|lucas|1232
|player|p2|C30league|265|1240
|gen|9
|tier|[Gen 9] OU
|rated|
|rule|HP Percentage Mod: HP is shown in percentages
|rule|Endless Battle Clause: Forcing endless battles is banned
|rule|Species Clause: Limit one of each Pokémon
|rule|OHKO Clause: OHKO moves are banned
|rule|Evasion Items Clause: Evasion items are banned
|rule|Evasion Moves Clause: Evasion moves are banned
|rule|Evasion Abilities Clause: Evasion abilities are banned
|rule|Sleep Moves Clause: Sleep-inducing moves are banned
|clearpoke
|poke|p1|Dragonite, F|
|poke|p1|Ninetales-Alola, F|
|poke|p1|Haxorus, M|
|poke|p1|Iron Moth|
|poke|p1|Zamazenta-*|
|poke|p1|Cinderace, M|
|poke|p2|Rillaboom, M|
|poke|p2|Zapdos|
|poke|p2|Ogerpon-Wellspring, F|
|poke|p2|Dragonite, F|
|poke|p2|Darkrai|
|poke|p2|Glimmora, M|
|teampreview
|inactive|Battle timer is ON: inactive players will automatically lose when time's up. (requested by C30league)
|
|t:|1757911232
|teamsize|p1|6
|teamsize|p2|6
|start
|switch|p1a: Cinderace|Cinderace, M|100/100
|switch|p2a: Darkrai|Darkrai|100/100
|turn|1
|
|t:|1757911241
|switch|p2a: Zapdos|Zapdos|100/100
|move|p1a: Cinderace|U-turn|p2a: Zapdos
|-start|p1a: Cinderace|typechange|Bug|[from] ability: Libero
|-resisted|p2a: Zapdos
|-damage|p2a: Zapdos|75/100
|-status|p1a: Cinderace|par|[from] ability: Static|[of] p2a: Zapdos
|-damage|p1a: Cinderace|91/100 par|[from] item: Life Orb
|
|t:|1757911257
|switch|p1a: Ninetales|Ninetales-Alola, F|100/100|[from] U-turn
|-weather|Snowscape|[from] ability: Snow Warning|[of] p1a: Ninetales
|
|-weather|Snowscape|[upkeep]
|upkeep
|turn|2
|
|t:|1757911262
|move|p1a: Ninetales|Aurora Veil|p1a: Ninetales
|-sidestart|p1: flamephoenix5000|move: Aurora Veil
|move|p2a: Zapdos|Heat Wave|p1a: Ninetales
|-supereffective|p1a: Ninetales
|-damage|p1a: Ninetales|70/100
|-status|p1a: Ninetales|brn
|
|-weather|Snowscape|[upkeep]
|-damage|p1a: Ninetales|64/100 brn|[from] brn
|upkeep
|turn|3
|
|t:|1757911272
|switch|p2a: Glimmora|Glimmora, M|100/100
|move|p1a: Ninetales|Blizzard|p2a: Glimmora
|-damage|p2a: Glimmora|55/100
|
|-weather|Snowscape|[upkeep]
|-heal|p2a: Glimmora|61/100|[from] item: Leftovers
|-damage|p1a: Ninetales|58/100 brn|[from] brn
|upkeep
|turn|4
|
|t:|1757911289
|move|p1a: Ninetales|Blizzard|p2a: Glimmora
|-damage|p2a: Glimmora|20/100
|move|p2a: Glimmora|Reflect|p2a: Glimmora
|-sidestart|p2: C30league|Reflect
|
|-weather|Snowscape|[upkeep]
|-heal|p2a: Glimmora|26/100|[from] item: Leftovers
|-damage|p1a: Ninetales|52/100 brn|[from] brn
|upkeep
|turn|5
|
|t:|1757911296
|switch|p2a: Rillaboom|Rillaboom, M|100/100
|-fieldstart|move: Grassy Terrain|[from] ability: Grassy Surge|[of] p2a: Rillaboom
|move|p1a: Ninetales|Blizzard|p2a: Rillaboom
|-supereffective|p2a: Rillaboom
|-damage|p2a: Rillaboom|16/100
|-status|p2a: Rillaboom|frz
|
|-weather|none
|-heal|p1a: Ninetales|58/100 brn|[from] Grassy Terrain
|-heal|p2a: Rillaboom|22/100 frz|[from] Grassy Terrain
|-damage|p1a: Ninetales|52/100 brn|[from] brn
|upkeep
|turn|6
|
|t:|1757911305
|cant|p2a: Rillaboom|frz
|move|p1a: Ninetales|Blizzard|p2a: Rillaboom
|-supereffective|p2a: Rillaboom
|-crit|p2a: Rillaboom
|-damage|p2a: Rillaboom|0 fnt
|faint|p2a: Rillaboom
|
|-heal|p1a: Ninetales|58/100 brn|[from] Grassy Terrain
|-damage|p1a: Ninetales|52/100 brn|[from] brn
|upkeep
|
|t:|1757911311
|switch|p2a: Darkrai|Darkrai|100/100
|turn|7
|
|t:|1757911317
|switch|p2a: Glimmora|Glimmora, M|26/100
|move|p1a: Ninetales|Moonblast|p2a: Glimmora
|-resisted|p2a: Glimmora
|-damage|p2a: Glimmora|7/100
|-unboost|p2a: Glimmora|spa|1
|
|-heal|p1a: Ninetales|58/100 brn|[from] Grassy Terrain
|-heal|p2a: Glimmora|14/100|[from] Grassy Terrain
|-heal|p2a: Glimmora|20/100|[from] item: Leftovers
|-damage|p1a: Ninetales|52/100 brn|[from] brn
|upkeep
|turn|8
|
|t:|1757911337
|move|p1a: Ninetales|Blizzard|p2a: Glimmora|[miss]
|-miss|p1a: Ninetales|p2a: Glimmora
|move|p2a: Glimmora|Reflect||[still]
|-fail|p2a: Glimmora
|
|-heal|p1a: Ninetales|58/100 brn|[from] Grassy Terrain
|-heal|p2a: Glimmora|26/100|[from] Grassy Terrain
|-heal|p2a: Glimmora|32/100|[from] item: Leftovers
|-damage|p1a: Ninetales|52/100 brn|[from] brn
|-sideend|p2: C30league|Reflect
|upkeep
|turn|9
|
|t:|1757911345
|move|p1a: Ninetales|Blizzard|p2a: Glimmora|[miss]
|-miss|p1a: Ninetales|p2a: Glimmora
|move|p2a: Glimmora|Toxic||[still]
|-fail|p2a: Glimmora
|
|-heal|p1a: Ninetales|58/100 brn|[from] Grassy Terrain
|-heal|p2a: Glimmora|38/100|[from] Grassy Terrain
|-heal|p2a: Glimmora|44/100|[from] item: Leftovers
|-damage|p1a: Ninetales|52/100 brn|[from] brn
|-sideend|p1: flamephoenix5000|move: Aurora Veil
|-fieldend|move: Grassy Terrain
|upkeep
|turn|10
|
|t:|1757911369
|switch|p1a: Iron Moth|Iron Moth|100/100
|-enditem|p1a: Iron Moth|Booster Energy
|-activate|p1a: Iron Moth|ability: Quark Drive|[fromitem]
|-start|p1a: Iron Moth|quarkdrivespa
|move|p2a: Glimmora|Reflect|p2a: Glimmora
|-sidestart|p2: C30league|Reflect
|
|-heal|p2a: Glimmora|51/100|[from] item: Leftovers
|upkeep
|turn|11
|
|t:|1757911386
|move|p1a: Iron Moth|Flash Cannon|p2a: Glimmora
|-supereffective|p2a: Glimmora
|-damage|p2a: Glimmora|0 fnt
|faint|p2a: Glimmora
|
|upkeep
|
|t:|1757911391
|switch|p2a: Dragonite|Dragonite, F|100/100
|turn|12
|
|t:|1757911396
|move|p1a: Iron Moth|Dazzling Gleam|p2a: Dragonite
|-supereffective|p2a: Dragonite
|-damage|p2a: Dragonite|61/100
|-enditem|p2a: Dragonite|Weakness Policy
|-boost|p2a: Dragonite|atk|2|[from] item: Weakness Policy
|-boost|p2a: Dragonite|spa|2|[from] item: Weakness Policy
|move|p2a: Dragonite|Dragon Dance|p2a: Dragonite
|-boost|p2a: Dragonite|atk|1
|-boost|p2a: Dragonite|spe|1
|
|upkeep
|turn|13
|
|t:|1757911418
|move|p2a: Dragonite|Extreme Speed|p1a: Iron Moth
|-damage|p1a: Iron Moth|0 fnt
|faint|p1a: Iron Moth
|-end|p1a: Iron Moth|Quark Drive|[silent]
|
|upkeep
|
|t:|1757911421
|switch|p1a: Zamazenta|Zamazenta|100/100
|-ability|p1a: Zamazenta|Dauntless Shield|boost
|-boost|p1a: Zamazenta|def|1
|turn|14
|
|t:|1757911426
|move|p2a: Dragonite|Dragon Pulse|p1a: Zamazenta
|-damage|p1a: Zamazenta|41/100
|move|p1a: Zamazenta|Play Rough|p2a: Dragonite
|-supereffective|p2a: Dragonite
|-damage|p2a: Dragonite|23/100
|
|-sideend|p2: C30league|Reflect
|upkeep
|turn|15
|
|t:|1757911444
|move|p2a: Dragonite|Dragon Pulse|p1a: Zamazenta
|-damage|p1a: Zamazenta|0 fnt
|faint|p1a: Zamazenta
|
|upkeep
|
|t:|1757911456
|switch|p1a: Dragonite|Dragonite, F|100/100
|turn|16
|
|t:|1757911468
|move|p2a: Dragonite|Extreme Speed|p1a: Dragonite
|-damage|p1a: Dragonite|60/100
|move|p1a: Dragonite|Dragon Claw|p2a: Dragonite
|-supereffective|p2a: Dragonite
|-damage|p2a: Dragonite|0 fnt
|faint|p2a: Dragonite
|
|upkeep
|
|t:|1757911475
|switch|p2a: Zapdos|Zapdos|75/100
|turn|17
|
|t:|1757911485
|move|p2a: Zapdos|Light Screen|p2a: Zapdos
|-sidestart|p2: C30league|move: Light Screen
|move|p1a: Dragonite|Dragon Claw|p2a: Zapdos
|-damage|p2a: Zapdos|15/100
|-status|p1a: Dragonite|par|[from] ability: Static|[of] p2a: Zapdos
|
|upkeep
|turn|18
|
|t:|1757911491
|move|p2a: Zapdos|Hurricane|p1a: Dragonite|[miss]
|-miss|p2a: Zapdos|p1a: Dragonite
|cant|p1a: Dragonite|par
|
|upkeep
|turn|19
|
|t:|1757911493
|move|p2a: Zapdos|Hurricane|p1a: Dragonite
|-damage|p1a: Dragonite|0 fnt
|faint|p1a: Dragonite
|
|upkeep
|
|t:|1757911496
|switch|p1a: Ninetales|Ninetales-Alola, F|52/100 brn
|-weather|Snowscape|[from] ability: Snow Warning|[of] p1a: Ninetales
|turn|20
|
|t:|1757911501
|move|p1a: Ninetales|Aurora Veil|p1a: Ninetales
|-sidestart|p1: flamephoenix5000|move: Aurora Veil
|move|p2a: Zapdos|Heat Wave|p1a: Ninetales
|-supereffective|p1a: Ninetales
|-damage|p1a: Ninetales|24/100 brn
|
|-weather|Snowscape|[upkeep]
|-damage|p1a: Ninetales|18/100 brn|[from] brn
|upkeep
|turn|21
|
|t:|1757911508
|move|p1a: Ninetales|Moonblast|p2a: Zapdos
|-damage|p2a: Zapdos|0 fnt
|faint|p2a: Zapdos
|
|-weather|Snowscape|[upkeep]
|-damage|p1a: Ninetales|12/100 brn|[from] brn
|-sideend|p2: C30league|move: Light Screen
|upkeep
|
|t:|1757911512
|switch|p2a: Ogerpon|Ogerpon-Wellspring, F|100/100
|turn|22
|
|t:|1757911521
|move|p2a: Ogerpon|Ivy Cudgel|p1a: Ninetales|[anim] Ivy Cudgel Water
|-damage|p1a: Ninetales|0 fnt
|faint|p1a: Ninetales
|
|-weather|Snowscape|[upkeep]
|upkeep
|
|t:|1757911531
|switch|p1a: Haxorus|Haxorus, M, shiny|100/100
|turn|23
|
|t:|1757911535
|switch|p2a: Darkrai|Darkrai|100/100
|move|p1a: Haxorus|Dragon Dance|p1a: Haxorus
|-boost|p1a: Haxorus|atk|1
|-boost|p1a: Haxorus|spe|1
|
|-weather|Snowscape|[upkeep]
|upkeep
|turn|24
|
|t:|1757911546
|move|p1a: Haxorus|Close Combat|p2a: Darkrai
|-supereffective|p2a: Darkrai
|-damage|p2a: Darkrai|0 fnt
|-unboost|p1a: Haxorus|def|1
|-unboost|p1a: Haxorus|spd|1
|faint|p2a: Darkrai
|-damage|p1a: Haxorus|91/100|[from] item: Life Orb
|
|-weather|none
|upkeep
|
|t:|1757911549
|switch|p2a: Ogerpon|Ogerpon-Wellspring, F|100/100
|turn|25
|
|t:|1757911555
|-terastallize|p2a: Ogerpon|Water
|detailschange|p2a: Ogerpon|Ogerpon-Wellspring-Tera, F, tera:Water
|-ability|p2a: Ogerpon|Embody Aspect (Wellspring)|boost
|-boost|p2a: Ogerpon|spd|1
|move|p1a: Haxorus|Dragon Claw|p2a: Ogerpon
|-damage|p2a: Ogerpon|8/100
|-damage|p1a: Haxorus|81/100|[from] item: Life Orb
|move|p2a: Ogerpon|Play Rough|p1a: Haxorus
|-supereffective|p1a: Haxorus
|-damage|p1a: Haxorus|13/100
|
|upkeep
|turn|26
|-message|C30league forfeited.
|
|win|flamephoenix5000
|raw|flamephoenix5000's rating: 1232 &rarr; <strong>1258</strong><br />(+26 for winning)
|raw|C30league's rating: 1240 &rarr; <strong>1214</strong><br />(-26 for losing)
|l|‽C30league
|player|p2|
|l|☆flamephoenix5000
|player|p1|
