|j|☆rosasvermellon
|j|☆lacoperon0109
|t:|1757867164
|gametype|singles
|player|p1|rosasvermellon|wattson|1133
|player|p2|lacoperon0109|n|1152
|gen|9
|tier|[Gen 9] OU
|rated|
|rule|HP Percentage Mod: HP is shown in percentages
|rule|Endless Battle Clause: Forcing endless battles is banned
|rule|Species Clause: Limit one of each Pokémon
|rule|OHKO Clause: OHKO moves are banned
|rule|Evasion Items Clause: Evasion items are banned
|rule|Evasion Moves Clause: Evasion moves are banned
|rule|Evasion Abilities Clause: Evasion abilities are banned
|rule|Sleep Moves Clause: Sleep-inducing moves are banned
|clearpoke
|poke|p1|Samurott-Hisui, F|
|poke|p1|Toxtricity-Low-Key, M|
|poke|p1|Gholdengo|
|poke|p1|Rillaboom, F|
|poke|p1|Lokix, M|
|poke|p1|Cinderace, M|
|poke|p2|Alomomola, F|
|poke|p2|Toxapex, M|
|poke|p2|Garganacl, F|
|poke|p2|Amoonguss, F|
|poke|p2|Gliscor, M|
|poke|p2|Pecharunt|
|teampreview
|
|t:|1757867183
|teamsize|p1|6
|teamsize|p2|6
|start
|switch|p1a: Lokix|Lokix, M|100/100
|switch|p2a: Gliscor|Gliscor, M|100/100
|turn|1
|
|t:|1757867192
|switch|p1a: Samurott|Samurott-Hisui, F, shiny|100/100
|move|p2a: Gliscor|Swords Dance|p2a: Gliscor
|-boost|p2a: Gliscor|atk|2
|
|-status|p2a: Gliscor|tox|[from] item: Toxic Orb
|upkeep
|turn|2
|
|t:|1757867200
|move|p1a: Samurott|Aqua Cutter|p2a: Gliscor
|-supereffective|p2a: Gliscor
|-damage|p2a: Gliscor|32/100 tox
|move|p2a: Gliscor|Facade|p1a: Samurott
|-damage|p1a: Samurott|26/100
|
|-heal|p2a: Gliscor|44/100 tox|[from] ability: Poison Heal
|upkeep
|turn|3
|
|t:|1757867209
|move|p2a: Gliscor|Protect|p2a: Gliscor
|-singleturn|p2a: Gliscor|Protect
|move|p1a: Samurott|Aqua Cutter|p2a: Gliscor
|-activate|p2a: Gliscor|move: Protect
|
|-heal|p2a: Gliscor|57/100 tox|[from] ability: Poison Heal
|upkeep
|turn|4
|
|t:|1757867227
|switch|p2a: Toxapex|Toxapex, M|100/100
|-terastallize|p1a: Samurott|Water
|move|p1a: Samurott|Aqua Cutter|p2a: Toxapex
|-resisted|p2a: Toxapex
|-damage|p2a: Toxapex|75/100
|
|-heal|p2a: Toxapex|81/100|[from] item: Black Sludge
|upkeep
|turn|5
|
|t:|1757867238
|move|p1a: Samurott|Ceaseless Edge|p2a: Toxapex
|-damage|p2a: Toxapex|47/100
|-sidestart|p2: lacoperon0109|Spikes
|move|p2a: Toxapex|Toxic|p1a: Samurott
|-status|p1a: Samurott|tox
|
|-heal|p2a: Toxapex|53/100|[from] item: Black Sludge
|-damage|p1a: Samurott|20/100 tox|[from] psn
|upkeep
|turn|6
|
|t:|1757867246
|move|p2a: Toxapex|Baneful Bunker|p2a: Toxapex
|-singleturn|p2a: Toxapex|move: Protect
|move|p1a: Samurott|Ceaseless Edge|p2a: Toxapex
|-activate|p2a: Toxapex|move: Protect
|
|-heal|p2a: Toxapex|60/100|[from] item: Black Sludge
|-damage|p1a: Samurott|7/100 tox|[from] psn
|upkeep
|turn|7
|
|t:|1757867269
|move|p1a: Samurott|Ceaseless Edge|p2a: Toxapex
|-damage|p2a: Toxapex|24/100
|-sidestart|p2: lacoperon0109|Spikes
|move|p2a: Toxapex|Recover|p2a: Toxapex
|-heal|p2a: Toxapex|74/100
|
|-heal|p2a: Toxapex|80/100|[from] item: Black Sludge
|-damage|p1a: Samurott|0 fnt|[from] psn
|faint|p1a: Samurott
|upkeep
|
|t:|1757867277
|switch|p1a: Gholdengo|Gholdengo|100/100
|-item|p1a: Gholdengo|Air Balloon
|turn|8
|
|t:|1757867288
|switch|p2a: Alomomola|Alomomola, F|100/100
|-damage|p2a: Alomomola|84/100|[from] Spikes
|move|p1a: Gholdengo|Thunder Wave|p2a: Alomomola
|-status|p2a: Alomomola|par
|
|-heal|p2a: Alomomola|90/100 par|[from] item: Leftovers
|upkeep
|turn|9
|
|t:|1757867308
|move|p1a: Gholdengo|Hex|p2a: Alomomola
|-damage|p2a: Alomomola|33/100 par
|move|p2a: Alomomola|Flip Turn|p1a: Gholdengo
|-damage|p1a: Gholdengo|80/100
|-enditem|p1a: Gholdengo|Air Balloon
|
|t:|1757867315
|switch|p2a: Garganacl|Garganacl, F|100/100|[from] Flip Turn
|-damage|p2a: Garganacl|84/100|[from] Spikes
|
|-heal|p2a: Garganacl|90/100|[from] item: Leftovers
|upkeep
|turn|10
|
|t:|1757867327
|move|p1a: Gholdengo|Make It Rain|p2a: Garganacl
|-supereffective|p2a: Garganacl
|-damage|p2a: Garganacl|6/100
|-unboost|p1a: Gholdengo|spa|1
|move|p2a: Garganacl|Salt Cure|p1a: Gholdengo
|-resisted|p1a: Gholdengo
|-damage|p1a: Gholdengo|72/100
|-start|p1a: Gholdengo|Salt Cure
|
|-heal|p2a: Garganacl|13/100|[from] item: Leftovers
|-damage|p1a: Gholdengo|47/100|[from] Salt Cure
|upkeep
|turn|11
|
|t:|1757867339
|move|p2a: Garganacl|Protect|p2a: Garganacl
|-singleturn|p2a: Garganacl|Protect
|move|p1a: Gholdengo|Make It Rain|p2a: Garganacl
|-activate|p2a: Garganacl|move: Protect
|
|-heal|p2a: Garganacl|19/100|[from] item: Leftovers
|-damage|p1a: Gholdengo|23/100|[from] Salt Cure
|upkeep
|turn|12
|
|t:|1757867359
|switch|p2a: Alomomola|Alomomola, F|66/100 par
|-damage|p2a: Alomomola|50/100 par|[from] Spikes
|move|p1a: Gholdengo|Make It Rain|p2a: Alomomola
|-resisted|p2a: Alomomola
|-damage|p2a: Alomomola|34/100 par
|-unboost|p1a: Gholdengo|spa|1
|
|-heal|p2a: Alomomola|40/100 par|[from] item: Leftovers
|-damage|p1a: Gholdengo|0 fnt|[from] Salt Cure
|faint|p1a: Gholdengo
|upkeep
|
|t:|1757867369
|switch|p1a: Toxtricity|Toxtricity-Low-Key, M|100/100
|turn|13
|
|t:|1757867373
|switch|p2a: Gliscor|Gliscor, M|57/100 tox
|move|p1a: Toxtricity|Overdrive|p2a: Gliscor
|-immune|p2a: Gliscor
|
|-heal|p2a: Gliscor|69/100 tox|[from] ability: Poison Heal
|upkeep
|turn|14
|
|t:|1757867381
|switch|p1a: Rillaboom|Rillaboom, F|100/100
|-fieldstart|move: Grassy Terrain|[from] ability: Grassy Surge|[of] p1a: Rillaboom
|move|p2a: Gliscor|Swords Dance|p2a: Gliscor
|-boost|p2a: Gliscor|atk|2
|
|-heal|p2a: Gliscor|82/100 tox|[from] ability: Poison Heal
|upkeep
|turn|15
|
|t:|1757867417
|move|p2a: Gliscor|Protect|p2a: Gliscor
|-singleturn|p2a: Gliscor|Protect
|move|p1a: Rillaboom|Fake Out|p2a: Gliscor
|-activate|p2a: Gliscor|move: Protect
|
|-heal|p2a: Gliscor|94/100 tox|[from] ability: Poison Heal
|upkeep
|turn|16
|
|t:|1757867428
|move|p1a: Rillaboom|Drum Beating|p2a: Gliscor
|-damage|p2a: Gliscor|51/100 tox
|-unboost|p2a: Gliscor|spe|1
|move|p2a: Gliscor|Facade|p1a: Rillaboom
|-damage|p1a: Rillaboom|38/100
|
|-heal|p1a: Rillaboom|44/100|[from] Grassy Terrain
|-heal|p2a: Gliscor|64/100 tox|[from] ability: Poison Heal
|upkeep
|turn|17
|
|t:|1757867454
|move|p1a: Rillaboom|Grassy Glide|p2a: Gliscor
|-crit|p2a: Gliscor
|-damage|p2a: Gliscor|24/100 tox
|move|p2a: Gliscor|Swords Dance|p2a: Gliscor
|-boost|p2a: Gliscor|atk|2
|
|-heal|p1a: Rillaboom|50/100|[from] Grassy Terrain
|-heal|p2a: Gliscor|36/100 tox|[from] ability: Poison Heal
|upkeep
|turn|18
|
|t:|1757867463
|move|p2a: Gliscor|Protect|p2a: Gliscor
|-singleturn|p2a: Gliscor|Protect
|move|p1a: Rillaboom|Grassy Glide|p2a: Gliscor
|-activate|p2a: Gliscor|move: Protect
|
|-heal|p1a: Rillaboom|57/100|[from] Grassy Terrain
|-heal|p2a: Gliscor|49/100 tox|[from] ability: Poison Heal
|-fieldend|move: Grassy Terrain
|upkeep
|turn|19
|
|t:|1757867473
|move|p1a: Rillaboom|Grassy Glide|p2a: Gliscor
|-damage|p2a: Gliscor|28/100 tox
|move|p2a: Gliscor|Facade|p1a: Rillaboom
|-damage|p1a: Rillaboom|0 fnt
|faint|p1a: Rillaboom
|
|-heal|p2a: Gliscor|41/100 tox|[from] ability: Poison Heal
|upkeep
|
|t:|1757867496
|switch|p1a: Lokix|Lokix, M|100/100
|turn|20
|
|t:|1757867501
|move|p2a: Gliscor|Protect|p2a: Gliscor
|-singleturn|p2a: Gliscor|Protect
|move|p1a: Lokix|First Impression|p2a: Gliscor
|-activate|p2a: Gliscor|move: Protect
|
|-heal|p2a: Gliscor|53/100 tox|[from] ability: Poison Heal
|upkeep
|turn|21
|
|t:|1757867519
|move|p1a: Lokix|U-turn|p2a: Gliscor
|-resisted|p2a: Gliscor
|-damage|p2a: Gliscor|22/100 tox
|-damage|p1a: Lokix|91/100|[from] item: Life Orb
|
|t:|1757867525
|switch|p1a: Cinderace|Cinderace, M|100/100|[from] U-turn
|move|p2a: Gliscor|Facade|p1a: Cinderace
|-damage|p1a: Cinderace|0 fnt
|faint|p1a: Cinderace
|
|-heal|p2a: Gliscor|35/100 tox|[from] ability: Poison Heal
|upkeep
|
|t:|1757867528
|switch|p1a: Lokix|Lokix, M|91/100
|turn|22
|
|t:|1757867535
|move|p2a: Gliscor|Protect|p2a: Gliscor
|-singleturn|p2a: Gliscor|Protect
|move|p1a: Lokix|First Impression|p2a: Gliscor
|-activate|p2a: Gliscor|move: Protect
|
|-heal|p2a: Gliscor|47/100 tox|[from] ability: Poison Heal
|upkeep
|turn|23
|
|t:|1757867543
|move|p1a: Lokix|Knock Off|p2a: Gliscor
|-damage|p2a: Gliscor|7/100 tox
|-enditem|p2a: Gliscor|Toxic Orb|[from] move: Knock Off|[of] p1a: Lokix
|-damage|p1a: Lokix|81/100|[from] item: Life Orb
|move|p2a: Gliscor|Facade|p1a: Lokix
|-damage|p1a: Lokix|0 fnt
|faint|p1a: Lokix
|
|-heal|p2a: Gliscor|19/100 tox|[from] ability: Poison Heal
|upkeep
|
|t:|1757867556
|switch|p1a: Toxtricity|Toxtricity-Low-Key, M|100/100
|turn|24
|
|t:|1757867558
|move|p2a: Gliscor|Protect|p2a: Gliscor
|-singleturn|p2a: Gliscor|Protect
|move|p1a: Toxtricity|Psychic Noise|p2a: Gliscor
|-activate|p2a: Gliscor|move: Protect
|
|-heal|p2a: Gliscor|32/100 tox|[from] ability: Poison Heal
|upkeep
|turn|25
|
|t:|1757867573
|move|p1a: Toxtricity|Psychic Noise|p2a: Gliscor
|-damage|p2a: Gliscor|2/100 tox
|-start|p2a: Gliscor|move: Heal Block
|-enditem|p1a: Toxtricity|Throat Spray
|-boost|p1a: Toxtricity|spa|1|[from] item: Throat Spray
|move|p2a: Gliscor|Facade|p1a: Toxtricity
|-damage|p1a: Toxtricity|0 fnt
|faint|p1a: Toxtricity
|
|win|lacoperon0109
|raw|rosasvermellon's rating: 1133 &rarr; <strong>1109</strong><br />(-24 for losing)
|raw|lacoperon0109's rating: 1152 &rarr; <strong>1176</strong><br />(+24 for winning)
|l|☆rosasvermellon
|player|p1|
|l|☆lacoperon0109
|player|p2|
