|j|☆Corbinight
|j|☆yfoyflxitgcxkucjn
|t:|1757828715
|gametype|singles
|player|p1|Corbinight|ethan|1149
|player|p2|yfoyflxitgcxkucjn|elesa|1127
|gen|9
|tier|[Gen 9] OU
|rated|
|rule|HP Percentage Mod: HP is shown in percentages
|rule|Endless Battle Clause: Forcing endless battles is banned
|rule|Species Clause: Limit one of each Pokémon
|rule|OHKO Clause: OHKO moves are banned
|rule|Evasion Items Clause: Evasion items are banned
|rule|Evasion Moves Clause: Evasion moves are banned
|rule|Evasion Abilities Clause: Evasion abilities are banned
|rule|Sleep Moves Clause: Sleep-inducing moves are banned
|clearpoke
|poke|p1|Dragonite, F|
|poke|p1|Donphan, F|
|poke|p1|Umbreon, M|
|poke|p1|Typhlosion, F|
|poke|p1|Rotom-Wash|
|poke|p1|Corviknight, F|
|poke|p2|Cloyster, M|
|poke|p2|Tornadus-Therian, M|
|poke|p2|Hatterene, F|
|poke|p2|Clodsire, M|
|poke|p2|Skeledirge, F|
|poke|p2|Great Tusk|
|teampreview
|
|t:|1757828724
|teamsize|p1|6
|teamsize|p2|6
|start
|switch|p1a: Typhlosion|Typhlosion, F|100/100
|switch|p2a: Cloyster|Cloyster, M|100/100
|turn|1
|
|t:|1757828730
|move|p2a: Cloyster|Protect|p2a: Cloyster
|-singleturn|p2a: Cloyster|Protect
|move|p1a: Typhlosion|Eruption|p2a: Cloyster
|-activate|p2a: Cloyster|move: Protect
|
|upkeep
|turn|2
|
|t:|1757828745
|switch|p2a: Skeledirge|Skeledirge, F|100/100
|move|p1a: Typhlosion|Eruption|p2a: Skeledirge
|-resisted|p2a: Skeledirge
|-damage|p2a: Skeledirge|62/100
|
|upkeep
|turn|3
|
|t:|1757828758
|switch|p1a: Umbreon|Umbreon, M|100/100
|move|p2a: Skeledirge|Slack Off|p2a: Skeledirge
|-heal|p2a: Skeledirge|100/100
|
|upkeep
|turn|4
|
|t:|1757828765
|switch|p2a: Hatterene|Hatterene, F|100/100
|move|p1a: Umbreon|Curse|p1a: Umbreon
|-unboost|p1a: Umbreon|spe|1
|-boost|p1a: Umbreon|atk|1
|-boost|p1a: Umbreon|def|1
|
|upkeep
|turn|5
|
|t:|1757828770
|switch|p1a: Corviknight|Corviknight, F|100/100
|move|p2a: Hatterene|Draining Kiss|p1a: Corviknight
|-resisted|p1a: Corviknight
|-damage|p1a: Corviknight|87/100
|
|-heal|p1a: Corviknight|93/100|[from] item: Leftovers
|upkeep
|turn|6
|
|t:|1757828780
|switch|p2a: Skeledirge|Skeledirge, F|100/100
|move|p1a: Corviknight|Brave Bird|p2a: Skeledirge
|-damage|p2a: Skeledirge|70/100
|-damage|p1a: Corviknight|83/100|[from] Recoil
|
|-heal|p1a: Corviknight|89/100|[from] item: Leftovers
|upkeep
|turn|7
|
|t:|1757828785
|switch|p1a: Umbreon|Umbreon, M|100/100
|move|p2a: Skeledirge|Torch Song|p1a: Umbreon
|-damage|p1a: Umbreon|86/100
|-boost|p2a: Skeledirge|spa|1
|
|-heal|p1a: Umbreon|92/100|[from] item: Leftovers
|upkeep
|turn|8
|
|t:|1757828795
|switch|p2a: Clodsire|Clodsire, M|100/100
|move|p1a: Umbreon|Crunch|p2a: Clodsire
|-crit|p2a: Clodsire
|-damage|p2a: Clodsire|69/100
|
|-heal|p1a: Umbreon|98/100|[from] item: Leftovers
|-heal|p2a: Clodsire|75/100|[from] item: Black Sludge
|upkeep
|turn|9
|
|t:|1757828804
|switch|p1a: Rotom|Rotom-Wash|100/100
|move|p2a: Clodsire|Toxic|p1a: Rotom
|-status|p1a: Rotom|tox
|
|-heal|p2a: Clodsire|82/100|[from] item: Black Sludge
|-damage|p1a: Rotom|94/100 tox|[from] psn
|upkeep
|turn|10
|
|t:|1757828813
|move|p1a: Rotom|Hydro Pump|p2a: Clodsire
|-heal|p2a: Clodsire|100/100|[from] ability: Water Absorb|[of] p1a: Rotom
|move|p2a: Clodsire|Stealth Rock|p1a: Rotom
|-sidestart|p1: Corbinight|move: Stealth Rock
|
|-heal|p1a: Rotom|100/100 tox|[from] item: Leftovers
|-damage|p1a: Rotom|88/100 tox|[from] psn
|upkeep
|turn|11
|c|☆Corbinight|mb
|
|t:|1757828833
|switch|p1a: Corviknight|Corviknight, F|89/100
|-damage|p1a: Corviknight|76/100|[from] Stealth Rock
|move|p2a: Clodsire|Toxic|p1a: Corviknight
|-immune|p1a: Corviknight
|
|-heal|p1a: Corviknight|83/100|[from] item: Leftovers
|upkeep
|turn|12
|
|t:|1757828840
|switch|p2a: Skeledirge|Skeledirge, F|70/100
|move|p1a: Corviknight|Defog|p2a: Skeledirge
|-unboost|p2a: Skeledirge|evasion|1
|-sideend|p1: Corbinight|Stealth Rock|[from] move: Defog|[of] p1a: Corviknight
|
|-heal|p1a: Corviknight|89/100|[from] item: Leftovers
|upkeep
|turn|13
|
|t:|1757828847
|switch|p1a: Typhlosion|Typhlosion, F|100/100
|move|p2a: Skeledirge|Torch Song|p1a: Typhlosion
|-start|p1a: Typhlosion|ability: Flash Fire
|
|upkeep
|turn|14
|
|t:|1757828861
|move|p1a: Typhlosion|Eruption|p2a: Skeledirge
|-resisted|p2a: Skeledirge
|-damage|p2a: Skeledirge|16/100
|move|p2a: Skeledirge|Hex|p1a: Typhlosion
|-damage|p1a: Typhlosion|69/100
|
|upkeep
|turn|15
|
|t:|1757828868
|switch|p2a: Clodsire|Clodsire, M|100/100
|move|p1a: Typhlosion|Eruption|p2a: Clodsire
|-damage|p2a: Clodsire|41/100
|
|-heal|p2a: Clodsire|47/100|[from] item: Black Sludge
|upkeep
|turn|16
|
|t:|1757828878
|move|p1a: Typhlosion|Eruption|p2a: Clodsire
|-damage|p2a: Clodsire|0 fnt
|faint|p2a: Clodsire
|
|upkeep
|
|t:|1757828883
|switch|p2a: Tornadus|Tornadus-Therian, M|100/100
|turn|17
|
|t:|1757828892
|-end|p1a: Typhlosion|ability: Flash Fire|[silent]
|switch|p1a: Rotom|Rotom-Wash|88/100 tox
|move|p2a: Tornadus|Protect||[still]
|-fail|p2a: Tornadus
|
|-heal|p1a: Rotom|94/100 tox|[from] item: Leftovers
|-damage|p1a: Rotom|88/100 tox|[from] psn
|upkeep
|turn|18
|
|t:|1757828905
|move|p2a: Tornadus|U-turn|p1a: Rotom
|-damage|p1a: Rotom|74/100 tox
|
|t:|1757828910
|switch|p2a: Great Tusk|Great Tusk|100/100|[from] U-turn
|-enditem|p2a: Great Tusk|Booster Energy
|-activate|p2a: Great Tusk|ability: Protosynthesis|[fromitem]
|-start|p2a: Great Tusk|protosynthesisatk
|move|p1a: Rotom|Volt Switch|p2a: Great Tusk
|-immune|p2a: Great Tusk
|
|-heal|p1a: Rotom|80/100 tox|[from] item: Leftovers
|-damage|p1a: Rotom|67/100 tox|[from] psn
|upkeep
|turn|19
|
|t:|1757828921
|move|p2a: Great Tusk|Close Combat|p1a: Rotom
|-damage|p1a: Rotom|0 fnt
|-unboost|p2a: Great Tusk|def|1
|-unboost|p2a: Great Tusk|spd|1
|faint|p1a: Rotom
|
|upkeep
|
|t:|1757828930
|switch|p1a: Corviknight|Corviknight, F|89/100
|turn|20
|
|t:|1757828934
|-end|p2a: Great Tusk|Protosynthesis|[silent]
|switch|p2a: Cloyster|Cloyster, M|100/100
|move|p1a: Corviknight|Brave Bird|p2a: Cloyster
|-damage|p2a: Cloyster|68/100
|-damage|p1a: Corviknight|82/100|[from] Recoil
|
|-heal|p1a: Corviknight|89/100|[from] item: Leftovers
|upkeep
|turn|21
|
|t:|1757828939
|move|p2a: Cloyster|Shell Smash|p2a: Cloyster
|-unboost|p2a: Cloyster|def|1
|-unboost|p2a: Cloyster|spd|1
|-boost|p2a: Cloyster|atk|2
|-boost|p2a: Cloyster|spa|2
|-boost|p2a: Cloyster|spe|2
|-enditem|p2a: Cloyster|White Herb
|-clearnegativeboost|p2a: Cloyster|[silent]
|move|p1a: Corviknight|Iron Head|p2a: Cloyster
|-damage|p2a: Cloyster|47/100
|
|-heal|p1a: Corviknight|95/100|[from] item: Leftovers
|upkeep
|turn|22
|
|t:|1757828956
|move|p2a: Cloyster|Icicle Spear|p1a: Corviknight
|-damage|p1a: Corviknight|81/100
|-damage|p1a: Corviknight|68/100
|-damage|p1a: Corviknight|53/100
|-damage|p1a: Corviknight|39/100
|-damage|p1a: Corviknight|25/100
|-hitcount|p1a: Corviknight|5
|move|p1a: Corviknight|Brave Bird|p2a: Cloyster
|-damage|p2a: Cloyster|18/100
|-damage|p1a: Corviknight|19/100|[from] Recoil
|
|-heal|p1a: Corviknight|26/100|[from] item: Leftovers
|upkeep
|turn|23
|
|t:|1757828965
|move|p2a: Cloyster|Icicle Spear|p1a: Corviknight
|-damage|p1a: Corviknight|11/100
|-damage|p1a: Corviknight|0 fnt
|faint|p1a: Corviknight
|-hitcount|p1: Corviknight|2
|
|upkeep
|
|t:|1757828968
|switch|p1a: Dragonite|Dragonite, F|100/100
|turn|24
|
|t:|1757828974
|move|p1a: Dragonite|Extreme Speed|p2a: Cloyster
|-damage|p2a: Cloyster|0 fnt
|faint|p2a: Cloyster
|
|upkeep
|
|t:|1757828980
|switch|p2a: Great Tusk|Great Tusk|100/100
|turn|25
|
|t:|1757828986
|move|p2a: Great Tusk|Rapid Spin|p1a: Dragonite
|-damage|p1a: Dragonite|90/100
|-boost|p2a: Great Tusk|spe|1
|move|p1a: Dragonite|Dragon Dance|p1a: Dragonite
|-boost|p1a: Dragonite|atk|1
|-boost|p1a: Dragonite|spe|1
|
|upkeep
|turn|26
|
|t:|1757828993
|move|p2a: Great Tusk|Ice Spinner|p1a: Dragonite
|-supereffective|p1a: Dragonite
|-damage|p1a: Dragonite|0 fnt
|faint|p1a: Dragonite
|
|upkeep
|
|t:|1757829000
|switch|p1a: Umbreon|Umbreon, M|98/100
|turn|27
|
|t:|1757829004
|move|p2a: Great Tusk|Close Combat|p1a: Umbreon
|-supereffective|p1a: Umbreon
|-damage|p1a: Umbreon|0 fnt
|-unboost|p2a: Great Tusk|def|1
|-unboost|p2a: Great Tusk|spd|1
|faint|p1a: Umbreon
|
|upkeep
|
|t:|1757829009
|switch|p1a: Donphan|Donphan, F|100/100
|turn|28
|
|t:|1757829014
|move|p2a: Great Tusk|Ice Spinner|p1a: Donphan
|-supereffective|p1a: Donphan
|-damage|p1a: Donphan|55/100
|-enditem|p1a: Donphan|Red Card|[of] p2a: Great Tusk
|-end|p2a: Great Tusk|Protosynthesis|[silent]
|drag|p2a: Skeledirge|Skeledirge, F|16/100
|move|p1a: Donphan|Stone Edge|p2a: Skeledirge|[miss]
|-miss|p1a: Donphan|p2a: Skeledirge
|
|upkeep
|turn|29
|
|t:|1757829024
|move|p2a: Skeledirge|Slack Off|p2a: Skeledirge
|-heal|p2a: Skeledirge|66/100
|move|p1a: Donphan|Stone Edge|p2a: Skeledirge
|-supereffective|p2a: Skeledirge
|-damage|p2a: Skeledirge|3/100
|
|upkeep
|turn|30
|
|t:|1757829030
|-terastallize|p2a: Skeledirge|Dark
|move|p2a: Skeledirge|Slack Off|p2a: Skeledirge
|-heal|p2a: Skeledirge|54/100
|move|p1a: Donphan|Stone Edge|p2a: Skeledirge
|-damage|p2a: Skeledirge|23/100
|
|upkeep
|turn|31
|
|t:|1757829037
|move|p2a: Skeledirge|Slack Off|p2a: Skeledirge
|-heal|p2a: Skeledirge|73/100
|move|p1a: Donphan|Earthquake|p2a: Skeledirge
|-damage|p2a: Skeledirge|29/100
|
|upkeep
|turn|32
|
|t:|1757829042
|move|p2a: Skeledirge|Slack Off|p2a: Skeledirge
|-heal|p2a: Skeledirge|79/100
|move|p1a: Donphan|Stone Edge|p2a: Skeledirge|[miss]
|-miss|p1a: Donphan|p2a: Skeledirge
|
|upkeep
|turn|33
|
|t:|1757829049
|switch|p1a: Typhlosion|Typhlosion, F|69/100
|move|p2a: Skeledirge|Will-O-Wisp|p1a: Typhlosion
|-start|p1a: Typhlosion|ability: Flash Fire
|
|upkeep
|turn|34
|
|t:|1757829057
|switch|p2a: Hatterene|Hatterene, F|100/100
|move|p1a: Typhlosion|Eruption|p2a: Hatterene
|-damage|p2a: Hatterene|0 fnt
|faint|p2a: Hatterene
|
|upkeep
|
|t:|1757829062
|switch|p2a: Great Tusk|Great Tusk|100/100
|turn|35
|
|t:|1757829068
|move|p1a: Typhlosion|Eruption|p2a: Great Tusk
|-damage|p2a: Great Tusk|0 fnt
|faint|p2a: Great Tusk
|-end|p2a: Great Tusk|Protosynthesis|[silent]
|
|upkeep
|
|t:|1757829071
|switch|p2a: Tornadus|Tornadus-Therian, M|100/100
|turn|36
|
|t:|1757829073
|move|p2a: Tornadus|U-turn|p1a: Typhlosion
|-resisted|p1a: Typhlosion
|-damage|p1a: Typhlosion|59/100
|
|t:|1757829076
|switch|p2a: Skeledirge|Skeledirge, F, tera:Dark|79/100|[from] U-turn
|move|p1a: Typhlosion|Eruption|p2a: Skeledirge
|-damage|p2a: Skeledirge|11/100
|
|upkeep
|turn|37
|
|t:|1757829081
|-end|p1a: Typhlosion|ability: Flash Fire|[silent]
|switch|p1a: Donphan|Donphan, F|55/100
|move|p2a: Skeledirge|Hex|p1a: Donphan
|-damage|p1a: Donphan|21/100
|
|upkeep
|turn|38
|
|t:|1757829087
|move|p2a: Skeledirge|Slack Off|p2a: Skeledirge
|-heal|p2a: Skeledirge|61/100
|move|p1a: Donphan|Stone Edge|p2a: Skeledirge
|-damage|p2a: Skeledirge|29/100
|
|upkeep
|turn|39
|
|t:|1757829092
|move|p2a: Skeledirge|Slack Off|p2a: Skeledirge
|-heal|p2a: Skeledirge|79/100
|move|p1a: Donphan|Earthquake|p2a: Skeledirge
|-damage|p2a: Skeledirge|37/100
|
|upkeep
|turn|40
|
|t:|1757829096
|move|p2a: Skeledirge|Torch Song|p1a: Donphan
|-damage|p1a: Donphan|0 fnt
|-boost|p2a: Skeledirge|spa|1
|faint|p1a: Donphan
|
|upkeep
|
|t:|1757829099
|switch|p1a: Typhlosion|Typhlosion, F|59/100
|turn|41
|
|t:|1757829104
|move|p1a: Typhlosion|Flamethrower|p2a: Skeledirge
|-damage|p2a: Skeledirge|0 fnt
|faint|p2a: Skeledirge
|
|upkeep
|
|t:|1757829108
|switch|p2a: Tornadus|Tornadus-Therian, M|100/100
|turn|42
|
|t:|1757829111
|move|p2a: Tornadus|Bleakwind Storm|p1a: Typhlosion
|-damage|p1a: Typhlosion|0 fnt
|faint|p1a: Typhlosion
|
|win|yfoyflxitgcxkucjn
|raw|Corbinight's rating: 1149 &rarr; <strong>1122</strong><br />(-27 for losing)
|raw|yfoyflxitgcxkucjn's rating: 1127 &rarr; <strong>1154</strong><br />(+27 for winning)
|l|☆Corbinight
|player|p1|
|l|☆yfoyflxitgcxkucjn
|player|p2|
