|j|☆mlap3000
|j|☆Mega Belibolt
|t:|1757955712
|gametype|singles
|player|p1|mlap3000|volkner|1393
|player|p2|Mega Belibolt|265|1442
|gen|9
|tier|[Gen 9] OU
|rated|
|rule|HP Percentage Mod: HP is shown in percentages
|rule|Endless Battle Clause: Forcing endless battles is banned
|rule|Species Clause: Limit one of each Pokémon
|rule|OHKO Clause: OHKO moves are banned
|rule|Evasion Items Clause: Evasion items are banned
|rule|Evasion Moves Clause: Evasion moves are banned
|rule|Evasion Abilities Clause: Evasion abilities are banned
|rule|Sleep Moves Clause: Sleep-inducing moves are banned
|clearpoke
|poke|p1|Primarina, F|
|poke|p1|Cinderace, M|
|poke|p1|Zamazenta-*|
|poke|p1|Gliscor, M|
|poke|p1|Dragonite, M|
|poke|p1|Darkrai|
|poke|p2|Iron Crown|
|poke|p2|Zamazenta-*|
|poke|p2|Entei|
|poke|p2|Lycanroc-Dusk, F|
|poke|p2|Iron Boulder|
|poke|p2|Raikou|
|teampreview
|inactive|Battle timer is ON: inactive players will automatically lose when time's up. (requested by Mega Belibolt)
|
|t:|1757955734
|teamsize|p1|6
|teamsize|p2|6
|start
|switch|p1a: Gliscor|Gliscor, M|100/100
|switch|p2a: Tough Pup|Lycanroc-Dusk, F|100/100
|turn|1
|
|t:|1757955743
|move|p2a: Tough Pup|Stealth Rock|p1a: Gliscor
|-sidestart|p1: mlap3000|move: Stealth Rock
|move|p1a: Gliscor|Earthquake|p2a: Tough Pup
|-supereffective|p2a: Tough Pup
|-enditem|p2a: Tough Pup|Focus Sash
|-damage|p2a: Tough Pup|1/100
|
|-status|p1a: Gliscor|tox|[from] item: Toxic Orb
|upkeep
|turn|2
|
|t:|1757955751
|move|p2a: Tough Pup|Reversal|p1a: Gliscor
|-resisted|p1a: Gliscor
|-damage|p1a: Gliscor|71/100 tox
|move|p1a: Gliscor|Knock Off|p2a: Tough Pup
|-damage|p2a: Tough Pup|0 fnt
|faint|p2a: Tough Pup
|
|-heal|p1a: Gliscor|83/100 tox|[from] ability: Poison Heal
|upkeep
|
|t:|1757955780
|switch|p2a: Iron Pet|Iron Crown|100/100
|-enditem|p2a: Iron Pet|Booster Energy
|-activate|p2a: Iron Pet|ability: Quark Drive|[fromitem]
|-start|p2a: Iron Pet|quarkdrivespe
|turn|3
|
|t:|1757955794
|move|p2a: Iron Pet|Iron Defense|p2a: Iron Pet
|-boost|p2a: Iron Pet|def|2
|move|p1a: Gliscor|Earthquake|p2a: Iron Pet
|-supereffective|p2a: Iron Pet
|-damage|p2a: Iron Pet|69/100
|
|-heal|p1a: Gliscor|96/100 tox|[from] ability: Poison Heal
|upkeep
|turn|4
|
|t:|1757955815
|move|p2a: Iron Pet|Iron Defense|p2a: Iron Pet
|-boost|p2a: Iron Pet|def|2
|move|p1a: Gliscor|Earthquake|p2a: Iron Pet
|-supereffective|p2a: Iron Pet
|-damage|p2a: Iron Pet|48/100
|
|-heal|p1a: Gliscor|100/100 tox|[from] ability: Poison Heal
|upkeep
|turn|5
|
|t:|1757955825
|move|p2a: Iron Pet|Iron Defense|p2a: Iron Pet
|-boost|p2a: Iron Pet|def|2
|move|p1a: Gliscor|Earthquake|p2a: Iron Pet
|-supereffective|p2a: Iron Pet
|-damage|p2a: Iron Pet|30/100
|
|upkeep
|turn|6
|
|t:|1757955834
|move|p2a: Iron Pet|Calm Mind|p2a: Iron Pet
|-boost|p2a: Iron Pet|spa|1
|-boost|p2a: Iron Pet|spd|1
|move|p1a: Gliscor|Earthquake|p2a: Iron Pet
|-supereffective|p2a: Iron Pet
|-damage|p2a: Iron Pet|13/100
|
|upkeep
|turn|7
|
|t:|1757955842
|move|p2a: Iron Pet|Stored Power|p1a: Gliscor
|-damage|p1a: Gliscor|0 fnt
|faint|p1a: Gliscor
|
|upkeep
|inactive|mlap3000 has 120 seconds left.
|
|t:|1757955885
|switch|p1a: Primarina|Primarina, F|100/100
|-damage|p1a: Primarina|88/100|[from] Stealth Rock
|turn|8
|
|t:|1757955907
|-terastallize|p1a: Primarina|Steel
|move|p2a: Iron Pet|Stored Power|p1a: Primarina
|-resisted|p1a: Primarina
|-damage|p1a: Primarina|48/100
|move|p1a: Primarina|Shadow Ball|p2a: Iron Pet
|-supereffective|p2a: Iron Pet
|-damage|p2a: Iron Pet|0 fnt
|faint|p2a: Iron Pet
|-end|p2a: Iron Pet|Quark Drive|[silent]
|
|upkeep
|inactive|Mega Belibolt has 120 seconds left.
|
|t:|1757955928
|switch|p2a: Weloveyoudawg|Iron Boulder|100/100
|-enditem|p2a: Weloveyoudawg|Booster Energy
|-activate|p2a: Weloveyoudawg|ability: Quark Drive|[fromitem]
|-start|p2a: Weloveyoudawg|quarkdrivespe
|turn|9
|
|t:|1757955933
|move|p2a: Weloveyoudawg|Earthquake|p1a: Primarina
|-supereffective|p1a: Primarina
|-damage|p1a: Primarina|0 fnt
|faint|p1a: Primarina
|
|upkeep
|
|t:|1757955940
|switch|p1a: 16 bron|Zamazenta|100/100
|-damage|p1a: 16 bron|94/100|[from] Stealth Rock
|-ability|p1a: 16 bron|Dauntless Shield|boost
|-boost|p1a: 16 bron|def|1
|turn|10
|inactive|mlap3000 has 120 seconds left.
|inactive|Mega Belibolt has 120 seconds left.
|l|☆Mega Belibolt
|inactive|Mega Belibolt disconnected and has a minute to reconnect!
|player|p2|
|inactive|Mega Belibolt has 30 seconds to reconnect!
|j|☆Mega Belibolt
|inactive|Mega Belibolt reconnected and has 85 seconds left.
|player|p2|Mega Belibolt|265|
|
|t:|1757956016
|-terastallize|p2a: Weloveyoudawg|Flying
|move|p2a: Weloveyoudawg|Swords Dance|p2a: Weloveyoudawg
|-boost|p2a: Weloveyoudawg|atk|2
|move|p1a: 16 bron|Body Press|p2a: Weloveyoudawg
|-resisted|p2a: Weloveyoudawg
|-damage|p2a: Weloveyoudawg|67/100
|
|-heal|p1a: 16 bron|100/100|[from] item: Leftovers
|upkeep
|turn|11
|
|t:|1757956027
|move|p2a: Weloveyoudawg|Close Combat|p1a: 16 bron
|-damage|p1a: 16 bron|61/100
|-unboost|p2a: Weloveyoudawg|def|1
|-unboost|p2a: Weloveyoudawg|spd|1
|move|p1a: 16 bron|Iron Defense|p1a: 16 bron
|-boost|p1a: 16 bron|def|2
|
|-heal|p1a: 16 bron|68/100|[from] item: Leftovers
|upkeep
|turn|12
|
|t:|1757956038
|move|p2a: Weloveyoudawg|Close Combat|p1a: 16 bron
|-damage|p1a: 16 bron|44/100
|-unboost|p2a: Weloveyoudawg|def|1
|-unboost|p2a: Weloveyoudawg|spd|1
|move|p1a: 16 bron|Body Press|p2a: Weloveyoudawg
|-resisted|p2a: Weloveyoudawg
|-damage|p2a: Weloveyoudawg|0 fnt
|faint|p2a: Weloveyoudawg
|-end|p2a: Weloveyoudawg|Quark Drive|[silent]
|
|-heal|p1a: 16 bron|50/100|[from] item: Leftovers
|upkeep
|
|t:|1757956045
|switch|p2a: Not a Cat|Entei|100/100
|-item|p2a: Not a Cat|Air Balloon
|turn|13
|
|t:|1757956050
|move|p1a: 16 bron|Body Press|p2a: Not a Cat
|-damage|p2a: Not a Cat|14/100
|-enditem|p2a: Not a Cat|Air Balloon
|move|p2a: Not a Cat|Trailblaze|p1a: 16 bron
|-damage|p1a: 16 bron|46/100
|-boost|p2a: Not a Cat|spe|1
|
|-heal|p1a: 16 bron|52/100|[from] item: Leftovers
|upkeep
|turn|14
|
|t:|1757956059
|move|p2a: Not a Cat|Sacred Fire|p1a: 16 bron
|-damage|p1a: 16 bron|38/100
|-status|p1a: 16 bron|brn
|move|p1a: 16 bron|Body Press|p2a: Not a Cat
|-damage|p2a: Not a Cat|0 fnt
|faint|p2a: Not a Cat
|
|-heal|p1a: 16 bron|44/100 brn|[from] item: Leftovers
|-damage|p1a: 16 bron|38/100 brn|[from] brn
|upkeep
|inactive|Mega Belibolt has 90 seconds left.
|
|t:|1757956085
|switch|p2a: Thunderous Roar|Raikou|100/100
|turn|15
|
|t:|1757956090
|move|p1a: 16 bron|Body Press|p2a: Thunderous Roar
|-damage|p2a: Thunderous Roar|42/100
|move|p2a: Thunderous Roar|Thunderbolt|p1a: 16 bron
|-damage|p1a: 16 bron|7/100 brn
|
|-heal|p1a: 16 bron|13/100 brn|[from] item: Leftovers
|-heal|p2a: Thunderous Roar|48/100|[from] item: Leftovers
|-damage|p1a: 16 bron|7/100 brn|[from] brn
|upkeep
|turn|16
|inactive|Mega Belibolt has 90 seconds left.
|
|t:|1757956098
|move|p1a: 16 bron|Body Press|p2a: Thunderous Roar
|-damage|p2a: Thunderous Roar|0 fnt
|faint|p2a: Thunderous Roar
|
|-heal|p1a: 16 bron|13/100 brn|[from] item: Leftovers
|-damage|p1a: 16 bron|7/100 brn|[from] brn
|upkeep
|
|t:|1757956100
|switch|p2a: Feral Dog|Zamazenta|100/100
|-ability|p2a: Feral Dog|Dauntless Shield|boost
|-boost|p2a: Feral Dog|def|1
|turn|17
|
|t:|1757956120
|move|p2a: Feral Dog|Stone Edge|p1a: 16 bron|[miss]
|-miss|p2a: Feral Dog|p1a: 16 bron
|move|p1a: 16 bron|Body Press|p2a: Feral Dog
|-damage|p2a: Feral Dog|74/100
|
|-heal|p1a: 16 bron|13/100 brn|[from] item: Leftovers
|-damage|p1a: 16 bron|7/100 brn|[from] brn
|upkeep
|turn|18
|
|t:|1757956130
|move|p2a: Feral Dog|Stone Edge|p1a: 16 bron
|-resisted|p1a: 16 bron
|-damage|p1a: 16 bron|0 fnt
|faint|p1a: 16 bron
|
|upkeep
|
|t:|1757956136
|switch|p1a: Cinderace|Cinderace, M|100/100
|turn|19
|inactive|mlap3000 has 120 seconds left.
|
|t:|1757956199
|move|p2a: Feral Dog|Stone Edge|p1a: Cinderace
|-supereffective|p1a: Cinderace
|-damage|p1a: Cinderace|0 fnt
|faint|p1a: Cinderace
|
|upkeep
|
|t:|1757956208
|switch|p1a: wardell|Darkrai|100/100
|turn|20
|
|t:|1757956214
|move|p2a: Feral Dog|Stone Edge|p1a: wardell
|-damage|p1a: wardell|38/100
|move|p1a: wardell|Psyshock|p2a: Feral Dog
|-supereffective|p2a: Feral Dog
|-damage|p2a: Feral Dog|35/100
|
|upkeep
|turn|21
|
|t:|1757956223
|move|p2a: Feral Dog|Stone Edge|p1a: wardell
|-damage|p1a: wardell|0 fnt
|faint|p1a: wardell
|
|upkeep
|
|t:|1757956227
|switch|p1a: Dragonite|Dragonite, M|100/100
|-damage|p1a: Dragonite|76/100|[from] Stealth Rock
|turn|22
|
|t:|1757956235
|move|p2a: Feral Dog|Stone Edge|p1a: Dragonite
|-supereffective|p1a: Dragonite
|-crit|p1a: Dragonite
|-damage|p1a: Dragonite|0 fnt
|faint|p1a: Dragonite
|
|win|Mega Belibolt
|raw|mlap3000's rating: 1393 &rarr; <strong>1376</strong><br />(-17 for losing)
|raw|Mega Belibolt's rating: 1442 &rarr; <strong>1459</strong><br />(+17 for winning)
|l|☆mlap3000
|player|p1|
