|j|☆preppy dude
|j|☆9xE
|t:|1757810401
|gametype|singles
|player|p1|preppy dude|102|1103
|player|p2|9xE|saturn|1122
|gen|9
|tier|[Gen 9] OU
|rated|
|rule|HP Percentage Mod: HP is shown in percentages
|rule|Endless Battle Clause: Forcing endless battles is banned
|rule|Species Clause: Limit one of each Pokémon
|rule|OHKO Clause: OHKO moves are banned
|rule|Evasion Items Clause: Evasion items are banned
|rule|Evasion Moves Clause: Evasion moves are banned
|rule|Evasion Abilities Clause: Evasion abilities are banned
|rule|Sleep Moves Clause: Sleep-inducing moves are banned
|clearpoke
|poke|p1|Zapdos|
|poke|p1|Golem, M|
|poke|p1|Arbok, F|
|poke|p1|Hitmonchan, M|
|poke|p1|Magneton|
|poke|p1|Dodrio, M|
|poke|p2|Iron Moth|
|poke|p2|Azelf|
|poke|p2|Scream Tail|
|poke|p2|Weavile, M|
|poke|p2|Blissey, F|
|poke|p2|Great Tusk|
|teampreview
|inactive|Battle timer is ON: inactive players will automatically lose when time's up. (requested by 9xE)
|
|t:|1757810418
|teamsize|p1|6
|teamsize|p2|6
|start
|switch|p1a: Golem|Golem, M|100/100
|switch|p2a: Silly lil goober|Azelf|100/100
|turn|1
|
|t:|1757810426
|move|p2a: Silly lil goober|Thunder Wave|p1a: Golem
|-immune|p1a: Golem
|move|p1a: Golem|Rock Blast|p2a: Silly lil goober
|-damage|p2a: Silly lil goober|82/100
|-damage|p2a: Silly lil goober|64/100
|-damage|p2a: Silly lil goober|45/100
|-hitcount|p2a: Silly lil goober|3
|
|upkeep
|turn|2
|
|t:|1757810437
|move|p2a: Silly lil goober|Stealth Rock|p1a: Golem
|-sidestart|p1: preppy dude|move: Stealth Rock
|move|p1a: Golem|Rock Blast|p2a: Silly lil goober
|-damage|p2a: Silly lil goober|28/100
|-damage|p2a: Silly lil goober|10/100
|-damage|p2a: Silly lil goober|0 fnt
|faint|p2a: Silly lil goober
|-hitcount|p2: Silly lil goober|3
|
|upkeep
|
|t:|1757810449
|switch|p2a: Roll the dice|Weavile, M|100/100
|-ability|p2a: Roll the dice|Pressure
|turn|3
|
|t:|1757810457
|move|p2a: Roll the dice|Fake Out|p1a: Golem
|-resisted|p1a: Golem
|-damage|p1a: Golem|95/100
|cant|p1a: Golem|flinch
|
|upkeep
|turn|4
|
|t:|1757810468
|-terastallize|p1a: Golem|Rock
|move|p2a: Roll the dice|Triple Axel|p1a: Golem
|-damage|p1a: Golem|85/100
|-hitcount|p1a: Golem|1
|move|p1a: Golem|Rock Blast|p2a: Roll the dice
|-supereffective|p2a: Roll the dice
|-damage|p2a: Roll the dice|39/100
|-supereffective|p2a: Roll the dice
|-damage|p2a: Roll the dice|0 fnt
|faint|p2a: Roll the dice
|-hitcount|p2: Roll the dice|2
|
|upkeep
|
|t:|1757810480
|switch|p2a: Mammoth|Great Tusk|100/100
|turn|5
|
|t:|1757810484
|move|p1a: Golem|Endure|p1a: Golem
|-singleturn|p1a: Golem|move: Endure
|move|p2a: Mammoth|Knock Off|p1a: Golem
|-damage|p1a: Golem|54/100
|-enditem|p1a: Golem|Custap Berry|[from] move: Knock Off|[of] p2a: Mammoth
|
|upkeep
|turn|6
|
|t:|1757810496
|switch|p1a: Dodrio|Dodrio, M|100/100
|-damage|p1a: Dodrio|76/100|[from] Stealth Rock
|move|p2a: Mammoth|Headlong Rush|p1a: Dodrio
|-immune|p1a: Dodrio
|
|upkeep
|turn|7
|
|t:|1757810504
|move|p1a: Dodrio|Brave Bird|p2a: Mammoth
|-supereffective|p2a: Mammoth
|-damage|p2a: Mammoth|12/100
|-damage|p1a: Dodrio|34/100|[from] Recoil
|move|p2a: Mammoth|Ice Spinner|p1a: Dodrio
|-supereffective|p1a: Dodrio
|-damage|p1a: Dodrio|0 fnt
|faint|p1a: Dodrio
|
|upkeep
|
|t:|1757810513
|switch|p1a: Magneton|Magneton|100/100
|-damage|p1a: Magneton|94/100|[from] Stealth Rock
|turn|8
|
|t:|1757810517
|move|p1a: Magneton|Flash Cannon|p2a: Mammoth
|-damage|p2a: Mammoth|0 fnt
|faint|p2a: Mammoth
|-end|p2a: Mammoth|Protosynthesis|[silent]
|
|upkeep
|
|t:|1757810525
|switch|p2a: Better Volcarona|Iron Moth, shiny|100/100
|-enditem|p2a: Better Volcarona|Booster Energy
|-activate|p2a: Better Volcarona|ability: Quark Drive|[fromitem]
|-start|p2a: Better Volcarona|quarkdrivespa
|turn|9
|
|t:|1757810530
|switch|p1a: Golem|Golem, M, tera:Rock|54/100
|-damage|p1a: Golem|42/100|[from] Stealth Rock
|move|p2a: Better Volcarona|Fiery Dance|p1a: Golem
|-resisted|p1a: Golem
|-crit|p1a: Golem
|-damage|p1a: Golem|0 fnt
|-boost|p2a: Better Volcarona|spa|1
|faint|p1a: Golem
|
|upkeep
|
|t:|1757810546
|switch|p1a: Hitmonchan|Hitmonchan, M|100/100
|-damage|p1a: Hitmonchan|94/100|[from] Stealth Rock
|turn|10
|
|t:|1757810557
|move|p2a: Better Volcarona|Psychic|p1a: Hitmonchan
|-supereffective|p1a: Hitmonchan
|-damage|p1a: Hitmonchan|9/100
|-unboost|p1a: Hitmonchan|spd|1
|move|p1a: Hitmonchan|Thunder Punch|p2a: Better Volcarona
|-damage|p2a: Better Volcarona|62/100
|
|upkeep
|turn|11
|
|t:|1757810565
|move|p1a: Hitmonchan|Bullet Punch|p2a: Better Volcarona
|-resisted|p2a: Better Volcarona
|-damage|p2a: Better Volcarona|53/100
|move|p2a: Better Volcarona|Fiery Dance|p1a: Hitmonchan
|-damage|p1a: Hitmonchan|0 fnt
|faint|p1a: Hitmonchan
|
|upkeep
|
|t:|1757810575
|switch|p1a: Magneton|Magneton|94/100
|-damage|p1a: Magneton|88/100|[from] Stealth Rock
|turn|12
|
|t:|1757810584
|move|p1a: Magneton|Discharge|p2a: Better Volcarona
|-damage|p2a: Better Volcarona|13/100
|move|p2a: Better Volcarona|Fiery Dance|p1a: Magneton
|-supereffective|p1a: Magneton
|-damage|p1a: Magneton|0 fnt
|faint|p1a: Magneton
|
|upkeep
|
|t:|1757810592
|switch|p1a: Zapdos|Zapdos|100/100
|-damage|p1a: Zapdos|75/100|[from] Stealth Rock
|turn|13
|
|t:|1757810597
|move|p1a: Zapdos|Protect|p1a: Zapdos
|-singleturn|p1a: Zapdos|Protect
|move|p2a: Better Volcarona|Sludge Wave|p1a: Zapdos
|-activate|p1a: Zapdos|move: Protect
|
|-heal|p1a: Zapdos|82/100|[from] item: Leftovers
|upkeep
|turn|14
|
|t:|1757810606
|move|p2a: Better Volcarona|Fiery Dance|p1a: Zapdos
|-damage|p1a: Zapdos|18/100
|move|p1a: Zapdos|Discharge|p2a: Better Volcarona
|-damage|p2a: Better Volcarona|0 fnt
|faint|p2a: Better Volcarona
|-end|p2a: Better Volcarona|Quark Drive|[silent]
|
|-heal|p1a: Zapdos|24/100|[from] item: Leftovers
|upkeep
|
|t:|1757810616
|switch|p2a: Egghead|Blissey, F|100/100
|turn|15
|
|t:|1757810620
|move|p1a: Zapdos|Roost|p1a: Zapdos
|-heal|p1a: Zapdos|74/100
|-singleturn|p1a: Zapdos|move: Roost
|move|p2a: Egghead|Seismic Toss|p1a: Zapdos
|-damage|p1a: Zapdos|48/100
|-status|p2a: Egghead|par|[from] ability: Static|[of] p1a: Zapdos
|
|-heal|p1a: Zapdos|55/100|[from] item: Leftovers
|upkeep
|turn|16
|
|t:|1757810630
|move|p1a: Zapdos|Air Cutter|p2a: Egghead
|-damage|p2a: Egghead|91/100 par
|move|p2a: Egghead|Heal Bell|p2a: Egghead
|-activate|p2a: Egghead|move: Heal Bell
|-curestatus|p2a: Egghead|par|[msg]
|
|-heal|p1a: Zapdos|61/100|[from] item: Leftovers
|-heal|p2a: Egghead|97/100|[from] item: Leftovers
|upkeep
|turn|17
|
|t:|1757810640
|move|p1a: Zapdos|Discharge|p2a: Egghead
|-damage|p2a: Egghead|86/100
|move|p2a: Egghead|Seismic Toss|p1a: Zapdos
|-damage|p1a: Zapdos|35/100
|-status|p2a: Egghead|par|[from] ability: Static|[of] p1a: Zapdos
|
|-heal|p1a: Zapdos|41/100|[from] item: Leftovers
|-heal|p2a: Egghead|92/100 par|[from] item: Leftovers
|upkeep
|turn|18
|
|t:|1757810650
|move|p1a: Zapdos|Air Cutter|p2a: Egghead|[miss]
|-miss|p1a: Zapdos|p2a: Egghead
|move|p2a: Egghead|Heal Bell|p2a: Egghead
|-activate|p2a: Egghead|move: Heal Bell
|-curestatus|p2a: Egghead|par|[msg]
|
|-heal|p1a: Zapdos|47/100|[from] item: Leftovers
|-heal|p2a: Egghead|98/100|[from] item: Leftovers
|upkeep
|turn|19
|
|t:|1757810659
|move|p1a: Zapdos|Discharge|p2a: Egghead
|-damage|p2a: Egghead|86/100
|move|p2a: Egghead|Seismic Toss|p1a: Zapdos
|-damage|p1a: Zapdos|21/100
|
|-heal|p1a: Zapdos|28/100|[from] item: Leftovers
|-heal|p2a: Egghead|92/100|[from] item: Leftovers
|upkeep
|turn|20
|
|t:|1757810669
|move|p1a: Zapdos|Roost|p1a: Zapdos
|-heal|p1a: Zapdos|78/100
|-singleturn|p1a: Zapdos|move: Roost
|move|p2a: Egghead|Seismic Toss|p1a: Zapdos
|-damage|p1a: Zapdos|52/100
|
|-heal|p1a: Zapdos|58/100|[from] item: Leftovers
|-heal|p2a: Egghead|98/100|[from] item: Leftovers
|upkeep
|turn|21
|
|t:|1757810681
|move|p1a: Zapdos|Discharge|p2a: Egghead
|-damage|p2a: Egghead|85/100
|-status|p2a: Egghead|par
|move|p2a: Egghead|Seismic Toss|p1a: Zapdos
|-damage|p1a: Zapdos|32/100
|
|-heal|p1a: Zapdos|38/100|[from] item: Leftovers
|-heal|p2a: Egghead|91/100 par|[from] item: Leftovers
|upkeep
|turn|22
|
|t:|1757810693
|move|p1a: Zapdos|Air Cutter|p2a: Egghead
|-damage|p2a: Egghead|82/100 par
|move|p2a: Egghead|Heal Bell|p2a: Egghead
|-activate|p2a: Egghead|move: Heal Bell
|-curestatus|p2a: Egghead|par|[msg]
|
|-heal|p1a: Zapdos|44/100|[from] item: Leftovers
|-heal|p2a: Egghead|88/100|[from] item: Leftovers
|upkeep
|turn|23
|
|t:|1757810705
|move|p1a: Zapdos|Discharge|p2a: Egghead
|-damage|p2a: Egghead|75/100
|move|p2a: Egghead|Seismic Toss|p1a: Zapdos
|-damage|p1a: Zapdos|18/100
|
|-heal|p1a: Zapdos|24/100|[from] item: Leftovers
|-heal|p2a: Egghead|81/100|[from] item: Leftovers
|upkeep
|turn|24
|
|t:|1757810715
|switch|p2a: Keeby|Scream Tail, shiny|100/100
|-enditem|p2a: Keeby|Booster Energy
|-activate|p2a: Keeby|ability: Protosynthesis|[fromitem]
|-start|p2a: Keeby|protosynthesisspe
|move|p1a: Zapdos|Protect||[still]
|-fail|p1a: Zapdos
|
|-heal|p1a: Zapdos|31/100|[from] item: Leftovers
|upkeep
|turn|25
|
|t:|1757810725
|move|p1a: Zapdos|Protect|p1a: Zapdos
|-singleturn|p1a: Zapdos|Protect
|move|p2a: Keeby|Encore|p1a: Zapdos
|-activate|p1a: Zapdos|move: Protect
|
|-heal|p1a: Zapdos|37/100|[from] item: Leftovers
|upkeep
|turn|26
|
|t:|1757810738
|move|p2a: Keeby|Dazzling Gleam|p1a: Zapdos
|-damage|p1a: Zapdos|22/100
|move|p1a: Zapdos|Discharge|p2a: Keeby
|-crit|p2a: Keeby
|-damage|p2a: Keeby|69/100
|
|-heal|p1a: Zapdos|28/100|[from] item: Leftovers
|upkeep
|turn|27
|
|t:|1757810747
|move|p1a: Zapdos|Protect|p1a: Zapdos
|-singleturn|p1a: Zapdos|Protect
|move|p2a: Keeby|Wish|p2a: Keeby
|
|-heal|p1a: Zapdos|35/100|[from] item: Leftovers
|upkeep
|turn|28
|
|t:|1757810754
|move|p2a: Keeby|Encore|p1a: Zapdos
|-start|p1a: Zapdos|Encore
|move|p1a: Zapdos|Protect||[still]
|-fail|p1a: Zapdos
|
|-heal|p2a: Keeby|100/100|[from] move: Wish|[wisher] Keeby
|-heal|p1a: Zapdos|41/100|[from] item: Leftovers
|upkeep
|turn|29
|
|t:|1757810765
|move|p1a: Zapdos|Protect|p1a: Zapdos
|-singleturn|p1a: Zapdos|Protect
|move|p2a: Keeby|Thunder Wave|p1a: Zapdos
|-activate|p1a: Zapdos|move: Protect
|
|-heal|p1a: Zapdos|47/100|[from] item: Leftovers
|upkeep
|turn|30
|
|t:|1757810773
|switch|p1a: Arbok|Arbok, F|100/100
|-damage|p1a: Arbok|88/100|[from] Stealth Rock
|-ability|p1a: Arbok|Intimidate|boost
|-unboost|p2a: Keeby|atk|1
|move|p2a: Keeby|Dazzling Gleam|p1a: Arbok
|-resisted|p1a: Arbok
|-damage|p1a: Arbok|76/100
|
|upkeep
|turn|31
|
|t:|1757810783
|move|p2a: Keeby|Thunder Wave|p1a: Arbok
|-status|p1a: Arbok|par
|move|p1a: Arbok|Poison Fang|p2a: Keeby
|-supereffective|p2a: Keeby
|-crit|p2a: Keeby
|-damage|p2a: Keeby|64/100
|-status|p2a: Keeby|tox
|
|-damage|p2a: Keeby|58/100 tox|[from] psn
|upkeep
|turn|32
|
|t:|1757810809
|move|p2a: Keeby|Wish|p2a: Keeby
|move|p1a: Arbok|Poison Fang|p2a: Keeby
|-supereffective|p2a: Keeby
|-damage|p2a: Keeby|33/100 tox
|
|-damage|p2a: Keeby|20/100 tox|[from] psn
|upkeep
|turn|33
|
|t:|1757810817
|move|p2a: Keeby|Dazzling Gleam|p1a: Arbok
|-resisted|p1a: Arbok
|-damage|p1a: Arbok|63/100 par
|cant|p1a: Arbok|par
|
|-heal|p2a: Keeby|70/100 tox|[from] move: Wish|[wisher] Keeby
|-damage|p2a: Keeby|51/100 tox|[from] psn
|upkeep
|turn|34
|
|t:|1757810826
|-end|p2a: Keeby|Protosynthesis|[silent]
|switch|p2a: Egghead|Blissey, F|81/100
|move|p1a: Arbok|Poison Fang|p2a: Egghead
|-damage|p2a: Egghead|66/100
|-status|p2a: Egghead|tox
|
|-heal|p2a: Egghead|72/100 tox|[from] item: Leftovers
|-damage|p2a: Egghead|66/100 tox|[from] psn
|upkeep
|turn|35
|
|t:|1757810837
|switch|p1a: Zapdos|Zapdos|47/100
|-damage|p1a: Zapdos|22/100|[from] Stealth Rock
|move|p2a: Egghead|Soft-Boiled|p2a: Egghead
|-heal|p2a: Egghead|100/100 tox
|
|-heal|p1a: Zapdos|28/100|[from] item: Leftovers
|-damage|p2a: Egghead|88/100 tox|[from] psn
|upkeep
|turn|36
|
|t:|1757810848
|move|p1a: Zapdos|Roost|p1a: Zapdos
|-heal|p1a: Zapdos|78/100
|-singleturn|p1a: Zapdos|move: Roost
|move|p2a: Egghead|Seismic Toss|p1a: Zapdos
|-damage|p1a: Zapdos|52/100
|
|-heal|p1a: Zapdos|59/100|[from] item: Leftovers
|-heal|p2a: Egghead|94/100 tox|[from] item: Leftovers
|-damage|p2a: Egghead|76/100 tox|[from] psn
|upkeep
|turn|37
|
|t:|1757810864
|-curestatus|p2a: Egghead|tox|[from] ability: Natural Cure
|switch|p2a: Keeby|Scream Tail, shiny|51/100 tox
|move|p1a: Zapdos|Air Cutter|p2a: Keeby
|-damage|p2a: Keeby|34/100 tox
|
|-heal|p1a: Zapdos|65/100|[from] item: Leftovers
|-damage|p2a: Keeby|28/100 tox|[from] psn
|upkeep
|turn|38
|
|t:|1757810875
|-end|p2a: Keeby|Protosynthesis|[silent]
|switch|p2a: Egghead|Blissey, F|76/100
|move|p1a: Zapdos|Air Cutter|p2a: Egghead
|-damage|p2a: Egghead|66/100
|
|-heal|p1a: Zapdos|71/100|[from] item: Leftovers
|-heal|p2a: Egghead|72/100|[from] item: Leftovers
|upkeep
|turn|39
|
|t:|1757810884
|move|p1a: Zapdos|Protect|p1a: Zapdos
|-singleturn|p1a: Zapdos|Protect
|move|p2a: Egghead|Heal Bell|p2a: Egghead
|-activate|p2a: Egghead|move: Heal Bell
|-curestatus|p2: Keeby|tox|[msg]
|
|-heal|p1a: Zapdos|77/100|[from] item: Leftovers
|-heal|p2a: Egghead|78/100|[from] item: Leftovers
|upkeep
|turn|40
|
|t:|1757810894
|move|p1a: Zapdos|Discharge|p2a: Egghead
|-damage|p2a: Egghead|65/100
|move|p2a: Egghead|Seismic Toss|p1a: Zapdos
|-damage|p1a: Zapdos|51/100
|
|-heal|p1a: Zapdos|58/100|[from] item: Leftovers
|-heal|p2a: Egghead|72/100|[from] item: Leftovers
|upkeep
|turn|41
|
|t:|1757810905
|move|p1a: Zapdos|Discharge|p2a: Egghead
|-damage|p2a: Egghead|60/100
|-status|p2a: Egghead|par
|move|p2a: Egghead|Seismic Toss|p1a: Zapdos
|-damage|p1a: Zapdos|31/100
|
|-heal|p1a: Zapdos|38/100|[from] item: Leftovers
|-heal|p2a: Egghead|66/100 par|[from] item: Leftovers
|upkeep
|turn|42
|
|t:|1757810916
|move|p1a: Zapdos|Roost|p1a: Zapdos
|-heal|p1a: Zapdos|88/100
|-singleturn|p1a: Zapdos|move: Roost
|move|p2a: Egghead|Heal Bell|p2a: Egghead
|-activate|p2a: Egghead|move: Heal Bell
|-curestatus|p2a: Egghead|par|[msg]
|
|-heal|p1a: Zapdos|94/100|[from] item: Leftovers
|-heal|p2a: Egghead|72/100|[from] item: Leftovers
|upkeep
|turn|43
|
|t:|1757810927
|move|p1a: Zapdos|Air Cutter|p2a: Egghead
|-damage|p2a: Egghead|64/100
|move|p2a: Egghead|Seismic Toss|p1a: Zapdos
|-damage|p1a: Zapdos|68/100
|
|-heal|p1a: Zapdos|74/100|[from] item: Leftovers
|-heal|p2a: Egghead|70/100|[from] item: Leftovers
|upkeep
|turn|44
|
|t:|1757810937
|move|p1a: Zapdos|Protect|p1a: Zapdos
|-singleturn|p1a: Zapdos|Protect
|move|p2a: Egghead|Seismic Toss|p1a: Zapdos
|-activate|p1a: Zapdos|move: Protect
|
|-heal|p1a: Zapdos|80/100|[from] item: Leftovers
|-heal|p2a: Egghead|76/100|[from] item: Leftovers
|upkeep
|turn|45
|
|t:|1757810947
|move|p1a: Zapdos|Discharge|p2a: Egghead
|-damage|p2a: Egghead|64/100
|-status|p2a: Egghead|par
|move|p2a: Egghead|Seismic Toss|p1a: Zapdos
|-damage|p1a: Zapdos|54/100
|
|-heal|p1a: Zapdos|61/100|[from] item: Leftovers
|-heal|p2a: Egghead|70/100 par|[from] item: Leftovers
|upkeep
|turn|46
|
|t:|1757810959
|move|p2a: Egghead|Protect|p2a: Egghead
|-singleturn|p2a: Egghead|Protect
|move|p1a: Zapdos|Air Cutter|p2a: Egghead
|-activate|p2a: Egghead|move: Protect
|
|-heal|p1a: Zapdos|67/100|[from] item: Leftovers
|-heal|p2a: Egghead|77/100 par|[from] item: Leftovers
|upkeep
|turn|47
|
|t:|1757810970
|move|p1a: Zapdos|Air Cutter|p2a: Egghead
|-damage|p2a: Egghead|67/100 par
|cant|p2a: Egghead|par
|
|-heal|p1a: Zapdos|73/100|[from] item: Leftovers
|-heal|p2a: Egghead|73/100 par|[from] item: Leftovers
|upkeep
|turn|48
|
|t:|1757810980
|move|p1a: Zapdos|Air Cutter|p2a: Egghead
|-damage|p2a: Egghead|65/100 par
|move|p2a: Egghead|Seismic Toss|p1a: Zapdos
|-damage|p1a: Zapdos|47/100
|
|-heal|p1a: Zapdos|53/100|[from] item: Leftovers
|-heal|p2a: Egghead|71/100 par|[from] item: Leftovers
|upkeep
|turn|49
|
|t:|1757810989
|move|p1a: Zapdos|Protect|p1a: Zapdos
|-singleturn|p1a: Zapdos|Protect
|cant|p2a: Egghead|par
|
|-heal|p1a: Zapdos|60/100|[from] item: Leftovers
|-heal|p2a: Egghead|77/100 par|[from] item: Leftovers
|upkeep
|turn|50
|
|t:|1757810998
|move|p1a: Zapdos|Air Cutter|p2a: Egghead
|-damage|p2a: Egghead|67/100 par
|cant|p2a: Egghead|par
|
|-heal|p1a: Zapdos|66/100|[from] item: Leftovers
|-heal|p2a: Egghead|73/100 par|[from] item: Leftovers
|upkeep
|turn|51
|
|t:|1757811006
|move|p1a: Zapdos|Air Cutter|p2a: Egghead
|-damage|p2a: Egghead|64/100 par
|move|p2a: Egghead|Seismic Toss|p1a: Zapdos
|-damage|p1a: Zapdos|40/100
|
|-heal|p1a: Zapdos|46/100|[from] item: Leftovers
|-heal|p2a: Egghead|70/100 par|[from] item: Leftovers
|upkeep
|turn|52
|
|t:|1757811015
|-curestatus|p2a: Egghead|par|[from] ability: Natural Cure
|switch|p2a: Keeby|Scream Tail, shiny|28/100
|move|p1a: Zapdos|Air Cutter|p2a: Keeby
|-damage|p2a: Keeby|12/100
|
|-heal|p1a: Zapdos|52/100|[from] item: Leftovers
|upkeep
|turn|53
|
|t:|1757811026
|-end|p2a: Keeby|Protosynthesis|[silent]
|switch|p2a: Egghead|Blissey, F|70/100
|move|p1a: Zapdos|Discharge|p2a: Egghead
|-damage|p2a: Egghead|58/100
|
|-heal|p1a: Zapdos|59/100|[from] item: Leftovers
|-heal|p2a: Egghead|64/100|[from] item: Leftovers
|upkeep
|turn|54
|
|t:|1757811037
|move|p1a: Zapdos|Discharge|p2a: Egghead
|-crit|p2a: Egghead
|-damage|p2a: Egghead|47/100
|-status|p2a: Egghead|par
|move|p2a: Egghead|Seismic Toss|p1a: Zapdos
|-damage|p1a: Zapdos|33/100
|
|-heal|p1a: Zapdos|39/100|[from] item: Leftovers
|-heal|p2a: Egghead|53/100 par|[from] item: Leftovers
|upkeep
|turn|55
|
|t:|1757811048
|-curestatus|p2a: Egghead|par|[from] ability: Natural Cure
|switch|p2a: Keeby|Scream Tail, shiny|12/100
|move|p1a: Zapdos|Roost|p1a: Zapdos
|-heal|p1a: Zapdos|89/100
|-singleturn|p1a: Zapdos|move: Roost
|
|-heal|p1a: Zapdos|95/100|[from] item: Leftovers
|upkeep
|turn|56
|
|t:|1757811058
|switch|p1a: Arbok|Arbok, F|63/100 par
|-damage|p1a: Arbok|50/100 par|[from] Stealth Rock
|-ability|p1a: Arbok|Intimidate|boost
|-unboost|p2a: Keeby|atk|1
|move|p2a: Keeby|Encore||[still]
|-fail|p2a: Keeby
|
|upkeep
|turn|57
|
|t:|1757811068
|move|p2a: Keeby|Wish|p2a: Keeby
|move|p1a: Arbok|Poison Fang|p2a: Keeby
|-supereffective|p2a: Keeby
|-damage|p2a: Keeby|0 fnt
|faint|p2a: Keeby
|-end|p2a: Keeby|Protosynthesis|[silent]
|
|upkeep
|
|t:|1757811075
|switch|p2a: Egghead|Blissey, F|53/100
|turn|58
|
|t:|1757811078
|switch|p1a: Zapdos|Zapdos|95/100
|-damage|p1a: Zapdos|70/100|[from] Stealth Rock
|move|p2a: Egghead|Seismic Toss|p1a: Zapdos
|-damage|p1a: Zapdos|44/100
|
|-heal|p2a: Egghead|84/100|[from] move: Wish|[wisher] Keeby
|-heal|p1a: Zapdos|50/100|[from] item: Leftovers
|-heal|p2a: Egghead|90/100|[from] item: Leftovers
|upkeep
|turn|59
|
|t:|1757811097
|move|p1a: Zapdos|Discharge|p2a: Egghead
|-damage|p2a: Egghead|77/100
|-status|p2a: Egghead|par
|cant|p2a: Egghead|par
|
|-heal|p1a: Zapdos|56/100|[from] item: Leftovers
|-heal|p2a: Egghead|83/100 par|[from] item: Leftovers
|upkeep
|turn|60
|
|t:|1757811111
|move|p1a: Zapdos|Air Cutter|p2a: Egghead
|-damage|p2a: Egghead|73/100 par
|move|p2a: Egghead|Seismic Toss|p1a: Zapdos
|-damage|p1a: Zapdos|30/100
|
|-heal|p1a: Zapdos|37/100|[from] item: Leftovers
|-heal|p2a: Egghead|80/100 par|[from] item: Leftovers
|upkeep
|turn|61
|
|t:|1757811125
|move|p1a: Zapdos|Air Cutter|p2a: Egghead
|-damage|p2a: Egghead|71/100 par
|cant|p2a: Egghead|par
|
|-heal|p1a: Zapdos|43/100|[from] item: Leftovers
|-heal|p2a: Egghead|77/100 par|[from] item: Leftovers
|upkeep
|turn|62
|
|t:|1757811137
|move|p2a: Egghead|Protect|p2a: Egghead
|-singleturn|p2a: Egghead|Protect
|move|p1a: Zapdos|Air Cutter|p2a: Egghead
|-activate|p2a: Egghead|move: Protect
|
|-heal|p1a: Zapdos|49/100|[from] item: Leftovers
|-heal|p2a: Egghead|83/100 par|[from] item: Leftovers
|upkeep
|turn|63
|
|t:|1757811146
|move|p1a: Zapdos|Air Cutter|p2a: Egghead
|-crit|p2a: Egghead
|-damage|p2a: Egghead|70/100 par
|cant|p2a: Egghead|par
|
|-heal|p1a: Zapdos|55/100|[from] item: Leftovers
|-heal|p2a: Egghead|76/100 par|[from] item: Leftovers
|upkeep
|turn|64
|
|t:|1757811154
|move|p1a: Zapdos|Air Cutter|p2a: Egghead
|-damage|p2a: Egghead|67/100 par
|move|p2a: Egghead|Seismic Toss|p1a: Zapdos
|-damage|p1a: Zapdos|29/100
|
|-heal|p1a: Zapdos|36/100|[from] item: Leftovers
|-heal|p2a: Egghead|73/100 par|[from] item: Leftovers
|upkeep
|turn|65
|
|t:|1757811170
|cant|p2a: Egghead|par
|move|p1a: Zapdos|Air Cutter|p2a: Egghead
|-damage|p2a: Egghead|64/100 par
|
|-heal|p1a: Zapdos|42/100|[from] item: Leftovers
|-heal|p2a: Egghead|70/100 par|[from] item: Leftovers
|upkeep
|turn|66
|
|t:|1757811178
|move|p2a: Egghead|Protect|p2a: Egghead
|-singleturn|p2a: Egghead|Protect
|move|p1a: Zapdos|Air Cutter|p2a: Egghead
|-activate|p2a: Egghead|move: Protect
|
|-heal|p1a: Zapdos|48/100|[from] item: Leftovers
|-heal|p2a: Egghead|76/100 par|[from] item: Leftovers
|upkeep
|turn|67
|
|t:|1757811187
|move|p2a: Egghead|Protect||[still]
|-fail|p2a: Egghead
|move|p1a: Zapdos|Air Cutter|p2a: Egghead
|-damage|p2a: Egghead|66/100 par
|
|-heal|p1a: Zapdos|54/100|[from] item: Leftovers
|-heal|p2a: Egghead|72/100 par|[from] item: Leftovers
|upkeep
|turn|68
|
|t:|1757811196
|move|p1a: Zapdos|Air Cutter|p2a: Egghead
|-damage|p2a: Egghead|63/100 par
|move|p2a: Egghead|Seismic Toss|p1a: Zapdos
|-damage|p1a: Zapdos|28/100
|
|-heal|p1a: Zapdos|35/100|[from] item: Leftovers
|-heal|p2a: Egghead|69/100 par|[from] item: Leftovers
|upkeep
|turn|69
|
|t:|1757811206
|move|p2a: Egghead|Protect|p2a: Egghead
|-singleturn|p2a: Egghead|Protect
|move|p1a: Zapdos|Roost|p1a: Zapdos
|-heal|p1a: Zapdos|85/100
|-singleturn|p1a: Zapdos|move: Roost
|
|-heal|p1a: Zapdos|91/100|[from] item: Leftovers
|-heal|p2a: Egghead|75/100 par|[from] item: Leftovers
|upkeep
|turn|70
|
|t:|1757811215
|switch|p1a: Arbok|Arbok, F|50/100 par
|-damage|p1a: Arbok|38/100 par|[from] Stealth Rock
|-ability|p1a: Arbok|Intimidate|boost
|-unboost|p2a: Egghead|atk|1
|move|p2a: Egghead|Seismic Toss|p1a: Arbok
|-damage|p1a: Arbok|7/100 par
|
|-heal|p2a: Egghead|81/100 par|[from] item: Leftovers
|upkeep
|turn|71
|
|t:|1757811228
|move|p1a: Arbok|Pain Split|p2a: Egghead
|-sethp|p2a: Egghead|42/100 par|[from] move: Pain Split|[silent]
|-sethp|p1a: Arbok|93/100 par|[from] move: Pain Split
|move|p2a: Egghead|Seismic Toss|p1a: Arbok
|-damage|p1a: Arbok|62/100 par
|
|-heal|p2a: Egghead|49/100 par|[from] item: Leftovers
|upkeep
|turn|72
|
|t:|1757811237
|move|p2a: Egghead|Protect|p2a: Egghead
|-singleturn|p2a: Egghead|Protect
|move|p1a: Arbok|Pain Split|p2a: Egghead
|-activate|p2a: Egghead|move: Protect
|
|-heal|p2a: Egghead|55/100 par|[from] item: Leftovers
|upkeep
|turn|73
|
|t:|1757811253
|move|p1a: Arbok|Pain Split|p2a: Egghead
|-sethp|p2a: Egghead|42/100 par|[from] move: Pain Split|[silent]
|-sethp|p1a: Arbok|91/100 par|[from] move: Pain Split
|cant|p2a: Egghead|par
|
|-heal|p2a: Egghead|48/100 par|[from] item: Leftovers
|upkeep
|turn|74
|
|t:|1757811265
|cant|p1a: Arbok|par
|move|p2a: Egghead|Soft-Boiled|p2a: Egghead
|-heal|p2a: Egghead|98/100 par
|
|-heal|p2a: Egghead|100/100 par|[from] item: Leftovers
|upkeep
|turn|75
|
|t:|1757811273
|switch|p1a: Zapdos|Zapdos|91/100
|-damage|p1a: Zapdos|66/100|[from] Stealth Rock
|move|p2a: Egghead|Protect||[still]
|-fail|p2a: Egghead
|
|-heal|p1a: Zapdos|72/100|[from] item: Leftovers
|upkeep
|turn|76
|
|t:|1757811283
|move|p1a: Zapdos|Protect|p1a: Zapdos
|-singleturn|p1a: Zapdos|Protect
|move|p2a: Egghead|Seismic Toss|p1a: Zapdos
|-activate|p1a: Zapdos|move: Protect
|
|-heal|p1a: Zapdos|78/100|[from] item: Leftovers
|upkeep
|turn|77
|
|t:|1757811292
|switch|p1a: Arbok|Arbok, F|91/100 par
|-damage|p1a: Arbok|79/100 par|[from] Stealth Rock
|-ability|p1a: Arbok|Intimidate|boost
|-unboost|p2a: Egghead|atk|1
|move|p2a: Egghead|Protect||[still]
|-fail|p2a: Egghead
|
|upkeep
|turn|78
|
|t:|1757811300
|cant|p1a: Arbok|par
|move|p2a: Egghead|Seismic Toss|p1a: Arbok
|-damage|p1a: Arbok|48/100 par
|
|upkeep
|turn|79
|
|t:|1757811306
|move|p2a: Egghead|Protect|p2a: Egghead
|-singleturn|p2a: Egghead|Protect
|move|p1a: Arbok|Switcheroo|p2a: Egghead
|-activate|p2a: Egghead|move: Protect
|
|upkeep
|turn|80
|
|t:|1757811316
|move|p1a: Arbok|Switcheroo|p2a: Egghead
|-activate|p1a: Arbok|move: Trick|[of] p2a: Egghead
|-item|p2a: Egghead|Choice Scarf|[from] move: Switcheroo
|-item|p1a: Arbok|Leftovers|[from] move: Switcheroo
|move|p2a: Egghead|Seismic Toss|p1a: Arbok
|-damage|p1a: Arbok|17/100 par
|
|-heal|p1a: Arbok|23/100 par|[from] item: Leftovers
|upkeep
|turn|81
|
|t:|1757811327
|move|p1a: Arbok|Pain Split|p2a: Egghead
|-sethp|p2a: Egghead|56/100 par|[from] move: Pain Split|[silent]
|-sethp|p1a: Arbok|100/100 par|[from] move: Pain Split
|move|p2a: Egghead|Seismic Toss|p1a: Arbok
|-damage|p1a: Arbok|70/100 par
|
|-heal|p1a: Arbok|76/100 par|[from] item: Leftovers
|upkeep
|turn|82
|
|t:|1757811338
|move|p1a: Arbok|Protect|p1a: Arbok
|-singleturn|p1a: Arbok|Protect
|cant|p2a: Egghead|par
|
|-heal|p1a: Arbok|82/100 par|[from] item: Leftovers
|upkeep
|turn|83
|
|t:|1757811345
|move|p1a: Arbok|Poison Fang|p2a: Egghead
|-damage|p2a: Egghead|42/100 par
|cant|p2a: Egghead|par
|
|-heal|p1a: Arbok|88/100 par|[from] item: Leftovers
|upkeep
|turn|84
|
|t:|1757811354
|move|p1a: Arbok|Poison Fang|p2a: Egghead
|-damage|p2a: Egghead|27/100 par
|move|p2a: Egghead|Seismic Toss|p1a: Arbok
|-damage|p1a: Arbok|57/100 par
|
|-heal|p1a: Arbok|63/100 par|[from] item: Leftovers
|upkeep
|turn|85
|
|t:|1757811368
|move|p1a: Arbok|Poison Fang|p2a: Egghead
|-damage|p2a: Egghead|11/100 par
|cant|p2a: Egghead|par
|
|-heal|p1a: Arbok|70/100 par|[from] item: Leftovers
|upkeep
|turn|86
|
|t:|1757811377
|cant|p1a: Arbok|par
|move|p2a: Egghead|Seismic Toss|p1a: Arbok
|-damage|p1a: Arbok|39/100 par
|
|-heal|p1a: Arbok|45/100 par|[from] item: Leftovers
|upkeep
|turn|87
|
|t:|1757811386
|move|p1a: Arbok|Poison Fang|p2a: Egghead
|-damage|p2a: Egghead|0 fnt
|faint|p2a: Egghead
|
|win|preppy dude
|raw|preppy dude's rating: 1103 &rarr; <strong>1129</strong><br />(+26 for winning)
|raw|9xE's rating: 1122 &rarr; <strong>1096</strong><br />(-26 for losing)
|l|☆preppy dude
|player|p1|
|l|☆9xE
|player|p2|
