|j|☆Shampoogini
|j|☆ItsMeFiery
|t:|1757929855
|gametype|singles
|player|p1|Shampoogini|102|1177
|player|p2|ItsMeFiery|candice|1209
|gen|9
|tier|[Gen 9] OU
|rated|
|rule|HP Percentage Mod: HP is shown in percentages
|rule|Endless Battle Clause: Forcing endless battles is banned
|rule|Species Clause: Limit one of each Pokémon
|rule|OHKO Clause: OHKO moves are banned
|rule|Evasion Items Clause: Evasion items are banned
|rule|Evasion Moves Clause: Evasion moves are banned
|rule|Evasion Abilities Clause: Evasion abilities are banned
|rule|Sleep Moves Clause: Sleep-inducing moves are banned
|clearpoke
|poke|p1|Skeledirge, M|
|poke|p1|Clodsire, M|
|poke|p1|Dondozo, M|
|poke|p1|Serperior, F|
|poke|p1|Corviknight, M|
|poke|p1|Grimmsnarl, M|
|poke|p2|Araquanid, F|
|poke|p2|Iron Treads|
|poke|p2|Cinderace, F|
|poke|p2|Kingambit, F|
|poke|p2|Pecharunt|
|poke|p2|Dragonite, M|
|teampreview
|inactive|Battle timer is ON: inactive players will automatically lose when time's up. (requested by Shampoogini)
|
|t:|1757929862
|teamsize|p1|6
|teamsize|p2|6
|start
|switch|p1a: Snek|Serperior, F|100/100
|switch|p2a: Araquanid|Araquanid, F, shiny|100/100
|turn|1
|
|t:|1757929868
|move|p1a: Snek|Glare|p2a: Araquanid
|-status|p2a: Araquanid|par
|move|p2a: Araquanid|Sticky Web|p1a: Snek
|-sidestart|p1: Shampoogini|move: Sticky Web
|
|upkeep
|turn|2
|
|t:|1757929873
|move|p1a: Snek|Leaf Storm|p2a: Araquanid|[miss]
|-miss|p1a: Snek|p2a: Araquanid
|cant|p2a: Araquanid|par
|
|upkeep
|turn|3
|
|t:|1757929883
|move|p1a: Snek|Leaf Storm|p2a: Araquanid
|-damage|p2a: Araquanid|70/100 par
|-boost|p1a: Snek|spa|2
|move|p2a: Araquanid|Lunge|p1a: Snek
|-supereffective|p1a: Snek
|-damage|p1a: Snek|63/100
|-boost|p1a: Snek|atk|1
|
|-heal|p1a: Snek|69/100|[from] item: Leftovers
|upkeep
|turn|4
|
|t:|1757929897
|switch|p1a: Corviknight|Corviknight, M|100/100
|cant|p2a: Araquanid|par
|
|upkeep
|turn|5
|
|t:|1757929905
|move|p1a: Corviknight|Defog|p2a: Araquanid
|-unboost|p2a: Araquanid|evasion|1
|-sideend|p1: Shampoogini|Sticky Web|[from] move: Defog|[of] p1a: Corviknight
|move|p2a: Araquanid|Lunge|p1a: Corviknight
|-resisted|p1a: Corviknight
|-damage|p1a: Corviknight|97/100
|-ability|p1a: Corviknight|Mirror Armor
|-unboost|p2a: Araquanid|atk|1
|-damage|p2a: Araquanid|54/100 par|[from] item: Rocky Helmet|[of] p1a: Corviknight
|
|upkeep
|turn|6
|
|t:|1757929915
|move|p1a: Corviknight|Bulk Up|p1a: Corviknight
|-boost|p1a: Corviknight|atk|1
|-boost|p1a: Corviknight|def|1
|cant|p2a: Araquanid|par
|
|upkeep
|turn|7
|
|t:|1757929920
|move|p1a: Corviknight|Bulk Up|p1a: Corviknight
|-boost|p1a: Corviknight|atk|1
|-boost|p1a: Corviknight|def|1
|move|p2a: Araquanid|Sticky Web|p1a: Corviknight
|-sidestart|p1: Shampoogini|move: Sticky Web
|
|upkeep
|turn|8
|
|t:|1757929926
|move|p1a: Corviknight|Defog|p2a: Araquanid
|-unboost|p2a: Araquanid|evasion|1
|-sideend|p1: Shampoogini|Sticky Web|[from] move: Defog|[of] p1a: Corviknight
|move|p2a: Araquanid|Liquidation|p1a: Corviknight
|-damage|p1a: Corviknight|85/100
|-damage|p2a: Araquanid|37/100 par|[from] item: Rocky Helmet|[of] p1a: Corviknight
|
|upkeep
|turn|9
|
|t:|1757929933
|move|p1a: Corviknight|Bulk Up|p1a: Corviknight
|-boost|p1a: Corviknight|atk|1
|-boost|p1a: Corviknight|def|1
|cant|p2a: Araquanid|par
|
|upkeep
|turn|10
|
|t:|1757929938
|move|p1a: Corviknight|Bulk Up|p1a: Corviknight
|-boost|p1a: Corviknight|atk|1
|-boost|p1a: Corviknight|def|1
|move|p2a: Araquanid|Sticky Web|p1a: Corviknight
|-sidestart|p1: Shampoogini|move: Sticky Web
|
|upkeep
|turn|11
|
|t:|1757929944
|move|p1a: Corviknight|Defog|p2a: Araquanid
|-unboost|p2a: Araquanid|evasion|1
|-sideend|p1: Shampoogini|Sticky Web|[from] move: Defog|[of] p1a: Corviknight
|move|p2a: Araquanid|Liquidation|p1a: Corviknight
|-damage|p1a: Corviknight|78/100
|-damage|p2a: Araquanid|21/100 par|[from] item: Rocky Helmet|[of] p1a: Corviknight
|
|upkeep
|turn|12
|
|t:|1757929951
|move|p1a: Corviknight|Roost|p1a: Corviknight
|-heal|p1a: Corviknight|100/100
|-singleturn|p1a: Corviknight|move: Roost
|cant|p2a: Araquanid|par
|
|upkeep
|turn|13
|
|t:|1757929957
|move|p1a: Corviknight|Bulk Up|p1a: Corviknight
|-boost|p1a: Corviknight|atk|1
|-boost|p1a: Corviknight|def|1
|move|p2a: Araquanid|Endeavor|p1a: Corviknight
|-damage|p1a: Corviknight|18/100
|-damage|p2a: Araquanid|4/100 par|[from] item: Rocky Helmet|[of] p1a: Corviknight
|
|upkeep
|turn|14
|
|t:|1757929966
|move|p1a: Corviknight|Roost|p1a: Corviknight
|-heal|p1a: Corviknight|68/100
|-singleturn|p1a: Corviknight|move: Roost
|move|p2a: Araquanid|Endeavor|p1a: Corviknight
|-damage|p1a: Corviknight|4/100
|-damage|p2a: Araquanid|0 fnt|[from] item: Rocky Helmet|[of] p1a: Corviknight
|faint|p2a: Araquanid
|
|upkeep
|
|t:|1757929978
|switch|p2a: Cinderace|Cinderace, F|100/100
|turn|15
|
|t:|1757929984
|switch|p1a: Clodsire|Clodsire, M|100/100
|move|p2a: Cinderace|Pyro Ball|p1a: Clodsire
|-damage|p1a: Clodsire|54/100
|
|-heal|p1a: Clodsire|60/100|[from] item: Leftovers
|upkeep
|turn|16
|
|t:|1757930001
|switch|p2a: Dragonite|Dragonite, M|100/100
|move|p1a: Clodsire|Recover|p1a: Clodsire
|-heal|p1a: Clodsire|100/100
|
|upkeep
|turn|17
|
|t:|1757930007
|move|p2a: Dragonite|Dragon Dance|p2a: Dragonite
|-boost|p2a: Dragonite|atk|1
|-boost|p2a: Dragonite|spe|1
|move|p1a: Clodsire|Toxic|p2a: Dragonite
|-status|p2a: Dragonite|tox
|-enditem|p2a: Dragonite|Lum Berry|[eat]
|-curestatus|p2a: Dragonite|tox|[msg]
|
|upkeep
|turn|18
|
|t:|1757930014
|move|p2a: Dragonite|Ice Spinner|p1a: Clodsire
|-supereffective|p1a: Clodsire
|-damage|p1a: Clodsire|51/100
|move|p1a: Clodsire|Toxic|p2a: Dragonite
|-status|p2a: Dragonite|tox
|
|-heal|p1a: Clodsire|58/100|[from] item: Leftovers
|-damage|p2a: Dragonite|94/100 tox|[from] psn
|upkeep
|turn|19
|
|t:|1757930022
|switch|p1a: Dondozo|Dondozo, M|100/100
|move|p2a: Dragonite|Dragon Dance|p2a: Dragonite
|-boost|p2a: Dragonite|atk|1
|-boost|p2a: Dragonite|spe|1
|
|-damage|p2a: Dragonite|82/100 tox|[from] psn
|upkeep
|turn|20
|
|t:|1757930032
|move|p2a: Dragonite|Earthquake|p1a: Dondozo
|-damage|p1a: Dondozo|76/100
|move|p1a: Dondozo|Curse|p1a: Dondozo
|-unboost|p1a: Dondozo|spe|1
|-boost|p1a: Dondozo|atk|1
|-boost|p1a: Dondozo|def|1
|
|-heal|p1a: Dondozo|82/100|[from] item: Leftovers
|-damage|p2a: Dragonite|63/100 tox|[from] psn
|upkeep
|turn|21
|
|t:|1757930041
|move|p1a: Dondozo|Curse|p1a: Dondozo
|-unboost|p1a: Dondozo|spe|1
|-boost|p1a: Dondozo|atk|1
|-boost|p1a: Dondozo|def|1
|move|p2a: Dragonite|Dragon Tail|p1a: Dondozo
|-damage|p1a: Dondozo|71/100
|drag|p1a: Corviknight|Corviknight, M|4/100
|
|-damage|p2a: Dragonite|39/100 tox|[from] psn
|upkeep
|turn|22
|
|t:|1757930052
|switch|p1a: Dondozo|Dondozo, M|71/100
|move|p2a: Dragonite|Ice Spinner|p1a: Dondozo
|-resisted|p1a: Dondozo
|-damage|p1a: Dondozo|62/100
|
|-heal|p1a: Dondozo|68/100|[from] item: Leftovers
|-damage|p2a: Dragonite|8/100 tox|[from] psn
|upkeep
|turn|23
|
|t:|1757930060
|move|p1a: Dondozo|Rest|p1a: Dondozo
|-status|p1a: Dondozo|slp|[from] move: Rest
|-heal|p1a: Dondozo|100/100 slp|[silent]
|move|p2a: Dragonite|Dragon Tail|p1a: Dondozo
|-damage|p1a: Dondozo|80/100 slp
|drag|p1a: Grimmsnarl|Grimmsnarl, M|100/100
|
|-damage|p2a: Dragonite|0 fnt|[from] psn
|faint|p2a: Dragonite
|upkeep
|
|t:|1757930083
|switch|p2a: Pecharunt|Pecharunt|100/100
|-item|p2a: Pecharunt|Air Balloon
|turn|24
|
|t:|1757930094
|move|p1a: Grimmsnarl|Parting Shot|p2a: Pecharunt
|-unboost|p2a: Pecharunt|atk|1
|-unboost|p2a: Pecharunt|spa|1
|
|t:|1757930099
|switch|p1a: Clodsire|Clodsire, M|58/100|[from] Parting Shot
|move|p2a: Pecharunt|Malignant Chain|p1a: Clodsire
|-resisted|p1a: Clodsire
|-damage|p1a: Clodsire|51/100
|
|-heal|p1a: Clodsire|57/100|[from] item: Leftovers
|upkeep
|turn|25
|
|t:|1757930114
|switch|p2a: Iron Treads|Iron Treads|100/100
|-enditem|p2a: Iron Treads|Booster Energy
|-activate|p2a: Iron Treads|ability: Quark Drive|[fromitem]
|-start|p2a: Iron Treads|quarkdriveatk
|move|p1a: Clodsire|Recover|p1a: Clodsire
|-heal|p1a: Clodsire|100/100
|
|upkeep
|turn|26
|
|t:|1757930128
|switch|p1a: Snek|Serperior, F|69/100
|move|p2a: Iron Treads|Iron Head|p1a: Snek
|-damage|p1a: Snek|19/100
|
|-heal|p1a: Snek|25/100|[from] item: Leftovers
|upkeep
|turn|27
|
|t:|1757930135
|move|p1a: Snek|Synthesis|p1a: Snek
|-heal|p1a: Snek|75/100
|move|p2a: Iron Treads|Iron Head|p1a: Snek
|-damage|p1a: Snek|19/100
|
|-heal|p1a: Snek|25/100|[from] item: Leftovers
|upkeep
|turn|28
|
|t:|1757930142
|move|p1a: Snek|Glare|p2a: Iron Treads
|-status|p2a: Iron Treads|par
|cant|p2a: Iron Treads|par
|
|-heal|p1a: Snek|32/100|[from] item: Leftovers
|upkeep
|turn|29
|
|t:|1757930149
|move|p1a: Snek|Synthesis|p1a: Snek
|-heal|p1a: Snek|82/100
|move|p2a: Iron Treads|Rapid Spin|p1a: Snek
|-damage|p1a: Snek|59/100
|-boost|p2a: Iron Treads|spe|1
|
|-heal|p1a: Snek|65/100|[from] item: Leftovers
|upkeep
|turn|30
|
|t:|1757930154
|move|p1a: Snek|Leaf Storm|p2a: Iron Treads
|-damage|p2a: Iron Treads|53/100 par
|-boost|p1a: Snek|spa|2
|cant|p2a: Iron Treads|par
|
|-heal|p1a: Snek|72/100|[from] item: Leftovers
|upkeep
|turn|31
|
|t:|1757930161
|move|p1a: Snek|Leaf Storm|p2a: Iron Treads
|-damage|p2a: Iron Treads|0 fnt
|-boost|p1a: Snek|spa|2
|faint|p2a: Iron Treads
|-end|p2a: Iron Treads|Quark Drive|[silent]
|
|-heal|p1a: Snek|78/100|[from] item: Leftovers
|upkeep
|
|t:|1757930169
|switch|p2a: Cinderace|Cinderace, F|100/100
|turn|32
|
|t:|1757930177
|switch|p1a: Dondozo|Dondozo, M|80/100 slp
|move|p2a: Cinderace|Pyro Ball|p1a: Dondozo|[miss]
|-miss|p2a: Cinderace|p1a: Dondozo
|
|-heal|p1a: Dondozo|86/100 slp|[from] item: Leftovers
|upkeep
|turn|33
|
|t:|1757930187
|switch|p2a: Pecharunt|Pecharunt|100/100
|-item|p2a: Pecharunt|Air Balloon
|cant|p1a: Dondozo|slp
|
|-heal|p1a: Dondozo|92/100 slp|[from] item: Leftovers
|upkeep
|turn|34
|
|t:|1757930195
|move|p2a: Pecharunt|Nasty Plot|p2a: Pecharunt
|-boost|p2a: Pecharunt|spa|2
|cant|p1a: Dondozo|slp
|
|-heal|p1a: Dondozo|98/100 slp|[from] item: Leftovers
|upkeep
|turn|35
|
|t:|1757930204
|move|p2a: Pecharunt|Malignant Chain|p1a: Dondozo
|-damage|p1a: Dondozo|74/100 slp
|-curestatus|p1a: Dondozo|slp|[msg]
|move|p1a: Dondozo|Waterfall|p2a: Pecharunt
|-crit|p2a: Pecharunt
|-damage|p2a: Pecharunt|71/100
|-enditem|p2a: Pecharunt|Air Balloon
|
|-heal|p1a: Dondozo|80/100|[from] item: Leftovers
|upkeep
|turn|36
|
|t:|1757930216
|switch|p1a: Clodsire|Clodsire, M|100/100
|move|p2a: Pecharunt|Malignant Chain|p1a: Clodsire
|-resisted|p1a: Clodsire
|-damage|p1a: Clodsire|94/100
|
|-heal|p1a: Clodsire|99/100|[from] item: Leftovers
|upkeep
|turn|37
|
|t:|1757930226
|move|p2a: Pecharunt|Shadow Ball|p1a: Clodsire
|-damage|p1a: Clodsire|77/100
|move|p1a: Clodsire|Earthquake|p2a: Pecharunt
|-supereffective|p2a: Pecharunt
|-damage|p2a: Pecharunt|29/100
|
|-heal|p1a: Clodsire|83/100|[from] item: Leftovers
|upkeep
|turn|38
|
|t:|1757930234
|move|p2a: Pecharunt|Shadow Ball|p1a: Clodsire
|-damage|p1a: Clodsire|64/100
|-unboost|p1a: Clodsire|spd|1
|move|p1a: Clodsire|Earthquake|p2a: Pecharunt
|-supereffective|p2a: Pecharunt
|-damage|p2a: Pecharunt|0 fnt
|faint|p2a: Pecharunt
|
|-heal|p1a: Clodsire|70/100|[from] item: Leftovers
|upkeep
|
|t:|1757930249
|switch|p2a: Kingambit|Kingambit, F|100/100
|-activate|p2a: Kingambit|ability: Supreme Overlord
|-start|p2a: Kingambit|fallen4|[silent]
|turn|39
|
|t:|1757930257
|switch|p1a: Corviknight|Corviknight, M|4/100
|-terastallize|p2a: Kingambit|Dark
|move|p2a: Kingambit|Kowtow Cleave|p1a: Corviknight
|-damage|p1a: Corviknight|0 fnt
|-damage|p2a: Kingambit|84/100|[from] item: Rocky Helmet|[of] p1a: Corviknight
|faint|p1a: Corviknight
|
|upkeep
|
|t:|1757930260
|switch|p1a: Snek|Serperior, F|78/100
|turn|40
|
|t:|1757930269
|move|p1a: Snek|Glare|p2a: Kingambit
|-status|p2a: Kingambit|par
|move|p2a: Kingambit|Kowtow Cleave|p1a: Snek
|-crit|p1a: Snek
|-damage|p1a: Snek|0 fnt
|faint|p1a: Snek
|
|upkeep
|
|t:|1757930278
|switch|p1a: Grimmsnarl|Grimmsnarl, M|100/100
|turn|41
|
|t:|1757930286
|-end|p2a: Kingambit|fallen4|[silent]
|switch|p2a: Cinderace|Cinderace, F|100/100
|move|p1a: Grimmsnarl|Reflect|p1a: Grimmsnarl
|-sidestart|p1: Shampoogini|Reflect
|
|upkeep
|turn|42
|
|t:|1757930294
|move|p1a: Grimmsnarl|Parting Shot|p2a: Cinderace
|-unboost|p2a: Cinderace|atk|1
|-unboost|p2a: Cinderace|spa|1
|
|t:|1757930301
|switch|p1a: Skeledirge|Skeledirge, M|100/100|[from] Parting Shot
|move|p2a: Cinderace|Swords Dance|p2a: Cinderace
|-boost|p2a: Cinderace|atk|2
|
|upkeep
|turn|43
|
|t:|1757930309
|move|p2a: Cinderace|Swords Dance|p2a: Cinderace
|-boost|p2a: Cinderace|atk|2
|move|p1a: Skeledirge|Torch Song|p2a: Cinderace
|-resisted|p2a: Cinderace
|-damage|p2a: Cinderace|79/100
|-boost|p1a: Skeledirge|spa|1
|
|upkeep
|turn|44
|
|t:|1757930317
|move|p2a: Cinderace|Swords Dance|p2a: Cinderace
|-boost|p2a: Cinderace|atk|2
|move|p1a: Skeledirge|Torch Song|p2a: Cinderace
|-resisted|p2a: Cinderace
|-crit|p2a: Cinderace
|-damage|p2a: Cinderace|29/100
|-boost|p1a: Skeledirge|spa|1
|
|upkeep
|turn|45
|c|☆Shampoogini|Bro they unaware
|c|☆Shampoogini|Swords dance is not gonna help
|
|t:|1757930337
|move|p2a: Cinderace|Sucker Punch|p1a: Skeledirge
|-supereffective|p1a: Skeledirge
|-damage|p1a: Skeledirge|84/100
|move|p1a: Skeledirge|Shadow Ball|p2a: Cinderace
|-damage|p2a: Cinderace|0 fnt
|faint|p2a: Cinderace
|
|-heal|p1a: Skeledirge|90/100|[from] item: Leftovers
|upkeep
|
|t:|1757930345
|switch|p2a: Kingambit|Kingambit, F, tera:Dark|84/100 par
|-activate|p2a: Kingambit|ability: Supreme Overlord
|-start|p2a: Kingambit|fallen5|[silent]
|turn|46
|
|t:|1757930355
|-terastallize|p1a: Skeledirge|Flying
|move|p2a: Kingambit|Sucker Punch|p1a: Skeledirge
|-damage|p1a: Skeledirge|51/100
|move|p1a: Skeledirge|Torch Song|p2a: Kingambit
|-damage|p2a: Kingambit|22/100 par
|-boost|p1a: Skeledirge|spa|1
|
|-heal|p1a: Skeledirge|57/100|[from] item: Leftovers
|upkeep
|turn|47
|
|t:|1757930367
|move|p1a: Skeledirge|Slack Off|p1a: Skeledirge
|-heal|p1a: Skeledirge|100/100
|move|p2a: Kingambit|Kowtow Cleave|p1a: Skeledirge
|-damage|p1a: Skeledirge|57/100
|
|-heal|p1a: Skeledirge|63/100|[from] item: Leftovers
|upkeep
|turn|48
|
|t:|1757930374
|move|p2a: Kingambit|Sucker Punch|p1a: Skeledirge
|-damage|p1a: Skeledirge|24/100
|move|p1a: Skeledirge|Torch Song|p2a: Kingambit
|-damage|p2a: Kingambit|0 fnt
|-boost|p1a: Skeledirge|spa|1
|faint|p2a: Kingambit
|-end|p2a: Kingambit|fallen5|[silent]
|
|win|Shampoogini
|raw|Shampoogini's rating: 1177 &rarr; <strong>1204</strong><br />(+27 for winning)
|raw|ItsMeFiery's rating: 1209 &rarr; <strong>1182</strong><br />(-27 for losing)
