|j|☆Nlemartyr
|j|☆collegern
|t:|1757951637
|gametype|singles
|player|p1|Nlemartyr|ninjaboy|1106
|player|p2|collegern|fisherman-gen4|1037
|gen|9
|tier|[Gen 9] OU
|rated|
|rule|HP Percentage Mod: HP is shown in percentages
|rule|Endless Battle Clause: Forcing endless battles is banned
|rule|Species Clause: Limit one of each Pokémon
|rule|OHKO Clause: OHKO moves are banned
|rule|Evasion Items Clause: Evasion items are banned
|rule|Evasion Moves Clause: Evasion moves are banned
|rule|Evasion Abilities Clause: Evasion abilities are banned
|rule|Sleep Moves Clause: Sleep-inducing moves are banned
|clearpoke
|poke|p1|Galvantula, F|
|poke|p1|Corviknight, M|
|poke|p1|Iron Valiant|
|poke|p1|Gyarados, M|
|poke|p1|Landorus-Therian, M|
|poke|p1|Clefable, M|
|poke|p2|Incineroar, F|
|poke|p2|Ogerpon-Wellspring, F|
|poke|p2|Gliscor, M|
|poke|p2|Raging Bolt|
|poke|p2|Scizor, M|
|poke|p2|Clefable, F|
|teampreview
|inactive|Battle timer is ON: inactive players will automatically lose when time's up. (requested by collegern)
|c|☆Nlemartyr|You know imma win, right?
|c|☆Nlemartyr|You know imma whoop that ahh?
|c|☆collegern|probably, i ain't good
|
|t:|1757951664
|teamsize|p1|6
|teamsize|p2|6
|start
|switch|p1a: Clefable|Clefable, M|100/100
|switch|p2a: Clefable|Clefable, F|100/100
|turn|1
|c|☆Nlemartyr|gotta speak life into urself
|
|t:|1757951672
|move|p2a: Clefable|Calm Mind|p2a: Clefable
|-boost|p2a: Clefable|spa|1
|-boost|p2a: Clefable|spd|1
|move|p1a: Clefable|Stealth Rock|p2a: Clefable
|-sidestart|p2: collegern|move: Stealth Rock
|
|upkeep
|turn|2
|
|t:|1757951679
|move|p2a: Clefable|Calm Mind|p2a: Clefable
|-boost|p2a: Clefable|spa|1
|-boost|p2a: Clefable|spd|1
|move|p1a: Clefable|Thunder Wave|p2a: Clefable
|-status|p2a: Clefable|par
|
|upkeep
|turn|3
|
|t:|1757951692
|switch|p1a: Corviknight|Corviknight, M|100/100
|-ability|p1a: Corviknight|Pressure
|move|p2a: Clefable|Chilling Water|p1a: Corviknight
|-damage|p1a: Corviknight|68/100
|-unboost|p1a: Corviknight|atk|1
|
|-heal|p1a: Corviknight|74/100|[from] item: Leftovers
|upkeep
|turn|4
|
|t:|1757951700
|move|p1a: Corviknight|Brave Bird|p2a: Clefable
|-damage|p2a: Clefable|75/100 par
|-damage|p1a: Corviknight|66/100|[from] Recoil
|move|p2a: Clefable|Chilling Water|p1a: Corviknight
|-damage|p1a: Corviknight|37/100
|-unboost|p1a: Corviknight|atk|1
|
|-heal|p1a: Corviknight|43/100|[from] item: Leftovers
|-heal|p2a: Clefable|81/100 par|[from] item: Leftovers
|upkeep
|turn|5
|
|t:|1757951710
|move|p1a: Corviknight|U-turn|p2a: Clefable
|-resisted|p2a: Clefable
|-damage|p2a: Clefable|77/100 par
|
|t:|1757951716
|switch|p1a: Galvantula|Galvantula, F|100/100|[from] U-turn
|move|p2a: Clefable|Chilling Water|p1a: Galvantula
|-damage|p1a: Galvantula|45/100
|-unboost|p1a: Galvantula|atk|1
|
|-heal|p2a: Clefable|83/100 par|[from] item: Leftovers
|upkeep
|turn|6
|
|t:|1757951725
|move|p1a: Galvantula|Sticky Web|p2a: Clefable
|-sidestart|p2: collegern|move: Sticky Web
|move|p2a: Clefable|Chilling Water|p1a: Galvantula
|-damage|p1a: Galvantula|0 fnt
|faint|p1a: Galvantula
|
|-heal|p2a: Clefable|89/100 par|[from] item: Leftovers
|upkeep
|
|t:|1757951732
|switch|p1a: Gyarados|Gyarados, M|100/100
|-ability|p1a: Gyarados|Intimidate|boost
|-unboost|p2a: Clefable|atk|1
|turn|7
|
|t:|1757951738
|move|p1a: Gyarados|Substitute|p1a: Gyarados
|-start|p1a: Gyarados|Substitute
|-damage|p1a: Gyarados|76/100
|move|p2a: Clefable|Draining Kiss|p1a: Gyarados
|-end|p1a: Gyarados|Substitute
|-heal|p2a: Clefable|100/100 par|[from] drain|[of] p1a: Gyarados
|
|upkeep
|turn|8
|
|t:|1757951751
|move|p1a: Gyarados|Substitute|p1a: Gyarados
|-start|p1a: Gyarados|Substitute
|-damage|p1a: Gyarados|51/100
|move|p2a: Clefable|Draining Kiss|p1a: Gyarados
|-end|p1a: Gyarados|Substitute
|
|upkeep
|turn|9
|
|t:|1757951757
|move|p1a: Gyarados|Substitute|p1a: Gyarados
|-start|p1a: Gyarados|Substitute
|-damage|p1a: Gyarados|26/100
|cant|p2a: Clefable|par
|
|upkeep
|turn|10
|
|t:|1757951763
|move|p1a: Gyarados|Dragon Dance|p1a: Gyarados
|-boost|p1a: Gyarados|atk|1
|-boost|p1a: Gyarados|spe|1
|move|p2a: Clefable|Draining Kiss|p1a: Gyarados
|-end|p1a: Gyarados|Substitute
|
|upkeep
|turn|11
|
|t:|1757951770
|move|p1a: Gyarados|Earthquake|p2a: Clefable
|-damage|p2a: Clefable|44/100 par
|move|p2a: Clefable|Draining Kiss|p1a: Gyarados
|-crit|p1a: Gyarados
|-damage|p1a: Gyarados|0 fnt
|-heal|p2a: Clefable|60/100 par|[from] drain|[of] p1a: Gyarados
|faint|p1a: Gyarados
|
|-heal|p2a: Clefable|66/100 par|[from] item: Leftovers
|upkeep
|
|t:|1757951785
|switch|p1a: Landorus|Landorus-Therian, M|100/100
|-ability|p1a: Landorus|Intimidate|boost
|-unboost|p2a: Clefable|atk|1
|turn|12
|
|t:|1757951792
|move|p1a: Landorus|Swords Dance|p1a: Landorus
|-boost|p1a: Landorus|atk|2
|move|p2a: Clefable|Chilling Water|p1a: Landorus
|-supereffective|p1a: Landorus
|-damage|p1a: Landorus|39/100
|-unboost|p1a: Landorus|atk|1
|
|-heal|p2a: Clefable|72/100 par|[from] item: Leftovers
|upkeep
|turn|13
|
|t:|1757951803
|move|p1a: Landorus|Swords Dance|p1a: Landorus
|-boost|p1a: Landorus|atk|2
|move|p2a: Clefable|Chilling Water|p1a: Landorus
|-supereffective|p1a: Landorus
|-damage|p1a: Landorus|0 fnt
|faint|p1a: Landorus
|
|-heal|p2a: Clefable|78/100 par|[from] item: Leftovers
|upkeep
|
|t:|1757951808
|switch|p1a: Iron Valiant|Iron Valiant|100/100
|-enditem|p1a: Iron Valiant|Booster Energy
|-activate|p1a: Iron Valiant|ability: Quark Drive|[fromitem]
|-start|p1a: Iron Valiant|quarkdrivespe
|turn|14
|
|t:|1757951820
|move|p1a: Iron Valiant|Close Combat|p2a: Clefable
|-resisted|p2a: Clefable
|-damage|p2a: Clefable|49/100 par
|-unboost|p1a: Iron Valiant|def|1
|-unboost|p1a: Iron Valiant|spd|1
|move|p2a: Clefable|Draining Kiss|p1a: Iron Valiant
|-supereffective|p1a: Iron Valiant
|-damage|p1a: Iron Valiant|0 fnt
|-heal|p2a: Clefable|100/100 par|[from] drain|[of] p1a: Iron Valiant
|faint|p1a: Iron Valiant
|-end|p1a: Iron Valiant|Quark Drive|[silent]
|
|upkeep
|
|t:|1757951827
|switch|p1a: Clefable|Clefable, M|100/100
|turn|15
|-message|Nlemartyr forfeited.
|
|win|collegern
|raw|Nlemartyr's rating: 1106 &rarr; <strong>1076</strong><br />(-30 for losing)
|raw|collegern's rating: 1037 &rarr; <strong>1078</strong><br />(+41 for winning)
|l|☆Nlemartyr
|player|p1|
|c|☆collegern|im saving that
