|j|☆Blizzard Wyvern
|j|☆Hhoottddoogg
|t:|1757853349
|gametype|singles
|player|p1|Blizzard Wyvern|brycen|1348
|player|p2|Hhoottddoogg|266|1328
|gen|9
|tier|[Gen 9] OU
|rated|
|rule|HP Percentage Mod: HP is shown in percentages
|rule|Endless Battle Clause: Forcing endless battles is banned
|rule|Species Clause: Limit one of each Pokémon
|rule|OHKO Clause: OHKO moves are banned
|rule|Evasion Items Clause: Evasion items are banned
|rule|Evasion Moves Clause: Evasion moves are banned
|rule|Evasion Abilities Clause: Evasion abilities are banned
|rule|Sleep Moves Clause: Sleep-inducing moves are banned
|clearpoke
|poke|p1|Glaceon, F|
|poke|p1|Espeon, F|
|poke|p1|Umbreon, M|
|poke|p1|Flareon, M|
|poke|p1|Vaporeon, F|
|poke|p1|Jolteon, M|
|poke|p2|Kingambit, M|
|poke|p2|Empoleon, F|
|poke|p2|Serperior, F|
|poke|p2|Vikavolt, M|
|poke|p2|Moltres-Galar|
|poke|p2|Slowbro-Galar, F|
|teampreview
|
|t:|1757853358
|teamsize|p1|6
|teamsize|p2|6
|start
|switch|p1a: Jolteon|Jolteon, M|100/100
|switch|p2a: Vikavolt|Vikavolt, M|100/100
|turn|1
|
|t:|1757853361
|move|p1a: Jolteon|Volt Switch|p2a: Vikavolt
|-resisted|p2a: Vikavolt
|-damage|p2a: Vikavolt|73/100
|
|t:|1757853363
|switch|p1a: Espeon|Espeon, F|100/100|[from] Volt Switch
|move|p2a: Vikavolt|Sticky Web|p1a: Espeon
|move|p1a: Espeon|Sticky Web|p2a: Vikavolt|[from] ability: Magic Bounce
|-sidestart|p2: Hhoottddoogg|move: Sticky Web
|
|upkeep
|turn|2
|
|t:|1757853368
|move|p1a: Espeon|Power Gem|p2a: Vikavolt
|-supereffective|p2a: Vikavolt
|-damage|p2a: Vikavolt|0 fnt
|faint|p2a: Vikavolt
|-damage|p1a: Espeon|91/100|[from] item: Life Orb
|
|upkeep
|
|t:|1757853387
|switch|p2a: Kingambit|Kingambit, M|100/100
|-activate|p2a: Kingambit|move: Sticky Web
|-unboost|p2a: Kingambit|spe|1
|-ability|p2a: Kingambit|Defiant|boost
|-boost|p2a: Kingambit|atk|2
|turn|3
|
|t:|1757853393
|switch|p1a: Umbreon|Umbreon, M, shiny|100/100
|move|p2a: Kingambit|Kowtow Cleave|p1a: Umbreon
|-resisted|p1a: Umbreon
|-damage|p1a: Umbreon|65/100
|-damage|p2a: Kingambit|84/100|[from] item: Rocky Helmet|[of] p1a: Umbreon
|
|upkeep
|turn|4
|
|t:|1757853401
|move|p1a: Umbreon|Foul Play|p2a: Kingambit
|-resisted|p2a: Kingambit
|-damage|p2a: Kingambit|41/100
|move|p2a: Kingambit|Iron Head|p1a: Umbreon
|-damage|p1a: Umbreon|10/100
|-damage|p2a: Kingambit|25/100|[from] item: Rocky Helmet|[of] p1a: Umbreon
|
|upkeep
|turn|5
|
|t:|1757853407
|move|p1a: Umbreon|Wish|p1a: Umbreon
|move|p2a: Kingambit|Iron Head|p1a: Umbreon
|-damage|p1a: Umbreon|0 fnt
|-damage|p2a: Kingambit|8/100|[from] item: Rocky Helmet|[of] p1a: Umbreon
|faint|p1a: Umbreon
|
|upkeep
|
|t:|1757853420
|switch|p1a: Flareon|Flareon, M|100/100
|turn|6
|
|t:|1757853425
|move|p2a: Kingambit|Sucker Punch|p1a: Flareon
|-damage|p1a: Flareon|0 fnt
|faint|p1a: Flareon
|
|upkeep
|
|t:|1757853431
|switch|p1a: Vaporeon|Vaporeon, F|100/100
|turn|7
|
|t:|1757853435
|move|p1a: Vaporeon|Acid Armor|p1a: Vaporeon
|-boost|p1a: Vaporeon|def|2
|move|p2a: Kingambit|Kowtow Cleave|p1a: Vaporeon
|-damage|p1a: Vaporeon|46/100
|
|-heal|p1a: Vaporeon|52/100|[from] item: Leftovers
|upkeep
|turn|8
|
|t:|1757853444
|move|p1a: Vaporeon|Scald|p2a: Kingambit
|-damage|p2a: Kingambit|0 fnt
|faint|p2a: Kingambit
|
|-heal|p1a: Vaporeon|58/100|[from] item: Leftovers
|upkeep
|
|t:|1757853449
|switch|p2a: Slowbro|Slowbro-Galar, F|100/100
|-activate|p2a: Slowbro|move: Sticky Web
|-unboost|p2a: Slowbro|spe|1
|turn|9
|-activate|p2a: Slowbro|ability: Quick Draw
|
|t:|1757853455
|-terastallize|p1a: Vaporeon|Poison
|move|p2a: Slowbro|Shell Side Arm|p1a: Vaporeon|[anim] Shell Side Arm Special
|-resisted|p1a: Vaporeon
|-damage|p1a: Vaporeon|40/100
|-hint|Special Shell Side Arm
|move|p1a: Vaporeon|Wish|p1a: Vaporeon
|
|-heal|p1a: Vaporeon|46/100|[from] item: Leftovers
|upkeep
|turn|10
|-activate|p2a: Slowbro|ability: Quick Draw
|
|t:|1757853467
|move|p2a: Slowbro|Psychic|p1a: Vaporeon
|-supereffective|p1a: Vaporeon
|-damage|p1a: Vaporeon|0 fnt
|faint|p1a: Vaporeon
|
|upkeep
|
|t:|1757853478
|switch|p1a: Jolteon|Jolteon, M|100/100
|turn|11
|-activate|p2a: Slowbro|ability: Quick Draw
|
|t:|1757853481
|move|p2a: Slowbro|Shell Side Arm|p1a: Jolteon|[anim] Shell Side Arm Special
|-crit|p1a: Jolteon
|-damage|p1a: Jolteon|20/100
|-hint|Special Shell Side Arm
|move|p1a: Jolteon|Shadow Ball|p2a: Slowbro
|-supereffective|p2a: Slowbro
|-damage|p2a: Slowbro|0 fnt
|faint|p2a: Slowbro
|
|upkeep
|
|t:|1757853493
|switch|p2a: Serperior|Serperior, F|100/100
|-activate|p2a: Serperior|move: Sticky Web
|-boost|p2a: Serperior|spe|1
|turn|12
|
|t:|1757853496
|move|p2a: Serperior|Leaf Storm|p1a: Jolteon
|-damage|p1a: Jolteon|0 fnt
|-boost|p2a: Serperior|spa|2
|faint|p1a: Jolteon
|
|upkeep
|
|t:|1757853497
|switch|p1a: Glaceon|Glaceon, F, shiny|100/100
|turn|13
|
|t:|1757853504
|-terastallize|p2a: Serperior|Fire
|move|p2a: Serperior|Tera Blast|p1a: Glaceon|[anim] Tera Blast Fire
|-supereffective|p1a: Glaceon
|-damage|p1a: Glaceon|21/100
|move|p1a: Glaceon|Mirror Coat|p2a: Serperior
|-damage|p2a: Serperior|0 fnt
|faint|p2a: Serperior
|
|upkeep
|
|t:|1757853518
|switch|p2a: Moltres|Moltres-Galar|100/100
|turn|14
|
|t:|1757853523
|move|p2a: Moltres|Fiery Wrath|p1a: Glaceon
|-damage|p1a: Glaceon|0 fnt
|faint|p1a: Glaceon
|
|upkeep
|
|t:|1757853525
|switch|p1a: Espeon|Espeon, F|91/100
|turn|15
|
|t:|1757853529
|move|p1a: Espeon|Power Gem|p2a: Moltres
|-supereffective|p2a: Moltres
|-damage|p2a: Moltres|48/100
|-ability|p2a: Moltres|Berserk|boost
|-boost|p2a: Moltres|spa|1
|-damage|p1a: Espeon|81/100|[from] item: Life Orb
|move|p2a: Moltres|Fiery Wrath|p1a: Espeon
|-supereffective|p1a: Espeon
|-damage|p1a: Espeon|0 fnt
|faint|p1a: Espeon
|
|win|Hhoottddoogg
|raw|Blizzard Wyvern's rating: 1348 &rarr; <strong>1327</strong><br />(-21 for losing)
|raw|Hhoottddoogg's rating: 1328 &rarr; <strong>1349</strong><br />(+21 for winning)
|c|☆Hhoottddoogg|Gg
|l|☆Blizzard Wyvern
|player|p1|
|l|☆Hhoottddoogg
|player|p2|
