|j|☆mikro3130
|j|☆ts0x
|t:|1757917307
|gametype|singles
|player|p1|mikro3130|wattson|1086
|player|p2|ts0x|266|1081
|gen|9
|tier|[Gen 9] OU
|rated|
|rule|HP Percentage Mod: HP is shown in percentages
|rule|Endless Battle Clause: Forcing endless battles is banned
|rule|Species Clause: Limit one of each Pokémon
|rule|OHKO Clause: OHKO moves are banned
|rule|Evasion Items Clause: Evasion items are banned
|rule|Evasion Moves Clause: Evasion moves are banned
|rule|Evasion Abilities Clause: Evasion abilities are banned
|rule|Sleep Moves Clause: Sleep-inducing moves are banned
|clearpoke
|poke|p1|Ribombee, F|
|poke|p1|Dunsparce, M|
|poke|p1|Cloyster, F|
|poke|p1|Veluza, M|
|poke|p1|Latios, M|
|poke|p1|Porygon-Z|
|poke|p2|Ludicolo, M|
|poke|p2|Pelipper, M|
|poke|p2|Clodsire, M|
|poke|p2|Weezing-Galar, M|
|poke|p2|Heatran, M|
|poke|p2|Hoopa-Unbound|
|teampreview
|inactive|Battle timer is ON: inactive players will automatically lose when time's up. (requested by mikro3130)
|
|t:|1757917328
|teamsize|p1|6
|teamsize|p2|6
|start
|switch|p1a: Latios|Latios, M|100/100
|switch|p2a: Clodsire|Clodsire, M, shiny|100/100
|turn|1
|
|t:|1757917334
|move|p1a: Latios|Calm Mind|p1a: Latios
|-boost|p1a: Latios|spa|1
|-boost|p1a: Latios|spd|1
|move|p2a: Clodsire|Stealth Rock|p1a: Latios
|-sidestart|p1: mikro3130|move: Stealth Rock
|
|upkeep
|turn|2
|
|t:|1757917345
|move|p1a: Latios|Calm Mind|p1a: Latios
|-boost|p1a: Latios|spa|1
|-boost|p1a: Latios|spd|1
|move|p2a: Clodsire|Ancient Power|p1a: Latios
|-damage|p1a: Latios|96/100
|
|upkeep
|turn|3
|
|t:|1757917358
|switch|p2a: Pelipper|Pelipper, M, shiny|100/100
|-weather|RainDance|[from] ability: Drizzle|[of] p2a: Pelipper
|move|p1a: Latios|Calm Mind|p1a: Latios
|-boost|p1a: Latios|spa|1
|-boost|p1a: Latios|spd|1
|
|-weather|RainDance|[upkeep]
|upkeep
|turn|4
|
|t:|1757917369
|move|p1a: Latios|Luster Purge|p2a: Pelipper
|-enditem|p2a: Pelipper|Focus Sash
|-damage|p2a: Pelipper|1/100
|-unboost|p2a: Pelipper|spd|1
|move|p2a: Pelipper|U-turn|p1a: Latios
|-supereffective|p1a: Latios
|-damage|p1a: Latios|76/100
|
|t:|1757917377
|switch|p2a: Hoopa|Hoopa-Unbound|100/100|[from] U-turn
|
|-weather|RainDance|[upkeep]
|upkeep
|turn|5
|
|t:|1757917384
|move|p1a: Latios|Dragon Pulse|p2a: Hoopa
|-damage|p2a: Hoopa|0 fnt
|faint|p2a: Hoopa
|
|-weather|RainDance|[upkeep]
|upkeep
|
|t:|1757917389
|switch|p2a: Weezing|Weezing-Galar, M|100/100
|-ability|p2a: Weezing|Neutralizing Gas
|-item|p2a: Weezing|Air Balloon
|turn|6
|
|t:|1757917407
|move|p1a: Latios|Luster Purge|p2a: Weezing
|-supereffective|p2a: Weezing
|-damage|p2a: Weezing|0 fnt
|-enditem|p2a: Weezing|Air Balloon
|faint|p2a: Weezing
|-end|p2a: Weezing|ability: Neutralizing Gas
|
|-weather|RainDance|[upkeep]
|upkeep
|
|t:|1757917414
|switch|p2a: Jr.|Ludicolo, M, shiny|100/100
|turn|7
|
|t:|1757917417
|-terastallize|p1a: Latios|Water
|move|p2a: Jr.|Ice Beam|p1a: Latios
|-resisted|p1a: Latios
|-damage|p1a: Latios|69/100
|move|p1a: Latios|Luster Purge|p2a: Jr.
|-damage|p2a: Jr.|0 fnt
|faint|p2a: Jr.
|
|-weather|none
|upkeep
|
|t:|1757917426
|switch|p2a: Heatran|Heatran, M, shiny|100/100
|-item|p2a: Heatran|Air Balloon
|turn|8
|
|t:|1757917433
|move|p1a: Latios|Aura Sphere|p2a: Heatran
|-supereffective|p2a: Heatran
|-damage|p2a: Heatran|0 fnt
|-enditem|p2a: Heatran|Air Balloon
|faint|p2a: Heatran
|
|upkeep
|
|t:|1757917440
|switch|p2a: Clodsire|Clodsire, M, shiny|100/100
|turn|9
|
|t:|1757917444
|move|p1a: Latios|Luster Purge|p2a: Clodsire
|-supereffective|p2a: Clodsire
|-damage|p2a: Clodsire|0 fnt
|faint|p2a: Clodsire
|
|upkeep
|
|t:|1757917448
|switch|p2a: Pelipper|Pelipper, M, shiny|1/100
|-weather|RainDance|[from] ability: Drizzle|[of] p2a: Pelipper
|turn|10
|c|☆mikro3130|gg
|
|t:|1757917458
|move|p1a: Latios|Luster Purge|p2a: Pelipper
|-crit|p2a: Pelipper
|-damage|p2a: Pelipper|0 fnt
|faint|p2a: Pelipper
|
|win|mikro3130
|raw|mikro3130's rating: 1086 &rarr; <strong>1113</strong><br />(+27 for winning)
|raw|ts0x's rating: 1081 &rarr; <strong>1059</strong><br />(-22 for losing)
|l|☆mikro3130
|player|p1|
|l|☆ts0x
|player|p2|
