|j|☆lanarey
|j|☆lzc123456
|t:|1757939904
|gametype|singles
|player|p1|lanarey|unknownf|1620
|player|p2|lzc123456|cynthia-gen4|1606
|gen|9
|tier|[Gen 9] OU
|rated|
|rule|HP Percentage Mod: HP is shown in percentages
|rule|Endless Battle Clause: Forcing endless battles is banned
|rule|Species Clause: Limit one of each Pokémon
|rule|OHKO Clause: OHKO moves are banned
|rule|Evasion Items Clause: Evasion items are banned
|rule|Evasion Moves Clause: Evasion moves are banned
|rule|Evasion Abilities Clause: Evasion abilities are banned
|rule|Sleep Moves Clause: Sleep-inducing moves are banned
|clearpoke
|poke|p1|Gholdengo|
|poke|p1|Glimmora, F|
|poke|p1|Hatterene, F|
|poke|p1|Rillaboom, M|
|poke|p1|Ting-Lu|
|poke|p1|Zamazenta-*|
|poke|p2|Iron Treads|
|poke|p2|Alomomola, F|
|poke|p2|Tornadus-Therian, M|
|poke|p2|Garganacl, M|
|poke|p2|Weezing-Galar, F|
|poke|p2|Lokix, M|
|teampreview
|inactive|Battle timer is ON: inactive players will automatically lose when time's up. (requested by lanarey)
|inactive|lanarey has 120 seconds left.
|inactive|lanarey has 90 seconds left.
|inactive|lanarey has 60 seconds left.
|
|t:|1757940001
|teamsize|p1|6
|teamsize|p2|6
|start
|switch|p1a: Rillaboom|Rillaboom, M|100/100
|switch|p2a: Lokix|Lokix, M|100/100
|-fieldstart|move: Grassy Terrain|[from] ability: Grassy Surge|[of] p1a: Rillaboom
|turn|1
|inactive|lanarey has 120 seconds left.
|
|t:|1757940007
|switch|p1a: Glimmora|Glimmora, F|100/100
|move|p2a: Lokix|U-turn|p1a: Glimmora
|-resisted|p1a: Glimmora
|-damage|p1a: Glimmora|40/100
|-activate|p1a: Glimmora|ability: Toxic Debris
|-sidestart|p2: lzc123456|move: Toxic Spikes
|
|t:|1757940014
|switch|p2a: Weezing|Weezing-Galar, F|100/100|[from] U-turn
|-ability|p2a: Weezing|Neutralizing Gas
|-sideend|p2: lzc123456|move: Toxic Spikes|[of] p2a: Weezing
|
|-heal|p1a: Glimmora|46/100|[from] Grassy Terrain
|upkeep
|turn|2
|
|t:|1757940025
|move|p1a: Glimmora|Earth Power|p2a: Weezing
|-supereffective|p2a: Weezing
|-damage|p2a: Weezing|11/100
|move|p2a: Weezing|Will-O-Wisp|p1a: Glimmora
|-status|p1a: Glimmora|brn
|
|-heal|p1a: Glimmora|52/100 brn|[from] Grassy Terrain
|-heal|p2a: Weezing|17/100|[from] Grassy Terrain
|-heal|p2a: Weezing|23/100|[from] item: Leftovers
|-damage|p1a: Glimmora|46/100 brn|[from] brn
|upkeep
|turn|3
|
|t:|1757940036
|-end|p2a: Weezing|ability: Neutralizing Gas
|switch|p2a: Iron Treads|Iron Treads|100/100
|move|p1a: Glimmora|Mortal Spin|p2a: Iron Treads
|-immune|p2a: Iron Treads
|
|-heal|p1a: Glimmora|52/100 brn|[from] Grassy Terrain
|-damage|p1a: Glimmora|46/100 brn|[from] brn
|upkeep
|turn|4
|
|t:|1757940048
|switch|p1a: Rillaboom|Rillaboom, M|100/100
|move|p2a: Iron Treads|Iron Head|p1a: Rillaboom
|-damage|p1a: Rillaboom|69/100
|
|-heal|p1a: Rillaboom|75/100|[from] Grassy Terrain
|upkeep
|turn|5
|
|t:|1757940052
|move|p2a: Iron Treads|Volt Switch|p1a: Rillaboom
|-resisted|p1a: Rillaboom
|-damage|p1a: Rillaboom|67/100
|
|t:|1757940055
|-end|p2a: Iron Treads|Quark Drive|[silent]
|switch|p2a: Tornadus|Tornadus-Therian, M, shiny|100/100|[from] Volt Switch
|move|p1a: Rillaboom|U-turn|p2a: Tornadus
|-resisted|p2a: Tornadus
|-damage|p2a: Tornadus|79/100
|-damage|p1a: Rillaboom|57/100|[from] item: Life Orb
|
|t:|1757940068
|switch|p1a: Gholdengo|Gholdengo|100/100|[from] U-turn
|-enditem|p1a: Gholdengo|Grassy Seed
|-boost|p1a: Gholdengo|def|1|[from] item: Grassy Seed
|
|-fieldend|move: Grassy Terrain
|upkeep
|turn|6
|
|t:|1757940080
|move|p2a: Tornadus|Heat Wave|p1a: Gholdengo
|-supereffective|p1a: Gholdengo
|-damage|p1a: Gholdengo|17/100
|-damage|p2a: Tornadus|69/100|[from] item: Life Orb
|move|p1a: Gholdengo|Make It Rain|p2a: Tornadus
|-damage|p2a: Tornadus|0 fnt
|-unboost|p1a: Gholdengo|spa|1
|faint|p2a: Tornadus
|
|upkeep
|
|t:|1757940088
|switch|p2a: Alomomola|Alomomola, F|100/100
|turn|7
|
|t:|1757940095
|move|p1a: Gholdengo|Recover|p1a: Gholdengo
|-heal|p1a: Gholdengo|67/100
|move|p2a: Alomomola|Wish|p2a: Alomomola
|
|upkeep
|turn|8
|
|t:|1757940104
|move|p1a: Gholdengo|Nasty Plot|p1a: Gholdengo
|-boost|p1a: Gholdengo|spa|2
|move|p2a: Alomomola|Flip Turn|p1a: Gholdengo
|-damage|p1a: Gholdengo|55/100
|
|t:|1757940109
|switch|p2a: Weezing|Weezing-Galar, F|23/100|[from] Flip Turn
|-ability|p2a: Weezing|Neutralizing Gas
|
|-heal|p2a: Weezing|93/100|[from] move: Wish|[wisher] Alomomola
|-heal|p2a: Weezing|99/100|[from] item: Leftovers
|upkeep
|turn|9
|
|t:|1757940116
|-end|p2a: Weezing|ability: Neutralizing Gas
|switch|p2a: Iron Treads|Iron Treads|100/100
|move|p1a: Gholdengo|Recover|p1a: Gholdengo
|-heal|p1a: Gholdengo|100/100
|
|upkeep
|turn|10
|
|t:|1757940121
|move|p2a: Iron Treads|Earthquake|p1a: Gholdengo
|-supereffective|p1a: Gholdengo
|-damage|p1a: Gholdengo|42/100
|move|p1a: Gholdengo|Focus Blast|p2a: Iron Treads|[miss]
|-miss|p1a: Gholdengo|p2a: Iron Treads
|
|upkeep
|turn|11
|
|t:|1757940127
|switch|p1a: Rillaboom|Rillaboom, M|57/100
|-fieldstart|move: Grassy Terrain|[from] ability: Grassy Surge|[of] p1a: Rillaboom
|move|p2a: Iron Treads|Earthquake|p1a: Rillaboom
|-resisted|p1a: Rillaboom
|-damage|p1a: Rillaboom|47/100
|
|-heal|p1a: Rillaboom|53/100|[from] Grassy Terrain
|upkeep
|turn|12
|
|t:|1757940135
|move|p2a: Iron Treads|Volt Switch|p1a: Rillaboom
|-resisted|p1a: Rillaboom
|-damage|p1a: Rillaboom|45/100
|
|t:|1757940140
|-end|p2a: Iron Treads|Quark Drive|[silent]
|switch|p2a: Weezing|Weezing-Galar, F|99/100|[from] Volt Switch
|-ability|p2a: Weezing|Neutralizing Gas
|move|p1a: Rillaboom|Wood Hammer|p2a: Weezing
|-resisted|p2a: Weezing
|-damage|p2a: Weezing|65/100
|-damage|p1a: Rillaboom|34/100|[from] Recoil
|-damage|p1a: Rillaboom|24/100|[from] item: Life Orb
|
|-heal|p1a: Rillaboom|30/100|[from] Grassy Terrain
|-heal|p2a: Weezing|71/100|[from] Grassy Terrain
|-heal|p2a: Weezing|77/100|[from] item: Leftovers
|upkeep
|turn|13
|
|t:|1757940148
|move|p1a: Rillaboom|U-turn|p2a: Weezing
|-resisted|p2a: Weezing
|-damage|p2a: Weezing|72/100
|-damage|p1a: Rillaboom|20/100|[from] item: Life Orb
|
|t:|1757940150
|switch|p1a: Glimmora|Glimmora, F|46/100 brn|[from] U-turn
|move|p2a: Weezing|Will-O-Wisp|p1a: Glimmora
|-fail|p1a: Glimmora|brn
|
|-heal|p1a: Glimmora|52/100 brn|[from] Grassy Terrain
|-heal|p2a: Weezing|78/100|[from] Grassy Terrain
|-heal|p2a: Weezing|84/100|[from] item: Leftovers
|-damage|p1a: Glimmora|46/100 brn|[from] brn
|upkeep
|turn|14
|
|t:|1757940177
|-end|p2a: Weezing|ability: Neutralizing Gas
|switch|p2a: Iron Treads|Iron Treads|100/100
|move|p1a: Glimmora|Earth Power|p2a: Iron Treads
|-supereffective|p2a: Iron Treads
|-damage|p2a: Iron Treads|55/100
|
|-heal|p2a: Iron Treads|61/100|[from] Grassy Terrain
|-heal|p1a: Glimmora|52/100 brn|[from] Grassy Terrain
|-damage|p1a: Glimmora|46/100 brn|[from] brn
|upkeep
|turn|15
|
|t:|1757940191
|move|p2a: Iron Treads|Earthquake|p1a: Glimmora
|-supereffective|p1a: Glimmora
|-damage|p1a: Glimmora|0 fnt
|-activate|p1a: Glimmora|ability: Toxic Debris
|-sidestart|p2: lzc123456|move: Toxic Spikes
|faint|p1a: Glimmora
|
|-heal|p2a: Iron Treads|67/100|[from] Grassy Terrain
|-fieldend|move: Grassy Terrain
|upkeep
|
|t:|1757940207
|switch|p1a: Ting-Lu|Ting-Lu|100/100
|-ability|p1a: Ting-Lu|Vessel of Ruin
|turn|16
|
|t:|1757940215
|-end|p2a: Iron Treads|Quark Drive|[silent]
|switch|p2a: Weezing|Weezing-Galar, F|84/100
|-ability|p2a: Weezing|Neutralizing Gas
|-sideend|p2: lzc123456|move: Toxic Spikes|[of] p2a: Weezing
|move|p1a: Ting-Lu|Stealth Rock|p2a: Weezing
|-sidestart|p2: lzc123456|move: Stealth Rock
|
|-heal|p2a: Weezing|90/100|[from] item: Leftovers
|upkeep
|turn|17
|
|t:|1757940229
|switch|p1a: Gholdengo|Gholdengo|42/100
|move|p2a: Weezing|Will-O-Wisp|p1a: Gholdengo|[miss]
|-miss|p2a: Weezing|p1a: Gholdengo
|
|-heal|p2a: Weezing|96/100|[from] item: Leftovers
|upkeep
|turn|18
|
|t:|1757940236
|-end|p2a: Weezing|ability: Neutralizing Gas
|switch|p2a: Lokix|Lokix, M|100/100
|-damage|p2a: Lokix|76/100|[from] Stealth Rock
|move|p1a: Gholdengo|Make It Rain|p2a: Lokix
|-damage|p2a: Lokix|0 fnt
|-unboost|p1a: Gholdengo|spa|1
|faint|p2a: Lokix
|
|upkeep
|-message|lzc123456 forfeited.
|
|win|lanarey
|raw|lanarey's rating: 1620 &rarr; <strong>1639</strong><br />(+19 for winning)
|raw|lzc123456's rating: 1606 &rarr; <strong>1587</strong><br />(-19 for losing)
|l|☆lzc123456
|player|p2|
|l|☆lanarey
|player|p1|
