|j|☆SapphireRedux
|j|☆kmisw
|t:|1757825966
|gametype|singles
|player|p1|SapphireRedux|lacey|1556
|player|p2|kmisw|leaf-masters|1495
|gen|9
|tier|[Gen 9] OU
|rated|
|rule|HP Percentage Mod: HP is shown in percentages
|rule|Endless Battle Clause: Forcing endless battles is banned
|rule|Species Clause: Limit one of each Pokémon
|rule|OHKO Clause: OHKO moves are banned
|rule|Evasion Items Clause: Evasion items are banned
|rule|Evasion Moves Clause: Evasion moves are banned
|rule|Evasion Abilities Clause: Evasion abilities are banned
|rule|Sleep Moves Clause: Sleep-inducing moves are banned
|clearpoke
|poke|p1|Quaquaval, M|
|poke|p1|Ting-Lu|
|poke|p1|Hatterene, F|
|poke|p1|Iron Treads|
|poke|p1|Dragonite, M|
|poke|p1|Ogerpon, F|
|poke|p2|Ogerpon-Cornerstone, F|
|poke|p2|Hatterene, F|
|poke|p2|Pecharunt|
|poke|p2|Landorus-Therian, M|
|poke|p2|Kingambit, M|
|poke|p2|Latios, M|
|teampreview
|inactive|Battle timer is ON: inactive players will automatically lose when time's up. (requested by kmisw)
|inactive|SapphireRedux also wants the timer to be on.
|inactive|kmisw has 120 seconds left.
|
|t:|1757825999
|teamsize|p1|6
|teamsize|p2|6
|start
|switch|p1a: Ting-Lu|Ting-Lu|100/100
|switch|p2a: Landorus|Landorus-Therian, M|100/100
|-ability|p2a: Landorus|Intimidate|boost
|-unboost|p1a: Ting-Lu|atk|1
|-ability|p1a: Ting-Lu|Vessel of Ruin
|turn|1
|
|t:|1757826005
|move|p2a: Landorus|Taunt|p1a: Ting-Lu
|-start|p1a: Ting-Lu|move: Taunt
|move|p1a: Ting-Lu|Earthquake|p2a: Landorus
|-immune|p2a: Landorus
|
|upkeep
|turn|2
|
|t:|1757826009
|move|p2a: Landorus|Stealth Rock|p1a: Ting-Lu
|-sidestart|p1: SapphireRedux|move: Stealth Rock
|move|p1a: Ting-Lu|Stone Edge|p2a: Landorus
|-damage|p2a: Landorus|83/100
|
|upkeep
|turn|3
|
|t:|1757826025
|move|p2a: Landorus|Earthquake|p1a: Ting-Lu
|-damage|p1a: Ting-Lu|75/100
|move|p1a: Ting-Lu|Payback|p2a: Landorus
|-damage|p2a: Landorus|58/100
|-damage|p1a: Ting-Lu|58/100|[from] item: Rocky Helmet|[of] p2a: Landorus
|
|-end|p1a: Ting-Lu|move: Taunt
|upkeep
|turn|4
|
|t:|1757826031
|move|p2a: Landorus|Taunt|p1a: Ting-Lu
|-start|p1a: Ting-Lu|move: Taunt
|cant|p1a: Ting-Lu|move: Taunt|Stealth Rock
|
|upkeep
|turn|5
|
|t:|1757826036
|move|p2a: Landorus|Earthquake|p1a: Ting-Lu
|-damage|p1a: Ting-Lu|30/100
|move|p1a: Ting-Lu|Payback|p2a: Landorus
|-damage|p2a: Landorus|35/100
|-damage|p1a: Ting-Lu|14/100|[from] item: Rocky Helmet|[of] p2a: Landorus
|
|upkeep
|turn|6
|
|t:|1757826041
|move|p2a: Landorus|U-turn|p1a: Ting-Lu
|-supereffective|p1a: Ting-Lu
|-damage|p1a: Ting-Lu|0 fnt
|faint|p1a: Ting-Lu
|
|t:|1757826051
|switch|p2a: Kingambit|Kingambit, M|100/100|[from] U-turn
|
|upkeep
|
|t:|1757826055
|switch|p1a: Iron Treads|Iron Treads|100/100
|-damage|p1a: Iron Treads|97/100|[from] Stealth Rock
|turn|7
|
|t:|1757826064
|move|p1a: Iron Treads|Earthquake|p2a: Kingambit
|-supereffective|p2a: Kingambit
|-damage|p2a: Kingambit|18/100
|move|p2a: Kingambit|Low Kick|p1a: Iron Treads
|-supereffective|p1a: Iron Treads
|-damage|p1a: Iron Treads|12/100
|
|-heal|p2a: Kingambit|24/100|[from] item: Leftovers
|upkeep
|turn|8
|
|t:|1757826075
|move|p2a: Kingambit|Sucker Punch|p1a: Iron Treads
|-damage|p1a: Iron Treads|0 fnt
|faint|p1a: Iron Treads
|-end|p1a: Iron Treads|Quark Drive|[silent]
|
|-heal|p2a: Kingambit|30/100|[from] item: Leftovers
|upkeep
|
|t:|1757826078
|switch|p1a: Quaquaval|Quaquaval, M|100/100
|-damage|p1a: Quaquaval|94/100|[from] Stealth Rock
|turn|9
|
|t:|1757826083
|-end|p2a: Kingambit|fallenundefined|[silent]
|switch|p2a: Pecharunt|Pecharunt|100/100
|move|p1a: Quaquaval|Aqua Step|p2a: Pecharunt
|-damage|p2a: Pecharunt|83/100
|-boost|p1a: Quaquaval|spe|1
|
|upkeep
|turn|10
|
|t:|1757826094
|switch|p1a: Ogerpon|Ogerpon, F|100/100
|-damage|p1a: Ogerpon|88/100|[from] Stealth Rock
|move|p2a: Pecharunt|Malignant Chain|p1a: Ogerpon
|-supereffective|p1a: Ogerpon
|-damage|p1a: Ogerpon|20/100
|
|upkeep
|turn|11
|
|t:|1757826111
|switch|p2a: Hatterene|Hatterene, F|100/100
|move|p1a: Ogerpon|Knock Off|p2a: Hatterene
|-damage|p2a: Hatterene|51/100
|-enditem|p2a: Hatterene|Assault Vest|[from] move: Knock Off|[of] p1a: Ogerpon
|
|upkeep
|turn|12
|
|t:|1757826119
|switch|p1a: Hatterene|Hatterene, F|100/100
|-damage|p1a: Hatterene|88/100|[from] Stealth Rock
|move|p2a: Hatterene|Nuzzle|p1a: Hatterene
|-damage|p1a: Hatterene|85/100
|-status|p1a: Hatterene|par
|-damage|p2a: Hatterene|34/100|[from] item: Rocky Helmet|[of] p1a: Hatterene
|
|upkeep
|turn|13
|
|t:|1757826139
|move|p2a: Hatterene|Draining Kiss|p1a: Hatterene
|-damage|p1a: Hatterene|59/100 par
|-heal|p2a: Hatterene|54/100|[from] drain|[of] p1a: Hatterene
|-damage|p2a: Hatterene|37/100|[from] item: Rocky Helmet|[of] p1a: Hatterene
|move|p1a: Hatterene|Draining Kiss|p2a: Hatterene
|-damage|p2a: Hatterene|17/100
|-heal|p1a: Hatterene|74/100 par|[from] drain|[of] p2a: Hatterene
|
|upkeep
|turn|14
|
|t:|1757826145
|move|p2a: Hatterene|Psychic Noise|p1a: Hatterene
|-resisted|p1a: Hatterene
|-damage|p1a: Hatterene|55/100 par
|-start|p1a: Hatterene|move: Heal Block
|cant|p1a: Hatterene|move: Heal Block|Draining Kiss
|
|upkeep
|turn|15
|
|t:|1757826150
|move|p2a: Hatterene|Draining Kiss|p1a: Hatterene
|-damage|p1a: Hatterene|28/100 par
|-heal|p2a: Hatterene|37/100|[from] drain|[of] p1a: Hatterene
|-damage|p2a: Hatterene|21/100|[from] item: Rocky Helmet|[of] p1a: Hatterene
|move|p1a: Hatterene|Psychic Noise|p2a: Hatterene
|-resisted|p2a: Hatterene
|-damage|p2a: Hatterene|6/100
|-start|p2a: Hatterene|move: Heal Block
|
|-end|p1a: Hatterene|move: Heal Block
|upkeep
|turn|16
|
|t:|1757826155
|move|p2a: Hatterene|Psychic Noise|p1a: Hatterene
|-resisted|p1a: Hatterene
|-damage|p1a: Hatterene|9/100 par
|-start|p1a: Hatterene|move: Heal Block
|move|p1a: Hatterene|Mystical Fire|p2a: Hatterene
|-damage|p2a: Hatterene|0 fnt
|faint|p2a: Hatterene
|
|upkeep
|
|t:|1757826166
|switch|p2a: Latios|Latios, M|100/100
|turn|17
|
|t:|1757826169
|move|p2a: Latios|Luster Purge|p1a: Hatterene
|-resisted|p1a: Hatterene
|-damage|p1a: Hatterene|0 fnt
|faint|p1a: Hatterene
|
|upkeep
|
|t:|1757826193
|switch|p1a: Ogerpon|Ogerpon, F|20/100
|-damage|p1a: Ogerpon|8/100|[from] Stealth Rock
|turn|18
|
|t:|1757826197
|move|p2a: Latios|Luster Purge|p1a: Ogerpon
|-damage|p1a: Ogerpon|0 fnt
|faint|p1a: Ogerpon
|
|upkeep
|
|t:|1757826199
|switch|p1a: Quaquaval|Quaquaval, M|94/100
|-damage|p1a: Quaquaval|88/100|[from] Stealth Rock
|turn|19
|
|t:|1757826213
|-terastallize|p1a: Quaquaval|Steel
|move|p2a: Latios|Luster Purge|p1a: Quaquaval
|-resisted|p1a: Quaquaval
|-damage|p1a: Quaquaval|57/100
|-unboost|p1a: Quaquaval|spd|1
|move|p1a: Quaquaval|Knock Off|p2a: Latios
|-supereffective|p2a: Latios
|-damage|p2a: Latios|16/100
|-enditem|p2a: Latios|Choice Scarf|[from] move: Knock Off|[of] p1a: Quaquaval
|
|upkeep
|turn|20
|
|t:|1757826227
|move|p2a: Latios|Aura Sphere|p1a: Quaquaval
|-supereffective|p1a: Quaquaval
|-damage|p1a: Quaquaval|0 fnt
|faint|p1a: Quaquaval
|
|upkeep
|
|t:|1757826229
|switch|p1a: Dragonite|Dragonite, M|100/100
|-damage|p1a: Dragonite|76/100|[from] Stealth Rock
|turn|21
|
|t:|1757826235
|move|p2a: Latios|Luster Purge|p1a: Dragonite
|-damage|p1a: Dragonite|23/100
|move|p1a: Dragonite|Scale Shot|p2a: Latios
|-supereffective|p2a: Latios
|-damage|p2a: Latios|0 fnt
|faint|p2a: Latios
|-hitcount|p2: Latios|1
|-unboost|p1a: Dragonite|def|1
|-boost|p1a: Dragonite|spe|1
|
|upkeep
|
|t:|1757826240
|switch|p2a: Ogerpon|Ogerpon-Cornerstone, F|100/100
|turn|22
|
|t:|1757826243
|move|p1a: Dragonite|Scale Shot|p2a: Ogerpon
|-damage|p2a: Ogerpon|83/100
|-damage|p2a: Ogerpon|63/100
|-damage|p2a: Ogerpon|43/100
|-damage|p2a: Ogerpon|24/100
|-damage|p2a: Ogerpon|4/100
|-hitcount|p2a: Ogerpon|5
|-unboost|p1a: Dragonite|def|1
|-boost|p1a: Dragonite|spe|1
|move|p2a: Ogerpon|Ivy Cudgel|p1a: Dragonite|[anim] Ivy Cudgel Rock
|-supereffective|p1a: Dragonite
|-damage|p1a: Dragonite|0 fnt
|faint|p1a: Dragonite
|
|win|kmisw
|raw|SapphireRedux's rating: 1556 &rarr; <strong>1533</strong><br />(-23 for losing)
|raw|kmisw's rating: 1495 &rarr; <strong>1518</strong><br />(+23 for winning)
|l|☆SapphireRedux
|player|p1|
|l|☆kmisw
|player|p2|
