|j|☆Gil_Kenobi
|j|☆ayayaphone
|t:|1757916801
|gametype|singles
|player|p1|Gil_Kenobi|n|1376
|player|p2|ayayaphone|101|1441
|gen|9
|tier|[Gen 9] OU
|rated|
|rule|HP Percentage Mod: HP is shown in percentages
|rule|Endless Battle Clause: Forcing endless battles is banned
|rule|Species Clause: Limit one of each Pokémon
|rule|OHKO Clause: OHKO moves are banned
|rule|Evasion Items Clause: Evasion items are banned
|rule|Evasion Moves Clause: Evasion moves are banned
|rule|Evasion Abilities Clause: Evasion abilities are banned
|rule|Sleep Moves Clause: Sleep-inducing moves are banned
|clearpoke
|poke|p1|Galvantula, F|
|poke|p1|Samurott-Hisui, F|
|poke|p1|Kyurem|
|poke|p1|Mismagius, F|
|poke|p1|Cinderace, M|
|poke|p1|Thundurus, M|
|poke|p2|Pelipper, F|
|poke|p2|Raging Bolt|
|poke|p2|Landorus-Therian, M|
|poke|p2|Tentacruel, M|
|poke|p2|Overqwil, F|
|poke|p2|Scizor, M|
|teampreview
|inactive|Battle timer is ON: inactive players will automatically lose when time's up. (requested by ayayaphone)
|
|t:|1757916824
|teamsize|p1|6
|teamsize|p2|6
|start
|switch|p1a: Kyurem|Kyurem, shiny|100/100
|switch|p2a: Pelipper|Pelipper, F|100/100
|-ability|p1a: Kyurem|Pressure
|-weather|RainDance|[from] ability: Drizzle|[of] p2a: Pelipper
|turn|1
|
|t:|1757916830
|switch|p2a: Scizor|Scizor, M|100/100
|move|p1a: Kyurem|Freeze-Dry|p2a: Scizor
|-resisted|p2a: Scizor
|-damage|p2a: Scizor|83/100
|
|-weather|RainDance|[upkeep]
|-heal|p2a: Scizor|89/100|[from] item: Leftovers
|upkeep
|turn|2
|
|t:|1757916838
|switch|p1a: Thundurus|Thundurus, M|100/100
|move|p2a: Scizor|U-turn|p1a: Thundurus
|-resisted|p1a: Thundurus
|-damage|p1a: Thundurus|70/100
|
|t:|1757916850
|switch|p2a: Overqwil|Overqwil, F|100/100|[from] U-turn
|
|-weather|RainDance|[upkeep]
|-heal|p1a: Thundurus|76/100|[from] item: Leftovers
|upkeep
|turn|3
|
|t:|1757916857
|move|p2a: Overqwil|Barb Barrage|p1a: Thundurus
|-damage|p1a: Thundurus|11/100
|-status|p1a: Thundurus|psn
|-damage|p2a: Overqwil|91/100|[from] item: Life Orb
|move|p1a: Thundurus|Discharge|p2a: Overqwil
|-damage|p2a: Overqwil|31/100
|-status|p2a: Overqwil|par
|
|-weather|RainDance|[upkeep]
|-heal|p1a: Thundurus|17/100 psn|[from] item: Leftovers
|-damage|p1a: Thundurus|4/100 psn|[from] psn
|upkeep
|turn|4
|
|t:|1757916874
|move|p1a: Thundurus|Grass Knot|p2a: Overqwil
|-resisted|p2a: Overqwil
|-damage|p2a: Overqwil|11/100 par
|move|p2a: Overqwil|Liquidation|p1a: Thundurus
|-crit|p1a: Thundurus
|-damage|p1a: Thundurus|0 fnt
|faint|p1a: Thundurus
|-damage|p2a: Overqwil|1/100 par|[from] item: Life Orb
|
|-weather|RainDance|[upkeep]
|upkeep
|
|t:|1757916883
|switch|p1a: Samurott|Samurott-Hisui, F|100/100
|turn|5
|
|t:|1757916890
|move|p1a: Samurott|Ceaseless Edge|p2a: Overqwil|[miss]
|-miss|p1a: Samurott|p2a: Overqwil
|move|p2a: Overqwil|Barb Barrage|p1a: Samurott
|-damage|p1a: Samurott|47/100
|-status|p1a: Samurott|psn
|-damage|p2a: Overqwil|0 fnt|[from] item: Life Orb
|faint|p2a: Overqwil
|
|-weather|RainDance|[upkeep]
|-damage|p1a: Samurott|34/100 psn|[from] psn
|upkeep
|
|t:|1757916898
|switch|p2a: Landorus|Landorus-Therian, M|100/100
|-ability|p2a: Landorus|Intimidate|boost
|-unboost|p1a: Samurott|atk|1
|turn|6
|
|t:|1757916904
|move|p2a: Landorus|Sandsear Storm|p1a: Samurott
|-damage|p1a: Samurott|0 fnt
|faint|p1a: Samurott
|
|-weather|RainDance|[upkeep]
|upkeep
|
|t:|1757916912
|switch|p1a: Kyurem|Kyurem, shiny|100/100
|-ability|p1a: Kyurem|Pressure
|turn|7
|
|t:|1757916925
|switch|p2a: Tentacruel|Tentacruel, M|100/100
|move|p1a: Kyurem|Freeze-Dry|p2a: Tentacruel
|-supereffective|p2a: Tentacruel
|-damage|p2a: Tentacruel|68/100
|-status|p2a: Tentacruel|frz
|
|-weather|RainDance|[upkeep]
|-heal|p2a: Tentacruel|74/100 frz|[from] ability: Rain Dish
|-heal|p2a: Tentacruel|80/100 frz|[from] item: Black Sludge
|upkeep
|turn|8
|
|t:|1757916935
|cant|p2a: Tentacruel|frz
|move|p1a: Kyurem|Dragon Dance|p1a: Kyurem
|-boost|p1a: Kyurem|atk|1
|-boost|p1a: Kyurem|spe|1
|
|-weather|none
|-heal|p2a: Tentacruel|86/100 frz|[from] item: Black Sludge
|upkeep
|turn|9
|
|t:|1757916943
|switch|p2a: Scizor|Scizor, M|89/100
|move|p1a: Kyurem|Scale Shot|p2a: Scizor
|-resisted|p2a: Scizor
|-damage|p2a: Scizor|79/100
|-resisted|p2a: Scizor
|-damage|p2a: Scizor|70/100
|-resisted|p2a: Scizor
|-damage|p2a: Scizor|60/100
|-resisted|p2a: Scizor
|-damage|p2a: Scizor|50/100
|-resisted|p2a: Scizor
|-damage|p2a: Scizor|41/100
|-hitcount|p2a: Scizor|5
|-unboost|p1a: Kyurem|def|1
|-boost|p1a: Kyurem|spe|1
|
|-heal|p2a: Scizor|48/100|[from] item: Leftovers
|upkeep
|turn|10
|
|t:|1757916953
|switch|p1a: Cinderace|Cinderace, M|100/100
|move|p2a: Scizor|Bullet Punch|p1a: Cinderace
|-resisted|p1a: Cinderace
|-damage|p1a: Cinderace|77/100
|
|-heal|p2a: Scizor|54/100|[from] item: Leftovers
|upkeep
|turn|11
|
|t:|1757916961
|switch|p2a: Pelipper|Pelipper, F|100/100
|-weather|RainDance|[from] ability: Drizzle|[of] p2a: Pelipper
|move|p1a: Cinderace|High Jump Kick|p2a: Pelipper|[miss]
|-start|p1a: Cinderace|typechange|Fighting|[from] ability: Libero
|-miss|p1a: Cinderace|p2a: Pelipper
|-damage|p1a: Cinderace|27/100|[from] highjumpkick
|
|-weather|RainDance|[upkeep]
|upkeep
|turn|12
|
|t:|1757916972
|move|p1a: Cinderace|High Jump Kick|p2a: Pelipper
|-resisted|p2a: Pelipper
|-damage|p2a: Pelipper|76/100
|move|p2a: Pelipper|U-turn|p1a: Cinderace
|-resisted|p1a: Cinderace
|-damage|p1a: Cinderace|20/100
|
|t:|1757916990
|switch|p2a: Scizor|Scizor, M|54/100|[from] U-turn
|
|-weather|RainDance|[upkeep]
|-heal|p2a: Scizor|60/100|[from] item: Leftovers
|upkeep
|turn|13
|
|t:|1757916997
|move|p1a: Cinderace|Sucker Punch|p2a: Scizor
|-damage|p2a: Scizor|39/100
|move|p2a: Scizor|Bullet Punch|p1a: Cinderace
|-damage|p1a: Cinderace|0 fnt
|faint|p1a: Cinderace
|
|-weather|RainDance|[upkeep]
|-heal|p2a: Scizor|45/100|[from] item: Leftovers
|upkeep
|
|t:|1757917002
|switch|p1a: Galvantula|Galvantula, F|100/100
|turn|14
|
|t:|1757917012
|switch|p2a: Raging Bolt|Raging Bolt|100/100
|move|p1a: Galvantula|Thunder|p2a: Raging Bolt
|-resisted|p2a: Raging Bolt
|-damage|p2a: Raging Bolt|91/100
|
|-weather|RainDance|[upkeep]
|upkeep
|turn|15
|
|t:|1757917019
|move|p1a: Galvantula|Sticky Web|p2a: Raging Bolt
|-sidestart|p2: ayayaphone|move: Sticky Web
|move|p2a: Raging Bolt|Zap Cannon|p1a: Galvantula|[miss]
|-miss|p2a: Raging Bolt|p1a: Galvantula
|-enditem|p2a: Raging Bolt|Blunder Policy
|-boost|p2a: Raging Bolt|spe|2
|
|-weather|RainDance|[upkeep]
|upkeep
|turn|16
|
|t:|1757917028
|move|p2a: Raging Bolt|Weather Ball|p1a: Galvantula
|-enditem|p1a: Galvantula|Focus Sash
|-damage|p1a: Galvantula|1/100
|move|p1a: Galvantula|Bug Buzz|p2a: Raging Bolt
|-damage|p2a: Raging Bolt|56/100
|-unboost|p2a: Raging Bolt|spd|1
|
|-weather|RainDance|[upkeep]
|upkeep
|turn|17
|
|t:|1757917036
|move|p2a: Raging Bolt|Weather Ball|p1a: Galvantula
|-damage|p1a: Galvantula|0 fnt
|faint|p1a: Galvantula
|
|-weather|RainDance|[upkeep]
|upkeep
|
|t:|1757917057
|switch|p1a: Kyurem|Kyurem, shiny|100/100
|-ability|p1a: Kyurem|Pressure
|turn|18
|
|t:|1757917064
|-terastallize|p2a: Raging Bolt|Electric
|move|p2a: Raging Bolt|Thunder|p1a: Kyurem
|-resisted|p1a: Kyurem
|-damage|p1a: Kyurem|57/100
|move|p1a: Kyurem|Icicle Spear|p2a: Raging Bolt
|-damage|p2a: Raging Bolt|44/100
|-damage|p2a: Raging Bolt|32/100
|-damage|p2a: Raging Bolt|20/100
|-damage|p2a: Raging Bolt|9/100
|-hitcount|p2a: Raging Bolt|4
|
|-weather|none
|upkeep
|turn|19
|
|t:|1757917079
|move|p2a: Raging Bolt|Draco Meteor|p1a: Kyurem
|-supereffective|p1a: Kyurem
|-damage|p1a: Kyurem|0 fnt
|-unboost|p2a: Raging Bolt|spa|2
|faint|p1a: Kyurem
|
|upkeep
|
|t:|1757917081
|switch|p1a: Mismagius|Mismagius, F|100/100
|turn|20
|
|t:|1757917087
|move|p2a: Raging Bolt|Zap Cannon|p1a: Mismagius
|-damage|p1a: Mismagius|45/100
|-status|p1a: Mismagius|par
|cant|p1a: Mismagius|par
|
|upkeep
|turn|21
|-message|Gil_Kenobi forfeited.
|
|win|ayayaphone
|raw|Gil_Kenobi's rating: 1376 &rarr; <strong>1360</strong><br />(-16 for losing)
|raw|ayayaphone's rating: 1441 &rarr; <strong>1457</strong><br />(+16 for winning)
|l|☆Gil_Kenobi
|player|p1|
|l|☆ayayaphone
|player|p2|
