|j|☆frazybalkany
|j|☆Ancient Tito
|t:|1757934669
|gametype|singles
|player|p1|frazybalkany|2|1540
|player|p2|Ancient Tito|rood|1550
|gen|9
|tier|[Gen 9] OU
|rated|
|rule|HP Percentage Mod: HP is shown in percentages
|rule|Endless Battle Clause: Forcing endless battles is banned
|rule|Species Clause: Limit one of each Pokémon
|rule|OHKO Clause: OHKO moves are banned
|rule|Evasion Items Clause: Evasion items are banned
|rule|Evasion Moves Clause: Evasion moves are banned
|rule|Evasion Abilities Clause: Evasion abilities are banned
|rule|Sleep Moves Clause: Sleep-inducing moves are banned
|clearpoke
|poke|p1|Torkoal, F|
|poke|p1|Dragapult, F|
|poke|p1|Iron Moth|
|poke|p1|Kingambit, F|
|poke|p1|Ceruledge, F|
|poke|p1|Staraptor, F|
|poke|p2|Corviknight, M|
|poke|p2|Cinderace, M|
|poke|p2|Dondozo, M|
|poke|p2|Raging Bolt|
|poke|p2|Iron Treads|
|poke|p2|Ogerpon-Wellspring, F|
|teampreview
|inactive|Battle timer is ON: inactive players will automatically lose when time's up. (requested by frazybalkany)
|
|t:|1757934689
|teamsize|p1|6
|teamsize|p2|6
|start
|switch|p1a: Ceruledge|Ceruledge, F|100/100
|switch|p2a: Raging Bolt|Raging Bolt|100/100
|turn|1
|
|t:|1757934699
|-end|p2a: Raging Bolt|Protosynthesis|[silent]
|switch|p2a: Dondozo|Dondozo, M|100/100
|move|p1a: Ceruledge|Poltergeist|p2a: Dondozo
|-activate|p2a: Dondozo|move: Poltergeist|Leftovers
|-damage|p2a: Dondozo|69/100
|
|-heal|p2a: Dondozo|75/100|[from] item: Leftovers
|upkeep
|turn|2
|j| isaac_lmaoo
|
|t:|1757934707
|move|p1a: Ceruledge|Swords Dance|p1a: Ceruledge
|-boost|p1a: Ceruledge|atk|2
|move|p2a: Dondozo|Liquidation|p1a: Ceruledge
|-supereffective|p1a: Ceruledge
|-damage|p1a: Ceruledge|30/100
|-ability|p1a: Ceruledge|Weak Armor|boost
|-unboost|p1a: Ceruledge|def|1
|-boost|p1a: Ceruledge|spe|2
|
|-heal|p2a: Dondozo|81/100|[from] item: Leftovers
|upkeep
|turn|3
|
|t:|1757934716
|move|p1a: Ceruledge|Destiny Bond|p1a: Ceruledge
|-singlemove|p1a: Ceruledge|Destiny Bond
|move|p2a: Dondozo|Liquidation|p1a: Ceruledge
|-supereffective|p1a: Ceruledge
|-damage|p1a: Ceruledge|0 fnt
|faint|p1a: Ceruledge
|-activate|p1a: Ceruledge|move: Destiny Bond
|faint|p2a: Dondozo
|
|upkeep
|c|☆Ancient Tito|YOOOOO
|c|☆Ancient Tito|NICE PLAY
|c|☆Ancient Tito|DAAAAANG
|
|t:|1757934735
|switch|p1a: Iron Moth|Iron Moth|100/100
|switch|p2a: Raging Bolt|Raging Bolt|100/100
|-enditem|p1a: Iron Moth|Booster Energy
|-activate|p1a: Iron Moth|ability: Quark Drive|[fromitem]
|-start|p1a: Iron Moth|quarkdrivespe
|turn|4
|
|t:|1757934744
|-terastallize|p1a: Iron Moth|Ground
|move|p1a: Iron Moth|Tera Blast|p2a: Raging Bolt|[anim] Tera Blast Ground
|-supereffective|p2a: Raging Bolt
|-damage|p2a: Raging Bolt|28/100
|move|p2a: Raging Bolt|Calm Mind|p2a: Raging Bolt
|-boost|p2a: Raging Bolt|spa|1
|-boost|p2a: Raging Bolt|spd|1
|
|-heal|p2a: Raging Bolt|34/100|[from] item: Leftovers
|upkeep
|turn|5
|j| heatraniac
|l| heatraniac
|c| isaac_lmaoo|no one is expecting that fr
|
|t:|1757934755
|-terastallize|p2a: Raging Bolt|Fairy
|move|p1a: Iron Moth|Tera Blast|p2a: Raging Bolt|[anim] Tera Blast Ground
|-damage|p2a: Raging Bolt|10/100
|move|p2a: Raging Bolt|Dragon Pulse|p1a: Iron Moth
|-damage|p1a: Iron Moth|40/100
|
|-heal|p2a: Raging Bolt|16/100|[from] item: Leftovers
|upkeep
|turn|6
|
|t:|1757934777
|-end|p2a: Raging Bolt|Protosynthesis|[silent]
|switch|p2a: Corviknight|Corviknight, M|100/100
|move|p1a: Iron Moth|Sludge Wave|p2a: Corviknight
|-immune|p2a: Corviknight
|
|upkeep
|turn|7
|c|☆Ancient Tito|really good play on the destiny bond
|inactive|frazybalkany has 120 seconds left.
|c|☆frazybalkany|Terrastyle is anti meta imo
|
|t:|1757934819
|move|p1a: Iron Moth|Fiery Dance|p2a: Corviknight
|-supereffective|p2a: Corviknight
|-damage|p2a: Corviknight|18/100
|move|p2a: Corviknight|Body Press|p1a: Iron Moth
|-damage|p1a: Iron Moth|0 fnt
|faint|p1a: Iron Moth
|-end|p1a: Iron Moth|Quark Drive|[silent]
|
|upkeep
|
|t:|1757934828
|switch|p1a: Dragapult|Dragapult, F|100/100
|turn|8
|
|t:|1757934831
|move|p1a: Dragapult|Dragon Darts|p2a: Corviknight
|-resisted|p2a: Corviknight
|-damage|p2a: Corviknight|9/100
|-anim|p1a: Dragapult|Dragon Darts|p2a: Corviknight
|-resisted|p2a: Corviknight
|-damage|p2a: Corviknight|1/100
|move|p2a: Corviknight|Roost|p2a: Corviknight
|-heal|p2a: Corviknight|51/100
|-singleturn|p2a: Corviknight|move: Roost
|
|upkeep
|turn|9
|c|☆Ancient Tito|WHAT\
|c|☆Ancient Tito|CORVIIII\
|
|t:|1757934843
|move|p1a: Dragapult|Dragon Dance|p1a: Dragapult
|-boost|p1a: Dragapult|atk|1
|-boost|p1a: Dragapult|spe|1
|move|p2a: Corviknight|Roost|p2a: Corviknight
|-heal|p2a: Corviknight|100/100
|-singleturn|p2a: Corviknight|move: Roost
|
|upkeep
|turn|10
|
|t:|1757934859
|move|p1a: Dragapult|Dragon Dance|p1a: Dragapult
|-boost|p1a: Dragapult|atk|1
|-boost|p1a: Dragapult|spe|1
|move|p2a: Corviknight|U-turn|p1a: Dragapult
|-resisted|p1a: Dragapult
|-damage|p1a: Dragapult|91/100
|
|t:|1757934864
|switch|p2a: Iron Treads|Iron Treads|100/100|[from] U-turn
|
|-heal|p1a: Dragapult|97/100|[from] item: Leftovers
|upkeep
|turn|11
|
|t:|1757934869
|move|p1a: Dragapult|Phantom Force||[still]
|-prepare|p1a: Dragapult|Phantom Force
|move|p2a: Iron Treads|Knock Off|p1a: Dragapult|[miss]
|-miss|p2a: Iron Treads|p1a: Dragapult
|
|-heal|p1a: Dragapult|100/100|[from] item: Leftovers
|upkeep
|turn|12
|j| Ctannn
|
|t:|1757934875
|move|p1a: Dragapult|Phantom Force|p2a: Iron Treads|[from] lockedmove
|-damage|p2a: Iron Treads|26/100
|move|p2a: Iron Treads|Knock Off|p1a: Dragapult
|-supereffective|p1a: Dragapult
|-damage|p1a: Dragapult|12/100
|-enditem|p1a: Dragapult|Leftovers|[from] move: Knock Off|[of] p2a: Iron Treads
|
|upkeep
|turn|13
|
|t:|1757934889
|move|p1a: Dragapult|Dragon Darts|p2a: Iron Treads
|-resisted|p2a: Iron Treads
|-damage|p2a: Iron Treads|7/100
|-anim|p1a: Dragapult|Dragon Darts|p2a: Iron Treads
|-resisted|p2a: Iron Treads
|-damage|p2a: Iron Treads|0 fnt
|faint|p2a: Iron Treads
|-end|p2a: Iron Treads|Quark Drive|[silent]
|
|upkeep
|
|t:|1757934910
|switch|p2a: Raging Bolt|Raging Bolt, tera:Fairy|16/100
|turn|14
|
|t:|1757934938
|switch|p1a: Torkoal|Torkoal, F|100/100
|-weather|SunnyDay|[from] ability: Drought|[of] p1a: Torkoal
|-activate|p2a: Raging Bolt|ability: Protosynthesis
|-start|p2a: Raging Bolt|protosynthesisspa
|move|p2a: Raging Bolt|Thunderclap||[still]
|-fail|p2a: Raging Bolt
|
|-weather|SunnyDay|[upkeep]
|-heal|p2a: Raging Bolt|22/100|[from] item: Leftovers
|upkeep
|turn|15
|
|t:|1757934948
|move|p2a: Raging Bolt|Thunderbolt|p1a: Torkoal
|-damage|p1a: Torkoal|38/100
|move|p1a: Torkoal|Lava Plume|p2a: Raging Bolt
|-damage|p2a: Raging Bolt|0 fnt
|faint|p2a: Raging Bolt
|-end|p2a: Raging Bolt|Protosynthesis|[silent]
|
|-weather|SunnyDay|[upkeep]
|upkeep
|
|t:|1757934965
|switch|p2a: Ogerpon|Ogerpon-Wellspring, F|100/100
|turn|16
|
|t:|1757934976
|move|p2a: Ogerpon|Swords Dance|p2a: Ogerpon
|-boost|p2a: Ogerpon|atk|2
|move|p1a: Torkoal|Lava Plume|p2a: Ogerpon
|-damage|p2a: Ogerpon|57/100
|
|-weather|SunnyDay|[upkeep]
|upkeep
|turn|17
|
|t:|1757934982
|move|p2a: Ogerpon|Ivy Cudgel|p1a: Torkoal|[anim] Ivy Cudgel Water
|-supereffective|p1a: Torkoal
|-damage|p1a: Torkoal|0 fnt
|faint|p1a: Torkoal
|
|-weather|SunnyDay|[upkeep]
|upkeep
|
|t:|1757934989
|switch|p1a: Staraptor|Staraptor, F|100/100
|turn|18
|
|t:|1757934995
|move|p1a: Staraptor|Brave Bird|p2a: Ogerpon
|-supereffective|p2a: Ogerpon
|-damage|p2a: Ogerpon|0 fnt
|faint|p2a: Ogerpon
|-damage|p1a: Staraptor|86/100|[from] Recoil
|
|-weather|none
|upkeep
|
|t:|1757935003
|switch|p2a: Corviknight|Corviknight, M|100/100
|turn|19
|
|t:|1757935010
|switch|p1a: Dragapult|Dragapult, F|12/100
|move|p2a: Corviknight|U-turn|p1a: Dragapult
|-resisted|p1a: Dragapult
|-damage|p1a: Dragapult|2/100
|
|t:|1757935015
|switch|p2a: Cinderace|Cinderace, M|100/100|[from] U-turn
|
|upkeep
|turn|20
|
|t:|1757935024
|switch|p1a: Kingambit|Kingambit, F|100/100
|-activate|p1a: Kingambit|ability: Supreme Overlord
|-start|p1a: Kingambit|fallen3|[silent]
|move|p2a: Cinderace|Sucker Punch||[still]
|-fail|p2a: Cinderace
|
|upkeep
|turn|21
|
|t:|1757935039
|move|p2a: Cinderace|Pyro Ball|p1a: Kingambit
|-supereffective|p1a: Kingambit
|-enditem|p1a: Kingambit|Focus Sash
|-damage|p1a: Kingambit|1/100
|move|p1a: Kingambit|Swords Dance|p1a: Kingambit
|-boost|p1a: Kingambit|atk|2
|
|upkeep
|turn|22
|c| isaac_lmaoo|what
|
|t:|1757935047
|move|p2a: Cinderace|Sucker Punch||[still]
|-fail|p2a: Cinderace
|move|p1a: Kingambit|Swords Dance|p1a: Kingambit
|-boost|p1a: Kingambit|atk|2
|
|upkeep
|turn|23
|
|t:|1757935059
|move|p2a: Cinderace|Sucker Punch|p1a: Kingambit
|-start|p2a: Cinderace|typechange|Dark|[from] ability: Libero
|-resisted|p1a: Kingambit
|-damage|p1a: Kingambit|0 fnt
|faint|p1a: Kingambit
|-end|p1a: Kingambit|fallen3|[silent]
|
|upkeep
|
|t:|1757935066
|switch|p1a: Staraptor|Staraptor, F|86/100
|turn|24
|
|t:|1757935069
|switch|p2a: Corviknight|Corviknight, M|100/100
|move|p1a: Staraptor|Final Gambit|p2a: Corviknight
|-damage|p2a: Corviknight|21/100
|faint|p1a: Staraptor
|
|upkeep
|
|t:|1757935072
|switch|p1a: Dragapult|Dragapult, F|2/100
|turn|25
|
|t:|1757935077
|move|p1a: Dragapult|Phantom Force||[still]
|-prepare|p1a: Dragapult|Phantom Force
|move|p2a: Corviknight|Roost|p2a: Corviknight
|-heal|p2a: Corviknight|71/100
|-singleturn|p2a: Corviknight|move: Roost
|
|upkeep
|turn|26
|
|t:|1757935083
|move|p1a: Dragapult|Phantom Force|p2a: Corviknight|[from] lockedmove
|-damage|p2a: Corviknight|42/100
|-damage|p1a: Dragapult|0 fnt|[from] item: Rocky Helmet|[of] p2a: Corviknight
|faint|p1a: Dragapult
|
|win|Ancient Tito
|raw|frazybalkany's rating: 1540 &rarr; <strong>1521</strong><br />(-19 for losing)
|raw|Ancient Tito's rating: 1550 &rarr; <strong>1569</strong><br />(+19 for winning)
|c|☆frazybalkany|Gg
|c|☆Ancient Tito|gg
|l| isaac_lmaoo
|l| Ctannn
|l|☆frazybalkany
|player|p1|
|l|☆Ancient Tito
|player|p2|
