|j|☆latrel20
|j|☆Husk1903
|t:|1757873360
|gametype|singles
|player|p1|latrel20|veteran|1086
|player|p2|Husk1903|ingo|1122
|gen|9
|tier|[Gen 9] OU
|rated|
|rule|HP Percentage Mod: HP is shown in percentages
|rule|Endless Battle Clause: Forcing endless battles is banned
|rule|Species Clause: Limit one of each Pokémon
|rule|OHKO Clause: OHKO moves are banned
|rule|Evasion Items Clause: Evasion items are banned
|rule|Evasion Moves Clause: Evasion moves are banned
|rule|Evasion Abilities Clause: Evasion abilities are banned
|rule|Sleep Moves Clause: Sleep-inducing moves are banned
|clearpoke
|poke|p1|Gengar, M|
|poke|p1|Pelipper, F|
|poke|p1|Zapdos|
|poke|p1|Umbreon, M|
|poke|p1|Gliscor, M|
|poke|p1|Garchomp, M|
|poke|p2|Haxorus, M|
|poke|p2|Iron Hands|
|poke|p2|Blaziken, M|
|poke|p2|Polteageist|
|poke|p2|Toxapex, F|
|poke|p2|Cottonee, L1, M|
|teampreview
|inactive|Battle timer is ON: inactive players will automatically lose when time's up. (requested by Husk1903)
|
|t:|1757873368
|teamsize|p1|6
|teamsize|p2|6
|start
|switch|p1a: Chupa cabra|Garchomp, M|100/100
|switch|p2a: Polteageist|Polteageist|100/100
|turn|1
|
|t:|1757873375
|move|p1a: Chupa cabra|Swords Dance|p1a: Chupa cabra
|-boost|p1a: Chupa cabra|atk|2
|move|p2a: Polteageist|Shell Smash|p2a: Polteageist
|-unboost|p2a: Polteageist|def|1
|-unboost|p2a: Polteageist|spd|1
|-boost|p2a: Polteageist|atk|2
|-boost|p2a: Polteageist|spa|2
|-boost|p2a: Polteageist|spe|2
|
|upkeep
|turn|2
|
|t:|1757873387
|move|p2a: Polteageist|Shell Smash|p2a: Polteageist
|-unboost|p2a: Polteageist|def|1
|-unboost|p2a: Polteageist|spd|1
|-boost|p2a: Polteageist|atk|2
|-boost|p2a: Polteageist|spa|2
|-boost|p2a: Polteageist|spe|2
|move|p1a: Chupa cabra|Scale Shot|p2a: Polteageist
|-enditem|p2a: Polteageist|Focus Sash
|-damage|p2a: Polteageist|1/100
|-ability|p2a: Polteageist|Weak Armor|boost
|-unboost|p2a: Polteageist|def|1
|-boost|p2a: Polteageist|spe|2
|-damage|p2a: Polteageist|0 fnt
|faint|p2a: Polteageist
|-hitcount|p2: Polteageist|2
|-unboost|p1a: Chupa cabra|def|1
|-boost|p1a: Chupa cabra|spe|1
|
|upkeep
|
|t:|1757873405
|switch|p2a: Cottonee|Cottonee, L1, M|100/100
|turn|3
|
|t:|1757873423
|switch|p2a: Iron Hands|Iron Hands|100/100
|-terastallize|p1a: Chupa cabra|Steel
|move|p1a: Chupa cabra|Iron Head|p2a: Iron Hands
|-resisted|p2a: Iron Hands
|-damage|p2a: Iron Hands|75/100
|
|upkeep
|turn|4
|
|t:|1757873433
|move|p1a: Chupa cabra|Earthquake|p2a: Iron Hands
|-supereffective|p2a: Iron Hands
|-damage|p2a: Iron Hands|0 fnt
|faint|p2a: Iron Hands
|-end|p2a: Iron Hands|Quark Drive|[silent]
|
|upkeep
|
|t:|1757873438
|switch|p2a: Blaziken|Blaziken, M|100/100
|turn|5
|
|t:|1757873446
|move|p2a: Blaziken|Protect|p2a: Blaziken
|-singleturn|p2a: Blaziken|Protect
|move|p1a: Chupa cabra|Earthquake|p2a: Blaziken
|-activate|p2a: Blaziken|move: Protect
|
|-ability|p2a: Blaziken|Speed Boost|boost
|-boost|p2a: Blaziken|spe|1
|upkeep
|turn|6
|
|t:|1757873456
|move|p1a: Chupa cabra|Earthquake|p2a: Blaziken
|-supereffective|p2a: Blaziken
|-enditem|p2a: Blaziken|Focus Sash
|-damage|p2a: Blaziken|1/100
|move|p2a: Blaziken|Close Combat|p1a: Chupa cabra
|-supereffective|p1a: Chupa cabra
|-damage|p1a: Chupa cabra|0 fnt
|-unboost|p2a: Blaziken|def|1
|-unboost|p2a: Blaziken|spd|1
|-damage|p2a: Blaziken|0 fnt|[from] ability: Rough Skin|[of] p1a: Chupa cabra
|faint|p1a: Chupa cabra
|faint|p2a: Blaziken
|
|upkeep
|
|t:|1757873476
|switch|p1a: Buiu|Gliscor, M|100/100
|switch|p2a: Haxorus|Haxorus, M|100/100
|-ability|p2a: Haxorus|Mold Breaker
|turn|7
|
|t:|1757873484
|-terastallize|p2a: Haxorus|Steel
|move|p2a: Haxorus|Dragon Dance|p2a: Haxorus
|-boost|p2a: Haxorus|atk|1
|-boost|p2a: Haxorus|spe|1
|move|p1a: Buiu|Toxic|p2a: Haxorus
|-immune|p2a: Haxorus
|
|-status|p1a: Buiu|tox|[from] item: Toxic Orb
|upkeep
|turn|8
|
|t:|1757873503
|move|p2a: Haxorus|Outrage|p1a: Buiu
|-damage|p1a: Buiu|0 fnt
|faint|p1a: Buiu
|
|upkeep
|
|t:|1757873514
|switch|p1a: Sem riso|Zapdos|100/100
|turn|9
|
|t:|1757873518
|move|p2a: Haxorus|Outrage|p1a: Sem riso|[from] lockedmove
|-damage|p1a: Sem riso|0 fnt
|faint|p1a: Sem riso
|
|upkeep
|
|t:|1757873527
|switch|p1a: Bada|Gengar, M|100/100
|turn|10
|
|t:|1757873531
|move|p2a: Haxorus|Outrage|p1a: Bada|[from] lockedmove
|-enditem|p1a: Bada|Focus Sash
|-damage|p1a: Bada|1/100
|-start|p2a: Haxorus|confusion|[fatigue]
|-enditem|p2a: Haxorus|Lum Berry|[eat]
|-end|p2a: Haxorus|confusion
|move|p1a: Bada|Destiny Bond|p1a: Bada
|-singlemove|p1a: Bada|Destiny Bond
|
|upkeep
|turn|11
|
|t:|1757873548
|move|p2a: Haxorus|Earthquake|p1a: Bada
|-supereffective|p1a: Bada
|-damage|p1a: Bada|0 fnt
|faint|p1a: Bada
|-activate|p1a: Bada|move: Destiny Bond
|faint|p2a: Haxorus
|
|upkeep
|
|t:|1757873556
|switch|p1a: Gogo|Pelipper, F|100/100
|switch|p2a: Toxapex|Toxapex, F|100/100
|-weather|RainDance|[from] ability: Drizzle|[of] p1a: Gogo
|turn|12
|
|t:|1757873564
|move|p1a: Gogo|Hurricane|p2a: Toxapex
|-damage|p2a: Toxapex|57/100
|move|p2a: Toxapex|Toxic|p1a: Gogo
|-status|p1a: Gogo|tox
|
|-weather|RainDance|[upkeep]
|-damage|p1a: Gogo|94/100 tox|[from] psn
|upkeep
|turn|13
|
|t:|1757873574
|move|p2a: Toxapex|Baneful Bunker|p2a: Toxapex
|-singleturn|p2a: Toxapex|move: Protect
|move|p1a: Gogo|Hurricane|p2a: Toxapex
|-activate|p2a: Toxapex|move: Protect
|
|-weather|RainDance|[upkeep]
|-heal|p1a: Gogo|100/100 tox|[from] item: Leftovers
|-damage|p1a: Gogo|88/100 tox|[from] psn
|upkeep
|turn|14
|
|t:|1757873594
|move|p1a: Gogo|Hurricane|p2a: Toxapex
|-damage|p2a: Toxapex|13/100
|move|p2a: Toxapex|Substitute|p2a: Toxapex
|-fail|p2a: Toxapex|move: Substitute|[weak]
|
|-weather|RainDance|[upkeep]
|-heal|p1a: Gogo|94/100 tox|[from] item: Leftovers
|-damage|p1a: Gogo|76/100 tox|[from] psn
|upkeep
|turn|15
|
|t:|1757873603
|switch|p2a: Cottonee|Cottonee, L1, M|100/100
|move|p1a: Gogo|Roost|p1a: Gogo
|-heal|p1a: Gogo|100/100 tox
|-singleturn|p1a: Gogo|move: Roost
|
|-weather|RainDance|[upkeep]
|-damage|p1a: Gogo|76/100 tox|[from] psn
|upkeep
|turn|16
|
|t:|1757873615
|move|p2a: Cottonee|Leech Seed|p1a: Gogo|[miss]
|-miss|p2a: Cottonee|p1a: Gogo
|move|p1a: Gogo|Hurricane|p2a: Cottonee
|-supereffective|p2a: Cottonee
|-crit|p2a: Cottonee
|-enditem|p2a: Cottonee|Focus Sash
|-damage|p2a: Cottonee|9/100
|-start|p2a: Cottonee|confusion
|
|-weather|none
|-heal|p1a: Gogo|82/100 tox|[from] item: Leftovers
|-damage|p1a: Gogo|51/100 tox|[from] psn
|upkeep
|turn|17
|
|t:|1757873630
|-activate|p2a: Cottonee|confusion
|-damage|p2a: Cottonee|0 fnt|[from] confusion
|faint|p2a: Cottonee
|move|p1a: Gogo|Roost|p1a: Gogo
|-heal|p1a: Gogo|100/100 tox
|-singleturn|p1a: Gogo|move: Roost
|
|-damage|p1a: Gogo|63/100 tox|[from] psn
|upkeep
|
|t:|1757873637
|switch|p2a: Toxapex|Toxapex, F|46/100
|turn|18
|
|t:|1757873645
|move|p2a: Toxapex|Baneful Bunker|p2a: Toxapex
|-singleturn|p2a: Toxapex|move: Protect
|move|p1a: Gogo|Weather Ball|p2a: Toxapex
|-activate|p2a: Toxapex|move: Protect
|
|-heal|p1a: Gogo|70/100 tox|[from] item: Leftovers
|-damage|p1a: Gogo|26/100 tox|[from] psn
|upkeep
|turn|19
|
|t:|1757873657
|move|p1a: Gogo|Weather Ball|p2a: Toxapex
|-damage|p2a: Toxapex|33/100
|move|p2a: Toxapex|Liquidation|p1a: Gogo
|-resisted|p1a: Gogo
|-damage|p1a: Gogo|15/100 tox
|
|-heal|p1a: Gogo|21/100 tox|[from] item: Leftovers
|-damage|p1a: Gogo|0 fnt|[from] psn
|faint|p1a: Gogo
|upkeep
|
|t:|1757873668
|switch|p1a: Luther|Umbreon, M, shiny|100/100
|turn|20
|
|t:|1757873674
|move|p1a: Luther|Foul Play|p2a: Toxapex
|-damage|p2a: Toxapex|17/100
|move|p2a: Toxapex|Toxic|p1a: Luther
|-status|p1a: Luther|tox
|-activate|p1a: Luther|ability: Synchronize
|-immune|p2a: Toxapex
|
|-damage|p1a: Luther|94/100 tox|[from] psn
|upkeep
|turn|21
|
|t:|1757873688
|move|p2a: Toxapex|Baneful Bunker|p2a: Toxapex
|-singleturn|p2a: Toxapex|move: Protect
|move|p1a: Luther|Wish|p1a: Luther
|
|-heal|p1a: Luther|100/100 tox|[from] item: Leftovers
|-damage|p1a: Luther|88/100 tox|[from] psn
|upkeep
|turn|22
|
|t:|1757873696
|move|p1a: Luther|Foul Play|p2a: Toxapex
|-damage|p2a: Toxapex|0 fnt
|faint|p2a: Toxapex
|
|win|latrel20
|raw|latrel20's rating: 1086 &rarr; <strong>1116</strong><br />(+30 for winning)
|raw|Husk1903's rating: 1122 &rarr; <strong>1094</strong><br />(-28 for losing)
|l|☆Husk1903
|player|p2|
|l|☆latrel20
|player|p1|
