|j|☆SapphireRedux
|j|☆Crooksieee
|t:|1757815663
|gametype|singles
|player|p1|SapphireRedux|lacey|1506
|player|p2|Crooksieee|1|1505
|gen|9
|tier|[Gen 9] OU
|rated|
|rule|HP Percentage Mod: HP is shown in percentages
|rule|Endless Battle Clause: Forcing endless battles is banned
|rule|Species Clause: Limit one of each Pokémon
|rule|OHKO Clause: OHKO moves are banned
|rule|Evasion Items Clause: Evasion items are banned
|rule|Evasion Moves Clause: Evasion moves are banned
|rule|Evasion Abilities Clause: Evasion abilities are banned
|rule|Sleep Moves Clause: Sleep-inducing moves are banned
|clearpoke
|poke|p1|Zamazenta-*|
|poke|p1|Ninetales-Alola, F|
|poke|p1|Darkrai|
|poke|p1|Ceruledge, M|
|poke|p1|Empoleon, M|
|poke|p1|Hatterene, F|
|poke|p2|Ninetales-Alola, M|
|poke|p2|Garchomp, M|
|poke|p2|Glimmora, F|
|poke|p2|Great Tusk|
|poke|p2|Scizor, M|
|poke|p2|Gholdengo|
|teampreview
|inactive|Battle timer is ON: inactive players will automatically lose when time's up. (requested by SapphireRedux)
|inactive|Crooksieee has 120 seconds left.
|
|t:|1757815697
|teamsize|p1|6
|teamsize|p2|6
|start
|switch|p1a: Ninetales|Ninetales-Alola, F|100/100
|switch|p2a: Glimmora|Glimmora, F|100/100
|-weather|Snowscape|[from] ability: Snow Warning|[of] p1a: Ninetales
|turn|1
|
|t:|1757815706
|move|p1a: Ninetales|Aurora Veil|p1a: Ninetales
|-sidestart|p1: SapphireRedux|move: Aurora Veil
|move|p2a: Glimmora|Sludge Wave|p1a: Ninetales
|-supereffective|p1a: Ninetales
|-damage|p1a: Ninetales|51/100
|
|-weather|Snowscape|[upkeep]
|upkeep
|turn|2
|
|t:|1757815720
|switch|p1a: Empoleon|Empoleon, M|100/100
|move|p2a: Glimmora|Sludge Wave|p1a: Empoleon
|-immune|p1a: Empoleon
|
|-weather|Snowscape|[upkeep]
|upkeep
|turn|3
|
|t:|1757815727
|move|p1a: Empoleon|Agility|p1a: Empoleon
|-boost|p1a: Empoleon|spe|2
|move|p2a: Glimmora|Earth Power|p1a: Empoleon
|-supereffective|p1a: Empoleon
|-damage|p1a: Empoleon|68/100
|
|-weather|Snowscape|[upkeep]
|upkeep
|turn|4
|
|t:|1757815741
|move|p1a: Empoleon|Swords Dance|p1a: Empoleon
|-boost|p1a: Empoleon|atk|2
|move|p2a: Glimmora|Earth Power|p1a: Empoleon
|-supereffective|p1a: Empoleon
|-damage|p1a: Empoleon|34/100
|
|-weather|Snowscape|[upkeep]
|upkeep
|turn|5
|
|t:|1757815749
|move|p1a: Empoleon|Liquidation|p2a: Glimmora
|-supereffective|p2a: Glimmora
|-damage|p2a: Glimmora|0 fnt
|-activate|p2a: Glimmora|ability: Toxic Debris
|-sidestart|p1: SapphireRedux|move: Toxic Spikes
|faint|p2a: Glimmora
|
|-weather|none
|upkeep
|inactive|Crooksieee has 120 seconds left.
|
|t:|1757815785
|switch|p2a: Ninetales|Ninetales-Alola, M|100/100
|-weather|Snowscape|[from] ability: Snow Warning|[of] p2a: Ninetales
|turn|6
|inactive|Crooksieee has 120 seconds left.
|
|t:|1757815793
|-terastallize|p1a: Empoleon|Water
|-terastallize|p2a: Ninetales|Steel
|move|p1a: Empoleon|Liquidation|p2a: Ninetales
|-damage|p2a: Ninetales|0 fnt
|faint|p2a: Ninetales
|
|-weather|Snowscape|[upkeep]
|upkeep
|inactive|Crooksieee has 120 seconds left.
|
|t:|1757815806
|switch|p2a: Scizor|Scizor, M|100/100
|turn|7
|inactive|Crooksieee has 120 seconds left.
|
|t:|1757815814
|move|p1a: Empoleon|Liquidation|p2a: Scizor
|-damage|p2a: Scizor|0 fnt
|faint|p2a: Scizor
|
|-weather|Snowscape|[upkeep]
|upkeep
|inactive|Crooksieee has 120 seconds left.
|
|t:|1757815825
|switch|p2a: Gholdengo|Gholdengo|100/100
|turn|8
|
|t:|1757815828
|move|p2a: Gholdengo|Thunderbolt|p1a: Empoleon
|-supereffective|p1a: Empoleon
|-damage|p1a: Empoleon|0 fnt
|faint|p1a: Empoleon
|
|-weather|Snowscape|[upkeep]
|-sideend|p1: SapphireRedux|move: Aurora Veil
|upkeep
|
|t:|1757815849
|switch|p1a: Ninetales|Ninetales-Alola, F|51/100
|-status|p1a: Ninetales|psn
|turn|9
|
|t:|1757815856
|switch|p2a: Great Tusk|Great Tusk|100/100
|move|p1a: Ninetales|Aurora Veil|p1a: Ninetales
|-sidestart|p1: SapphireRedux|move: Aurora Veil
|
|-weather|Snowscape|[upkeep]
|-damage|p1a: Ninetales|39/100 psn|[from] psn
|upkeep
|turn|10
|
|t:|1757815864
|-end|p2a: Great Tusk|Protosynthesis|[silent]
|switch|p2a: Gholdengo|Gholdengo|100/100
|move|p1a: Ninetales|Freeze-Dry|p2a: Gholdengo
|-resisted|p2a: Gholdengo
|-damage|p2a: Gholdengo|89/100
|
|-weather|none
|-damage|p1a: Ninetales|27/100 psn|[from] psn
|upkeep
|turn|11
|
|t:|1757815876
|move|p2a: Gholdengo|Make It Rain|p1a: Ninetales
|-supereffective|p1a: Ninetales
|-damage|p1a: Ninetales|0 fnt
|-unboost|p2a: Gholdengo|spa|1
|faint|p1a: Ninetales
|
|upkeep
|
|t:|1757815896
|switch|p1a: Darkrai|Darkrai|100/100
|-status|p1a: Darkrai|psn
|turn|12
|
|t:|1757815905
|switch|p2a: Great Tusk|Great Tusk|100/100
|move|p1a: Darkrai|Nasty Plot|p1a: Darkrai
|-boost|p1a: Darkrai|spa|2
|
|-damage|p1a: Darkrai|88/100 psn|[from] psn
|upkeep
|turn|13
|
|t:|1757815925
|move|p1a: Darkrai|Dark Pulse|p2a: Great Tusk
|-resisted|p2a: Great Tusk
|-damage|p2a: Great Tusk|54/100
|move|p2a: Great Tusk|Rapid Spin|p1a: Darkrai
|-damage|p1a: Darkrai|78/100 psn
|-boost|p2a: Great Tusk|spe|1
|
|-heal|p2a: Great Tusk|60/100|[from] item: Leftovers
|-heal|p1a: Darkrai|84/100 psn|[from] item: Leftovers
|-damage|p1a: Darkrai|72/100 psn|[from] psn
|upkeep
|turn|14
|
|t:|1757815937
|move|p2a: Great Tusk|Bulk Up|p2a: Great Tusk
|-boost|p2a: Great Tusk|atk|1
|-boost|p2a: Great Tusk|def|1
|move|p1a: Darkrai|Psyshock|p2a: Great Tusk
|-supereffective|p2a: Great Tusk
|-damage|p2a: Great Tusk|7/100
|
|-heal|p2a: Great Tusk|13/100|[from] item: Leftovers
|-heal|p1a: Darkrai|78/100 psn|[from] item: Leftovers
|-damage|p1a: Darkrai|65/100 psn|[from] psn
|upkeep
|turn|15
|
|t:|1757815949
|move|p2a: Great Tusk|Headlong Rush|p1a: Darkrai
|-damage|p1a: Darkrai|11/100 psn
|-unboost|p2a: Great Tusk|def|1
|-unboost|p2a: Great Tusk|spd|1
|move|p1a: Darkrai|Dark Pulse|p2a: Great Tusk
|-resisted|p2a: Great Tusk
|-damage|p2a: Great Tusk|0 fnt
|faint|p2a: Great Tusk
|-end|p2a: Great Tusk|Protosynthesis|[silent]
|
|-heal|p1a: Darkrai|17/100 psn|[from] item: Leftovers
|-damage|p1a: Darkrai|4/100 psn|[from] psn
|upkeep
|inactive|Crooksieee has 120 seconds left.
|
|t:|1757815966
|switch|p2a: Gholdengo|Gholdengo|89/100
|turn|16
|
|t:|1757815973
|move|p2a: Gholdengo|Shadow Ball|p1a: Darkrai
|-resisted|p1a: Darkrai
|-damage|p1a: Darkrai|0 fnt
|faint|p1a: Darkrai
|
|-sideend|p1: SapphireRedux|move: Aurora Veil
|upkeep
|
|t:|1757815986
|switch|p1a: Hatterene|Hatterene, F|100/100
|-status|p1a: Hatterene|psn
|turn|17
|
|t:|1757815991
|move|p2a: Gholdengo|Shadow Ball|p1a: Hatterene
|-supereffective|p1a: Hatterene
|-damage|p1a: Hatterene|18/100 psn
|move|p1a: Hatterene|Mystical Fire|p2a: Gholdengo
|-supereffective|p2a: Gholdengo
|-damage|p2a: Gholdengo|37/100
|-unboost|p2a: Gholdengo|spa|1
|
|-heal|p1a: Hatterene|24/100 psn|[from] item: Leftovers
|-damage|p1a: Hatterene|12/100 psn|[from] psn
|upkeep
|turn|18
|
|t:|1757816015
|move|p2a: Gholdengo|Shadow Ball|p1a: Hatterene
|-supereffective|p1a: Hatterene
|-damage|p1a: Hatterene|0 fnt
|faint|p1a: Hatterene
|
|upkeep
|
|t:|1757816018
|switch|p1a: Zamazenta|Zamazenta|100/100
|-status|p1a: Zamazenta|psn
|-ability|p1a: Zamazenta|Dauntless Shield|boost
|-boost|p1a: Zamazenta|def|1
|turn|19
|
|t:|1757816031
|switch|p2a: Garchomp|Garchomp, M|100/100
|move|p1a: Zamazenta|Crunch|p2a: Garchomp
|-damage|p2a: Garchomp|80/100
|-damage|p1a: Zamazenta|88/100 psn|[from] ability: Rough Skin|[of] p2a: Garchomp
|
|-damage|p1a: Zamazenta|76/100 psn|[from] psn
|upkeep
|turn|20
|
|t:|1757816049
|move|p1a: Zamazenta|Iron Defense|p1a: Zamazenta
|-boost|p1a: Zamazenta|def|2
|move|p2a: Garchomp|Scale Shot|p1a: Zamazenta
|-crit|p1a: Zamazenta
|-damage|p1a: Zamazenta|60/100 psn
|-crit|p1a: Zamazenta
|-damage|p1a: Zamazenta|44/100 psn
|-damage|p1a: Zamazenta|40/100 psn
|-damage|p1a: Zamazenta|36/100 psn
|-damage|p1a: Zamazenta|31/100 psn
|-hitcount|p1a: Zamazenta|5
|-unboost|p2a: Garchomp|def|1
|-boost|p2a: Garchomp|spe|1
|
|-damage|p1a: Zamazenta|19/100 psn|[from] psn
|upkeep
|turn|21
|
|t:|1757816071
|move|p2a: Garchomp|Earthquake|p1a: Zamazenta
|-damage|p1a: Zamazenta|3/100 psn
|move|p1a: Zamazenta|Body Press|p2a: Garchomp
|-damage|p2a: Garchomp|0 fnt
|-damage|p1a: Zamazenta|0 fnt|[from] ability: Rough Skin|[of] p2a: Garchomp
|faint|p2a: Garchomp
|faint|p1a: Zamazenta
|
|upkeep
|
|t:|1757816081
|switch|p1a: Ceruledge|Ceruledge, M|100/100
|switch|p2a: Gholdengo|Gholdengo|37/100
|-status|p1a: Ceruledge|psn
|turn|22
|
|t:|1757816087
|move|p2a: Gholdengo|Shadow Ball|p1a: Ceruledge
|-supereffective|p1a: Ceruledge
|-damage|p1a: Ceruledge|34/100 psn
|move|p1a: Ceruledge|Bitter Blade|p2a: Gholdengo
|-supereffective|p2a: Gholdengo
|-damage|p2a: Gholdengo|0 fnt
|-heal|p1a: Ceruledge|50/100 psn|[from] drain|[of] p2a: Gholdengo
|faint|p2a: Gholdengo
|
|win|SapphireRedux
|raw|SapphireRedux's rating: 1506 &rarr; <strong>1526</strong><br />(+20 for winning)
|raw|Crooksieee's rating: 1505 &rarr; <strong>1485</strong><br />(-20 for losing)
|l|☆SapphireRedux
|player|p1|
|c|☆Crooksieee|Gg
|l|☆Crooksieee
|player|p2|
