|j|☆vbnsdlirtu
|j|☆wolwing
|t:|1757868142
|gametype|singles
|player|p1|vbnsdlirtu|cyrus|1352
|player|p2|wolwing|265|1339
|gen|9
|tier|[Gen 9] OU
|rated|
|rule|HP Percentage Mod: HP is shown in percentages
|rule|Endless Battle Clause: Forcing endless battles is banned
|rule|Species Clause: Limit one of each Pokémon
|rule|OHKO Clause: OHKO moves are banned
|rule|Evasion Items Clause: Evasion items are banned
|rule|Evasion Moves Clause: Evasion moves are banned
|rule|Evasion Abilities Clause: Evasion abilities are banned
|rule|Sleep Moves Clause: Sleep-inducing moves are banned
|clearpoke
|poke|p1|Dragonite, F|
|poke|p1|Zamazenta-*|
|poke|p1|Landorus-Therian, M|
|poke|p1|Gholdengo|
|poke|p1|Darkrai|
|poke|p1|Hatterene, F|
|poke|p2|Grimmsnarl, M|
|poke|p2|Iron Treads|
|poke|p2|Ninetales, M|
|poke|p2|Indeedee, M|
|poke|p2|Polteageist-Antique|
|poke|p2|Scovillain, M|
|teampreview
|inactive|Battle timer is ON: inactive players will automatically lose when time's up. (requested by vbnsdlirtu)
|
|t:|1757868154
|teamsize|p1|6
|teamsize|p2|6
|start
|switch|p1a: Gholdengo|Gholdengo|100/100
|switch|p2a: Grimmsnarl|Grimmsnarl, M|100/100
|turn|1
|
|t:|1757868161
|move|p2a: Grimmsnarl|Reflect|p2a: Grimmsnarl
|-sidestart|p2: wolwing|Reflect
|move|p1a: Gholdengo|Make It Rain|p2a: Grimmsnarl
|-supereffective|p2a: Grimmsnarl
|-damage|p2a: Grimmsnarl|0 fnt
|-unboost|p1a: Gholdengo|spa|1
|faint|p2a: Grimmsnarl
|
|upkeep
|
|t:|1757868168
|switch|p2a: Ninetales|Ninetales, M|100/100
|-weather|SunnyDay|[from] ability: Drought|[of] p2a: Ninetales
|turn|2
|
|t:|1757868174
|switch|p1a: Hatterene|Hatterene, F|100/100
|move|p2a: Ninetales|Weather Ball|p1a: Hatterene
|-damage|p1a: Hatterene|66/100
|
|-weather|SunnyDay|[upkeep]
|upkeep
|turn|3
|
|t:|1757868189
|move|p2a: Ninetales|Memento|p1a: Hatterene
|-unboost|p1a: Hatterene|atk|2
|-unboost|p1a: Hatterene|spa|2
|faint|p2a: Ninetales
|move|p1a: Hatterene|Psychic Noise|p2: Ninetales|[notarget]
|-fail|p1a: Hatterene
|
|-weather|SunnyDay|[upkeep]
|upkeep
|
|t:|1757868192
|switch|p2a: Scovillain|Scovillain, M, shiny|100/100
|turn|4
|
|t:|1757868216
|switch|p1a: Landorus|Landorus-Therian, M|100/100
|-ability|p1a: Landorus|Intimidate|boost
|-unboost|p2a: Scovillain|atk|1
|move|p2a: Scovillain|Growth|p2a: Scovillain
|-boost|p2a: Scovillain|atk|2
|-boost|p2a: Scovillain|spa|2
|
|-weather|SunnyDay|[upkeep]
|upkeep
|turn|5
|
|t:|1757868227
|move|p2a: Scovillain|Solar Beam||[still]
|-prepare|p2a: Scovillain|Solar Beam
|-anim|p2a: Scovillain|Solar Beam|p1a: Landorus
|-damage|p1a: Landorus|0 fnt
|faint|p1a: Landorus
|
|-weather|SunnyDay|[upkeep]
|upkeep
|inactive|vbnsdlirtu has 120 seconds left.
|
|t:|1757868252
|switch|p1a: Zamazenta|Zamazenta|100/100
|-ability|p1a: Zamazenta|Dauntless Shield|boost
|-boost|p1a: Zamazenta|def|1
|turn|6
|
|t:|1757868268
|-terastallize|p1a: Zamazenta|Fire
|move|p2a: Scovillain|Solar Beam||[still]
|-prepare|p2a: Scovillain|Solar Beam
|-anim|p2a: Scovillain|Solar Beam|p1a: Zamazenta
|-resisted|p1a: Zamazenta
|-damage|p1a: Zamazenta|43/100
|move|p1a: Zamazenta|Roar|p2a: Scovillain
|drag|p2a: Iron Treads|Iron Treads|100/100
|-enditem|p2a: Iron Treads|Booster Energy
|-activate|p2a: Iron Treads|ability: Quark Drive|[fromitem]
|-start|p2a: Iron Treads|quarkdrivespe
|
|-weather|SunnyDay|[upkeep]
|-heal|p1a: Zamazenta|49/100|[from] item: Leftovers
|upkeep
|turn|7
|inactive|vbnsdlirtu has 120 seconds left.
|inactive|vbnsdlirtu has 90 seconds left.
|
|t:|1757868304
|switch|p1a: Dragonite|Dragonite, F|100/100
|move|p2a: Iron Treads|Stealth Rock|p1a: Dragonite
|-sidestart|p1: vbnsdlirtu|move: Stealth Rock
|
|-weather|SunnyDay|[upkeep]
|upkeep
|turn|8
|
|t:|1757868311
|move|p2a: Iron Treads|Ice Spinner|p1a: Dragonite
|-supereffective|p1a: Dragonite
|-damage|p1a: Dragonite|40/100
|move|p1a: Dragonite|Dragon Dance|p1a: Dragonite
|-boost|p1a: Dragonite|atk|1
|-boost|p1a: Dragonite|spe|1
|
|-weather|SunnyDay|[upkeep]
|-sideend|p2: wolwing|Reflect
|upkeep
|turn|9
|
|t:|1757868326
|move|p1a: Dragonite|Extreme Speed|p2a: Iron Treads
|-resisted|p2a: Iron Treads
|-damage|p2a: Iron Treads|83/100
|move|p2a: Iron Treads|Ice Spinner|p1a: Dragonite
|-supereffective|p1a: Dragonite
|-crit|p1a: Dragonite
|-damage|p1a: Dragonite|0 fnt
|faint|p1a: Dragonite
|
|-weather|none
|upkeep
|inactive|vbnsdlirtu has 90 seconds left.
|
|t:|1757868340
|switch|p1a: Darkrai|Darkrai|100/100
|turn|10
|
|t:|1757868346
|move|p2a: Iron Treads|Knock Off|p1a: Darkrai
|-resisted|p1a: Darkrai
|-damage|p1a: Darkrai|82/100
|-enditem|p1a: Darkrai|Heavy-Duty Boots|[from] move: Knock Off|[of] p2a: Iron Treads
|move|p1a: Darkrai|Will-O-Wisp|p2a: Iron Treads
|-status|p2a: Iron Treads|brn
|
|-damage|p2a: Iron Treads|77/100 brn|[from] brn
|upkeep
|turn|11
|
|t:|1757868354
|-end|p2a: Iron Treads|Quark Drive|[silent]
|switch|p2a: Indeedee|Indeedee, M|100/100
|-fieldstart|move: Psychic Terrain|[from] ability: Psychic Surge|[of] p2a: Indeedee
|move|p1a: Darkrai|Dark Pulse|p2a: Indeedee
|-supereffective|p2a: Indeedee
|-damage|p2a: Indeedee|0 fnt
|faint|p2a: Indeedee
|
|upkeep
|
|t:|1757868359
|switch|p2a: Polteageist|Polteageist-Antique|100/100
|turn|12
|
|t:|1757868362
|move|p1a: Darkrai|Taunt|p2a: Polteageist
|-start|p2a: Polteageist|move: Taunt
|cant|p2a: Polteageist|move: Taunt|Shell Smash
|
|upkeep
|turn|13
|
|t:|1757868373
|-terastallize|p2a: Polteageist|Fire
|move|p1a: Darkrai|Dark Pulse|p2a: Polteageist
|-damage|p2a: Polteageist|52/100
|move|p2a: Polteageist|Tera Blast|p1a: Darkrai|[anim] Tera Blast Fire
|-damage|p1a: Darkrai|24/100
|
|upkeep
|turn|14
|-message|wolwing forfeited.
|
|win|vbnsdlirtu
|raw|vbnsdlirtu's rating: 1352 &rarr; <strong>1371</strong><br />(+19 for winning)
|raw|wolwing's rating: 1339 &rarr; <strong>1320</strong><br />(-19 for losing)
|l|☆wolwing
|player|p2|
|l|☆vbnsdlirtu
|player|p1|
