|j|☆DDNPoke
|j|☆Obito 2001
|t:|1757934913
|gametype|singles
|player|p1|DDNPoke|lucas|1464
|player|p2|Obito 2001|blue-gen3two|1493
|gen|9
|tier|[Gen 9] OU
|rated|
|rule|HP Percentage Mod: HP is shown in percentages
|rule|Endless Battle Clause: Forcing endless battles is banned
|rule|Species Clause: Limit one of each Pokémon
|rule|OHKO Clause: OHKO moves are banned
|rule|Evasion Items Clause: Evasion items are banned
|rule|Evasion Moves Clause: Evasion moves are banned
|rule|Evasion Abilities Clause: Evasion abilities are banned
|rule|Sleep Moves Clause: Sleep-inducing moves are banned
|clearpoke
|poke|p1|Grimmsnarl, M|
|poke|p1|Blastoise, M|
|poke|p1|Dragonite, M|
|poke|p1|Blaziken, M|
|poke|p1|Ursaluna, M|
|poke|p1|Gholdengo|
|poke|p2|Alomomola, F|
|poke|p2|Salamence, F|
|poke|p2|Cinderace, F|
|poke|p2|Gliscor, F|
|poke|p2|Grimmsnarl, M|
|poke|p2|Darkrai|
|teampreview
|inactive|Battle timer is ON: inactive players will automatically lose when time's up. (requested by Obito 2001)
|inactive|DDNPoke also wants the timer to be on.
|inactive|Obito 2001 has 120 seconds left.
|
|t:|1757934962
|teamsize|p1|6
|teamsize|p2|6
|start
|switch|p1a: Blaziken|Blaziken, M|100/100
|switch|p2a: Darkrai|Darkrai|100/100
|turn|1
|
|t:|1757934971
|switch|p2a: Ban me|Gliscor, F|100/100
|move|p1a: Blaziken|Swords Dance|p1a: Blaziken
|-boost|p1a: Blaziken|atk|2
|
|-status|p2a: Ban me|tox|[from] item: Toxic Orb
|-ability|p1a: Blaziken|Speed Boost|boost
|-boost|p1a: Blaziken|spe|1
|upkeep
|turn|2
|
|t:|1757934981
|switch|p2a: Momo Hirai|Alomomola, F|100/100
|move|p1a: Blaziken|Blaze Kick|p2a: Momo Hirai
|-resisted|p2a: Momo Hirai
|-damage|p2a: Momo Hirai|71/100
|-enditem|p2a: Momo Hirai|Red Card|[of] p1a: Blaziken
|drag|p1a: Gholdengo|Gholdengo|100/100
|
|upkeep
|turn|3
|
|t:|1757934995
|move|p1a: Gholdengo|Shadow Ball|p2a: Momo Hirai
|-damage|p2a: Momo Hirai|13/100
|move|p2a: Momo Hirai|Flip Turn|p1a: Gholdengo
|-damage|p1a: Gholdengo|83/100
|
|t:|1757934999
|switch|p2a: Darkrai|Darkrai|100/100|[from] Flip Turn
|
|upkeep
|turn|4
|
|t:|1757935006
|switch|p1a: Grimmsnarl|Grimmsnarl, M|100/100
|move|p2a: Darkrai|Sludge Bomb|p1a: Grimmsnarl
|-supereffective|p1a: Grimmsnarl
|-damage|p1a: Grimmsnarl|29/100
|
|upkeep
|turn|5
|
|t:|1757935013
|move|p1a: Grimmsnarl|Light Screen|p1a: Grimmsnarl
|-sidestart|p1: DDNPoke|move: Light Screen
|move|p2a: Darkrai|Sludge Bomb|p1a: Grimmsnarl
|-supereffective|p1a: Grimmsnarl
|-damage|p1a: Grimmsnarl|0 fnt
|faint|p1a: Grimmsnarl
|
|upkeep
|
|t:|1757935018
|switch|p1a: Blaziken|Blaziken, M|100/100
|turn|6
|
|t:|1757935022
|move|p2a: Darkrai|Sludge Bomb|p1a: Blaziken
|-damage|p1a: Blaziken|66/100
|move|p1a: Blaziken|Swords Dance|p1a: Blaziken
|-boost|p1a: Blaziken|atk|2
|
|-ability|p1a: Blaziken|Speed Boost|boost
|-boost|p1a: Blaziken|spe|1
|upkeep
|turn|7
|
|t:|1757935026
|switch|p2a: Momo Hirai|Alomomola, F|46/100
|move|p1a: Blaziken|Blaze Kick|p2a: Momo Hirai
|-resisted|p2a: Momo Hirai
|-damage|p2a: Momo Hirai|16/100
|
|-ability|p1a: Blaziken|Speed Boost|boost
|-boost|p1a: Blaziken|spe|1
|upkeep
|turn|8
|
|t:|1757935036
|move|p1a: Blaziken|Blaze Kick|p2a: Momo Hirai
|-resisted|p2a: Momo Hirai
|-crit|p2a: Momo Hirai
|-damage|p2a: Momo Hirai|0 fnt
|faint|p2a: Momo Hirai
|
|-ability|p1a: Blaziken|Speed Boost|boost
|-boost|p1a: Blaziken|spe|1
|upkeep
|
|t:|1757935041
|switch|p2a: Grimmsnarl|Grimmsnarl, M|100/100
|turn|9
|
|t:|1757935049
|move|p2a: Grimmsnarl|Reflect|p2a: Grimmsnarl
|-sidestart|p2: Obito 2001|Reflect
|move|p1a: Blaziken|Blaze Kick|p2a: Grimmsnarl
|-damage|p2a: Grimmsnarl|57/100
|
|-ability|p1a: Blaziken|Speed Boost|boost
|-boost|p1a: Blaziken|spe|1
|upkeep
|turn|10
|
|t:|1757935056
|move|p1a: Blaziken|Swords Dance|p1a: Blaziken
|-boost|p1a: Blaziken|atk|2
|move|p2a: Grimmsnarl|Spirit Break|p1a: Blaziken
|-damage|p1a: Blaziken|22/100
|-unboost|p1a: Blaziken|spa|1
|
|-ability|p1a: Blaziken|Speed Boost|boost
|-boost|p1a: Blaziken|spe|1
|upkeep
|turn|11
|
|t:|1757935069
|move|p2a: Grimmsnarl|Light Screen|p2a: Grimmsnarl
|-sidestart|p2: Obito 2001|move: Light Screen
|move|p1a: Blaziken|Close Combat|p2a: Grimmsnarl
|-damage|p2a: Grimmsnarl|0 fnt
|-unboost|p1a: Blaziken|def|1
|-unboost|p1a: Blaziken|spd|1
|faint|p2a: Grimmsnarl
|
|-ability|p1a: Blaziken|Speed Boost|boost
|-boost|p1a: Blaziken|spe|1
|upkeep
|
|t:|1757935079
|switch|p2a: Salamence|Salamence, F|100/100
|turn|12
|
|t:|1757935084
|move|p1a: Blaziken|Rock Tomb|p2a: Salamence
|-supereffective|p2a: Salamence
|-damage|p2a: Salamence|16/100
|-unboost|p2a: Salamence|spe|1
|move|p2a: Salamence|Dragon Claw|p1a: Blaziken
|-damage|p1a: Blaziken|0 fnt
|faint|p1a: Blaziken
|-ability|p2a: Salamence|Moxie|boost
|-boost|p2a: Salamence|atk|1
|
|-sideend|p1: DDNPoke|move: Light Screen
|upkeep
|
|t:|1757935096
|switch|p1a: Dragonite|Dragonite, M|100/100
|turn|13
|
|t:|1757935102
|move|p1a: Dragonite|Extreme Speed|p2a: Salamence
|-damage|p2a: Salamence|0 fnt
|faint|p2a: Salamence
|
|upkeep
|
|t:|1757935105
|switch|p2a: Darkrai|Darkrai|100/100
|turn|14
|
|t:|1757935111
|-terastallize|p1a: Dragonite|Normal
|move|p2a: Darkrai|Trick|p1a: Dragonite
|-activate|p2a: Darkrai|move: Trick|[of] p1a: Dragonite
|-item|p1a: Dragonite|Choice Specs|[from] move: Trick
|-item|p2a: Darkrai|Rocky Helmet|[from] move: Trick
|move|p1a: Dragonite|Dragon Dance|p1a: Dragonite
|-boost|p1a: Dragonite|atk|1
|-boost|p1a: Dragonite|spe|1
|
|upkeep
|turn|15
|
|t:|1757935119
|switch|p1a: Ursaluna|Ursaluna, M|100/100
|move|p2a: Darkrai|Dark Pulse|p1a: Ursaluna
|-damage|p1a: Ursaluna|62/100
|
|-status|p1a: Ursaluna|brn|[from] item: Flame Orb
|upkeep
|turn|16
|
|t:|1757935125
|move|p2a: Darkrai|Ice Beam|p1a: Ursaluna
|-supereffective|p1a: Ursaluna
|-damage|p1a: Ursaluna|10/100 brn
|move|p1a: Ursaluna|Facade|p2a: Darkrai
|-damage|p2a: Darkrai|21/100
|-damage|p1a: Ursaluna|0 fnt|[from] item: Rocky Helmet|[of] p2a: Darkrai
|faint|p1a: Ursaluna
|
|-sideend|p2: Obito 2001|Reflect
|upkeep
|
|t:|1757935131
|switch|p1a: Blastoise|Blastoise, M|100/100
|turn|17
|
|t:|1757935145
|move|p2a: Darkrai|Dark Pulse|p1a: Blastoise
|-damage|p1a: Blastoise|54/100
|move|p1a: Blastoise|Surf|p2a: Darkrai
|-damage|p2a: Darkrai|0 fnt
|faint|p2a: Darkrai
|
|upkeep
|
|t:|1757935153
|switch|p2a: Ban me|Gliscor, F|100/100 tox
|turn|18
|
|t:|1757935157
|move|p2a: Ban me|Fling|p1a: Blastoise
|-damage|p1a: Blastoise|44/100
|-status|p1a: Blastoise|tox
|-enditem|p2a: Ban me|Toxic Orb|[from] move: Fling
|move|p1a: Blastoise|Shell Smash|p1a: Blastoise
|-unboost|p1a: Blastoise|def|1
|-unboost|p1a: Blastoise|spd|1
|-boost|p1a: Blastoise|atk|2
|-boost|p1a: Blastoise|spa|2
|-boost|p1a: Blastoise|spe|2
|-enditem|p1a: Blastoise|White Herb
|-clearnegativeboost|p1a: Blastoise|[silent]
|
|-damage|p1a: Blastoise|38/100 tox|[from] psn
|-sideend|p2: Obito 2001|move: Light Screen
|upkeep
|turn|19
|
|t:|1757935171
|-terastallize|p2a: Ban me|Ghost
|move|p1a: Blastoise|Ice Beam|p2a: Ban me
|-damage|p2a: Ban me|23/100 tox
|move|p2a: Ban me|Acrobatics|p1a: Blastoise
|-damage|p1a: Blastoise|0 fnt
|faint|p1a: Blastoise
|
|-heal|p2a: Ban me|36/100 tox|[from] ability: Poison Heal
|upkeep
|
|t:|1757935181
|switch|p1a: Dragonite|Dragonite, M, tera:Normal|100/100
|turn|20
|
|t:|1757935193
|move|p2a: Ban me|Acrobatics|p1a: Dragonite
|-damage|p1a: Dragonite|74/100
|move|p1a: Dragonite|Dragon Dance|p1a: Dragonite
|-boost|p1a: Dragonite|atk|1
|-boost|p1a: Dragonite|spe|1
|
|-heal|p2a: Ban me|48/100 tox|[from] ability: Poison Heal
|upkeep
|turn|21
|-message|DDNPoke forfeited.
|
|win|Obito 2001
|raw|DDNPoke's rating: 1464 &rarr; <strong>1446</strong><br />(-18 for losing)
|raw|Obito 2001's rating: 1493 &rarr; <strong>1511</strong><br />(+18 for winning)
|l|☆DDNPoke
|player|p1|
