|j|☆3idk
|j|☆thunderbug
|t:|1757796058
|gametype|singles
|player|p1|3idk|lusamine-masters|1770
|player|p2|thunderbug|bugsy|1777
|gen|9
|tier|[Gen 9] OU
|rated|
|rule|HP Percentage Mod: HP is shown in percentages
|rule|Endless Battle Clause: Forcing endless battles is banned
|rule|Species Clause: Limit one of each Pokémon
|rule|OHKO Clause: OHKO moves are banned
|rule|Evasion Items Clause: Evasion items are banned
|rule|Evasion Moves Clause: Evasion moves are banned
|rule|Evasion Abilities Clause: Evasion abilities are banned
|rule|Sleep Moves Clause: Sleep-inducing moves are banned
|clearpoke
|poke|p1|Tyranitar, F|
|poke|p1|Excadrill, M|
|poke|p1|Keldeo-Resolute|
|poke|p1|Tornadus-Therian, M|
|poke|p1|Heatran, M|
|poke|p1|Hydrapple, F|
|poke|p2|Dragapult, F|
|poke|p2|Slowking-Galar, F|
|poke|p2|Kingambit, M|
|poke|p2|Landorus-Therian, M|
|poke|p2|Zamazenta-*|
|poke|p2|Zapdos|
|teampreview
|inactive|Battle timer is ON: inactive players will automatically lose when time's up. (requested by 3idk)
|
|t:|1757796072
|teamsize|p1|6
|teamsize|p2|6
|start
|switch|p1a: Tornadus|Tornadus-Therian, M|100/100
|switch|p2a: Zapdos|Zapdos|100/100
|turn|1
|
|t:|1757796080
|switch|p1a: Hydrapple|Hydrapple, F|100/100
|move|p2a: Zapdos|Volt Switch|p1a: Hydrapple
|-resisted|p1a: Hydrapple
|-damage|p1a: Hydrapple|92/100
|
|t:|1757796087
|switch|p2a: Dragapult|Dragapult, F|100/100|[from] Volt Switch
|
|upkeep
|turn|2
|
|t:|1757796091
|switch|p1a: Heatran|Heatran, M|100/100
|move|p2a: Dragapult|U-turn|p1a: Heatran
|-resisted|p1a: Heatran
|-damage|p1a: Heatran|92/100
|
|t:|1757796094
|switch|p2a: Landorus|Landorus-Therian, M|100/100|[from] U-turn
|-ability|p2a: Landorus|Intimidate|boost
|-unboost|p1a: Heatran|atk|1
|
|-heal|p1a: Heatran|99/100|[from] item: Leftovers
|upkeep
|turn|3
|
|t:|1757796100
|switch|p1a: Tornadus|Tornadus-Therian, M|100/100
|move|p2a: Landorus|Stealth Rock|p1a: Tornadus
|-sidestart|p1: 3idk|move: Stealth Rock
|
|upkeep
|turn|4
|
|t:|1757796109
|switch|p2a: Zapdos|Zapdos|100/100
|move|p1a: Tornadus|U-turn|p2a: Zapdos
|-resisted|p2a: Zapdos
|-damage|p2a: Zapdos|92/100
|-status|p1a: Tornadus|par|[from] ability: Static|[of] p2a: Zapdos
|
|t:|1757796113
|switch|p1a: Tyranitar|Tyranitar, F|100/100|[from] U-turn
|-damage|p1a: Tyranitar|88/100|[from] Stealth Rock
|-weather|Sandstorm|[from] ability: Sand Stream|[of] p1a: Tyranitar
|
|-weather|Sandstorm|[upkeep]
|-damage|p2a: Zapdos|86/100|[from] Sandstorm
|upkeep
|turn|5
|
|t:|1757796121
|move|p2a: Zapdos|Volt Switch|p1a: Tyranitar
|-damage|p1a: Tyranitar|66/100
|
|t:|1757796124
|switch|p2a: Landorus|Landorus-Therian, M|100/100|[from] Volt Switch
|-ability|p2a: Landorus|Intimidate|boost
|-unboost|p1a: Tyranitar|atk|1
|move|p1a: Tyranitar|Ice Punch|p2a: Landorus
|-supereffective|p2a: Landorus
|-damage|p2a: Landorus|0 fnt
|-damage|p1a: Tyranitar|49/100|[from] item: Rocky Helmet|[of] p2a: Landorus
|faint|p2a: Landorus
|
|-weather|Sandstorm|[upkeep]
|upkeep
|
|t:|1757796135
|switch|p2a: Dragapult|Dragapult, F|100/100
|turn|6
|inactive|3idk has 120 seconds left.
|j| Lonelyenders
|inactive|3idk has 90 seconds left.
|
|t:|1757796215
|switch|p1a: Heatran|Heatran, M|99/100
|-damage|p1a: Heatran|86/100|[from] Stealth Rock
|move|p2a: Dragapult|U-turn|p1a: Heatran
|-resisted|p1a: Heatran
|-damage|p1a: Heatran|78/100
|
|t:|1757796222
|switch|p2a: Zamazenta|Zamazenta|100/100|[from] U-turn
|-ability|p2a: Zamazenta|Dauntless Shield|boost
|-boost|p2a: Zamazenta|def|1
|
|-weather|Sandstorm|[upkeep]
|-damage|p2a: Zamazenta|94/100|[from] Sandstorm
|-heal|p1a: Heatran|85/100|[from] item: Leftovers
|upkeep
|turn|7
|
|t:|1757796241
|switch|p1a: Tornadus|Tornadus-Therian, M|100/100 par
|move|p2a: Zamazenta|Close Combat|p1a: Tornadus
|-resisted|p1a: Tornadus
|-damage|p1a: Tornadus|67/100 par
|-unboost|p2a: Zamazenta|def|1
|-unboost|p2a: Zamazenta|spd|1
|
|-weather|Sandstorm|[upkeep]
|-damage|p2a: Zamazenta|88/100|[from] Sandstorm
|-damage|p1a: Tornadus|61/100 par|[from] Sandstorm
|upkeep
|turn|8
|
|t:|1757796247
|move|p2a: Zamazenta|Stone Edge|p1a: Tornadus
|-supereffective|p1a: Tornadus
|-damage|p1a: Tornadus|0 fnt
|faint|p1a: Tornadus
|
|-weather|none
|upkeep
|
|t:|1757796251
|switch|p1a: Keldeo|Keldeo-Resolute|100/100
|-damage|p1a: Keldeo|94/100|[from] Stealth Rock
|turn|9
|
|t:|1757796258
|switch|p2a: Slowking|Slowking-Galar, F|100/100
|move|p1a: Keldeo|Surf|p2a: Slowking
|-damage|p2a: Slowking|58/100
|
|upkeep
|turn|10
|
|t:|1757796264
|-terastallize|p1a: Keldeo|Water
|move|p1a: Keldeo|Surf|p2a: Slowking
|-crit|p2a: Slowking
|-damage|p2a: Slowking|0 fnt
|faint|p2a: Slowking
|
|upkeep
|
|t:|1757796267
|switch|p2a: Dragapult|Dragapult, F|100/100
|turn|11
|
|t:|1757796279
|switch|p1a: Heatran|Heatran, M|85/100
|-damage|p1a: Heatran|72/100|[from] Stealth Rock
|move|p2a: Dragapult|Dragon Darts|p1a: Heatran
|-resisted|p1a: Heatran
|-damage|p1a: Heatran|57/100
|-anim|p2a: Dragapult|Dragon Darts|p1a: Heatran
|-resisted|p1a: Heatran
|-damage|p1a: Heatran|41/100
|
|-heal|p1a: Heatran|47/100|[from] item: Leftovers
|upkeep
|turn|12
|inactive|3idk has 120 seconds left.
|j| end64
|
|t:|1757796297
|switch|p2a: Zapdos|Zapdos|86/100
|move|p1a: Heatran|Magma Storm|p2a: Zapdos
|-damage|p2a: Zapdos|39/100
|-activate|p2a: Zapdos|move: Magma Storm|[of] p1a: Heatran
|
|-heal|p1a: Heatran|53/100|[from] item: Leftovers
|-damage|p2a: Zapdos|27/100|[from] move: Magma Storm|[partiallytrapped]
|upkeep
|turn|13
|inactive|3idk has 120 seconds left.
|
|t:|1757796303
|move|p2a: Zapdos|Volt Switch|p1a: Heatran
|-damage|p1a: Heatran|30/100
|
|t:|1757796312
|switch|p2a: Dragapult|Dragapult, F|100/100|[from] Volt Switch
|move|p1a: Heatran|Magma Storm|p2a: Dragapult
|-resisted|p2a: Dragapult
|-damage|p2a: Dragapult|72/100
|-activate|p2a: Dragapult|move: Magma Storm|[of] p1a: Heatran
|
|-heal|p1a: Heatran|36/100|[from] item: Leftovers
|-damage|p2a: Dragapult|60/100|[from] move: Magma Storm|[partiallytrapped]
|upkeep
|turn|14
|
|t:|1757796317
|move|p2a: Dragapult|Phantom Force||[still]
|-prepare|p2a: Dragapult|Phantom Force
|move|p1a: Heatran|Earth Power|p2a: Dragapult|[miss]
|-miss|p1a: Heatran|p2a: Dragapult
|
|-heal|p1a: Heatran|42/100|[from] item: Leftovers
|-damage|p2a: Dragapult|48/100|[from] move: Magma Storm|[partiallytrapped]
|upkeep
|turn|15
|
|t:|1757796322
|move|p2a: Dragapult|Phantom Force|p1a: Heatran|[from] lockedmove
|-damage|p1a: Heatran|0 fnt
|faint|p1a: Heatran
|
|-end|p2a: Dragapult|Magma Storm|[partiallytrapped]|[silent]
|upkeep
|
|t:|1757796326
|switch|p1a: Tyranitar|Tyranitar, F|49/100
|-damage|p1a: Tyranitar|37/100|[from] Stealth Rock
|-weather|Sandstorm|[from] ability: Sand Stream|[of] p1a: Tyranitar
|turn|16
|j| Jey2
|
|t:|1757796334
|switch|p2a: Zapdos|Zapdos|27/100
|move|p1a: Tyranitar|Knock Off|p2a: Zapdos
|-damage|p2a: Zapdos|0 fnt
|-status|p1a: Tyranitar|par|[from] ability: Static|[of] p2a: Zapdos
|-enditem|p2a: Zapdos|Heavy-Duty Boots|[from] move: Knock Off|[of] p1a: Tyranitar
|faint|p2a: Zapdos
|
|-weather|Sandstorm|[upkeep]
|upkeep
|inactive|thunderbug has 120 seconds left.
|
|t:|1757796365
|switch|p2a: Kingambit|Kingambit, M|100/100
|-activate|p2a: Kingambit|ability: Supreme Overlord
|-start|p2a: Kingambit|fallen3|[silent]
|turn|17
|inactive|3idk has 120 seconds left.
|
|t:|1757796400
|switch|p1a: Hydrapple|Hydrapple, F|100/100
|-damage|p1a: Hydrapple|88/100|[from] Stealth Rock
|move|p2a: Kingambit|Iron Head|p1a: Hydrapple
|-damage|p1a: Hydrapple|52/100
|-damage|p2a: Kingambit|84/100|[from] item: Rocky Helmet|[of] p1a: Hydrapple
|
|-weather|Sandstorm|[upkeep]
|-damage|p1a: Hydrapple|46/100|[from] Sandstorm
|upkeep
|turn|18
|j| just-jaype
|inactive|thunderbug has 120 seconds left.
|l| just-jaype
|
|t:|1757796435
|-end|p2a: Kingambit|fallen3|[silent]
|switch|p2a: Zamazenta|Zamazenta|88/100
|move|p1a: Hydrapple|Earth Power|p2a: Zamazenta
|-damage|p2a: Zamazenta|66/100
|
|-weather|Sandstorm|[upkeep]
|-damage|p2a: Zamazenta|60/100|[from] Sandstorm
|-damage|p1a: Hydrapple|40/100|[from] Sandstorm
|upkeep
|turn|19
|
|t:|1757796442
|move|p2a: Zamazenta|Close Combat|p1a: Hydrapple
|-damage|p1a: Hydrapple|9/100
|-unboost|p2a: Zamazenta|def|1
|-unboost|p2a: Zamazenta|spd|1
|-damage|p2a: Zamazenta|44/100|[from] item: Rocky Helmet|[of] p1a: Hydrapple
|move|p1a: Hydrapple|Giga Drain|p2a: Zamazenta
|-damage|p2a: Zamazenta|4/100
|-heal|p1a: Hydrapple|25/100|[from] drain|[of] p2a: Zamazenta
|
|-weather|Sandstorm|[upkeep]
|-damage|p2a: Zamazenta|0 fnt|[from] Sandstorm
|-damage|p1a: Hydrapple|19/100|[from] Sandstorm
|faint|p2a: Zamazenta
|upkeep
|
|t:|1757796446
|switch|p2a: Dragapult|Dragapult, F|48/100
|turn|20
|inactive|thunderbug has 120 seconds left.
|
|t:|1757796456
|move|p2a: Dragapult|Dragon Darts|p1a: Hydrapple
|-supereffective|p1a: Hydrapple
|-damage|p1a: Hydrapple|0 fnt
|faint|p1a: Hydrapple
|
|-weather|none
|upkeep
|
|t:|1757796460
|switch|p1a: Excadrill|Excadrill, M|100/100
|-damage|p1a: Excadrill|97/100|[from] Stealth Rock
|-item|p1a: Excadrill|Air Balloon
|turn|21
|
|t:|1757796471
|move|p2a: Dragapult|Dragon Darts|p1a: Excadrill
|-resisted|p1a: Excadrill
|-damage|p1a: Excadrill|66/100
|-enditem|p1a: Excadrill|Air Balloon
|-anim|p2a: Dragapult|Dragon Darts|p1a: Excadrill
|-resisted|p1a: Excadrill
|-damage|p1a: Excadrill|40/100
|move|p1a: Excadrill|Earthquake|p2a: Dragapult
|-damage|p2a: Dragapult|0 fnt
|faint|p2a: Dragapult
|
|upkeep
|
|t:|1757796477
|switch|p2a: Kingambit|Kingambit, M|84/100
|-activate|p2a: Kingambit|ability: Supreme Overlord
|-start|p2a: Kingambit|fallen5|[silent]
|turn|22
|inactive|thunderbug has 120 seconds left.
|
|t:|1757796493
|-terastallize|p2a: Kingambit|Fairy
|move|p1a: Excadrill|Earthquake|p2a: Kingambit
|-damage|p2a: Kingambit|37/100
|move|p2a: Kingambit|Iron Head|p1a: Excadrill
|-resisted|p1a: Excadrill
|-damage|p1a: Excadrill|0 fnt
|faint|p1a: Excadrill
|
|upkeep
|
|t:|1757796506
|switch|p1a: Keldeo|Keldeo-Resolute, tera:Water|94/100
|-damage|p1a: Keldeo|82/100|[from] Stealth Rock
|turn|23
|
|t:|1757796509
|move|p2a: Kingambit|Sucker Punch|p1a: Keldeo
|-damage|p1a: Keldeo|10/100
|-ability|p1a: Keldeo|Justified|boost
|-boost|p1a: Keldeo|atk|1
|move|p1a: Keldeo|Surf|p2a: Kingambit
|-damage|p2a: Kingambit|0 fnt
|faint|p2a: Kingambit
|-end|p2a: Kingambit|fallen5|[silent]
|
|win|3idk
|raw|3idk's rating: 1748 &rarr; <strong>1770</strong><br />(+22 for winning)
|raw|thunderbug's rating: 1777 &rarr; <strong>1755</strong><br />(-22 for losing)
|l|☆3idk
|player|p1|
|l|☆thunderbug
|player|p2|
|l| Jey2
|l| Lonelyenders
