|j|☆Clair_Prime
|j|☆T3H8thGYM
|t:|1757894047
|gametype|singles
|player|p1|Clair_Prime|rocketgruntf|1052
|player|p2|T3H8thGYM|harlequin|1046
|gen|9
|tier|[Gen 9] OU
|rated|
|rule|HP Percentage Mod: HP is shown in percentages
|rule|Endless Battle Clause: Forcing endless battles is banned
|rule|Species Clause: Limit one of each Pokémon
|rule|OHKO Clause: OHKO moves are banned
|rule|Evasion Items Clause: Evasion items are banned
|rule|Evasion Moves Clause: Evasion moves are banned
|rule|Evasion Abilities Clause: Evasion abilities are banned
|rule|Sleep Moves Clause: Sleep-inducing moves are banned
|clearpoke
|poke|p1|Primarina, M|
|poke|p1|Corviknight, M|
|poke|p1|Slowking-Galar, F|
|poke|p1|Samurott-Hisui, M|
|poke|p1|Rillaboom, M|
|poke|p1|Darkrai|
|poke|p2|Clodsire, F|
|poke|p2|Sandy Shocks|
|poke|p2|Mamoswine, M|
|poke|p2|Ursaluna, M|
|poke|p2|Garchomp, F|
|poke|p2|Gliscor, M|
|teampreview
|
|t:|1757894058
|teamsize|p1|6
|teamsize|p2|6
|start
|switch|p1a: Primarina|Primarina, M|100/100
|switch|p2a: KorbilboDaDestroy|Mamoswine, M|100/100
|turn|1
|
|t:|1757894076
|move|p2a: KorbilboDaDestroy|Knock Off|p1a: Primarina
|-resisted|p1a: Primarina
|-damage|p1a: Primarina|78/100
|-enditem|p1a: Primarina|Choice Specs|[from] move: Knock Off|[of] p2a: KorbilboDaDestroy
|move|p1a: Primarina|Surf|p2a: KorbilboDaDestroy
|-supereffective|p2a: KorbilboDaDestroy
|-damage|p2a: KorbilboDaDestroy|1/100
|
|upkeep
|turn|2
|
|t:|1757894087
|switch|p2a: Horace higina|Clodsire, F, shiny|100/100
|switch|p1a: Corviknight|Corviknight, M|100/100
|-ability|p1a: Corviknight|Pressure
|
|upkeep
|turn|3
|
|t:|1757894112
|move|p1a: Corviknight|Brave Bird|p2a: Horace higina
|-damage|p2a: Horace higina|61/100
|-damage|p1a: Corviknight|85/100|[from] Recoil
|move|p2a: Horace higina|Chilling Water|p1a: Corviknight
|-damage|p1a: Corviknight|79/100
|-unboost|p1a: Corviknight|atk|1
|
|-heal|p2a: Horace higina|67/100|[from] item: Black Sludge
|upkeep
|turn|4
|
|t:|1757894122
|switch|p2a: KorbilboDaDestroy|Mamoswine, M|1/100
|move|p1a: Corviknight|U-turn|p2a: KorbilboDaDestroy
|-damage|p2a: KorbilboDaDestroy|0 fnt
|faint|p2a: KorbilboDaDestroy
|
|t:|1757894130
|switch|p1a: Darkrai|Darkrai|100/100|[from] U-turn
|
|upkeep
|
|t:|1757894155
|switch|p2a: Ursanus great bear|Ursaluna, M|100/100
|turn|5
|
|t:|1757894158
|move|p2a: Ursanus great bear|Protect|p2a: Ursanus great bear
|-singleturn|p2a: Ursanus great bear|Protect
|move|p1a: Darkrai|Trick|p2a: Ursanus great bear
|-activate|p2a: Ursanus great bear|move: Protect
|
|-status|p2a: Ursanus great bear|brn|[from] item: Flame Orb
|upkeep
|turn|6
|
|t:|1757894170
|switch|p1a: Corviknight|Corviknight, M|79/100
|-ability|p1a: Corviknight|Pressure
|move|p2a: Ursanus great bear|Facade|p1a: Corviknight
|-resisted|p1a: Corviknight
|-damage|p1a: Corviknight|40/100
|-damage|p2a: Ursanus great bear|84/100 brn|[from] item: Rocky Helmet|[of] p1a: Corviknight
|
|-damage|p2a: Ursanus great bear|78/100 brn|[from] brn
|upkeep
|turn|7
|
|t:|1757894180
|move|p2a: Ursanus great bear|Protect|p2a: Ursanus great bear
|-singleturn|p2a: Ursanus great bear|Protect
|move|p1a: Corviknight|Roost|p1a: Corviknight
|-heal|p1a: Corviknight|90/100
|-singleturn|p1a: Corviknight|move: Roost
|
|-damage|p2a: Ursanus great bear|71/100 brn|[from] brn
|upkeep
|turn|8
|
|t:|1757894188
|switch|p2a: Horace higina|Clodsire, F, shiny|67/100
|move|p1a: Corviknight|Brave Bird|p2a: Horace higina
|-damage|p2a: Horace higina|25/100
|-damage|p1a: Corviknight|74/100|[from] Recoil
|
|-heal|p2a: Horace higina|31/100|[from] item: Black Sludge
|upkeep
|turn|9
|
|t:|1757894200
|move|p1a: Corviknight|Brave Bird|p2a: Horace higina
|-damage|p2a: Horace higina|0 fnt
|faint|p2a: Horace higina
|-damage|p1a: Corviknight|62/100|[from] Recoil
|
|upkeep
|
|t:|1757894236
|switch|p2a: Kachow|Sandy Shocks, shiny|100/100
|turn|10
|l|☆Clair_Prime
|player|p1|
|l|☆T3H8thGYM
|player|p2|
|j|☆Clair_Prime
|player|p1|Clair_Prime|rocketgruntf|
|
|t:|1757894292
|switch|p1a: Slowking|Slowking-Galar, F|100/100
|move|p2a: Kachow|Volt Switch|p1a: Slowking
|-damage|p1a: Slowking|58/100
|j|☆T3H8thGYM
|player|p2|T3H8thGYM|harlequin|
|
|t:|1757894329
|-end|p2a: Kachow|Protosynthesis|[silent]
|switch|p2a: GuyBehindWalmart|Gliscor, M, shiny|100/100|[from] Volt Switch
|
|-heal|p1a: Slowking|64/100|[from] item: Black Sludge
|-status|p2a: GuyBehindWalmart|tox|[from] item: Toxic Orb
|upkeep
|turn|11
|
|t:|1757894380
|switch|p1a: Corviknight|Corviknight, M|62/100
|-ability|p1a: Corviknight|Pressure
|move|p2a: GuyBehindWalmart|Swords Dance|p2a: GuyBehindWalmart
|-boost|p2a: GuyBehindWalmart|atk|2
|
|upkeep
|turn|12
|
|t:|1757894393
|move|p2a: GuyBehindWalmart|Brick Break|p1a: Corviknight
|-damage|p1a: Corviknight|43/100
|-damage|p2a: GuyBehindWalmart|84/100 tox|[from] item: Rocky Helmet|[of] p1a: Corviknight
|move|p1a: Corviknight|U-turn|p2a: GuyBehindWalmart
|-resisted|p2a: GuyBehindWalmart
|-damage|p2a: GuyBehindWalmart|78/100 tox
|
|t:|1757894402
|switch|p1a: Darkrai|Darkrai|100/100|[from] U-turn
|
|-heal|p2a: GuyBehindWalmart|91/100 tox|[from] ability: Poison Heal
|upkeep
|turn|13
|
|t:|1757894414
|move|p1a: Darkrai|Trick|p2a: GuyBehindWalmart
|-activate|p1a: Darkrai|move: Trick|[of] p2a: GuyBehindWalmart
|-item|p2a: GuyBehindWalmart|Choice Scarf|[from] move: Trick
|-item|p1a: Darkrai|Toxic Orb|[from] move: Trick
|move|p2a: GuyBehindWalmart|Brick Break|p1a: Darkrai
|-supereffective|p1a: Darkrai
|-damage|p1a: Darkrai|11/100
|
|-heal|p2a: GuyBehindWalmart|100/100 tox|[from] ability: Poison Heal
|-status|p1a: Darkrai|tox|[from] item: Toxic Orb
|upkeep
|turn|14
|
|t:|1757894433
|move|p1a: Darkrai|Dark Pulse|p2a: GuyBehindWalmart
|-damage|p2a: GuyBehindWalmart|61/100 tox
|cant|p2a: GuyBehindWalmart|flinch
|
|-damage|p1a: Darkrai|5/100 tox|[from] psn
|-heal|p2a: GuyBehindWalmart|74/100 tox|[from] ability: Poison Heal
|upkeep
|turn|15
|
|t:|1757894439
|switch|p2a: Ursanus great bear|Ursaluna, M|71/100 brn
|move|p1a: Darkrai|Dark Pulse|p2a: Ursanus great bear
|-damage|p2a: Ursanus great bear|33/100 brn
|
|-damage|p1a: Darkrai|0 fnt|[from] psn
|faint|p1a: Darkrai
|-damage|p2a: Ursanus great bear|27/100 brn|[from] brn
|upkeep
|
|t:|1757894446
|switch|p1a: Rillaboom|Rillaboom, M|100/100
|-fieldstart|move: Grassy Terrain|[from] ability: Grassy Surge|[of] p1a: Rillaboom
|turn|16
|l|☆T3H8thGYM
|player|p2|
|inactive|Battle timer is ON: inactive players will automatically lose when time's up. (requested by Clair_Prime)
|inactive|T3H8thGYM has 30 seconds to reconnect!
|inactive|T3H8thGYM has 20 seconds to reconnect!
|inactive|T3H8thGYM has 15 seconds to reconnect!
|inactive|T3H8thGYM has 10 seconds to reconnect!
|inactive|T3H8thGYM has 5 seconds to reconnect!
|-message|T3H8thGYM lost due to inactivity.
|
|win|Clair_Prime
|raw|Clair_Prime's rating: 1052 &rarr; <strong>1084</strong><br />(+32 for winning)
|raw|T3H8thGYM's rating: 1046 &rarr; <strong>1029</strong><br />(-17 for losing)
|j|☆T3H8thGYM
|player|p2|T3H8thGYM|harlequin|
|l|☆T3H8thGYM
|player|p2|
