|j|☆catdonut
|j|☆baller-jose
|t:|1757906326
|gametype|singles
|player|p1|catdonut|266|1077
|player|p2|baller-jose|benga|1068
|gen|9
|tier|[Gen 9] OU
|rated|
|rule|HP Percentage Mod: HP is shown in percentages
|rule|Endless Battle Clause: Forcing endless battles is banned
|rule|Species Clause: Limit one of each Pokémon
|rule|OHKO Clause: OHKO moves are banned
|rule|Evasion Items Clause: Evasion items are banned
|rule|Evasion Moves Clause: Evasion moves are banned
|rule|Evasion Abilities Clause: Evasion abilities are banned
|rule|Sleep Moves Clause: Sleep-inducing moves are banned
|clearpoke
|poke|p1|Dugtrio-Alola, F|
|poke|p1|Delibird, F|
|poke|p1|Dusknoir, F|
|poke|p1|Ditto|
|poke|p1|Deoxys-Defense|
|poke|p1|Toxapex, F|
|poke|p2|Thundurus-Therian, M|
|poke|p2|Serperior, M|
|poke|p2|Corviknight, M|
|poke|p2|Scizor, M|
|poke|p2|Ursaluna, F|
|poke|p2|Dragonite, M|
|teampreview
|
|t:|1757906352
|teamsize|p1|6
|teamsize|p2|6
|start
|switch|p1a: Toxapex|Toxapex, F|100/100
|switch|p2a: Ursaluna|Ursaluna, F|100/100
|turn|1
|c|☆baller-jose|ur definitely scheming something I don't see coming with this lineup
|
|t:|1757906374
|move|p2a: Ursaluna|Earthquake|p1a: Toxapex
|-supereffective|p1a: Toxapex
|-damage|p1a: Toxapex|37/100
|move|p1a: Toxapex|Surf|p2a: Ursaluna
|-supereffective|p2a: Ursaluna
|-damage|p2a: Ursaluna|71/100
|
|-heal|p1a: Toxapex|43/100|[from] item: Leftovers
|-status|p2a: Ursaluna|brn|[from] item: Flame Orb
|upkeep
|turn|2
|
|t:|1757906385
|switch|p1a: Delibird|Delibird, F|100/100
|move|p2a: Ursaluna|Earthquake|p1a: Delibird
|-immune|p1a: Delibird
|
|-damage|p2a: Ursaluna|64/100 brn|[from] brn
|upkeep
|turn|3
|
|t:|1757906400
|switch|p2a: Scizor|Scizor, M|100/100
|move|p1a: Delibird|Icicle Spear|p2a: Scizor
|-resisted|p2a: Scizor
|-damage|p2a: Scizor|95/100
|-resisted|p2a: Scizor
|-damage|p2a: Scizor|90/100
|-resisted|p2a: Scizor
|-damage|p2a: Scizor|85/100
|-hitcount|p2a: Scizor|3
|
|upkeep
|turn|4
|
|t:|1757906411
|switch|p1a: Toxapex|Toxapex, F|76/100
|move|p2a: Scizor|Bullet Punch|p1a: Toxapex
|-resisted|p1a: Toxapex
|-damage|p1a: Toxapex|65/100
|
|-heal|p1a: Toxapex|72/100|[from] item: Leftovers
|upkeep
|turn|5
|
|t:|1757906424
|switch|p2a: Thundurus|Thundurus-Therian, M|100/100
|move|p1a: Toxapex|Recover|p1a: Toxapex
|-heal|p1a: Toxapex|100/100
|
|upkeep
|turn|6
|
|t:|1757906433
|switch|p1a: Eruditto|Ditto, shiny|100/100
|-transform|p1a: Eruditto|p2a: Thundurus|[from] ability: Imposter
|move|p2a: Thundurus|Wildbolt Storm|p1a: Eruditto
|-immune|p1a: Eruditto|[from] ability: Volt Absorb
|
|upkeep
|turn|7
|
|t:|1757906457
|move|p1a: Eruditto|Dark Pulse|p2a: Thundurus
|-damage|p2a: Thundurus|59/100
|move|p2a: Thundurus|Wildbolt Storm|p1a: Eruditto
|-immune|p1a: Eruditto|[from] ability: Volt Absorb
|
|upkeep
|turn|8
|
|t:|1757906469
|switch|p2a: Dragonite|Dragonite, M|100/100
|move|p1a: Eruditto|Dark Pulse|p2a: Dragonite
|-damage|p2a: Dragonite|86/100
|
|upkeep
|turn|9
|
|t:|1757906477
|switch|p1a: Delibird|Delibird, F|100/100
|move|p2a: Dragonite|Ice Spinner|p1a: Delibird
|-damage|p1a: Delibird|0 fnt
|faint|p1a: Delibird
|
|upkeep
|
|t:|1757906490
|switch|p1a: Toxapex|Toxapex, F|100/100
|turn|10
|
|t:|1757906501
|switch|p2a: Serperior|Serperior, M|100/100
|move|p1a: Toxapex|Toxic|p2a: Serperior
|-status|p2a: Serperior|tox
|
|-damage|p2a: Serperior|94/100 tox|[from] psn
|upkeep
|turn|11
|
|t:|1757906513
|switch|p1a: Dusknoir|Dusknoir, F|100/100
|-item|p2a: Serperior|Choice Scarf|[from] ability: Frisk|[of] p1a: Dusknoir
|move|p2a: Serperior|Leaf Storm|p1a: Dusknoir
|-damage|p1a: Dusknoir|64/100
|-boost|p2a: Serperior|spa|2
|
|-damage|p2a: Serperior|82/100 tox|[from] psn
|upkeep
|turn|12
|
|t:|1757906525
|move|p2a: Serperior|Leaf Storm|p1a: Dusknoir
|-damage|p1a: Dusknoir|0 fnt
|-boost|p2a: Serperior|spa|2
|faint|p1a: Dusknoir
|
|-damage|p2a: Serperior|63/100 tox|[from] psn
|upkeep
|
|t:|1757906534
|switch|p1a: Dugtrio|Dugtrio-Alola, F, shiny|100/100
|turn|13
|
|t:|1757906539
|move|p2a: Serperior|Leaf Storm|p1a: Dugtrio
|-enditem|p1a: Dugtrio|Focus Sash
|-damage|p1a: Dugtrio|1/100
|-boost|p2a: Serperior|spa|2
|move|p1a: Dugtrio|Iron Head|p2a: Serperior
|-damage|p2a: Serperior|25/100 tox
|
|-damage|p2a: Serperior|0 fnt|[from] psn
|faint|p2a: Serperior
|upkeep
|
|t:|1757906550
|switch|p2a: Dragonite|Dragonite, M|86/100
|turn|14
|
|t:|1757906555
|move|p2a: Dragonite|Extreme Speed|p1a: Dugtrio
|-resisted|p1a: Dugtrio
|-damage|p1a: Dugtrio|0 fnt
|-ability|p1a: Dugtrio|Tangling Hair
|-unboost|p2a: Dragonite|spe|1
|faint|p1a: Dugtrio
|
|upkeep
|
|t:|1757906562
|switch|p1a: Eruditto|Ditto, shiny|100/100
|-transform|p1a: Eruditto|p2a: Dragonite|[from] ability: Imposter
|turn|15
|
|t:|1757906568
|switch|p2a: Scizor|Scizor, M|85/100
|move|p1a: Eruditto|Ice Spinner|p2a: Scizor
|-resisted|p2a: Scizor
|-damage|p2a: Scizor|69/100
|
|upkeep
|turn|16
|
|t:|1757906577
|switch|p1a: Toxapex|Toxapex, F|100/100
|move|p2a: Scizor|Counter||[still]
|-fail|p2a: Scizor
|
|upkeep
|turn|17
|
|t:|1757906584
|move|p2a: Scizor|Knock Off|p1a: Toxapex
|-damage|p1a: Toxapex|80/100
|-enditem|p1a: Toxapex|Leftovers|[from] move: Knock Off|[of] p2a: Scizor
|move|p1a: Toxapex|Surf|p2a: Scizor
|-crit|p2a: Scizor
|-damage|p2a: Scizor|28/100
|
|upkeep
|turn|18
|
|t:|1757906595
|switch|p2a: Thundurus|Thundurus-Therian, M|59/100
|move|p1a: Toxapex|Surf|p2a: Thundurus
|-damage|p2a: Thundurus|35/100
|
|upkeep
|turn|19
|
|t:|1757906603
|switch|p1a: Deoxys|Deoxys-Defense|100/100
|-ability|p1a: Deoxys|Pressure
|move|p2a: Thundurus|Psychic|p1a: Deoxys
|-resisted|p1a: Deoxys
|-damage|p1a: Deoxys|85/100
|
|-heal|p1a: Deoxys|91/100|[from] item: Leftovers
|upkeep
|turn|20
|
|t:|1757906623
|switch|p2a: Corviknight|Corviknight, M|100/100
|move|p1a: Deoxys|Knock Off|p2a: Corviknight
|-damage|p2a: Corviknight|88/100
|-damage|p1a: Deoxys|75/100|[from] item: Rocky Helmet|[of] p2a: Corviknight
|-enditem|p2a: Corviknight|Rocky Helmet|[from] move: Knock Off|[of] p1a: Deoxys
|
|-heal|p1a: Deoxys|81/100|[from] item: Leftovers
|upkeep
|turn|21
|
|t:|1757906638
|switch|p1a: Toxapex|Toxapex, F|100/100
|move|p2a: Corviknight|Brave Bird|p1a: Toxapex
|-damage|p1a: Toxapex|80/100
|-damage|p2a: Corviknight|82/100|[from] Recoil
|
|upkeep
|turn|22
|
|t:|1757906648
|switch|p2a: Ursaluna|Ursaluna, F|64/100 brn
|move|p1a: Toxapex|Surf|p2a: Ursaluna
|-supereffective|p2a: Ursaluna
|-damage|p2a: Ursaluna|34/100 brn
|
|-damage|p2a: Ursaluna|28/100 brn|[from] brn
|upkeep
|turn|23
|
|t:|1757906658
|move|p2a: Ursaluna|Earthquake|p1a: Toxapex
|-supereffective|p1a: Toxapex
|-damage|p1a: Toxapex|0 fnt
|faint|p1a: Toxapex
|
|-damage|p2a: Ursaluna|22/100 brn|[from] brn
|upkeep
|
|t:|1757906662
|switch|p1a: Deoxys|Deoxys-Defense|81/100
|-ability|p1a: Deoxys|Pressure
|turn|24
|
|t:|1757906672
|move|p1a: Deoxys|Knock Off|p2a: Ursaluna
|-damage|p2a: Ursaluna|9/100 brn
|-enditem|p2a: Ursaluna|Flame Orb|[from] move: Knock Off|[of] p1a: Deoxys
|move|p2a: Ursaluna|Facade|p1a: Deoxys
|-damage|p1a: Deoxys|2/100
|
|-heal|p1a: Deoxys|8/100|[from] item: Leftovers
|-damage|p2a: Ursaluna|3/100 brn|[from] brn
|upkeep
|turn|25
|
|t:|1757906691
|move|p1a: Deoxys|Recover|p1a: Deoxys
|-heal|p1a: Deoxys|58/100
|move|p2a: Ursaluna|Earthquake|p1a: Deoxys
|-damage|p1a: Deoxys|4/100
|
|-heal|p1a: Deoxys|10/100|[from] item: Leftovers
|-damage|p2a: Ursaluna|0 fnt|[from] brn
|faint|p2a: Ursaluna
|upkeep
|
|t:|1757906706
|switch|p2a: Scizor|Scizor, M|28/100
|turn|26
|
|t:|1757906716
|move|p2a: Scizor|Bullet Punch|p1a: Deoxys
|-damage|p1a: Deoxys|0 fnt
|faint|p1a: Deoxys
|
|upkeep
|
|t:|1757906721
|switch|p1a: Eruditto|Ditto, shiny|100/100
|-transform|p1a: Eruditto|p2a: Scizor|[from] ability: Imposter
|turn|27
|
|t:|1757906744
|switch|p2a: Dragonite|Dragonite, M|86/100
|move|p1a: Eruditto|Knock Off|p2a: Dragonite
|-crit|p2a: Dragonite
|-damage|p2a: Dragonite|40/100
|-enditem|p2a: Dragonite|Choice Band|[from] move: Knock Off|[of] p1a: Eruditto
|
|upkeep
|turn|28
|
|t:|1757906765
|-terastallize|p2a: Dragonite|Normal
|move|p2a: Dragonite|Extreme Speed|p1a: Eruditto
|-resisted|p1a: Eruditto
|-damage|p1a: Eruditto|78/100
|move|p1a: Eruditto|Knock Off|p2a: Dragonite
|-damage|p2a: Dragonite|20/100
|
|upkeep
|turn|29
|
|t:|1757906777
|move|p2a: Dragonite|Extreme Speed|p1a: Eruditto
|-resisted|p1a: Eruditto
|-damage|p1a: Eruditto|57/100
|move|p1a: Eruditto|Knock Off|p2a: Dragonite
|-damage|p2a: Dragonite|0 fnt
|faint|p2a: Dragonite
|
|upkeep
|
|t:|1757906788
|switch|p2a: Scizor|Scizor, M|28/100
|turn|30
|
|t:|1757906795
|move|p2a: Scizor|Bullet Punch|p1a: Eruditto
|-resisted|p1a: Eruditto
|-damage|p1a: Eruditto|40/100
|move|p1a: Eruditto|Knock Off|p2a: Scizor
|-damage|p2a: Scizor|0 fnt
|-enditem|p2a: Scizor|Focus Sash|[from] move: Knock Off|[of] p1a: Eruditto
|faint|p2a: Scizor
|
|upkeep
|
|t:|1757906803
|switch|p2a: Thundurus|Thundurus-Therian, M|35/100
|turn|31
|
|t:|1757906808
|move|p2a: Thundurus|Wildbolt Storm|p1a: Eruditto
|-damage|p1a: Eruditto|0 fnt
|faint|p1a: Eruditto
|
|win|baller-jose
|raw|catdonut's rating: 1077 &rarr; <strong>1055</strong><br />(-22 for losing)
|raw|baller-jose's rating: 1068 &rarr; <strong>1099</strong><br />(+31 for winning)
|l|☆catdonut
|player|p1|
|l|☆baller-jose
|player|p2|
