|j|☆EHE33
|j|☆rekka auto
|t:|1757796014
|gametype|singles
|player|p1|EHE33|101|1488
|player|p2|rekka auto|1|1570
|gen|9
|tier|[Gen 9] OU
|rated|
|rule|HP Percentage Mod: HP is shown in percentages
|rule|Endless Battle Clause: Forcing endless battles is banned
|rule|Species Clause: Limit one of each Pokémon
|rule|OHKO Clause: OHKO moves are banned
|rule|Evasion Items Clause: Evasion items are banned
|rule|Evasion Moves Clause: Evasion moves are banned
|rule|Evasion Abilities Clause: Evasion abilities are banned
|rule|Sleep Moves Clause: Sleep-inducing moves are banned
|clearpoke
|poke|p1|Cresselia, F|
|poke|p1|Pecharunt|
|poke|p1|Ditto|
|poke|p1|Alomomola, F|
|poke|p1|Ting-Lu|
|poke|p1|Milotic, M|
|poke|p2|Rotom-Wash|
|poke|p2|Meowscarada, F|
|poke|p2|Comfey, F|
|poke|p2|Great Tusk|
|poke|p2|Dragapult, M|
|poke|p2|Ting-Lu|
|teampreview
|inactive|Battle timer is ON: inactive players will automatically lose when time's up. (requested by rekka auto)
|
|t:|1757796027
|teamsize|p1|6
|teamsize|p2|6
|start
|switch|p1a: Pecharunt|Pecharunt|100/100
|switch|p2a: Ting-Lu|Ting-Lu|100/100
|-ability|p2a: Ting-Lu|Vessel of Ruin
|turn|1
|
|t:|1757796030
|move|p1a: Pecharunt|Malignant Chain|p2a: Ting-Lu
|-resisted|p2a: Ting-Lu
|-damage|p2a: Ting-Lu|94/100
|move|p2a: Ting-Lu|Stealth Rock|p1a: Pecharunt
|-sidestart|p1: EHE33|move: Stealth Rock
|
|-heal|p2a: Ting-Lu|99/100|[from] item: Leftovers
|upkeep
|turn|2
|
|t:|1757796032
|move|p1a: Pecharunt|Malignant Chain|p2a: Ting-Lu
|-resisted|p2a: Ting-Lu
|-damage|p2a: Ting-Lu|94/100
|move|p2a: Ting-Lu|Spikes|p1a: Pecharunt
|-sidestart|p1: EHE33|Spikes
|
|-heal|p2a: Ting-Lu|99/100|[from] item: Leftovers
|upkeep
|turn|3
|
|t:|1757796035
|move|p1a: Pecharunt|Malignant Chain|p2a: Ting-Lu
|-resisted|p2a: Ting-Lu
|-damage|p2a: Ting-Lu|93/100
|-status|p2a: Ting-Lu|tox
|-start|p2a: Ting-Lu|confusion|[from] ability: Poison Puppeteer|[of] p1a: Pecharunt
|-activate|p2a: Ting-Lu|confusion
|move|p2a: Ting-Lu|Spikes|p1a: Pecharunt
|-sidestart|p1: EHE33|Spikes
|
|-heal|p2a: Ting-Lu|99/100 tox|[from] item: Leftovers
|-damage|p2a: Ting-Lu|93/100 tox|[from] psn
|upkeep
|turn|4
|
|t:|1757796038
|move|p1a: Pecharunt|Parting Shot|p2a: Ting-Lu
|-unboost|p2a: Ting-Lu|atk|1
|-unboost|p2a: Ting-Lu|spa|1
|
|t:|1757796050
|switch|p1a: Milotic|Milotic, M|100/100|[from] Parting Shot
|-damage|p1a: Milotic|88/100|[from] Stealth Rock
|-damage|p1a: Milotic|72/100|[from] Spikes
|-activate|p2a: Ting-Lu|confusion
|move|p2a: Ting-Lu|Spikes|p1a: Milotic
|-sidestart|p1: EHE33|Spikes
|
|-heal|p1a: Milotic|78/100|[from] item: Leftovers
|-heal|p2a: Ting-Lu|99/100 tox|[from] item: Leftovers
|-damage|p2a: Ting-Lu|87/100 tox|[from] psn
|upkeep
|turn|5
|
|t:|1757796055
|switch|p2a: Rotom|Rotom-Wash|100/100
|move|p1a: Milotic|Coil|p1a: Milotic
|-boost|p1a: Milotic|atk|1
|-boost|p1a: Milotic|def|1
|-boost|p1a: Milotic|accuracy|1
|
|-heal|p1a: Milotic|84/100|[from] item: Leftovers
|upkeep
|turn|6
|
|t:|1757796063
|-terastallize|p1a: Milotic|Steel
|move|p2a: Rotom|Will-O-Wisp|p1a: Milotic
|-status|p1a: Milotic|brn
|move|p1a: Milotic|Body Slam|p2a: Rotom
|-damage|p2a: Rotom|93/100
|-damage|p1a: Milotic|67/100 brn|[from] item: Rocky Helmet|[of] p2a: Rotom
|
|-heal|p1a: Milotic|73/100 brn|[from] item: Leftovers
|-damage|p1a: Milotic|67/100 brn|[from] brn
|upkeep
|turn|7
|
|t:|1757796070
|move|p2a: Rotom|Hydro Pump|p1a: Milotic
|-damage|p1a: Milotic|44/100 brn
|move|p1a: Milotic|Body Slam|p2a: Rotom
|-damage|p2a: Rotom|85/100
|-damage|p1a: Milotic|28/100 brn|[from] item: Rocky Helmet|[of] p2a: Rotom
|
|-heal|p1a: Milotic|34/100 brn|[from] item: Leftovers
|-damage|p1a: Milotic|28/100 brn|[from] brn
|upkeep
|turn|8
|
|t:|1757796077
|move|p2a: Rotom|Volt Switch|p1a: Milotic
|-damage|p1a: Milotic|13/100 brn
|
|t:|1757796080
|switch|p2a: Great Tusk|Great Tusk|100/100|[from] Volt Switch
|move|p1a: Milotic|Recover|p1a: Milotic
|-heal|p1a: Milotic|63/100 brn
|
|-heal|p1a: Milotic|69/100 brn|[from] item: Leftovers
|-damage|p1a: Milotic|63/100 brn|[from] brn
|upkeep
|turn|9
|
|t:|1757796086
|move|p2a: Great Tusk|Knock Off|p1a: Milotic
|-damage|p1a: Milotic|47/100 brn
|-enditem|p1a: Milotic|Leftovers|[from] move: Knock Off|[of] p2a: Great Tusk
|move|p1a: Milotic|Recover|p1a: Milotic
|-heal|p1a: Milotic|97/100 brn
|
|-damage|p1a: Milotic|91/100 brn|[from] brn
|upkeep
|turn|10
|
|t:|1757796091
|move|p2a: Great Tusk|Knock Off|p1a: Milotic
|-damage|p1a: Milotic|81/100 brn
|move|p1a: Milotic|Coil|p1a: Milotic
|-boost|p1a: Milotic|atk|1
|-boost|p1a: Milotic|def|1
|-boost|p1a: Milotic|accuracy|1
|
|-damage|p1a: Milotic|75/100 brn|[from] brn
|upkeep
|turn|11
|
|t:|1757796094
|move|p2a: Great Tusk|Headlong Rush|p1a: Milotic
|-supereffective|p1a: Milotic
|-damage|p1a: Milotic|34/100 brn
|-unboost|p2a: Great Tusk|def|1
|-unboost|p2a: Great Tusk|spd|1
|move|p1a: Milotic|Coil|p1a: Milotic
|-boost|p1a: Milotic|atk|1
|-boost|p1a: Milotic|def|1
|-boost|p1a: Milotic|accuracy|1
|
|-damage|p1a: Milotic|28/100 brn|[from] brn
|upkeep
|turn|12
|
|t:|1757796097
|move|p2a: Great Tusk|Headlong Rush|p1a: Milotic
|-supereffective|p1a: Milotic
|-damage|p1a: Milotic|0 fnt
|-unboost|p2a: Great Tusk|def|1
|-unboost|p2a: Great Tusk|spd|1
|faint|p1a: Milotic
|
|upkeep
|
|t:|1757796120
|switch|p1a: Cresselia|Cresselia, F|100/100
|-damage|p1a: Cresselia|88/100|[from] Stealth Rock
|turn|13
|
|t:|1757796129
|-end|p2a: Great Tusk|Protosynthesis|[silent]
|switch|p2a: Ting-Lu|Ting-Lu|87/100 tox
|-ability|p2a: Ting-Lu|Vessel of Ruin
|move|p1a: Cresselia|Calm Mind|p1a: Cresselia
|-boost|p1a: Cresselia|spa|1
|-boost|p1a: Cresselia|spd|1
|
|-heal|p2a: Ting-Lu|93/100 tox|[from] item: Leftovers
|-damage|p2a: Ting-Lu|87/100 tox|[from] psn
|upkeep
|turn|14
|
|t:|1757796132
|move|p1a: Cresselia|Calm Mind|p1a: Cresselia
|-boost|p1a: Cresselia|spa|1
|-boost|p1a: Cresselia|spd|1
|move|p2a: Ting-Lu|Whirlwind|p1a: Cresselia
|drag|p1a: Ditto|Ditto|100/100
|-damage|p1a: Ditto|88/100|[from] Stealth Rock
|-damage|p1a: Ditto|63/100|[from] Spikes
|-transform|p1a: Ditto|p2a: Ting-Lu|[from] ability: Imposter
|-ability|p1a: Ditto|Vessel of Ruin
|
|-heal|p2a: Ting-Lu|93/100 tox|[from] item: Leftovers
|-damage|p2a: Ting-Lu|81/100 tox|[from] psn
|upkeep
|turn|15
|
|t:|1757796136
|move|p1a: Ditto|Stealth Rock|p2a: Ting-Lu
|-sidestart|p2: rekka auto|move: Stealth Rock
|move|p2a: Ting-Lu|Whirlwind|p1a: Ditto
|drag|p1a: Pecharunt|Pecharunt|100/100
|-damage|p1a: Pecharunt|88/100|[from] Stealth Rock
|-damage|p1a: Pecharunt|63/100|[from] Spikes
|
|-heal|p1a: Pecharunt|69/100|[from] item: Leftovers
|-heal|p2a: Ting-Lu|87/100 tox|[from] item: Leftovers
|-damage|p2a: Ting-Lu|69/100 tox|[from] psn
|upkeep
|turn|16
|
|t:|1757796141
|move|p1a: Pecharunt|Recover|p1a: Pecharunt
|-heal|p1a: Pecharunt|100/100
|move|p2a: Ting-Lu|Earthquake|p1a: Pecharunt
|-supereffective|p1a: Pecharunt
|-damage|p1a: Pecharunt|64/100
|
|-heal|p1a: Pecharunt|70/100|[from] item: Leftovers
|-heal|p2a: Ting-Lu|75/100 tox|[from] item: Leftovers
|-damage|p2a: Ting-Lu|50/100 tox|[from] psn
|upkeep
|turn|17
|
|t:|1757796144
|switch|p2a: Dragapult|Dragapult, M|100/100
|-damage|p2a: Dragapult|88/100|[from] Stealth Rock
|move|p1a: Pecharunt|Recover|p1a: Pecharunt
|-heal|p1a: Pecharunt|100/100
|
|upkeep
|turn|18
|
|t:|1757796150
|move|p2a: Dragapult|U-turn|p1a: Pecharunt
|-resisted|p1a: Pecharunt
|-damage|p1a: Pecharunt|99/100
|
|t:|1757796153
|switch|p2a: Ting-Lu|Ting-Lu|50/100 tox|[from] U-turn
|-damage|p2a: Ting-Lu|44/100 tox|[from] Stealth Rock
|-ability|p2a: Ting-Lu|Vessel of Ruin
|move|p1a: Pecharunt|Foul Play|p2a: Ting-Lu
|-resisted|p2a: Ting-Lu
|-damage|p2a: Ting-Lu|37/100 tox
|
|-heal|p1a: Pecharunt|100/100|[from] item: Leftovers
|-heal|p2a: Ting-Lu|43/100 tox|[from] item: Leftovers
|-damage|p2a: Ting-Lu|37/100 tox|[from] psn
|upkeep
|turn|19
|
|t:|1757796157
|move|p1a: Pecharunt|Malignant Chain|p2a: Ting-Lu
|-resisted|p2a: Ting-Lu
|-damage|p2a: Ting-Lu|30/100 tox
|move|p2a: Ting-Lu|Whirlwind|p1a: Pecharunt
|drag|p1a: Alomomola|Alomomola, F|100/100
|-damage|p1a: Alomomola|88/100|[from] Stealth Rock
|-damage|p1a: Alomomola|63/100|[from] Spikes
|
|-heal|p2a: Ting-Lu|37/100 tox|[from] item: Leftovers
|-damage|p2a: Ting-Lu|24/100 tox|[from] psn
|upkeep
|turn|20
|
|t:|1757796162
|switch|p2a: Dragapult|Dragapult, M|88/100
|-damage|p2a: Dragapult|76/100|[from] Stealth Rock
|move|p1a: Alomomola|Wish|p1a: Alomomola
|
|upkeep
|turn|21
|
|t:|1757796166
|move|p2a: Dragapult|Shadow Ball|p1a: Alomomola
|-damage|p1a: Alomomola|23/100
|move|p1a: Alomomola|Mirror Coat|p2a: Dragapult
|-damage|p2a: Dragapult|0 fnt
|faint|p2a: Dragapult
|
|-heal|p1a: Alomomola|73/100|[from] move: Wish|[wisher] Alomomola
|upkeep
|
|t:|1757796182
|switch|p2a: Comfey|Comfey, F|100/100
|-damage|p2a: Comfey|88/100|[from] Stealth Rock
|turn|22
|
|t:|1757796193
|switch|p1a: Ting-Lu|Ting-Lu|100/100
|-damage|p1a: Ting-Lu|94/100|[from] Stealth Rock
|-damage|p1a: Ting-Lu|69/100|[from] Spikes
|-ability|p1a: Ting-Lu|Vessel of Ruin
|move|p2a: Comfey|Calm Mind|p2a: Comfey
|-boost|p2a: Comfey|spa|1
|-boost|p2a: Comfey|spd|1
|
|-heal|p1a: Ting-Lu|76/100|[from] item: Leftovers
|upkeep
|turn|23
|
|t:|1757796197
|move|p2a: Comfey|Draining Kiss|p1a: Ting-Lu
|-supereffective|p1a: Ting-Lu
|-damage|p1a: Ting-Lu|24/100
|-heal|p2a: Comfey|100/100|[from] drain|[of] p1a: Ting-Lu
|-damage|p2a: Comfey|91/100|[from] item: Life Orb
|move|p1a: Ting-Lu|Whirlwind|p2a: Comfey
|drag|p2a: Great Tusk|Great Tusk|100/100
|
|-heal|p1a: Ting-Lu|30/100|[from] item: Leftovers
|upkeep
|turn|24
|
|t:|1757796204
|move|p2a: Great Tusk|Headlong Rush|p1a: Ting-Lu
|-damage|p1a: Ting-Lu|6/100
|-unboost|p2a: Great Tusk|def|1
|-unboost|p2a: Great Tusk|spd|1
|move|p1a: Ting-Lu|Stealth Rock||[still]
|-fail|p1a: Ting-Lu
|
|-heal|p1a: Ting-Lu|12/100|[from] item: Leftovers
|upkeep
|turn|25
|
|t:|1757796214
|switch|p1a: Cresselia|Cresselia, F|88/100
|-damage|p1a: Cresselia|76/100|[from] Stealth Rock
|move|p2a: Great Tusk|Rapid Spin|p1a: Cresselia
|-damage|p1a: Cresselia|65/100
|-boost|p2a: Great Tusk|spe|1
|-sideend|p2: rekka auto|Stealth Rock|[from] move: Rapid Spin|[of] p2a: Great Tusk
|-enditem|p1a: Cresselia|Kee Berry|[eat]
|-boost|p1a: Cresselia|def|1|[from] item: Kee Berry
|
|upkeep
|turn|26
|
|t:|1757796218
|move|p2a: Great Tusk|Knock Off|p1a: Cresselia
|-supereffective|p1a: Cresselia
|-damage|p1a: Cresselia|47/100
|move|p1a: Cresselia|Calm Mind|p1a: Cresselia
|-boost|p1a: Cresselia|spa|1
|-boost|p1a: Cresselia|spd|1
|
|upkeep
|turn|27
|
|t:|1757796225
|-end|p2a: Great Tusk|Protosynthesis|[silent]
|switch|p2a: Meowscarada|Meowscarada, F|100/100
|move|p1a: Cresselia|Moonlight|p1a: Cresselia
|-heal|p1a: Cresselia|97/100
|
|upkeep
|turn|28
|
|t:|1757796229
|move|p2a: Meowscarada|U-turn|p1a: Cresselia
|-start|p2a: Meowscarada|typechange|Bug|[from] ability: Protean
|-supereffective|p1a: Cresselia
|-damage|p1a: Cresselia|52/100
|
|t:|1757796231
|switch|p2a: Ting-Lu|Ting-Lu|24/100 tox|[from] U-turn
|-ability|p2a: Ting-Lu|Vessel of Ruin
|move|p1a: Cresselia|Thunder|p2a: Ting-Lu
|-immune|p2a: Ting-Lu
|
|-heal|p2a: Ting-Lu|30/100 tox|[from] item: Leftovers
|-damage|p2a: Ting-Lu|24/100 tox|[from] psn
|upkeep
|turn|29
|
|t:|1757796235
|move|p1a: Cresselia|Moonlight|p1a: Cresselia
|-heal|p1a: Cresselia|100/100
|move|p2a: Ting-Lu|Whirlwind|p1a: Cresselia
|drag|p1a: Ditto|Ditto|63/100
|-damage|p1a: Ditto|51/100|[from] Stealth Rock
|-damage|p1a: Ditto|26/100|[from] Spikes
|-transform|p1a: Ditto|p2a: Ting-Lu|[from] ability: Imposter
|-ability|p1a: Ditto|Vessel of Ruin
|
|-heal|p2a: Ting-Lu|30/100 tox|[from] item: Leftovers
|-damage|p2a: Ting-Lu|18/100 tox|[from] psn
|upkeep
|turn|30
|
|t:|1757796238
|move|p1a: Ditto|Stealth Rock|p2a: Ting-Lu
|-sidestart|p2: rekka auto|move: Stealth Rock
|move|p2a: Ting-Lu|Whirlwind|p1a: Ditto
|drag|p1a: Pecharunt|Pecharunt|100/100
|-damage|p1a: Pecharunt|88/100|[from] Stealth Rock
|-damage|p1a: Pecharunt|63/100|[from] Spikes
|
|-heal|p1a: Pecharunt|69/100|[from] item: Leftovers
|-heal|p2a: Ting-Lu|24/100 tox|[from] item: Leftovers
|-damage|p2a: Ting-Lu|6/100 tox|[from] psn
|upkeep
|turn|31
|
|t:|1757796243
|move|p1a: Pecharunt|Recover|p1a: Pecharunt
|-heal|p1a: Pecharunt|100/100
|move|p2a: Ting-Lu|Whirlwind|p1a: Pecharunt
|drag|p1a: Ting-Lu|Ting-Lu|12/100
|-damage|p1a: Ting-Lu|6/100|[from] Stealth Rock
|-damage|p1a: Ting-Lu|0 fnt|[from] Spikes
|faint|p1a: Ting-Lu
|
|-heal|p2a: Ting-Lu|12/100 tox|[from] item: Leftovers
|-damage|p2a: Ting-Lu|0 fnt|[from] psn
|faint|p2a: Ting-Lu
|upkeep
|
|t:|1757796256
|switch|p1a: Pecharunt|Pecharunt|100/100
|switch|p2a: Meowscarada|Meowscarada, F|100/100
|-damage|p2a: Meowscarada|88/100|[from] Stealth Rock
|-damage|p1a: Pecharunt|88/100|[from] Stealth Rock
|-damage|p1a: Pecharunt|63/100|[from] Spikes
|turn|32
|
|t:|1757796259
|move|p2a: Meowscarada|Knock Off|p1a: Pecharunt
|-start|p2a: Meowscarada|typechange|Dark|[from] ability: Protean
|-supereffective|p1a: Pecharunt
|-damage|p1a: Pecharunt|2/100
|-enditem|p1a: Pecharunt|Leftovers|[from] move: Knock Off|[of] p2a: Meowscarada
|move|p1a: Pecharunt|Recover|p1a: Pecharunt
|-heal|p1a: Pecharunt|52/100
|
|upkeep
|turn|33
|
|t:|1757796264
|move|p2a: Meowscarada|Knock Off|p1a: Pecharunt
|-supereffective|p1a: Pecharunt
|-damage|p1a: Pecharunt|10/100
|move|p1a: Pecharunt|Recover|p1a: Pecharunt
|-heal|p1a: Pecharunt|60/100
|
|upkeep
|turn|34
|
|t:|1757796266
|move|p2a: Meowscarada|Knock Off|p1a: Pecharunt
|-supereffective|p1a: Pecharunt
|-damage|p1a: Pecharunt|17/100
|move|p1a: Pecharunt|Recover|p1a: Pecharunt
|-heal|p1a: Pecharunt|67/100
|
|upkeep
|turn|35
|
|t:|1757796271
|move|p2a: Meowscarada|Knock Off|p1a: Pecharunt
|-supereffective|p1a: Pecharunt
|-damage|p1a: Pecharunt|24/100
|move|p1a: Pecharunt|Recover|p1a: Pecharunt
|-heal|p1a: Pecharunt|74/100
|
|upkeep
|turn|36
|
|t:|1757796276
|move|p2a: Meowscarada|Knock Off|p1a: Pecharunt
|-supereffective|p1a: Pecharunt
|-damage|p1a: Pecharunt|31/100
|move|p1a: Pecharunt|Recover|p1a: Pecharunt
|-heal|p1a: Pecharunt|81/100
|
|upkeep
|turn|37
|
|t:|1757796279
|move|p2a: Meowscarada|Knock Off|p1a: Pecharunt
|-supereffective|p1a: Pecharunt
|-damage|p1a: Pecharunt|38/100
|move|p1a: Pecharunt|Malignant Chain|p2a: Meowscarada
|-damage|p2a: Meowscarada|37/100
|-status|p2a: Meowscarada|tox
|-start|p2a: Meowscarada|confusion|[from] ability: Poison Puppeteer|[of] p1a: Pecharunt
|
|-damage|p2a: Meowscarada|31/100 tox|[from] psn
|upkeep
|turn|38
|
|t:|1757796307
|switch|p2a: Rotom|Rotom-Wash|85/100
|-damage|p2a: Rotom|73/100|[from] Stealth Rock
|move|p1a: Pecharunt|Parting Shot|p2a: Rotom
|-unboost|p2a: Rotom|atk|1
|-unboost|p2a: Rotom|spa|1
|
|t:|1757796310
|switch|p1a: Alomomola|Alomomola, F|100/100|[from] Parting Shot
|-damage|p1a: Alomomola|88/100|[from] Stealth Rock
|-damage|p1a: Alomomola|63/100|[from] Spikes
|
|upkeep
|turn|39
|
|t:|1757796317
|move|p2a: Rotom|Will-O-Wisp|p1a: Alomomola
|-status|p1a: Alomomola|brn
|move|p1a: Alomomola|Mirror Coat||[still]
|-fail|p1a: Alomomola
|
|-damage|p1a: Alomomola|57/100 brn|[from] brn
|upkeep
|turn|40
|
|t:|1757796322
|move|p2a: Rotom|Volt Switch|p1a: Alomomola
|-supereffective|p1a: Alomomola
|-damage|p1a: Alomomola|31/100 brn
|
|t:|1757796324
|switch|p2a: Meowscarada|Meowscarada, F|31/100 tox|[from] Volt Switch
|-damage|p2a: Meowscarada|19/100 tox|[from] Stealth Rock
|move|p1a: Alomomola|Mirror Coat|p2a: Meowscarada
|-immune|p2a: Meowscarada
|
|-damage|p2a: Meowscarada|12/100 tox|[from] psn
|-damage|p1a: Alomomola|25/100 brn|[from] brn
|upkeep
|turn|41
|
|t:|1757796333
|move|p2a: Meowscarada|Knock Off|p1a: Alomomola
|-start|p2a: Meowscarada|typechange|Dark|[from] ability: Protean
|-damage|p1a: Alomomola|0 fnt
|-damage|p2a: Meowscarada|0 fnt|[from] item: Rocky Helmet|[of] p1a: Alomomola
|faint|p1a: Alomomola
|faint|p2a: Meowscarada
|
|upkeep
|
|t:|1757796341
|switch|p2a: Rotom|Rotom-Wash|73/100
|switch|p1a: Cresselia|Cresselia, F|100/100
|-damage|p2a: Rotom|60/100|[from] Stealth Rock
|-damage|p1a: Cresselia|88/100|[from] Stealth Rock
|turn|42
|
|t:|1757796344
|move|p2a: Rotom|Will-O-Wisp|p1a: Cresselia
|-status|p1a: Cresselia|brn
|move|p1a: Cresselia|Calm Mind|p1a: Cresselia
|-boost|p1a: Cresselia|spa|1
|-boost|p1a: Cresselia|spd|1
|
|-damage|p1a: Cresselia|82/100 brn|[from] brn
|upkeep
|turn|43
|
|t:|1757796351
|move|p2a: Rotom|Hydro Pump|p1a: Cresselia
|-damage|p1a: Cresselia|68/100 brn
|move|p1a: Cresselia|Calm Mind|p1a: Cresselia
|-boost|p1a: Cresselia|spa|1
|-boost|p1a: Cresselia|spd|1
|
|-damage|p1a: Cresselia|62/100 brn|[from] brn
|upkeep
|turn|44
|
|t:|1757796355
|move|p2a: Rotom|Volt Switch|p1a: Cresselia
|-damage|p1a: Cresselia|55/100 brn
|
|t:|1757796356
|switch|p2a: Great Tusk|Great Tusk|100/100|[from] Volt Switch
|move|p1a: Cresselia|Calm Mind|p1a: Cresselia
|-boost|p1a: Cresselia|spa|1
|-boost|p1a: Cresselia|spd|1
|
|-damage|p1a: Cresselia|48/100 brn|[from] brn
|upkeep
|turn|45
|
|t:|1757796359
|move|p2a: Great Tusk|Knock Off|p1a: Cresselia
|-supereffective|p1a: Cresselia
|-damage|p1a: Cresselia|21/100 brn
|move|p1a: Cresselia|Moonlight|p1a: Cresselia
|-heal|p1a: Cresselia|71/100 brn
|
|-damage|p1a: Cresselia|65/100 brn|[from] brn
|upkeep
|turn|46
|
|t:|1757796365
|-end|p2a: Great Tusk|Protosynthesis|[silent]
|switch|p2a: Rotom|Rotom-Wash|60/100
|-damage|p2a: Rotom|48/100|[from] Stealth Rock
|move|p1a: Cresselia|Moonlight|p1a: Cresselia
|-heal|p1a: Cresselia|100/100 brn
|
|-damage|p1a: Cresselia|94/100 brn|[from] brn
|upkeep
|turn|47
|
|t:|1757796367
|move|p2a: Rotom|Pain Split|p1a: Cresselia
|-sethp|p1a: Cresselia|64/100 brn|[from] move: Pain Split|[silent]
|-sethp|p2a: Rotom|93/100|[from] move: Pain Split
|move|p1a: Cresselia|Calm Mind|p1a: Cresselia
|-boost|p1a: Cresselia|spa|1
|-boost|p1a: Cresselia|spd|1
|
|-damage|p1a: Cresselia|57/100 brn|[from] brn
|upkeep
|turn|48
|
|t:|1757796373
|move|p2a: Rotom|Hydro Pump|p1a: Cresselia
|-damage|p1a: Cresselia|50/100 brn
|move|p1a: Cresselia|Stored Power|p2a: Rotom
|-damage|p2a: Rotom|0 fnt
|faint|p2a: Rotom
|
|-damage|p1a: Cresselia|44/100 brn|[from] brn
|upkeep
|
|t:|1757796375
|switch|p2a: Great Tusk|Great Tusk|100/100
|turn|49
|
|t:|1757796379
|move|p2a: Great Tusk|Knock Off|p1a: Cresselia
|-supereffective|p1a: Cresselia
|-damage|p1a: Cresselia|17/100 brn
|move|p1a: Cresselia|Moonlight|p1a: Cresselia
|-heal|p1a: Cresselia|67/100 brn
|
|-damage|p1a: Cresselia|61/100 brn|[from] brn
|upkeep
|turn|50
|
|t:|1757796382
|move|p2a: Great Tusk|Knock Off|p1a: Cresselia
|-supereffective|p1a: Cresselia
|-damage|p1a: Cresselia|33/100 brn
|move|p1a: Cresselia|Moonlight|p1a: Cresselia
|-heal|p1a: Cresselia|83/100 brn
|
|-damage|p1a: Cresselia|77/100 brn|[from] brn
|upkeep
|turn|51
|
|t:|1757796387
|move|p2a: Great Tusk|Knock Off|p1a: Cresselia
|-supereffective|p1a: Cresselia
|-damage|p1a: Cresselia|47/100 brn
|move|p1a: Cresselia|Calm Mind|p1a: Cresselia
|-boost|p1a: Cresselia|spa|1
|-boost|p1a: Cresselia|spd|1
|
|-damage|p1a: Cresselia|41/100 brn|[from] brn
|upkeep
|turn|52
|
|t:|1757796389
|move|p2a: Great Tusk|Knock Off|p1a: Cresselia
|-supereffective|p1a: Cresselia
|-damage|p1a: Cresselia|12/100 brn
|move|p1a: Cresselia|Moonlight|p1a: Cresselia
|-heal|p1a: Cresselia|62/100 brn
|
|-damage|p1a: Cresselia|56/100 brn|[from] brn
|upkeep
|turn|53
|
|t:|1757796393
|move|p2a: Great Tusk|Knock Off|p1a: Cresselia
|-supereffective|p1a: Cresselia
|-damage|p1a: Cresselia|29/100 brn
|move|p1a: Cresselia|Moonlight|p1a: Cresselia
|-heal|p1a: Cresselia|79/100 brn
|
|-damage|p1a: Cresselia|73/100 brn|[from] brn
|upkeep
|turn|54
|
|t:|1757796396
|move|p2a: Great Tusk|Knock Off|p1a: Cresselia
|-supereffective|p1a: Cresselia
|-damage|p1a: Cresselia|45/100 brn
|move|p1a: Cresselia|Stored Power|p2a: Great Tusk
|-supereffective|p2a: Great Tusk
|-damage|p2a: Great Tusk|0 fnt
|faint|p2a: Great Tusk
|-end|p2a: Great Tusk|Protosynthesis|[silent]
|
|-damage|p1a: Cresselia|39/100 brn|[from] brn
|upkeep
|
|t:|1757796399
|switch|p2a: Comfey|Comfey, F|91/100
|-damage|p2a: Comfey|78/100|[from] Stealth Rock
|turn|55
|
|t:|1757796401
|move|p2a: Comfey|Draining Kiss|p1a: Cresselia
|-damage|p1a: Cresselia|34/100 brn
|-heal|p2a: Comfey|84/100|[from] drain|[of] p1a: Cresselia
|-damage|p2a: Comfey|74/100|[from] item: Life Orb
|move|p1a: Cresselia|Stored Power|p2a: Comfey
|-damage|p2a: Comfey|0 fnt
|faint|p2a: Comfey
|
|win|EHE33
|raw|EHE33's rating: 1488 &rarr; <strong>1513</strong><br />(+25 for winning)
|raw|rekka auto's rating: 1570 &rarr; <strong>1545</strong><br />(-25 for losing)
|l|☆rekka auto
|player|p2|
|l|☆EHE33
|player|p1|
