|j|☆lupiit
|j|☆OhHiMark493
|t:|1757930709
|gametype|singles
|player|p1|lupiit|dragontamer|1432
|player|p2|OhHiMark493|blue|1428
|gen|9
|tier|[Gen 9] OU
|rated|
|rule|HP Percentage Mod: HP is shown in percentages
|rule|Endless Battle Clause: Forcing endless battles is banned
|rule|Species Clause: Limit one of each Pokémon
|rule|OHKO Clause: OHKO moves are banned
|rule|Evasion Items Clause: Evasion items are banned
|rule|Evasion Moves Clause: Evasion moves are banned
|rule|Evasion Abilities Clause: Evasion abilities are banned
|rule|Sleep Moves Clause: Sleep-inducing moves are banned
|clearpoke
|poke|p1|Scizor, M|
|poke|p1|Electrode-Hisui|
|poke|p1|Iron Crown|
|poke|p1|Meowscarada, F|
|poke|p1|Raging Bolt|
|poke|p1|Manaphy|
|poke|p2|Landorus-Therian, M|
|poke|p2|Samurott-Hisui, F|
|poke|p2|Pecharunt|
|poke|p2|Scizor, F|
|poke|p2|Latios, M|
|poke|p2|Zamazenta-*|
|teampreview
|inactive|Battle timer is ON: inactive players will automatically lose when time's up. (requested by lupiit)
|
|t:|1757930714
|teamsize|p1|6
|teamsize|p2|6
|start
|switch|p1a: Meowscarada|Meowscarada, F|100/100
|switch|p2a: Landorus|Landorus-Therian, M|100/100
|-ability|p2a: Landorus|Intimidate|boost
|-unboost|p1a: Meowscarada|atk|1
|turn|1
|
|t:|1757930720
|move|p1a: Meowscarada|Triple Axel|p2a: Landorus
|-start|p1a: Meowscarada|typechange|Ice|[from] ability: Protean
|-supereffective|p2a: Landorus
|-damage|p2a: Landorus|60/100
|-damage|p1a: Meowscarada|84/100|[from] item: Rocky Helmet|[of] p2a: Landorus
|-supereffective|p2a: Landorus
|-damage|p2a: Landorus|0 fnt
|-damage|p1a: Meowscarada|68/100|[from] item: Rocky Helmet|[of] p2a: Landorus
|faint|p2a: Landorus
|-hitcount|p2: Landorus|2
|
|upkeep
|
|t:|1757930738
|switch|p2a: Scizor|Scizor, F|100/100
|turn|2
|
|t:|1757930742
|switch|p1a: Raging Bolt|Raging Bolt|100/100
|move|p2a: Scizor|Knock Off|p1a: Raging Bolt
|-damage|p1a: Raging Bolt|66/100
|-enditem|p1a: Raging Bolt|Heavy-Duty Boots|[from] move: Knock Off|[of] p2a: Scizor
|
|upkeep
|turn|3
|
|t:|1757930757
|switch|p2a: Zamazenta|Zamazenta|100/100
|-ability|p2a: Zamazenta|Dauntless Shield|boost
|-boost|p2a: Zamazenta|def|1
|move|p1a: Raging Bolt|Thunderbolt|p2a: Zamazenta
|-crit|p2a: Zamazenta
|-damage|p2a: Zamazenta|37/100
|
|-heal|p2a: Zamazenta|44/100|[from] item: Leftovers
|upkeep
|turn|4
|
|t:|1757930762
|move|p2a: Zamazenta|Body Press|p1a: Raging Bolt
|-damage|p1a: Raging Bolt|8/100
|move|p1a: Raging Bolt|Thunderbolt|p2a: Zamazenta
|-crit|p2a: Zamazenta
|-damage|p2a: Zamazenta|0 fnt
|faint|p2a: Zamazenta
|
|upkeep
|
|t:|1757930765
|switch|p2a: Scizor|Scizor, F|100/100
|turn|5
|
|t:|1757930782
|move|p1a: Raging Bolt|Thunderclap|p2a: Scizor
|-damage|p2a: Scizor|40/100
|move|p2a: Scizor|Bullet Punch|p1a: Raging Bolt
|-resisted|p1a: Raging Bolt
|-damage|p1a: Raging Bolt|0 fnt
|faint|p1a: Raging Bolt
|-end|p1a: Raging Bolt|Protosynthesis|[silent]
|
|upkeep
|
|t:|1757930786
|switch|p1a: Manaphy|Manaphy|100/100
|turn|6
|
|t:|1757930794
|-terastallize|p2a: Scizor|Electric
|move|p1a: Manaphy|Scald|p2a: Scizor
|-damage|p2a: Scizor|0 fnt
|faint|p2a: Scizor
|
|upkeep
|
|t:|1757930801
|switch|p2a: Samurott|Samurott-Hisui, F|100/100
|turn|7
|
|t:|1757930804
|move|p1a: Manaphy|Tail Glow|p1a: Manaphy
|-boost|p1a: Manaphy|spa|3
|move|p2a: Samurott|Ceaseless Edge|p1a: Manaphy
|-damage|p1a: Manaphy|55/100
|-sidestart|p1: lupiit|Spikes
|
|upkeep
|turn|8
|
|t:|1757930810
|move|p1a: Manaphy|Alluring Voice|p2a: Samurott
|-supereffective|p2a: Samurott
|-damage|p2a: Samurott|0 fnt
|faint|p2a: Samurott
|
|upkeep
|
|t:|1757930818
|switch|p2a: Latios|Latios, M|100/100
|turn|9
|
|t:|1757930822
|move|p1a: Manaphy|Alluring Voice|p2a: Latios
|-supereffective|p2a: Latios
|-damage|p2a: Latios|0 fnt
|faint|p2a: Latios
|
|upkeep
|
|t:|1757930830
|switch|p2a: Pecharunt|Pecharunt|100/100
|turn|10
|
|t:|1757930834
|move|p1a: Manaphy|Scald|p2a: Pecharunt
|-damage|p2a: Pecharunt|16/100
|-status|p2a: Pecharunt|brn
|move|p2a: Pecharunt|Malignant Chain|p1a: Manaphy
|-damage|p1a: Manaphy|22/100
|-status|p1a: Manaphy|tox
|-start|p1a: Manaphy|confusion|[from] ability: Poison Puppeteer|[of] p2a: Pecharunt
|
|-damage|p1a: Manaphy|16/100 tox|[from] psn
|-damage|p2a: Pecharunt|10/100 brn|[from] brn
|upkeep
|turn|11
|
|t:|1757930837
|-activate|p1a: Manaphy|confusion
|move|p1a: Manaphy|Scald|p2a: Pecharunt
|-damage|p2a: Pecharunt|0 fnt
|faint|p2a: Pecharunt
|
|win|lupiit
|raw|lupiit's rating: 1432 &rarr; <strong>1452</strong><br />(+20 for winning)
|raw|OhHiMark493's rating: 1428 &rarr; <strong>1408</strong><br />(-20 for losing)
|l|☆OhHiMark493
|player|p2|
|l|☆lupiit
|player|p1|
