|j|☆Fitis3
|j|☆vryfast
|t:|1757955091
|gametype|singles
|player|p1|Fitis3|1|1177
|player|p2|vryfast|102|1208
|gen|9
|tier|[Gen 9] OU
|rated|
|rule|HP Percentage Mod: HP is shown in percentages
|rule|Endless Battle Clause: Forcing endless battles is banned
|rule|Species Clause: Limit one of each Pokémon
|rule|OHKO Clause: OHKO moves are banned
|rule|Evasion Items Clause: Evasion items are banned
|rule|Evasion Moves Clause: Evasion moves are banned
|rule|Evasion Abilities Clause: Evasion abilities are banned
|rule|Sleep Moves Clause: Sleep-inducing moves are banned
|clearpoke
|poke|p1|Gliscor, M|
|poke|p1|Iron Valiant|
|poke|p1|Iron Treads|
|poke|p1|Hatterene, F|
|poke|p1|Clodsire, M|
|poke|p1|Moltres|
|poke|p2|Dragapult, F|
|poke|p2|Inteleon, F|
|poke|p2|Masquerain, F|
|poke|p2|Donphan, F|
|poke|p2|Gholdengo|
|poke|p2|Feraligatr, F|
|teampreview
|inactive|Battle timer is ON: inactive players will automatically lose when time's up. (requested by Fitis3)
|
|t:|1757955102
|teamsize|p1|6
|teamsize|p2|6
|start
|switch|p1a: Moltres|Moltres|100/100
|switch|p2a: Dragapult|Dragapult, F|100/100
|turn|1
|
|t:|1757955108
|move|p2a: Dragapult|Light Screen|p2a: Dragapult
|-sidestart|p2: vryfast|move: Light Screen
|move|p1a: Moltres|Will-O-Wisp|p2a: Dragapult
|-status|p2a: Dragapult|brn
|
|-damage|p2a: Dragapult|95/100 brn|[from] brn
|upkeep
|turn|2
|
|t:|1757955122
|move|p2a: Dragapult|Reflect|p2a: Dragapult
|-sidestart|p2: vryfast|Reflect
|move|p1a: Moltres|Hurricane|p2a: Dragapult
|-damage|p2a: Dragapult|62/100 brn
|-start|p2a: Dragapult|confusion
|-start|p1a: Moltres|Disable|Hurricane|[from] ability: Cursed Body|[of] p2a: Dragapult
|
|-damage|p2a: Dragapult|56/100 brn|[from] brn
|upkeep
|turn|3
|
|t:|1757955138
|switch|p2a: Inteleon|Inteleon, F|100/100
|switch|p1a: Hatterene|Hatterene, F|100/100
|
|upkeep
|turn|4
|
|t:|1757955144
|-terastallize|p2a: Inteleon|Water
|move|p2a: Inteleon|Snipe Shot|p1a: Hatterene
|-damage|p1a: Hatterene|36/100
|move|p1a: Hatterene|Draining Kiss|p2a: Inteleon
|-damage|p2a: Inteleon|81/100
|-heal|p1a: Hatterene|49/100|[from] drain|[of] p2a: Inteleon
|
|-heal|p1a: Hatterene|55/100|[from] item: Leftovers
|upkeep
|turn|5
|
|t:|1757955151
|switch|p1a: Clodsire|Clodsire, M|100/100
|move|p2a: Inteleon|Snipe Shot|p1a: Clodsire
|-immune|p1a: Clodsire|[from] ability: Water Absorb
|
|upkeep
|turn|6
|
|t:|1757955155
|move|p2a: Inteleon|Ice Beam|p1a: Clodsire
|-supereffective|p1a: Clodsire
|-damage|p1a: Clodsire|66/100
|-status|p1a: Clodsire|frz
|cant|p1a: Clodsire|frz
|
|-heal|p1a: Clodsire|72/100 frz|[from] item: Leftovers
|upkeep
|turn|7
|
|t:|1757955166
|move|p2a: Inteleon|Ice Beam|p1a: Clodsire
|-supereffective|p1a: Clodsire
|-damage|p1a: Clodsire|34/100 frz
|-curestatus|p1a: Clodsire|frz|[msg]
|move|p1a: Clodsire|Toxic|p2a: Inteleon
|-status|p2a: Inteleon|tox
|
|-heal|p1a: Clodsire|40/100|[from] item: Leftovers
|-damage|p2a: Inteleon|75/100 tox|[from] psn
|upkeep
|turn|8
|
|t:|1757955172
|switch|p1a: Moltres|Moltres|100/100
|move|p2a: Inteleon|Ice Beam|p1a: Moltres
|-damage|p1a: Moltres|67/100
|
|-damage|p2a: Inteleon|63/100 tox|[from] psn
|-sideend|p2: vryfast|move: Light Screen
|upkeep
|turn|9
|
|t:|1757955185
|switch|p1a: Clodsire|Clodsire, M|40/100
|move|p2a: Inteleon|Ice Beam|p1a: Clodsire
|-supereffective|p1a: Clodsire
|-damage|p1a: Clodsire|5/100
|
|-heal|p1a: Clodsire|11/100|[from] item: Leftovers
|-damage|p2a: Inteleon|44/100 tox|[from] psn
|-sideend|p2: vryfast|Reflect
|upkeep
|turn|10
|
|t:|1757955193
|move|p2a: Inteleon|Ice Beam|p1a: Clodsire
|-supereffective|p1a: Clodsire
|-damage|p1a: Clodsire|0 fnt
|faint|p1a: Clodsire
|
|-damage|p2a: Inteleon|20/100 tox|[from] psn
|upkeep
|
|t:|1757955198
|switch|p1a: Iron Valiant|Iron Valiant|100/100
|turn|11
|
|t:|1757955202
|move|p2a: Inteleon|Vacuum Wave|p1a: Iron Valiant
|-resisted|p1a: Iron Valiant
|-damage|p1a: Iron Valiant|87/100
|move|p1a: Iron Valiant|Moonblast|p2a: Inteleon
|-damage|p2a: Inteleon|0 fnt
|faint|p2a: Inteleon
|
|upkeep
|
|t:|1757955208
|switch|p2a: Dragapult|Dragapult, F|56/100 brn
|turn|12
|
|t:|1757955213
|move|p1a: Iron Valiant|Moonblast|p2a: Dragapult
|-supereffective|p2a: Dragapult
|-damage|p2a: Dragapult|0 fnt
|faint|p2a: Dragapult
|
|upkeep
|
|t:|1757955218
|switch|p2a: Gholdengo|Gholdengo|100/100
|turn|13
|
|t:|1757955226
|-end|p1a: Iron Valiant|Quark Drive|[silent]
|switch|p1a: Moltres|Moltres|67/100
|move|p2a: Gholdengo|Nasty Plot|p2a: Gholdengo
|-boost|p2a: Gholdengo|spa|2
|
|upkeep
|turn|14
|
|t:|1757955231
|move|p2a: Gholdengo|Thunderbolt|p1a: Moltres
|-supereffective|p1a: Moltres
|-damage|p1a: Moltres|0 fnt
|faint|p1a: Moltres
|
|upkeep
|
|t:|1757955235
|switch|p1a: Iron Treads|Iron Treads|100/100
|turn|15
|
|t:|1757955242
|move|p1a: Iron Treads|Earthquake|p2a: Gholdengo
|-supereffective|p2a: Gholdengo
|-damage|p2a: Gholdengo|9/100
|-enditem|p2a: Gholdengo|Sitrus Berry|[eat]
|-heal|p2a: Gholdengo|34/100|[from] item: Sitrus Berry
|move|p2a: Gholdengo|Shadow Ball|p1a: Iron Treads
|-damage|p1a: Iron Treads|2/100
|-unboost|p1a: Iron Treads|spd|1
|
|upkeep
|turn|16
|
|t:|1757955250
|switch|p2a: Donphan|Donphan, F|100/100
|move|p1a: Iron Treads|Earthquake|p2a: Donphan
|-damage|p2a: Donphan|72/100
|
|upkeep
|turn|17
|
|t:|1757955257
|-end|p1a: Iron Treads|Quark Drive|[silent]
|switch|p1a: Iron Valiant|Iron Valiant|87/100
|move|p2a: Donphan|Rapid Spin|p1a: Iron Valiant
|-damage|p1a: Iron Valiant|62/100
|-boost|p2a: Donphan|spe|1
|
|upkeep
|turn|18
|
|t:|1757955261
|move|p1a: Iron Valiant|Trick|p2a: Donphan
|-activate|p1a: Iron Valiant|move: Trick|[of] p2a: Donphan
|-item|p2a: Donphan|Choice Scarf|[from] move: Trick
|-item|p1a: Iron Valiant|Heavy-Duty Boots|[from] move: Trick
|move|p2a: Donphan|Stealth Rock|p1a: Iron Valiant
|-sidestart|p1: Fitis3|move: Stealth Rock
|
|upkeep
|turn|19
|
|t:|1757955273
|switch|p2a: Masquerain|Masquerain, F|100/100
|-ability|p2a: Masquerain|Intimidate|boost
|-unboost|p1a: Iron Valiant|atk|1
|move|p1a: Iron Valiant|Moonblast|p2a: Masquerain
|-damage|p2a: Masquerain|45/100
|
|upkeep
|turn|20
|
|t:|1757955279
|switch|p2a: Donphan|Donphan, F|72/100
|move|p1a: Iron Valiant|Moonblast|p2a: Donphan
|-damage|p2a: Donphan|2/100
|-unboost|p2a: Donphan|spa|1
|
|upkeep
|turn|21
|
|t:|1757955287
|move|p1a: Iron Valiant|Moonblast|p2a: Donphan
|-damage|p2a: Donphan|0 fnt
|faint|p2a: Donphan
|
|upkeep
|
|t:|1757955289
|switch|p2a: Masquerain|Masquerain, F|45/100
|-ability|p2a: Masquerain|Intimidate|boost
|-unboost|p1a: Iron Valiant|atk|1
|turn|22
|
|t:|1757955294
|move|p1a: Iron Valiant|Moonblast|p2a: Masquerain
|-damage|p2a: Masquerain|0 fnt
|faint|p2a: Masquerain
|
|upkeep
|
|t:|1757955301
|switch|p2a: Feraligatr|Feraligatr, F, shiny|100/100
|turn|23
|
|t:|1757955304
|move|p1a: Iron Valiant|Thunderbolt|p2a: Feraligatr
|-supereffective|p2a: Feraligatr
|-damage|p2a: Feraligatr|41/100
|move|p2a: Feraligatr|Dragon Dance|p2a: Feraligatr
|-boost|p2a: Feraligatr|atk|1
|-boost|p2a: Feraligatr|spe|1
|
|upkeep
|turn|24
|
|t:|1757955308
|move|p2a: Feraligatr|Liquidation|p1a: Iron Valiant
|-damage|p1a: Iron Valiant|0 fnt
|faint|p1a: Iron Valiant
|-end|p1a: Iron Valiant|Quark Drive|[silent]
|
|upkeep
|
|t:|1757955312
|switch|p1a: Hatterene|Hatterene, F|55/100
|-damage|p1a: Hatterene|43/100|[from] Stealth Rock
|turn|25
|
|t:|1757955317
|-terastallize|p1a: Hatterene|Water
|move|p2a: Feraligatr|Liquidation|p1a: Hatterene
|-resisted|p1a: Hatterene
|-damage|p1a: Hatterene|6/100
|move|p1a: Hatterene|Draining Kiss|p2a: Feraligatr
|-damage|p2a: Feraligatr|18/100
|-heal|p1a: Hatterene|26/100|[from] drain|[of] p2a: Feraligatr
|
|-heal|p1a: Hatterene|32/100|[from] item: Leftovers
|upkeep
|turn|26
|inactive|vryfast has 120 seconds left.
|
|t:|1757955355
|move|p2a: Feraligatr|Liquidation|p1a: Hatterene
|-resisted|p1a: Hatterene
|-damage|p1a: Hatterene|0 fnt
|faint|p1a: Hatterene
|
|upkeep
|
|t:|1757955359
|switch|p1a: Iron Treads|Iron Treads|2/100
|turn|27
|
|t:|1757955365
|move|p2a: Feraligatr|Liquidation|p1a: Iron Treads
|-supereffective|p1a: Iron Treads
|-damage|p1a: Iron Treads|0 fnt
|faint|p1a: Iron Treads
|-end|p1a: Iron Treads|Quark Drive|[silent]
|
|upkeep
|
|t:|1757955367
|switch|p1a: Gliscor|Gliscor, M|100/100
|-damage|p1a: Gliscor|88/100|[from] Stealth Rock
|turn|28
|
|t:|1757955374
|move|p2a: Feraligatr|Ice Punch|p1a: Gliscor
|-supereffective|p1a: Gliscor
|-damage|p1a: Gliscor|0 fnt
|faint|p1a: Gliscor
|
|win|vryfast
|raw|Fitis3's rating: 1177 &rarr; <strong>1154</strong><br />(-23 for losing)
|raw|vryfast's rating: 1208 &rarr; <strong>1231</strong><br />(+23 for winning)
|l|☆Fitis3
|player|p1|
|l|☆vryfast
|player|p2|
