|j|☆lolcano46
|j|☆Lonelylitten94
|t:|1757895974
|gametype|singles
|player|p1|lolcano46|fisherman-gen4|1628
|player|p2|Lonelylitten94|102|1658
|gen|9
|tier|[Gen 9] OU
|rated|
|rule|HP Percentage Mod: HP is shown in percentages
|rule|Endless Battle Clause: Forcing endless battles is banned
|rule|Species Clause: Limit one of each Pokémon
|rule|OHKO Clause: OHKO moves are banned
|rule|Evasion Items Clause: Evasion items are banned
|rule|Evasion Moves Clause: Evasion moves are banned
|rule|Evasion Abilities Clause: Evasion abilities are banned
|rule|Sleep Moves Clause: Sleep-inducing moves are banned
|clearpoke
|poke|p1|Azelf|
|poke|p1|Ogerpon-Wellspring, F|
|poke|p1|Scizor, F|
|poke|p1|Gengar, M|
|poke|p1|Raging Bolt|
|poke|p1|Cinderace, M|
|poke|p2|Alomomola, M|
|poke|p2|Lokix, M|
|poke|p2|Ogerpon-Wellspring, F|
|poke|p2|Gliscor, F|
|poke|p2|Slowking-Galar, M|
|poke|p2|Great Tusk|
|teampreview
|inactive|Battle timer is ON: inactive players will automatically lose when time's up. (requested by Lonelylitten94)
|inactive|lolcano46 also wants the timer to be on.
|inactive|Lonelylitten94 has 120 seconds left.
|
|t:|1757896020
|teamsize|p1|6
|teamsize|p2|6
|start
|switch|p1a: Cinderace|Cinderace, M|100/100
|switch|p2a: Lokix|Lokix, M|100/100
|turn|1
|
|t:|1757896025
|-terastallize|p2a: Lokix|Bug
|move|p2a: Lokix|First Impression|p1a: Cinderace
|-resisted|p1a: Cinderace
|-damage|p1a: Cinderace|0 fnt
|faint|p1a: Cinderace
|
|upkeep
|
|t:|1757896030
|switch|p1a: Gengar|Gengar, M|100/100
|turn|2
|
|t:|1757896034
|switch|p2a: Gliscor|Gliscor, F|100/100
|move|p1a: Gengar|Trick|p2a: Gliscor
|-activate|p1a: Gengar|move: Trick|[of] p2a: Gliscor
|-item|p2a: Gliscor|Choice Scarf|[from] move: Trick
|-item|p1a: Gengar|Toxic Orb|[from] move: Trick
|
|upkeep
|turn|3
|
|t:|1757896041
|switch|p1a: Ogerpon|Ogerpon-Wellspring, F|100/100
|move|p2a: Gliscor|Knock Off|p1a: Ogerpon
|-damage|p1a: Ogerpon|83/100
|
|upkeep
|turn|4
|
|t:|1757896053
|switch|p2a: Lokix|Lokix, M, tera:Bug|100/100
|move|p1a: Ogerpon|Horn Leech|p2a: Lokix
|-resisted|p2a: Lokix
|-damage|p2a: Lokix|67/100
|-heal|p1a: Ogerpon|99/100|[from] drain|[of] p2a: Lokix
|
|upkeep
|turn|5
|
|t:|1757896061
|switch|p1a: Gengar|Gengar, M|100/100
|move|p2a: Lokix|Leech Life|p1a: Gengar
|-resisted|p1a: Gengar
|-damage|p1a: Gengar|25/100
|-heal|p2a: Lokix|100/100|[from] drain|[of] p1a: Gengar
|-start|p2a: Lokix|Disable|Leech Life|[from] ability: Cursed Body|[of] p1a: Gengar
|
|upkeep
|turn|6
|
|t:|1757896070
|switch|p2a: Gliscor|Gliscor, F|100/100
|move|p1a: Gengar|Shadow Ball|p2a: Gliscor
|-damage|p2a: Gliscor|62/100
|
|upkeep
|turn|7
|
|t:|1757896080
|switch|p1a: Ogerpon|Ogerpon-Wellspring, F|99/100
|move|p2a: Gliscor|Knock Off|p1a: Ogerpon
|-damage|p1a: Ogerpon|79/100
|
|upkeep
|turn|8
|
|t:|1757896085
|switch|p2a: Ogerpon|Ogerpon-Wellspring, F|100/100
|move|p1a: Ogerpon|Ivy Cudgel|p2a: Ogerpon|[anim] Ivy Cudgel Water
|-immune|p2a: Ogerpon|[from] ability: Water Absorb
|
|upkeep
|turn|9
|j| NeneDaikon
|
|t:|1757896089
|switch|p2a: Lokix|Lokix, M, tera:Bug|100/100
|move|p1a: Ogerpon|Horn Leech|p2a: Lokix
|-resisted|p2a: Lokix
|-damage|p2a: Lokix|70/100
|-heal|p1a: Ogerpon|94/100|[from] drain|[of] p2a: Lokix
|
|upkeep
|turn|10
|
|t:|1757896097
|switch|p1a: Gengar|Gengar, M|25/100
|move|p2a: Lokix|First Impression|p1a: Gengar
|-resisted|p1a: Gengar
|-damage|p1a: Gengar|0 fnt
|faint|p1a: Gengar
|
|upkeep
|
|t:|1757896102
|switch|p1a: Ogerpon|Ogerpon-Wellspring, F|94/100
|turn|11
|
|t:|1757896108
|switch|p2a: Slowking|Slowking-Galar, M|100/100
|move|p1a: Ogerpon|Swords Dance|p1a: Ogerpon
|-boost|p1a: Ogerpon|atk|2
|
|upkeep
|turn|12
|
|t:|1757896113
|-terastallize|p1a: Ogerpon|Water
|detailschange|p1a: Ogerpon|Ogerpon-Wellspring-Tera, F, tera:Water
|-ability|p1a: Ogerpon|Embody Aspect (Wellspring)|boost
|-boost|p1a: Ogerpon|spd|1
|move|p1a: Ogerpon|Ivy Cudgel|p2a: Slowking|[anim] Ivy Cudgel Water
|-damage|p2a: Slowking|0 fnt
|faint|p2a: Slowking
|
|upkeep
|
|t:|1757896116
|switch|p2a: Lokix|Lokix, M, tera:Bug|70/100
|turn|13
|
|t:|1757896122
|switch|p1a: Scizor|Scizor, F|100/100
|move|p2a: Lokix|First Impression|p1a: Scizor
|-resisted|p1a: Scizor
|-damage|p1a: Scizor|10/100
|
|upkeep
|turn|14
|
|t:|1757896128
|switch|p2a: Great Tusk|Great Tusk|100/100
|move|p1a: Scizor|Swords Dance|p1a: Scizor
|-boost|p1a: Scizor|atk|2
|
|upkeep
|turn|15
|
|t:|1757896132
|switch|p1a: Azelf|Azelf|100/100
|move|p2a: Great Tusk|Stealth Rock|p1a: Azelf
|-sidestart|p1: lolcano46|move: Stealth Rock
|
|upkeep
|turn|16
|
|t:|1757896137
|-end|p2a: Great Tusk|Protosynthesis|[silent]
|switch|p2a: Gliscor|Gliscor, F|62/100
|move|p1a: Azelf|Psychic|p2a: Gliscor
|-damage|p2a: Gliscor|21/100
|
|upkeep
|turn|17
|j| Misfortune100
|
|t:|1757896144
|move|p2a: Gliscor|Knock Off|p1a: Azelf
|-supereffective|p1a: Azelf
|-damage|p1a: Azelf|32/100
|-enditem|p1a: Azelf|Expert Belt|[from] move: Knock Off|[of] p2a: Gliscor
|move|p1a: Azelf|Psychic|p2a: Gliscor
|-damage|p2a: Gliscor|0 fnt
|faint|p2a: Gliscor
|
|upkeep
|
|t:|1757896148
|switch|p2a: Lokix|Lokix, M, tera:Bug|70/100
|turn|18
|
|t:|1757896150
|move|p2a: Lokix|First Impression|p1a: Azelf
|-supereffective|p1a: Azelf
|-damage|p1a: Azelf|0 fnt
|faint|p1a: Azelf
|
|upkeep
|
|t:|1757896152
|switch|p1a: Ogerpon|Ogerpon-Wellspring-Tera, F, tera:Water|94/100
|-damage|p1a: Ogerpon|81/100|[from] Stealth Rock
|-ability|p1a: Ogerpon|Embody Aspect (Wellspring)|boost
|-boost|p1a: Ogerpon|spd|1
|turn|19
|
|t:|1757896158
|switch|p2a: Great Tusk|Great Tusk|100/100
|move|p1a: Ogerpon|Horn Leech|p2a: Great Tusk
|-supereffective|p2a: Great Tusk
|-damage|p2a: Great Tusk|49/100
|-heal|p1a: Ogerpon|100/100|[from] drain|[of] p2a: Great Tusk
|
|upkeep
|turn|20
|
|t:|1757896165
|move|p1a: Ogerpon|Ivy Cudgel|p2a: Great Tusk|[anim] Ivy Cudgel Water
|-supereffective|p2a: Great Tusk
|-damage|p2a: Great Tusk|0 fnt
|faint|p2a: Great Tusk
|-end|p2a: Great Tusk|Protosynthesis|[silent]
|
|upkeep
|
|t:|1757896178
|switch|p2a: Lokix|Lokix, M, tera:Bug|70/100
|turn|21
|
|t:|1757896181
|switch|p1a: Scizor|Scizor, F|10/100
|-damage|p1a: Scizor|0 fnt|[from] Stealth Rock
|faint|p1a: Scizor
|move|p2a: Lokix|First Impression|p1: Scizor|[notarget]
|-fail|p2a: Lokix
|
|upkeep
|
|t:|1757896187
|switch|p1a: Raging Bolt|Raging Bolt|100/100
|-damage|p1a: Raging Bolt|88/100|[from] Stealth Rock
|-enditem|p1a: Raging Bolt|Booster Energy
|-activate|p1a: Raging Bolt|ability: Protosynthesis|[fromitem]
|-start|p1a: Raging Bolt|protosynthesisspa
|turn|22
|
|t:|1757896193
|switch|p2a: Ogerpon|Ogerpon-Wellspring, F|100/100
|move|p1a: Raging Bolt|Thunderbolt|p2a: Ogerpon
|-damage|p2a: Ogerpon|16/100
|
|upkeep
|turn|23
|
|t:|1757896204
|switch|p2a: Lokix|Lokix, M, tera:Bug|70/100
|move|p1a: Raging Bolt|Thunderbolt|p2a: Lokix
|-damage|p2a: Lokix|0 fnt
|faint|p2a: Lokix
|
|upkeep
|-message|Lonelylitten94 forfeited.
|
|win|lolcano46
|raw|lolcano46's rating: 1628 &rarr; <strong>1650</strong><br />(+22 for winning)
|raw|Lonelylitten94's rating: 1658 &rarr; <strong>1636</strong><br />(-22 for losing)
|l|☆Lonelylitten94
|player|p2|
|l| NeneDaikon
|l|☆lolcano46
|player|p1|
