|j|☆mathismathin
|j|☆Devrai
|t:|1757908319
|gametype|singles
|player|p1|mathismathin|hilbert|1411
|player|p2|Devrai|zinnia|1450
|gen|9
|tier|[Gen 9] OU
|rated|
|rule|HP Percentage Mod: HP is shown in percentages
|rule|Endless Battle Clause: Forcing endless battles is banned
|rule|Species Clause: Limit one of each Pokémon
|rule|OHKO Clause: OHKO moves are banned
|rule|Evasion Items Clause: Evasion items are banned
|rule|Evasion Moves Clause: Evasion moves are banned
|rule|Evasion Abilities Clause: Evasion abilities are banned
|rule|Sleep Moves Clause: Sleep-inducing moves are banned
|clearpoke
|poke|p1|Mew|
|poke|p1|Primarina, M|
|poke|p1|Moltres|
|poke|p1|Chesnaught, F|
|poke|p1|Great Tusk|
|poke|p1|Dragapult, M|
|poke|p2|Araquanid, M|
|poke|p2|Skeledirge, M|
|poke|p2|Enamorus, F|
|poke|p2|Iron Treads|
|poke|p2|Latios, M|
|poke|p2|Raichu, F|
|teampreview
|inactive|Battle timer is ON: inactive players will automatically lose when time's up. (requested by Devrai)
|inactive|mathismathin has 120 seconds left.
|
|t:|1757908367
|teamsize|p1|6
|teamsize|p2|6
|start
|switch|p1a: Mew|Mew|100/100
|switch|p2a: Bubble Buddy|Araquanid, M, shiny|100/100
|turn|1
|
|t:|1757908371
|move|p1a: Mew|Transform|p2a: Bubble Buddy
|-transform|p1a: Mew|p2a: Bubble Buddy
|move|p2a: Bubble Buddy|Sticky Web|p1a: Mew
|-sidestart|p1: mathismathin|move: Sticky Web
|
|upkeep
|turn|2
|inactive|mathismathin has 120 seconds left.
|
|t:|1757908426
|switch|p2a: Jet Lag|Latios, M, shiny|100/100
|move|p1a: Mew|Sticky Web|p2a: Jet Lag
|-sidestart|p2: Devrai|move: Sticky Web
|
|upkeep
|turn|3
|
|t:|1757908431
|switch|p1a: Primarina|Primarina, M|100/100
|-activate|p1a: Primarina|move: Sticky Web
|-unboost|p1a: Primarina|spe|1
|move|p2a: Jet Lag|Trick|p1a: Primarina
|-activate|p2a: Jet Lag|move: Trick|[of] p1a: Primarina
|-item|p1a: Primarina|Choice Specs|[from] move: Trick
|-item|p2a: Jet Lag|Assault Vest|[from] move: Trick
|
|upkeep
|turn|4
|inactive|mathismathin has 90 seconds left.
|
|t:|1757908462
|move|p2a: Jet Lag|Luster Purge|p1a: Primarina
|-damage|p1a: Primarina|57/100
|-unboost|p1a: Primarina|spd|1
|move|p1a: Primarina|Moonblast|p2a: Jet Lag
|-supereffective|p2a: Jet Lag
|-damage|p2a: Jet Lag|0 fnt
|faint|p2a: Jet Lag
|
|upkeep
|
|t:|1757908470
|switch|p2a: Mistress|Enamorus, F, shiny|100/100
|turn|5
|inactive|mathismathin has 90 seconds left.
|
|t:|1757908481
|switch|p1a: Moltres|Moltres|100/100
|-terastallize|p2a: Mistress|Stellar
|move|p2a: Mistress|Tera Blast|p1a: Moltres|[anim] Tera Blast Stellar
|-damage|p1a: Moltres|51/100
|-boost|p2a: Mistress|atk|1
|-boost|p2a: Mistress|spa|1
|
|upkeep
|turn|6
|
|t:|1757908487
|move|p2a: Mistress|Tera Blast|p1a: Moltres|[anim] Tera Blast Stellar
|-damage|p1a: Moltres|0 fnt
|-boost|p2a: Mistress|atk|1
|-boost|p2a: Mistress|spa|1
|faint|p1a: Moltres
|
|upkeep
|
|t:|1757908494
|switch|p1a: Mew|Mew|100/100
|-activate|p1a: Mew|move: Sticky Web
|-unboost|p1a: Mew|spe|1
|turn|7
|
|t:|1757908496
|move|p2a: Mistress|Tera Blast|p1a: Mew|[anim] Tera Blast Stellar
|-damage|p1a: Mew|49/100
|-boost|p2a: Mistress|atk|1
|-boost|p2a: Mistress|spa|1
|move|p1a: Mew|Transform|p2a: Mistress
|-transform|p1a: Mew|p2a: Mistress
|
|upkeep
|-start|p1a: Mew|typechange|Fairy/Flying|[silent]
|turn|8
|
|t:|1757908507
|-terastallize|p1a: Mew|Flying
|move|p1a: Mew|Tera Blast|p2a: Mistress|[anim] Tera Blast Flying
|-damage|p2a: Mistress|0 fnt
|faint|p2a: Mistress
|
|upkeep
|
|t:|1757908515
|switch|p2a: Treadmill|Iron Treads, shiny|100/100
|turn|9
|-message|Devrai forfeited.
|
|win|mathismathin
|raw|mathismathin's rating: 1431 &rarr; <strong>1452</strong><br />(+21 for winning)
|raw|Devrai's rating: 1450 &rarr; <strong>1429</strong><br />(-21 for losing)
|l|☆Devrai
|player|p2|
