|j|‽bidooofer
|j|☆Obito 2001
|t:|1757808835
|gametype|singles
|player|p1|bidooofer|riley|1677
|player|p2|Obito 2001|blue-gen3two|1728
|gen|9
|tier|[Gen 9] OU
|rated|
|rule|HP Percentage Mod: HP is shown in percentages
|rule|Endless Battle Clause: Forcing endless battles is banned
|rule|Species Clause: Limit one of each Pokémon
|rule|OHKO Clause: OHKO moves are banned
|rule|Evasion Items Clause: Evasion items are banned
|rule|Evasion Moves Clause: Evasion moves are banned
|rule|Evasion Abilities Clause: Evasion abilities are banned
|rule|Sleep Moves Clause: Sleep-inducing moves are banned
|clearpoke
|poke|p1|Torkoal, M|
|poke|p1|Walking Wake|
|poke|p1|Raging Bolt|
|poke|p1|Great Tusk|
|poke|p1|Rillaboom, F|
|poke|p1|Hatterene, F|
|poke|p2|Masquerain, F|
|poke|p2|Gliscor, M|
|poke|p2|Great Tusk|
|poke|p2|Alomomola, F|
|poke|p2|Gholdengo|
|poke|p2|Sinistcha-Masterpiece|
|teampreview
|inactive|Battle timer is ON: inactive players will automatically lose when time's up. (requested by Obito 2001)
|
|t:|1757808848
|teamsize|p1|6
|teamsize|p2|6
|start
|switch|p1a: Rillaboom|Rillaboom, F|100/100
|switch|p2a: Real G|Masquerain, F|100/100
|-fieldstart|move: Grassy Terrain|[from] ability: Grassy Surge|[of] p1a: Rillaboom
|-ability|p2a: Real G|Intimidate|boost
|-unboost|p1a: Rillaboom|atk|1
|turn|1
|
|t:|1757808856
|move|p1a: Rillaboom|U-turn|p2a: Real G
|-resisted|p2a: Real G
|-damage|p2a: Real G|77/100
|
|t:|1757808859
|switch|p1a: Hatterene|Hatterene, F|100/100|[from] U-turn
|move|p2a: Real G|Bug Buzz|p1a: Hatterene
|-damage|p1a: Hatterene|72/100
|
|-heal|p1a: Hatterene|78/100|[from] Grassy Terrain
|upkeep
|turn|2
|
|t:|1757808869
|switch|p2a: Ban me I'm uber|Gliscor, M|100/100
|move|p1a: Hatterene|Future Sight|p2a: Ban me I'm uber
|-start|p1a: Hatterene|move: Future Sight
|
|-heal|p1a: Hatterene|84/100|[from] Grassy Terrain
|-status|p2a: Ban me I'm uber|tox|[from] item: Toxic Orb
|upkeep
|turn|3
|
|t:|1757808873
|move|p2a: Ban me I'm uber|Fling|p1a: Hatterene
|-damage|p1a: Hatterene|77/100
|-status|p1a: Hatterene|tox
|-enditem|p2a: Ban me I'm uber|Toxic Orb|[from] move: Fling
|move|p1a: Hatterene|Dazzling Gleam|p2a: Ban me I'm uber
|-damage|p2a: Ban me I'm uber|47/100 tox
|
|-heal|p1a: Hatterene|83/100 tox|[from] Grassy Terrain
|-heal|p2a: Ban me I'm uber|59/100 tox|[from] ability: Poison Heal
|-damage|p1a: Hatterene|77/100 tox|[from] psn
|upkeep
|turn|4
|
|t:|1757808884
|switch|p2a: Hi stallers|Gholdengo|100/100
|move|p1a: Hatterene|Mystical Fire|p2a: Hi stallers
|-supereffective|p2a: Hi stallers
|-damage|p2a: Hi stallers|45/100
|-unboost|p2a: Hi stallers|spa|1
|
|-end|p2a: Hi stallers|move: Future Sight
|-resisted|p2a: Hi stallers
|-damage|p2a: Hi stallers|16/100
|-heal|p2a: Hi stallers|22/100|[from] Grassy Terrain
|-heal|p1a: Hatterene|83/100 tox|[from] Grassy Terrain
|-damage|p1a: Hatterene|71/100 tox|[from] psn
|upkeep
|turn|5
|
|t:|1757808892
|move|p2a: Hi stallers|Shadow Ball|p1a: Hatterene
|-supereffective|p1a: Hatterene
|-damage|p1a: Hatterene|3/100 tox
|move|p1a: Hatterene|Nuzzle|p2a: Hi stallers
|-crit|p2a: Hi stallers
|-damage|p2a: Hi stallers|15/100
|-status|p2a: Hi stallers|par
|
|-heal|p2a: Hi stallers|21/100 par|[from] Grassy Terrain
|-heal|p1a: Hatterene|9/100 tox|[from] Grassy Terrain
|-damage|p1a: Hatterene|0 fnt|[from] psn
|faint|p1a: Hatterene
|-fieldend|move: Grassy Terrain
|upkeep
|
|t:|1757808896
|switch|p1a: Raging Bolt|Raging Bolt|100/100
|turn|6
|
|t:|1757808900
|switch|p2a: Mega Donphan|Great Tusk|100/100
|move|p1a: Raging Bolt|Calm Mind|p1a: Raging Bolt
|-boost|p1a: Raging Bolt|spa|1
|-boost|p1a: Raging Bolt|spd|1
|
|upkeep
|turn|7
|
|t:|1757808907
|-end|p2a: Mega Donphan|Protosynthesis|[silent]
|switch|p2a: Hi stallers|Gholdengo|21/100 par
|-terastallize|p1a: Raging Bolt|Flying
|move|p1a: Raging Bolt|Dragon Pulse|p2a: Hi stallers
|-resisted|p2a: Hi stallers
|-damage|p2a: Hi stallers|0 fnt
|faint|p2a: Hi stallers
|
|upkeep
|
|t:|1757808912
|switch|p2a: Real G|Masquerain, F|77/100
|-ability|p2a: Real G|Intimidate|boost
|-unboost|p1a: Raging Bolt|atk|1
|turn|8
|
|t:|1757808916
|move|p2a: Real G|Sticky Web|p1a: Raging Bolt
|-sidestart|p1: bidooofer|move: Sticky Web
|move|p1a: Raging Bolt|Calm Mind|p1a: Raging Bolt
|-boost|p1a: Raging Bolt|spa|1
|-boost|p1a: Raging Bolt|spd|1
|
|upkeep
|turn|9
|
|t:|1757808920
|move|p1a: Raging Bolt|Thunderclap||[still]
|-fail|p1a: Raging Bolt
|move|p2a: Real G|Stun Spore|p1a: Raging Bolt
|-status|p1a: Raging Bolt|par
|
|upkeep
|turn|10
|
|t:|1757808924
|move|p2a: Real G|Ice Beam|p1a: Raging Bolt
|-supereffective|p1a: Raging Bolt
|-damage|p1a: Raging Bolt|75/100 par
|move|p1a: Raging Bolt|Dragon Pulse|p2a: Real G
|-damage|p2a: Real G|0 fnt
|faint|p2a: Real G
|
|-heal|p1a: Raging Bolt|81/100 par|[from] item: Leftovers
|upkeep
|
|t:|1757808928
|switch|p2a: Mega Donphan|Great Tusk|100/100
|turn|11
|
|t:|1757808953
|-end|p2a: Mega Donphan|Protosynthesis|[silent]
|switch|p2a: Momo Hirai|Alomomola, F|100/100
|move|p1a: Raging Bolt|Dragon Pulse|p2a: Momo Hirai
|-damage|p2a: Momo Hirai|7/100
|-enditem|p2a: Momo Hirai|Red Card|[of] p1a: Raging Bolt
|-end|p1a: Raging Bolt|Protosynthesis|[silent]
|drag|p1a: Torkoal|Torkoal, M|100/100
|-activate|p1a: Torkoal|move: Sticky Web
|-unboost|p1a: Torkoal|spe|1
|-weather|SunnyDay|[from] ability: Drought|[of] p1a: Torkoal
|
|-weather|SunnyDay|[upkeep]
|upkeep
|turn|12
|
|t:|1757808961
|move|p2a: Momo Hirai|Flip Turn|p1a: Torkoal
|-supereffective|p1a: Torkoal
|-damage|p1a: Torkoal|89/100
|
|t:|1757808965
|switch|p2a: Masterpiece|Sinistcha-Masterpiece|100/100|[from] Flip Turn
|move|p1a: Torkoal|Stealth Rock|p2a: Masterpiece
|-sidestart|p2: Obito 2001|move: Stealth Rock
|
|-weather|SunnyDay|[upkeep]
|upkeep
|turn|13
|
|t:|1757808968
|move|p2a: Masterpiece|Calm Mind|p2a: Masterpiece
|-boost|p2a: Masterpiece|spa|1
|-boost|p2a: Masterpiece|spd|1
|move|p1a: Torkoal|Will-O-Wisp|p2a: Masterpiece|[miss]
|-miss|p1a: Torkoal|p2a: Masterpiece
|
|-weather|SunnyDay|[upkeep]
|upkeep
|turn|14
|
|t:|1757808974
|move|p2a: Masterpiece|Calm Mind|p2a: Masterpiece
|-boost|p2a: Masterpiece|spa|1
|-boost|p2a: Masterpiece|spd|1
|move|p1a: Torkoal|Clear Smog|p2a: Masterpiece
|-damage|p2a: Masterpiece|94/100
|-clearboost|p2a: Masterpiece
|
|-weather|SunnyDay|[upkeep]
|upkeep
|turn|15
|
|t:|1757808980
|switch|p1a: Raging Bolt|Raging Bolt, tera:Flying|81/100 par
|-activate|p1a: Raging Bolt|ability: Protosynthesis
|-start|p1a: Raging Bolt|protosynthesisspa
|move|p2a: Masterpiece|Calm Mind|p2a: Masterpiece
|-boost|p2a: Masterpiece|spa|1
|-boost|p2a: Masterpiece|spd|1
|
|-weather|SunnyDay|[upkeep]
|-heal|p1a: Raging Bolt|87/100 par|[from] item: Leftovers
|upkeep
|turn|16
|
|t:|1757808983
|move|p2a: Masterpiece|Calm Mind|p2a: Masterpiece
|-boost|p2a: Masterpiece|spa|1
|-boost|p2a: Masterpiece|spd|1
|move|p1a: Raging Bolt|Calm Mind|p1a: Raging Bolt
|-boost|p1a: Raging Bolt|spa|1
|-boost|p1a: Raging Bolt|spd|1
|
|-weather|SunnyDay|[upkeep]
|-heal|p1a: Raging Bolt|93/100 par|[from] item: Leftovers
|upkeep
|turn|17
|
|t:|1757808988
|move|p2a: Masterpiece|Calm Mind|p2a: Masterpiece
|-boost|p2a: Masterpiece|spa|1
|-boost|p2a: Masterpiece|spd|1
|cant|p1a: Raging Bolt|par
|
|-weather|SunnyDay|[upkeep]
|-heal|p1a: Raging Bolt|99/100 par|[from] item: Leftovers
|upkeep
|turn|18
|
|t:|1757808993
|move|p2a: Masterpiece|Shadow Ball|p1a: Raging Bolt
|-damage|p1a: Raging Bolt|58/100 par
|cant|p1a: Raging Bolt|par
|
|-weather|none
|-end|p1a: Raging Bolt|Protosynthesis
|-heal|p1a: Raging Bolt|64/100 par|[from] item: Leftovers
|upkeep
|turn|19
|
|t:|1757808999
|move|p2a: Masterpiece|Shadow Ball|p1a: Raging Bolt
|-damage|p1a: Raging Bolt|16/100 par
|-unboost|p1a: Raging Bolt|spd|1
|move|p1a: Raging Bolt|Dragon Pulse|p2a: Masterpiece
|-damage|p2a: Masterpiece|57/100
|
|-heal|p1a: Raging Bolt|22/100 par|[from] item: Leftovers
|upkeep
|turn|20
|
|t:|1757809006
|cant|p1a: Raging Bolt|par
|move|p2a: Masterpiece|Shadow Ball|p1a: Raging Bolt
|-damage|p1a: Raging Bolt|0 fnt
|faint|p1a: Raging Bolt
|-end|p1a: Raging Bolt|Protosynthesis|[silent]
|
|upkeep
|
|t:|1757809015
|switch|p1a: Torkoal|Torkoal, M|89/100
|-activate|p1a: Torkoal|move: Sticky Web
|-unboost|p1a: Torkoal|spe|1
|-weather|SunnyDay|[from] ability: Drought|[of] p1a: Torkoal
|turn|21
|
|t:|1757809021
|move|p2a: Masterpiece|Shadow Ball|p1a: Torkoal
|-damage|p1a: Torkoal|10/100
|move|p1a: Torkoal|Clear Smog|p2a: Masterpiece
|-damage|p2a: Masterpiece|52/100
|-clearboost|p2a: Masterpiece
|
|-weather|SunnyDay|[upkeep]
|upkeep
|turn|22
|
|t:|1757809031
|move|p2a: Masterpiece|Calm Mind|p2a: Masterpiece
|-boost|p2a: Masterpiece|spa|1
|-boost|p2a: Masterpiece|spd|1
|move|p1a: Torkoal|Lava Plume|p2a: Masterpiece
|-supereffective|p2a: Masterpiece
|-damage|p2a: Masterpiece|20/100
|-status|p2a: Masterpiece|brn
|
|-weather|SunnyDay|[upkeep]
|-damage|p2a: Masterpiece|18/100 brn|[from] brn
|upkeep
|turn|23
|
|t:|1757809037
|move|p2a: Masterpiece|Strength Sap|p1a: Torkoal
|-unboost|p1a: Torkoal|atk|1
|-heal|p2a: Masterpiece|63/100 brn
|move|p1a: Torkoal|Clear Smog|p2a: Masterpiece
|-damage|p2a: Masterpiece|55/100 brn
|-clearboost|p2a: Masterpiece
|
|-weather|SunnyDay|[upkeep]
|-damage|p2a: Masterpiece|52/100 brn|[from] brn
|upkeep
|turn|24
|
|t:|1757809041
|switch|p1a: Rillaboom|Rillaboom, F|100/100
|-activate|p1a: Rillaboom|move: Sticky Web
|-unboost|p1a: Rillaboom|spe|1
|-fieldstart|move: Grassy Terrain|[from] ability: Grassy Surge|[of] p1a: Rillaboom
|move|p2a: Masterpiece|Strength Sap|p1a: Rillaboom
|-unboost|p1a: Rillaboom|atk|1
|-heal|p2a: Masterpiece|100/100 brn
|
|-weather|SunnyDay|[upkeep]
|-damage|p2a: Masterpiece|98/100 brn|[from] brn
|upkeep
|turn|25
|
|t:|1757809045
|move|p2a: Masterpiece|Calm Mind|p2a: Masterpiece
|-boost|p2a: Masterpiece|spa|1
|-boost|p2a: Masterpiece|spd|1
|move|p1a: Rillaboom|U-turn|p2a: Masterpiece
|-damage|p2a: Masterpiece|77/100 brn
|
|t:|1757809049
|switch|p1a: Great Tusk|Great Tusk|100/100|[from] U-turn
|-activate|p1a: Great Tusk|ability: Protosynthesis
|-start|p1a: Great Tusk|protosynthesisspe
|
|-weather|SunnyDay|[upkeep]
|-heal|p2a: Masterpiece|83/100 brn|[from] Grassy Terrain
|-damage|p2a: Masterpiece|80/100 brn|[from] brn
|upkeep
|turn|26
|
|t:|1757809054
|move|p1a: Great Tusk|Ice Spinner|p2a: Masterpiece
|-supereffective|p2a: Masterpiece
|-damage|p2a: Masterpiece|47/100 brn
|-fieldend|move: Grassy Terrain
|move|p2a: Masterpiece|Matcha Gotcha|p1a: Great Tusk
|-supereffective|p1a: Great Tusk
|-damage|p1a: Great Tusk|0 fnt
|-heal|p2a: Masterpiece|100/100 brn|[from] drain|[of] p1a: Great Tusk
|faint|p1a: Great Tusk
|-end|p1a: Great Tusk|Protosynthesis|[silent]
|
|-weather|SunnyDay|[upkeep]
|-damage|p2a: Masterpiece|98/100 brn|[from] brn
|upkeep
|
|t:|1757809060
|switch|p1a: Walking Wake|Walking Wake|100/100
|-activate|p1a: Walking Wake|move: Sticky Web
|-unboost|p1a: Walking Wake|spe|1
|-activate|p1a: Walking Wake|ability: Protosynthesis
|-start|p1a: Walking Wake|protosynthesisspa
|turn|27
|
|t:|1757809065
|move|p1a: Walking Wake|Flamethrower|p2a: Masterpiece
|-supereffective|p2a: Masterpiece
|-crit|p2a: Masterpiece
|-damage|p2a: Masterpiece|0 fnt
|faint|p2a: Masterpiece
|
|-weather|SunnyDay|[upkeep]
|upkeep
|
|t:|1757809085
|switch|p2a: Momo Hirai|Alomomola, F|40/100
|-damage|p2a: Momo Hirai|28/100|[from] Stealth Rock
|turn|28
|
|t:|1757809087
|move|p2a: Momo Hirai|Protect|p2a: Momo Hirai
|-singleturn|p2a: Momo Hirai|Protect
|move|p1a: Walking Wake|Dragon Pulse|p2a: Momo Hirai
|-activate|p2a: Momo Hirai|move: Protect
|
|-weather|none
|-end|p1a: Walking Wake|Protosynthesis
|upkeep
|turn|29
|
|t:|1757809091
|move|p1a: Walking Wake|Dragon Pulse|p2a: Momo Hirai
|-damage|p2a: Momo Hirai|0 fnt
|faint|p2a: Momo Hirai
|
|upkeep
|j| LegitimatePotato
|
|t:|1757809106
|switch|p2a: Mega Donphan|Great Tusk|100/100
|turn|30
|
|t:|1757809112
|-end|p1a: Walking Wake|Protosynthesis|[silent]
|switch|p1a: Torkoal|Torkoal, M|10/100
|-activate|p1a: Torkoal|move: Sticky Web
|-unboost|p1a: Torkoal|spe|1
|-weather|SunnyDay|[from] ability: Drought|[of] p1a: Torkoal
|-activate|p2a: Mega Donphan|ability: Protosynthesis
|-start|p2a: Mega Donphan|protosynthesisatk
|move|p2a: Mega Donphan|Headlong Rush|p1a: Torkoal
|-supereffective|p1a: Torkoal
|-damage|p1a: Torkoal|0 fnt
|-unboost|p2a: Mega Donphan|def|1
|-unboost|p2a: Mega Donphan|spd|1
|faint|p1a: Torkoal
|
|-weather|SunnyDay|[upkeep]
|upkeep
|
|t:|1757809116
|switch|p1a: Rillaboom|Rillaboom, F|100/100
|-activate|p1a: Rillaboom|move: Sticky Web
|-unboost|p1a: Rillaboom|spe|1
|-fieldstart|move: Grassy Terrain|[from] ability: Grassy Surge|[of] p1a: Rillaboom
|turn|31
|
|t:|1757809119
|-terastallize|p2a: Mega Donphan|Steel
|move|p2a: Mega Donphan|Ice Spinner|p1a: Rillaboom
|-supereffective|p1a: Rillaboom
|-damage|p1a: Rillaboom|20/100
|-fieldend|move: Grassy Terrain
|move|p1a: Rillaboom|Wood Hammer|p2a: Mega Donphan
|-resisted|p2a: Mega Donphan
|-damage|p2a: Mega Donphan|46/100
|-damage|p1a: Rillaboom|0 fnt|[from] Recoil
|faint|p1a: Rillaboom
|
|-weather|SunnyDay|[upkeep]
|upkeep
|
|t:|1757809124
|switch|p1a: Walking Wake|Walking Wake|100/100
|-activate|p1a: Walking Wake|move: Sticky Web
|-unboost|p1a: Walking Wake|spe|1
|-activate|p1a: Walking Wake|ability: Protosynthesis
|-start|p1a: Walking Wake|protosynthesisspa
|turn|32
|
|t:|1757809126
|move|p2a: Mega Donphan|Headlong Rush|p1a: Walking Wake
|-damage|p1a: Walking Wake|7/100
|-unboost|p2a: Mega Donphan|def|1
|-unboost|p2a: Mega Donphan|spd|1
|move|p1a: Walking Wake|Flamethrower|p2a: Mega Donphan
|-supereffective|p2a: Mega Donphan
|-damage|p2a: Mega Donphan|0 fnt
|faint|p2a: Mega Donphan
|-end|p2a: Mega Donphan|Protosynthesis|[silent]
|
|-weather|SunnyDay|[upkeep]
|upkeep
|
|t:|1757809129
|switch|p2a: Ban me I'm uber|Gliscor, M|59/100 tox
|-damage|p2a: Ban me I'm uber|47/100 tox|[from] Stealth Rock
|turn|33
|
|t:|1757809131
|move|p2a: Ban me I'm uber|Earthquake|p1a: Walking Wake
|-damage|p1a: Walking Wake|0 fnt
|faint|p1a: Walking Wake
|-end|p1a: Walking Wake|Protosynthesis|[silent]
|
|win|Obito 2001
|raw|bidooofer's rating: 1677 &rarr; <strong>1660</strong><br />(-17 for losing)
|raw|Obito 2001's rating: 1728 &rarr; <strong>1745</strong><br />(+17 for winning)
|l|‽bidooofer
|player|p1|
