|j|☆shadow xdash
|j|☆skater66
|t:|1757841301
|gametype|singles
|player|p1|shadow xdash|red|1208
|player|p2|skater66|101|1209
|gen|9
|tier|[Gen 9] OU
|rated|
|rule|HP Percentage Mod: HP is shown in percentages
|rule|Endless Battle Clause: Forcing endless battles is banned
|rule|Species Clause: Limit one of each Pokémon
|rule|OHKO Clause: OHKO moves are banned
|rule|Evasion Items Clause: Evasion items are banned
|rule|Evasion Moves Clause: Evasion moves are banned
|rule|Evasion Abilities Clause: Evasion abilities are banned
|rule|Sleep Moves Clause: Sleep-inducing moves are banned
|clearpoke
|poke|p1|Infernape, M|
|poke|p1|Garchomp, M|
|poke|p1|Sceptile, M|
|poke|p1|Luxray, M|
|poke|p1|Gyarados, M|
|poke|p1|Gengar, M|
|poke|p2|Porygon2|
|poke|p2|Pecharunt|
|poke|p2|Cloyster, F|
|poke|p2|Ditto|
|poke|p2|Latios, M|
|poke|p2|Samurott-Hisui, M|
|teampreview
|inactive|Battle timer is ON: inactive players will automatically lose when time's up. (requested by shadow xdash)
|
|t:|1757841327
|teamsize|p1|6
|teamsize|p2|6
|start
|switch|p1a: Gyarados|Gyarados, M, shiny|100/100
|switch|p2a: Latios|Latios, M|100/100
|turn|1
|
|t:|1757841332
|move|p2a: Latios|Trick|p1a: Gyarados
|-activate|p2a: Latios|move: Trick|[of] p1a: Gyarados
|-item|p1a: Gyarados|Choice Specs|[from] move: Trick
|-item|p2a: Latios|Choice Band|[from] move: Trick
|move|p1a: Gyarados|Waterfall|p2a: Latios
|-resisted|p2a: Latios
|-damage|p2a: Latios|68/100
|
|upkeep
|turn|2
|
|t:|1757841341
|move|p2a: Latios|Luster Purge|p1a: Gyarados
|-damage|p1a: Gyarados|52/100
|-unboost|p1a: Gyarados|spd|1
|move|p1a: Gyarados|Waterfall|p2a: Latios
|-resisted|p2a: Latios
|-damage|p2a: Latios|40/100
|
|upkeep
|turn|3
|
|t:|1757841348
|move|p2a: Latios|Luster Purge|p1a: Gyarados
|-damage|p1a: Gyarados|0 fnt
|faint|p1a: Gyarados
|
|upkeep
|
|t:|1757841358
|switch|p1a: Luxray|Luxray, M, shiny|100/100
|turn|4
|
|t:|1757841373
|switch|p2a: Pecharunt|Pecharunt|100/100
|move|p1a: Luxray|Trailblaze|p2a: Pecharunt
|-resisted|p2a: Pecharunt
|-damage|p2a: Pecharunt|97/100
|-boost|p1a: Luxray|spe|1
|
|-status|p1a: Luxray|brn|[from] item: Flame Orb
|upkeep
|turn|5
|
|t:|1757841384
|move|p1a: Luxray|Supercell Slam|p2a: Pecharunt
|-damage|p2a: Pecharunt|62/100
|move|p2a: Pecharunt|Malignant Chain|p1a: Luxray
|-damage|p1a: Luxray|56/100 brn
|
|-damage|p1a: Luxray|50/100 brn|[from] brn
|upkeep
|turn|6
|
|t:|1757841391
|move|p1a: Luxray|Supercell Slam|p2a: Pecharunt
|-damage|p2a: Pecharunt|28/100
|move|p2a: Pecharunt|Recover|p2a: Pecharunt
|-heal|p2a: Pecharunt|78/100
|
|-damage|p1a: Luxray|44/100 brn|[from] brn
|upkeep
|turn|7
|
|t:|1757841398
|move|p1a: Luxray|Supercell Slam|p2a: Pecharunt
|-damage|p2a: Pecharunt|44/100
|move|p2a: Pecharunt|Recover|p2a: Pecharunt
|-heal|p2a: Pecharunt|94/100
|
|-damage|p1a: Luxray|38/100 brn|[from] brn
|upkeep
|turn|8
|
|t:|1757841405
|move|p1a: Luxray|Supercell Slam|p2a: Pecharunt
|-damage|p2a: Pecharunt|59/100
|move|p2a: Pecharunt|Parting Shot|p1a: Luxray
|-unboost|p1a: Luxray|atk|1
|-unboost|p1a: Luxray|spa|1
|
|t:|1757841413
|switch|p2a: Cloyster|Cloyster, F|100/100|[from] Parting Shot
|
|-damage|p1a: Luxray|32/100 brn|[from] brn
|upkeep
|turn|9
|
|t:|1757841421
|-terastallize|p2a: Cloyster|Ground
|move|p1a: Luxray|Supercell Slam|p2a: Cloyster
|-immune|p2a: Cloyster
|-damage|p1a: Luxray|0 fnt|[from] supercellslam
|faint|p1a: Luxray
|move|p2a: Cloyster|Shell Smash|p2a: Cloyster
|-unboost|p2a: Cloyster|def|1
|-unboost|p2a: Cloyster|spd|1
|-boost|p2a: Cloyster|atk|2
|-boost|p2a: Cloyster|spa|2
|-boost|p2a: Cloyster|spe|2
|
|upkeep
|
|t:|1757841429
|switch|p1a: Garchomp|Garchomp, M, shiny|100/100
|turn|10
|
|t:|1757841435
|-terastallize|p1a: Garchomp|Water
|move|p2a: Cloyster|Ice Shard|p1a: Garchomp
|-resisted|p1a: Garchomp
|-crit|p1a: Garchomp
|-damage|p1a: Garchomp|72/100
|move|p1a: Garchomp|Scale Shot|p2a: Cloyster
|-damage|p2a: Cloyster|84/100
|-damage|p2a: Cloyster|68/100
|-damage|p2a: Cloyster|52/100
|-damage|p2a: Cloyster|36/100
|-damage|p2a: Cloyster|19/100
|-hitcount|p2a: Cloyster|5
|-unboost|p1a: Garchomp|def|1
|-boost|p1a: Garchomp|spe|1
|
|upkeep
|turn|11
|
|t:|1757841449
|move|p1a: Garchomp|Scale Shot|p2a: Cloyster|[miss]
|-miss|p1a: Garchomp|p2a: Cloyster
|move|p2a: Cloyster|Rock Blast|p1a: Garchomp
|-damage|p1a: Garchomp|50/100
|-damage|p1a: Garchomp|27/100
|-damage|p1a: Garchomp|3/100
|-damage|p1a: Garchomp|0 fnt
|faint|p1a: Garchomp
|-hitcount|p1: Garchomp|4
|
|upkeep
|
|t:|1757841454
|switch|p1a: Infernape|Infernape, M, shiny|100/100
|turn|12
|
|t:|1757841465
|move|p2a: Cloyster|Icicle Spear|p1a: Infernape
|-resisted|p1a: Infernape
|-damage|p1a: Infernape|79/100
|-resisted|p1a: Infernape
|-damage|p1a: Infernape|59/100
|-resisted|p1a: Infernape
|-damage|p1a: Infernape|37/100
|-resisted|p1a: Infernape
|-damage|p1a: Infernape|16/100
|-resisted|p1a: Infernape
|-damage|p1a: Infernape|0 fnt
|faint|p1a: Infernape
|-hitcount|p1: Infernape|5
|
|upkeep
|
|t:|1757841470
|switch|p1a: Gengar|Gengar, M, shiny|100/100
|turn|13
|-message|shadow xdash forfeited.
|
|win|skater66
|raw|shadow xdash's rating: 1208 &rarr; <strong>1183</strong><br />(-25 for losing)
|raw|skater66's rating: 1209 &rarr; <strong>1234</strong><br />(+25 for winning)
|l|☆shadow xdash
|player|p1|
|l|☆skater66
|player|p2|
