|j|☆fadingstrawberry
|j|☆lolcano46
|t:|1757892403
|gametype|singles
|player|p1|fadingstrawberry|swimmerf-gen4|1558
|player|p2|lolcano46|fisherman-gen4|1612
|gen|9
|tier|[Gen 9] OU
|rated|
|rule|HP Percentage Mod: HP is shown in percentages
|rule|Endless Battle Clause: Forcing endless battles is banned
|rule|Species Clause: Limit one of each Pokémon
|rule|OHKO Clause: OHKO moves are banned
|rule|Evasion Items Clause: Evasion items are banned
|rule|Evasion Moves Clause: Evasion moves are banned
|rule|Evasion Abilities Clause: Evasion abilities are banned
|rule|Sleep Moves Clause: Sleep-inducing moves are banned
|clearpoke
|poke|p1|Torkoal, F|
|poke|p1|Great Tusk|
|poke|p1|Hatterene, F|
|poke|p1|Walking Wake|
|poke|p1|Slither Wing|
|poke|p1|Weavile, F|
|poke|p2|Azelf|
|poke|p2|Ogerpon-Wellspring, F|
|poke|p2|Scizor, F|
|poke|p2|Gengar, M|
|poke|p2|Raging Bolt|
|poke|p2|Cinderace, F|
|teampreview
|inactive|Battle timer is ON: inactive players will automatically lose when time's up. (requested by lolcano46)
|inactive|lolcano46 has 120 seconds left.
|
|t:|1757892442
|teamsize|p1|6
|teamsize|p2|6
|start
|switch|p1a: Torkoal|Torkoal, F|100/100
|switch|p2a: Gengar|Gengar, M|100/100
|-weather|SunnyDay|[from] ability: Drought|[of] p1a: Torkoal
|turn|1
|
|t:|1757892448
|switch|p1a: Weavile|Weavile, F|100/100
|-ability|p1a: Weavile|Pressure
|move|p2a: Gengar|Trick|p1a: Weavile
|-activate|p2a: Gengar|move: Trick|[of] p1a: Weavile
|-item|p1a: Weavile|Choice Scarf|[from] move: Trick
|-item|p2a: Gengar|Heavy-Duty Boots|[from] move: Trick
|
|-weather|SunnyDay|[upkeep]
|upkeep
|turn|2
|
|t:|1757892458
|switch|p2a: Raging Bolt|Raging Bolt|100/100
|-activate|p2a: Raging Bolt|ability: Protosynthesis
|-start|p2a: Raging Bolt|protosynthesisspa
|move|p1a: Weavile|Triple Axel|p2a: Raging Bolt
|-supereffective|p2a: Raging Bolt
|-damage|p2a: Raging Bolt|83/100
|-supereffective|p2a: Raging Bolt
|-damage|p2a: Raging Bolt|46/100
|-supereffective|p2a: Raging Bolt
|-damage|p2a: Raging Bolt|0 fnt
|faint|p2a: Raging Bolt
|-end|p2a: Raging Bolt|Protosynthesis|[silent]
|-hitcount|p2: Raging Bolt|3
|
|-weather|SunnyDay|[upkeep]
|upkeep
|
|t:|1757892465
|switch|p2a: Cinderace|Cinderace, F|100/100
|turn|3
|
|t:|1757892473
|switch|p1a: Great Tusk|Great Tusk|100/100
|-activate|p1a: Great Tusk|ability: Protosynthesis
|-start|p1a: Great Tusk|protosynthesisdef
|move|p2a: Cinderace|Pyro Ball|p1a: Great Tusk
|-damage|p1a: Great Tusk|69/100
|
|-weather|SunnyDay|[upkeep]
|upkeep
|turn|4
|
|t:|1757892482
|-end|p1a: Great Tusk|Protosynthesis|[silent]
|switch|p1a: Hatterene|Hatterene, F|100/100
|move|p2a: Cinderace|Will-O-Wisp|p1a: Hatterene
|move|p1a: Hatterene|Will-O-Wisp|p2a: Cinderace|[from] ability: Magic Bounce
|-immune|p2a: Cinderace
|
|-weather|SunnyDay|[upkeep]
|upkeep
|turn|5
|
|t:|1757892485
|move|p2a: Cinderace|Pyro Ball|p1a: Hatterene
|-damage|p1a: Hatterene|26/100
|-status|p1a: Hatterene|brn
|move|p1a: Hatterene|Nuzzle|p2a: Cinderace
|-damage|p2a: Cinderace|98/100
|-status|p2a: Cinderace|par
|
|-weather|SunnyDay|[upkeep]
|-heal|p1a: Hatterene|32/100 brn|[from] item: Leftovers
|-damage|p1a: Hatterene|26/100 brn|[from] brn
|upkeep
|turn|6
|
|t:|1757892491
|switch|p1a: Walking Wake|Walking Wake|100/100
|-activate|p1a: Walking Wake|ability: Protosynthesis
|-start|p1a: Walking Wake|protosynthesisspe
|move|p2a: Cinderace|Pyro Ball|p1a: Walking Wake
|-resisted|p1a: Walking Wake
|-damage|p1a: Walking Wake|76/100
|
|-weather|SunnyDay|[upkeep]
|upkeep
|turn|7
|
|t:|1757892498
|move|p2a: Cinderace|Sucker Punch|p1a: Walking Wake
|-start|p2a: Cinderace|typechange|Dark|[from] ability: Libero
|-damage|p1a: Walking Wake|41/100
|move|p1a: Walking Wake|Dragon Pulse|p2a: Cinderace
|-damage|p2a: Cinderace|7/100 par
|
|-weather|SunnyDay|[upkeep]
|upkeep
|turn|8
|
|t:|1757892503
|-end|p1a: Walking Wake|Protosynthesis|[silent]
|switch|p1a: Weavile|Weavile, F|100/100
|-ability|p1a: Weavile|Pressure
|cant|p2a: Cinderace|par
|
|-weather|none
|upkeep
|turn|9
|
|t:|1757892507
|move|p1a: Weavile|Ice Shard|p2a: Cinderace
|-damage|p2a: Cinderace|0 fnt
|faint|p2a: Cinderace
|
|upkeep
|
|t:|1757892510
|switch|p2a: Scizor|Scizor, F|100/100
|turn|10
|
|t:|1757892515
|switch|p1a: Great Tusk|Great Tusk|69/100
|move|p2a: Scizor|Swords Dance|p2a: Scizor
|-boost|p2a: Scizor|atk|2
|
|upkeep
|turn|11
|
|t:|1757892523
|move|p2a: Scizor|Bullet Punch|p1a: Great Tusk
|-damage|p1a: Great Tusk|32/100
|move|p1a: Great Tusk|Body Press|p2a: Scizor
|-damage|p2a: Scizor|50/100
|
|upkeep
|turn|12
|
|t:|1757892528
|move|p2a: Scizor|Bullet Punch|p1a: Great Tusk
|-damage|p1a: Great Tusk|0 fnt
|faint|p1a: Great Tusk
|-end|p1a: Great Tusk|Protosynthesis|[silent]
|
|upkeep
|
|t:|1757892537
|switch|p1a: Slither Wing|Slither Wing|100/100
|turn|13
|
|t:|1757892544
|move|p2a: Scizor|Bullet Punch|p1a: Slither Wing
|-damage|p1a: Slither Wing|22/100
|move|p1a: Slither Wing|Earthquake|p2a: Scizor
|-damage|p2a: Scizor|10/100
|
|upkeep
|turn|14
|
|t:|1757892549
|-end|p1a: Slither Wing|Protosynthesis|[silent]
|switch|p1a: Hatterene|Hatterene, F|26/100 brn
|move|p2a: Scizor|Bullet Punch|p1a: Hatterene
|-supereffective|p1a: Hatterene
|-damage|p1a: Hatterene|0 fnt
|faint|p1a: Hatterene
|
|upkeep
|
|t:|1757892552
|switch|p1a: Weavile|Weavile, F|100/100
|-ability|p1a: Weavile|Pressure
|turn|15
|j| Nikator98
|
|t:|1757892556
|switch|p2a: Gengar|Gengar, M|100/100
|move|p1a: Weavile|Ice Shard|p2a: Gengar
|-crit|p2a: Gengar
|-damage|p2a: Gengar|36/100
|-start|p1a: Weavile|Disable|Ice Shard|[from] ability: Cursed Body|[of] p2a: Gengar
|
|upkeep
|turn|16
|l| Nikator98
|
|t:|1757892563
|switch|p1a: Torkoal|Torkoal, F|100/100
|-weather|SunnyDay|[from] ability: Drought|[of] p1a: Torkoal
|move|p2a: Gengar|Sludge Bomb|p1a: Torkoal
|-damage|p1a: Torkoal|36/100
|
|-weather|SunnyDay|[upkeep]
|upkeep
|turn|17
|
|t:|1757892570
|move|p2a: Gengar|Sludge Bomb|p1a: Torkoal
|-damage|p1a: Torkoal|0 fnt
|faint|p1a: Torkoal
|
|-weather|SunnyDay|[upkeep]
|upkeep
|
|t:|1757892574
|switch|p1a: Walking Wake|Walking Wake|41/100
|-activate|p1a: Walking Wake|ability: Protosynthesis
|-start|p1a: Walking Wake|protosynthesisspe
|turn|18
|
|t:|1757892577
|move|p1a: Walking Wake|Flamethrower|p2a: Gengar
|-damage|p2a: Gengar|0 fnt
|faint|p2a: Gengar
|
|-weather|SunnyDay|[upkeep]
|upkeep
|
|t:|1757892580
|switch|p2a: Ogerpon|Ogerpon-Wellspring, F|100/100
|turn|19
|
|t:|1757892584
|-end|p1a: Walking Wake|Protosynthesis|[silent]
|switch|p1a: Weavile|Weavile, F|100/100
|-ability|p1a: Weavile|Pressure
|-terastallize|p2a: Ogerpon|Water
|detailschange|p2a: Ogerpon|Ogerpon-Wellspring-Tera, F, tera:Water
|-ability|p2a: Ogerpon|Embody Aspect (Wellspring)|boost
|-boost|p2a: Ogerpon|spd|1
|move|p2a: Ogerpon|Horn Leech|p1a: Weavile
|-damage|p1a: Weavile|18/100
|
|-weather|SunnyDay|[upkeep]
|upkeep
|turn|20
|
|t:|1757892590
|move|p1a: Weavile|Knock Off|p2a: Ogerpon
|-damage|p2a: Ogerpon|57/100
|move|p2a: Ogerpon|Horn Leech|p1a: Weavile
|-damage|p1a: Weavile|0 fnt
|-heal|p2a: Ogerpon|65/100|[from] drain|[of] p1a: Weavile
|faint|p1a: Weavile
|
|-weather|SunnyDay|[upkeep]
|upkeep
|
|t:|1757892595
|switch|p1a: Walking Wake|Walking Wake|41/100
|-activate|p1a: Walking Wake|ability: Protosynthesis
|-start|p1a: Walking Wake|protosynthesisspe
|turn|21
|
|t:|1757892601
|move|p1a: Walking Wake|Draco Meteor|p2a: Ogerpon
|-damage|p2a: Ogerpon|0 fnt
|-unboost|p1a: Walking Wake|spa|2
|faint|p2a: Ogerpon
|detailschange|p2: Ogerpon|Ogerpon-Wellspring, F|[silent]
|
|-weather|SunnyDay|[upkeep]
|upkeep
|
|t:|1757892605
|switch|p2a: Azelf|Azelf|100/100
|turn|22
|
|t:|1757892615
|move|p1a: Walking Wake|Draco Meteor|p2a: Azelf
|-damage|p2a: Azelf|17/100
|-unboost|p1a: Walking Wake|spa|2
|move|p2a: Azelf|Dazzling Gleam|p1a: Walking Wake
|-supereffective|p1a: Walking Wake
|-damage|p1a: Walking Wake|0 fnt
|faint|p1a: Walking Wake
|-end|p1a: Walking Wake|Protosynthesis|[silent]
|
|-weather|SunnyDay|[upkeep]
|upkeep
|
|t:|1757892618
|switch|p1a: Slither Wing|Slither Wing|22/100
|-activate|p1a: Slither Wing|ability: Protosynthesis
|-start|p1a: Slither Wing|protosynthesisatk
|turn|23
|
|t:|1757892626
|move|p1a: Slither Wing|First Impression|p2a: Azelf
|-supereffective|p2a: Azelf
|-damage|p2a: Azelf|0 fnt
|faint|p2a: Azelf
|
|-weather|none
|-end|p1a: Slither Wing|Protosynthesis
|upkeep
|
|t:|1757892628
|switch|p2a: Scizor|Scizor, F|10/100
|turn|24
|
|t:|1757892631
|-terastallize|p1a: Slither Wing|Fire
|move|p2a: Scizor|Bullet Punch|p1a: Slither Wing
|-resisted|p1a: Slither Wing
|-damage|p1a: Slither Wing|2/100
|move|p1a: Slither Wing|Earthquake|p2a: Scizor
|-damage|p2a: Scizor|0 fnt
|faint|p2a: Scizor
|
|win|fadingstrawberry
|raw|fadingstrawberry's rating: 1558 &rarr; <strong>1581</strong><br />(+23 for winning)
|raw|lolcano46's rating: 1612 &rarr; <strong>1589</strong><br />(-23 for losing)
|l|☆lolcano46
|player|p2|
|c|☆fadingstrawberry|Gg
|c|☆fadingstrawberry|!dt weaknesses slither wing
|error|'weaknesses slither wing' doesn't match any Pokémon, item, move, ability or nature. (Check your spelling?)
|c|☆fadingstrawberry|!dt Slither_Wing
|raw|<div class="message"><ul class="utilichart"><li class="result"><span class="col numcol">UU</span> <span class="col iconcol"><psicon pokemon="slitherwing"/></span> <span class="col pokemonnamecol" style="white-space:nowrap"><a href="https://dex.pokemonshowdown.com/pokemon/slitherwing" target="_blank">Slither Wing</a></span> <span class="col typecol"><img src="https://play.pokemonshowdown.com/sprites/types/Bug.png" alt="Bug" height="14" width="32"><img src="https://play.pokemonshowdown.com/sprites/types/Fighting.png" alt="Fighting" height="14" width="32"></span> <span style="float:left;min-height:26px"><span class="col abilitycol">Protosynthesis</span><span class="col abilitycol"></span></span><span style="float:left;min-height:26px"><span class="col statcol"><em>HP</em><br />85</span> <span class="col statcol"><em>Atk</em><br />135</span> <span class="col statcol"><em>Def</em><br />79</span> <span class="col statcol"><em>SpA</em><br />85</span> <span class="col statcol"><em>SpD</em><br />105</span> <span class="col statcol"><em>Spe</em><br />81</span> <span class="col bstcol"><em>BST<br />570</em></span> </span></li><li style="clear:both"></li></ul></div>
|raw|<font size="1"><font color="#686868">Dex#:</font> 988&nbsp;|&ThickSpace;<font color="#686868">Gen:</font> 9&nbsp;|&ThickSpace;<font color="#686868">Height:</font> 3.2 m&nbsp;|&ThickSpace;<font color="#686868">Weight:</font> 92 kg <em>(80 BP)</em>&nbsp;|&ThickSpace;<font color="#686868">Dex Colour:</font> White&nbsp;|&ThickSpace;<font color="#686868">Egg Group(s):</font> Undiscovered&nbsp;|&ThickSpace;<font color="#686868">Does Not Evolve</font></font>

|c|☆fadingstrawberry|!weaknesses Slither wing
|c| fadingstrawberry|/raw <div class="infobox">Slither Wing (ignoring abilities):<br /><span class="message-effect-weak">Weaknesses</span>: Fairy, Fire, <b>Flying</b>, Psychic<br /><span class="message-effect-resist">Resistances</span>: Bug, Dark, Fighting, Grass, Ground<br /><span class="message-effect-immune">Immunities</span>: <span class="gray">None</span></div>
