|j|☆preycodedanimal
|j|☆meowshott
|t:|1757826739
|gametype|singles
|player|p1|preycodedanimal|waitress|1334
|player|p2|meowshott|1|1290
|gen|9
|tier|[Gen 9] OU
|rated|
|rule|HP Percentage Mod: HP is shown in percentages
|rule|Endless Battle Clause: Forcing endless battles is banned
|rule|Species Clause: Limit one of each Pokémon
|rule|OHKO Clause: OHKO moves are banned
|rule|Evasion Items Clause: Evasion items are banned
|rule|Evasion Moves Clause: Evasion moves are banned
|rule|Evasion Abilities Clause: Evasion abilities are banned
|rule|Sleep Moves Clause: Sleep-inducing moves are banned
|clearpoke
|poke|p1|Indeedee, M|
|poke|p1|Hatterene, F|
|poke|p1|Ursaluna, F|
|poke|p1|Iron Hands|
|poke|p1|Hoopa-Unbound|
|poke|p1|Mimikyu, F|
|poke|p2|Blaziken, F|
|poke|p2|Walking Wake|
|poke|p2|Torkoal, F|
|poke|p2|Vileplume, M|
|poke|p2|Raging Bolt|
|poke|p2|Sableye, M|
|teampreview
|inactive|Battle timer is ON: inactive players will automatically lose when time's up. (requested by meowshott)
|
|t:|1757826757
|teamsize|p1|6
|teamsize|p2|6
|start
|switch|p1a: Indeedee|Indeedee, M, shiny|100/100
|switch|p2a: Torkoal|Torkoal, F|100/100
|-fieldstart|move: Psychic Terrain|[from] ability: Psychic Surge|[of] p1a: Indeedee
|-weather|SunnyDay|[from] ability: Drought|[of] p2a: Torkoal
|turn|1
|
|t:|1757826778
|switch|p1a: Hatterene|Hatterene, F, shiny|100/100
|move|p2a: Torkoal|Stealth Rock|p1a: Hatterene
|move|p1a: Hatterene|Stealth Rock|p2a: Torkoal|[from] ability: Magic Bounce
|-sidestart|p2: meowshott|move: Stealth Rock
|
|-weather|SunnyDay|[upkeep]
|upkeep
|turn|2
|
|t:|1757826782
|move|p2a: Torkoal|Rapid Spin|p1a: Hatterene
|-damage|p1a: Hatterene|89/100
|-boost|p2a: Torkoal|spe|1
|-sideend|p2: meowshott|Stealth Rock|[from] move: Rapid Spin|[of] p2a: Torkoal
|move|p1a: Hatterene|Trick Room|p1a: Hatterene
|-fieldstart|move: Trick Room|[of] p1a: Hatterene
|
|-weather|SunnyDay|[upkeep]
|upkeep
|turn|3
|
|t:|1757826788
|move|p1a: Hatterene|Expanding Force|p2a: Torkoal
|-damage|p2a: Torkoal|0 fnt
|faint|p2a: Torkoal
|-damage|p1a: Hatterene|80/100|[from] item: Life Orb
|
|-weather|SunnyDay|[upkeep]
|upkeep
|
|t:|1757826798
|switch|p2a: Sableye|Sableye, M|100/100
|turn|4
|
|t:|1757826807
|-terastallize|p2a: Sableye|Steel
|move|p1a: Hatterene|Draining Kiss|p2a: Sableye
|-resisted|p2a: Sableye
|-damage|p2a: Sableye|81/100
|-heal|p1a: Hatterene|94/100|[from] drain|[of] p2a: Sableye
|-damage|p1a: Hatterene|84/100|[from] item: Life Orb
|move|p2a: Sableye|Knock Off|p1a: Hatterene
|-damage|p1a: Hatterene|55/100
|-enditem|p1a: Hatterene|Life Orb|[from] move: Knock Off|[of] p2a: Sableye
|
|-weather|SunnyDay|[upkeep]
|upkeep
|turn|5
|
|t:|1757826813
|move|p1a: Hatterene|Mystical Fire|p2a: Sableye
|-supereffective|p2a: Sableye
|-damage|p2a: Sableye|0 fnt
|faint|p2a: Sableye
|
|-weather|SunnyDay|[upkeep]
|upkeep
|
|t:|1757826816
|switch|p2a: Blaziken|Blaziken, F, shiny|100/100
|turn|6
|
|t:|1757826821
|move|p2a: Blaziken|Protect|p2a: Blaziken
|-singleturn|p2a: Blaziken|Protect
|move|p1a: Hatterene|Expanding Force|p2a: Blaziken
|-activate|p2a: Blaziken|move: Protect
|
|-weather|SunnyDay|[upkeep]
|-fieldend|move: Trick Room
|-ability|p2a: Blaziken|Speed Boost|boost
|-boost|p2a: Blaziken|spe|1
|upkeep
|turn|7
|
|t:|1757826829
|switch|p2a: Walking Wake|Walking Wake|100/100
|-activate|p2a: Walking Wake|ability: Protosynthesis
|-start|p2a: Walking Wake|protosynthesisspa
|switch|p1a: Mimikyu|Mimikyu, F, shiny|100/100
|
|-weather|SunnyDay|[upkeep]
|upkeep
|turn|8
|
|t:|1757826835
|move|p2a: Walking Wake|Hydro Steam|p1a: Mimikyu
|-activate|p1a: Mimikyu|ability: Disguise
|-damage|p1a: Mimikyu|100/100
|detailschange|p1a: Mimikyu|Mimikyu-Busted, F, shiny
|-damage|p1a: Mimikyu|88/100|[from] pokemon: Mimikyu-Busted
|-enditem|p1a: Mimikyu|Red Card|[of] p2a: Walking Wake
|-end|p2a: Walking Wake|Protosynthesis|[silent]
|drag|p2a: Blaziken|Blaziken, F, shiny|100/100
|move|p1a: Mimikyu|Trick Room|p1a: Mimikyu
|-fieldstart|move: Trick Room|[of] p1a: Mimikyu
|
|-weather|none
|-fieldend|move: Psychic Terrain
|upkeep
|turn|9
|
|t:|1757826846
|move|p1a: Mimikyu|Curse|p2a: Blaziken
|-start|p2a: Blaziken|Curse|[of] p1a: Mimikyu
|-damage|p1a: Mimikyu|38/100
|move|p2a: Blaziken|Swords Dance|p2a: Blaziken
|-boost|p2a: Blaziken|atk|2
|
|-damage|p2a: Blaziken|76/100|[from] Curse
|-ability|p2a: Blaziken|Speed Boost|boost
|-boost|p2a: Blaziken|spe|1
|upkeep
|turn|10
|
|t:|1757826857
|move|p1a: Mimikyu|Play Rough|p2a: Blaziken
|-damage|p2a: Blaziken|30/100
|move|p2a: Blaziken|Flare Blitz|p1a: Mimikyu
|-damage|p1a: Mimikyu|0 fnt
|faint|p1a: Mimikyu
|-damage|p2a: Blaziken|17/100|[from] Recoil
|
|-damage|p2a: Blaziken|0 fnt|[from] Curse
|faint|p2a: Blaziken
|upkeep
|-message|meowshott forfeited.
|
|win|preycodedanimal
|raw|preycodedanimal's rating: 1334 &rarr; <strong>1351</strong><br />(+17 for winning)
|raw|meowshott's rating: 1290 &rarr; <strong>1268</strong><br />(-22 for losing)
|l|☆meowshott
|player|p2|
|l|☆preycodedanimal
|player|p1|
