|j|☆y_de_yuki
|j|☆xiaofffff gogogo
|t:|1757903102
|gametype|singles
|player|p1|y_de_yuki|169|1371
|player|p2|xiaofffff gogogo|fisherman-gen4|1417
|gen|9
|tier|[Gen 9] OU
|rated|
|rule|HP Percentage Mod: HP is shown in percentages
|rule|Endless Battle Clause: Forcing endless battles is banned
|rule|Species Clause: Limit one of each Pokémon
|rule|OHKO Clause: OHKO moves are banned
|rule|Evasion Items Clause: Evasion items are banned
|rule|Evasion Moves Clause: Evasion moves are banned
|rule|Evasion Abilities Clause: Evasion abilities are banned
|rule|Sleep Moves Clause: Sleep-inducing moves are banned
|clearpoke
|poke|p1|Mimikyu, F|
|poke|p1|Ogerpon-Wellspring, F|
|poke|p1|Meloetta|
|poke|p1|Raichu, M|
|poke|p1|Umbreon, M|
|poke|p1|Corviknight, M|
|poke|p2|Heatran, M|
|poke|p2|Landorus-Therian, M|
|poke|p2|Zamazenta-*|
|poke|p2|Dragapult, F|
|poke|p2|Great Tusk|
|poke|p2|Slowking-Galar, F|
|teampreview
|inactive|Battle timer is ON: inactive players will automatically lose when time's up. (requested by y_de_yuki)
|
|t:|1757903155
|teamsize|p1|6
|teamsize|p2|6
|start
|switch|p1a: Afrodita|Ogerpon-Wellspring, F|100/100
|switch|p2a: Landorus|Landorus-Therian, M|100/100
|-ability|p2a: Landorus|Intimidate|boost
|-unboost|p1a: Afrodita|atk|1
|turn|1
|
|t:|1757903166
|move|p1a: Afrodita|Ivy Cudgel|p2a: Landorus|[anim] Ivy Cudgel Water
|-supereffective|p2a: Landorus
|-damage|p2a: Landorus|0 fnt
|faint|p2a: Landorus
|
|upkeep
|
|t:|1757903181
|switch|p2a: Slowking|Slowking-Galar, F|100/100
|turn|2
|
|t:|1757903186
|move|p1a: Afrodita|U-turn|p2a: Slowking
|-damage|p2a: Slowking|86/100
|
|t:|1757903188
|switch|p1a: Corvo|Corviknight, M|100/100|[from] U-turn
|-ability|p1a: Corvo|Pressure
|move|p2a: Slowking|Future Sight|p1a: Corvo
|-start|p2a: Slowking|move: Future Sight
|
|upkeep
|turn|3
|
|t:|1757903194
|switch|p2a: Heatran|Heatran, M|100/100
|move|p1a: Corvo|U-turn|p2a: Heatran
|-resisted|p2a: Heatran
|-damage|p2a: Heatran|98/100
|
|t:|1757903200
|switch|p1a: Jinx|Umbreon, M|100/100|[from] U-turn
|
|-heal|p2a: Heatran|100/100|[from] item: Leftovers
|upkeep
|turn|4
|
|t:|1757903214
|move|p2a: Heatran|Magma Storm|p1a: Jinx
|-damage|p1a: Jinx|80/100
|-activate|p1a: Jinx|move: Magma Storm|[of] p2a: Heatran
|move|p1a: Jinx|Toxic|p2a: Heatran
|-immune|p2a: Heatran
|
|-end|p1a: Jinx|move: Future Sight
|-immune|p1a: Jinx
|-heal|p1a: Jinx|86/100|[from] item: Leftovers
|-damage|p1a: Jinx|73/100|[from] move: Magma Storm|[partiallytrapped]
|upkeep
|turn|5
|
|t:|1757903225
|move|p2a: Heatran|Stealth Rock|p1a: Jinx
|-sidestart|p1: y_de_yuki|move: Stealth Rock
|move|p1a: Jinx|Wish|p1a: Jinx
|
|-heal|p1a: Jinx|79/100|[from] item: Leftovers
|-damage|p1a: Jinx|67/100|[from] move: Magma Storm|[partiallytrapped]
|upkeep
|turn|6
|
|t:|1757903231
|move|p2a: Heatran|Taunt|p1a: Jinx
|-start|p1a: Jinx|move: Taunt
|move|p1a: Jinx|Foul Play|p2a: Heatran
|-damage|p2a: Heatran|81/100
|
|-heal|p1a: Jinx|100/100|[from] move: Wish|[wisher] Jinx
|-heal|p2a: Heatran|87/100|[from] item: Leftovers
|-damage|p1a: Jinx|88/100|[from] move: Magma Storm|[partiallytrapped]
|upkeep
|turn|7
|
|t:|1757903243
|move|p2a: Heatran|Magma Storm|p1a: Jinx
|-damage|p1a: Jinx|67/100
|move|p1a: Jinx|Foul Play|p2a: Heatran
|-damage|p2a: Heatran|67/100
|
|-heal|p2a: Heatran|73/100|[from] item: Leftovers
|-heal|p1a: Jinx|73/100|[from] item: Leftovers
|-damage|p1a: Jinx|61/100|[from] move: Magma Storm|[partiallytrapped]
|upkeep
|turn|8
|
|t:|1757903251
|move|p2a: Heatran|Earth Power|p1a: Jinx
|-damage|p1a: Jinx|48/100
|move|p1a: Jinx|Foul Play|p2a: Heatran
|-damage|p2a: Heatran|53/100
|
|-heal|p2a: Heatran|59/100|[from] item: Leftovers
|-heal|p1a: Jinx|55/100|[from] item: Leftovers
|-end|p1a: Jinx|Magma Storm|[partiallytrapped]
|-end|p1a: Jinx|move: Taunt
|upkeep
|turn|9
|
|t:|1757903263
|switch|p2a: Great Tusk|Great Tusk|100/100
|-enditem|p2a: Great Tusk|Booster Energy
|-activate|p2a: Great Tusk|ability: Protosynthesis|[fromitem]
|-start|p2a: Great Tusk|protosynthesisatk
|switch|p1a: Garfield|Raichu, M|100/100
|-damage|p1a: Garfield|88/100|[from] Stealth Rock
|
|upkeep
|turn|10
|
|t:|1757903282
|switch|p1a: Corvo|Corviknight, M|100/100
|-damage|p1a: Corvo|88/100|[from] Stealth Rock
|-ability|p1a: Corvo|Pressure
|move|p2a: Great Tusk|Ice Spinner|p1a: Corvo
|-damage|p1a: Corvo|66/100
|-damage|p2a: Great Tusk|84/100|[from] item: Rocky Helmet|[of] p1a: Corvo
|
|upkeep
|turn|11
|
|t:|1757903294
|-terastallize|p2a: Great Tusk|Electric
|move|p2a: Great Tusk|Supercell Slam|p1a: Corvo|[miss]
|-miss|p2a: Great Tusk|p1a: Corvo
|-damage|p2a: Great Tusk|34/100|[from] supercellslam
|move|p1a: Corvo|Defog|p2a: Great Tusk
|-unboost|p2a: Great Tusk|evasion|1
|-sideend|p1: y_de_yuki|Stealth Rock|[from] move: Defog|[of] p1a: Corvo
|
|upkeep
|turn|12
|inactive|y_de_yuki has 120 seconds left.
|
|t:|1757903335
|-end|p2a: Great Tusk|Protosynthesis|[silent]
|switch|p2a: Slowking|Slowking-Galar, F|100/100
|switch|p1a: Garfield|Raichu, M|88/100
|
|upkeep
|turn|13
|
|t:|1757903342
|move|p1a: Garfield|Volt Switch|p2a: Slowking
|-damage|p2a: Slowking|70/100
|
|t:|1757903346
|switch|p1a: Afrodita|Ogerpon-Wellspring, F|100/100|[from] Volt Switch
|move|p2a: Slowking|Future Sight|p1a: Afrodita
|-start|p2a: Slowking|move: Future Sight
|
|upkeep
|turn|14
|
|t:|1757903351
|move|p1a: Afrodita|Knock Off|p2a: Slowking
|-supereffective|p2a: Slowking
|-damage|p2a: Slowking|13/100
|-enditem|p2a: Slowking|Shuca Berry|[from] move: Knock Off|[of] p1a: Afrodita
|move|p2a: Slowking|Sludge Bomb|p1a: Afrodita
|-supereffective|p1a: Afrodita
|-damage|p1a: Afrodita|23/100
|-status|p1a: Afrodita|psn
|
|-damage|p1a: Afrodita|10/100 psn|[from] psn
|upkeep
|turn|15
|
|t:|1757903362
|switch|p2a: Zamazenta|Zamazenta|100/100
|-ability|p2a: Zamazenta|Dauntless Shield|boost
|-boost|p2a: Zamazenta|def|1
|move|p1a: Afrodita|U-turn|p2a: Zamazenta
|-resisted|p2a: Zamazenta
|-damage|p2a: Zamazenta|95/100
|
|t:|1757903367
|switch|p1a: Corvo|Corviknight, M|66/100|[from] U-turn
|-ability|p1a: Corvo|Pressure
|
|-end|p1a: Corvo|move: Future Sight
|-resisted|p1a: Corvo
|-damage|p1a: Corvo|44/100
|-heal|p2a: Zamazenta|100/100|[from] item: Leftovers
|upkeep
|turn|16
|
|t:|1757903375
|move|p2a: Zamazenta|Body Press|p1a: Corvo
|-damage|p1a: Corvo|7/100
|-damage|p2a: Zamazenta|84/100|[from] item: Rocky Helmet|[of] p1a: Corvo
|move|p1a: Corvo|Roost|p1a: Corvo
|-heal|p1a: Corvo|57/100
|-singleturn|p1a: Corvo|move: Roost
|
|-heal|p2a: Zamazenta|90/100|[from] item: Leftovers
|upkeep
|turn|17
|
|t:|1757903385
|move|p2a: Zamazenta|Iron Defense|p2a: Zamazenta
|-boost|p2a: Zamazenta|def|2
|move|p1a: Corvo|Roost|p1a: Corvo
|-heal|p1a: Corvo|100/100
|-singleturn|p1a: Corvo|move: Roost
|
|-heal|p2a: Zamazenta|96/100|[from] item: Leftovers
|upkeep
|turn|18
|
|t:|1757903392
|move|p2a: Zamazenta|Iron Defense|p2a: Zamazenta
|-boost|p2a: Zamazenta|def|2
|move|p1a: Corvo|U-turn|p2a: Zamazenta
|-resisted|p2a: Zamazenta
|-damage|p2a: Zamazenta|95/100
|
|t:|1757903394
|switch|p1a: Zafiro|Meloetta|100/100|[from] U-turn
|
|-heal|p2a: Zamazenta|100/100|[from] item: Leftovers
|upkeep
|turn|19
|
|t:|1757903404
|-terastallize|p1a: Zafiro|Psychic
|move|p1a: Zafiro|Psychic|p2a: Zamazenta
|-supereffective|p2a: Zamazenta
|-damage|p2a: Zamazenta|6/100
|-unboost|p2a: Zamazenta|spd|1
|move|p2a: Zamazenta|Crunch|p1a: Zafiro
|-supereffective|p1a: Zafiro
|-damage|p1a: Zafiro|42/100
|
|-heal|p2a: Zamazenta|12/100|[from] item: Leftovers
|upkeep
|turn|20
|
|t:|1757903414
|switch|p2a: Heatran|Heatran, M|59/100
|move|p1a: Zafiro|Psychic|p2a: Heatran
|-resisted|p2a: Heatran
|-damage|p2a: Heatran|39/100
|
|-heal|p2a: Heatran|45/100|[from] item: Leftovers
|upkeep
|turn|21
|
|t:|1757903426
|switch|p1a: Afrodita|Ogerpon-Wellspring, F|10/100 psn
|move|p2a: Heatran|Magma Storm|p1a: Afrodita
|-damage|p1a: Afrodita|0 fnt
|faint|p1a: Afrodita
|
|-heal|p2a: Heatran|51/100|[from] item: Leftovers
|upkeep
|
|t:|1757903432
|switch|p1a: Garfield|Raichu, M|88/100
|turn|22
|
|t:|1757903439
|move|p1a: Garfield|Thunderbolt|p2a: Heatran
|-damage|p2a: Heatran|13/100
|-status|p2a: Heatran|par
|move|p2a: Heatran|Earth Power|p1a: Garfield
|-supereffective|p1a: Garfield
|-damage|p1a: Garfield|8/100
|
|-heal|p2a: Heatran|20/100 par|[from] item: Leftovers
|upkeep
|turn|23
|
|t:|1757903448
|move|p1a: Garfield|Thunderbolt|p2a: Heatran
|-damage|p2a: Heatran|0 fnt
|faint|p2a: Heatran
|
|upkeep
|
|t:|1757903452
|switch|p2a: Dragapult|Dragapult, F|100/100
|turn|24
|
|t:|1757903461
|switch|p1a: Corvo|Corviknight, M|100/100
|-ability|p1a: Corvo|Pressure
|move|p2a: Dragapult|U-turn|p1a: Corvo
|-resisted|p1a: Corvo
|-damage|p1a: Corvo|98/100
|-damage|p2a: Dragapult|84/100|[from] item: Rocky Helmet|[of] p1a: Corvo
|
|t:|1757903476
|switch|p2a: Zamazenta|Zamazenta|12/100|[from] U-turn
|
|-heal|p2a: Zamazenta|18/100|[from] item: Leftovers
|upkeep
|turn|25
|
|t:|1757903482
|move|p2a: Zamazenta|Iron Defense|p2a: Zamazenta
|-boost|p2a: Zamazenta|def|2
|move|p1a: Corvo|U-turn|p2a: Zamazenta
|-resisted|p2a: Zamazenta
|-damage|p2a: Zamazenta|16/100
|
|t:|1757903486
|switch|p1a: Zafiro|Meloetta, tera:Psychic|42/100|[from] U-turn
|
|-heal|p2a: Zamazenta|22/100|[from] item: Leftovers
|upkeep
|turn|26
|
|t:|1757903496
|switch|p2a: Slowking|Slowking-Galar, F|46/100
|move|p1a: Zafiro|Psychic|p2a: Slowking
|-damage|p2a: Slowking|0 fnt
|faint|p2a: Slowking
|
|upkeep
|
|t:|1757903502
|switch|p2a: Dragapult|Dragapult, F|84/100
|turn|27
|
|t:|1757903514
|move|p1a: Zafiro|Psychic|p2a: Dragapult
|-damage|p2a: Dragapult|0 fnt
|faint|p2a: Dragapult
|
|upkeep
|
|t:|1757903518
|switch|p2a: Great Tusk|Great Tusk, tera:Electric|34/100
|turn|28
|
|t:|1757903524
|move|p1a: Zafiro|Psychic|p2a: Great Tusk
|-damage|p2a: Great Tusk|0 fnt
|faint|p2a: Great Tusk
|-end|p2a: Great Tusk|Protosynthesis|[silent]
|
|upkeep
|-message|xiaofffff gogogo forfeited.
|
|win|y_de_yuki
|raw|y_de_yuki's rating: 1371 &rarr; <strong>1394</strong><br />(+23 for winning)
|raw|xiaofffff gogogo's rating: 1417 &rarr; <strong>1394</strong><br />(-23 for losing)
|l|☆xiaofffff gogogo
|player|p2|
|l|☆y_de_yuki
|player|p1|
