|j|☆Buzzfar24
|j|☆ulookugly
|t:|1757900915
|gametype|singles
|player|p1|Buzzfar24|zinzolin|1069
|player|p2|ulookugly|102|1080
|gen|9
|tier|[Gen 9] OU
|rated|
|rule|HP Percentage Mod: HP is shown in percentages
|rule|Endless Battle Clause: Forcing endless battles is banned
|rule|Species Clause: Limit one of each Pokémon
|rule|OHKO Clause: OHKO moves are banned
|rule|Evasion Items Clause: Evasion items are banned
|rule|Evasion Moves Clause: Evasion moves are banned
|rule|Evasion Abilities Clause: Evasion abilities are banned
|rule|Sleep Moves Clause: Sleep-inducing moves are banned
|clearpoke
|poke|p1|Ludicolo, M|
|poke|p1|Pelipper, F|
|poke|p1|Kingdra, M|
|poke|p1|Weezing, F|
|poke|p1|Vikavolt, F|
|poke|p1|Veluza, M|
|poke|p2|Excadrill, M|
|poke|p2|Tyranitar, F|
|poke|p2|Avalugg-Hisui, F|
|poke|p2|Landorus-Therian, M|
|poke|p2|Glimmora, F|
|poke|p2|Duraludon, F|
|teampreview
|inactive|Battle timer is ON: inactive players will automatically lose when time's up. (requested by ulookugly)
|
|t:|1757900929
|teamsize|p1|6
|teamsize|p2|6
|start
|switch|p1a: Veluza|Veluza, M|100/100
|switch|p2a: Tyranitar|Tyranitar, F|100/100
|-weather|Sandstorm|[from] ability: Sand Stream|[of] p2a: Tyranitar
|turn|1
|
|t:|1757900942
|switch|p2a: Glimmora|Glimmora, F|100/100
|move|p1a: Veluza|Aqua Cutter|p2a: Glimmora
|-supereffective|p2a: Glimmora
|-damage|p2a: Glimmora|0 fnt
|-activate|p2a: Glimmora|ability: Toxic Debris
|-sidestart|p1: Buzzfar24|move: Toxic Spikes
|faint|p2a: Glimmora
|
|-weather|Sandstorm|[upkeep]
|-damage|p1a: Veluza|94/100|[from] Sandstorm
|upkeep
|
|t:|1757900953
|switch|p2a: Avalugg|Avalugg-Hisui, F|100/100
|turn|2
|
|t:|1757900965
|move|p1a: Veluza|Aqua Cutter|p2a: Avalugg
|-supereffective|p2a: Avalugg
|-damage|p2a: Avalugg|41/100
|move|p2a: Avalugg|Crunch|p1a: Veluza
|-supereffective|p1a: Veluza
|-crit|p1a: Veluza
|-damage|p1a: Veluza|0 fnt
|faint|p1a: Veluza
|
|-weather|Sandstorm|[upkeep]
|upkeep
|
|t:|1757900972
|switch|p1a: Pelipper|Pelipper, F|100/100
|-weather|RainDance|[from] ability: Drizzle|[of] p1a: Pelipper
|turn|3
|
|t:|1757900979
|-terastallize|p2a: Avalugg|Fairy
|move|p1a: Pelipper|U-turn|p2a: Avalugg
|-resisted|p2a: Avalugg
|-damage|p2a: Avalugg|38/100
|
|t:|1757900986
|switch|p1a: Weezing|Weezing, F|100/100|[from] U-turn
|move|p2a: Avalugg|Ice Fang|p1a: Weezing
|-damage|p1a: Weezing|70/100
|
|-weather|RainDance|[upkeep]
|-heal|p1a: Weezing|76/100|[from] item: Black Sludge
|upkeep
|turn|4
|
|t:|1757900995
|move|p1a: Weezing|Will-O-Wisp|p2a: Avalugg
|-status|p2a: Avalugg|brn
|move|p2a: Avalugg|Crunch|p1a: Weezing
|-damage|p1a: Weezing|62/100
|
|-weather|RainDance|[upkeep]
|-heal|p1a: Weezing|68/100|[from] item: Black Sludge
|-damage|p2a: Avalugg|32/100 brn|[from] brn
|upkeep
|turn|5
|
|t:|1757901004
|move|p1a: Weezing|Gunk Shot|p2a: Avalugg
|-supereffective|p2a: Avalugg
|-damage|p2a: Avalugg|0 fnt
|faint|p2a: Avalugg
|
|-weather|RainDance|[upkeep]
|-heal|p1a: Weezing|74/100|[from] item: Black Sludge
|upkeep
|
|t:|1757901008
|switch|p2a: Tyranitar|Tyranitar, F|100/100
|-weather|Sandstorm|[from] ability: Sand Stream|[of] p2a: Tyranitar
|turn|6
|
|t:|1757901013
|switch|p1a: Pelipper|Pelipper, F|100/100
|-weather|RainDance|[from] ability: Drizzle|[of] p1a: Pelipper
|move|p2a: Tyranitar|Knock Off|p1a: Pelipper
|-damage|p1a: Pelipper|48/100
|-enditem|p1a: Pelipper|Damp Rock|[from] move: Knock Off|[of] p2a: Tyranitar
|
|-weather|RainDance|[upkeep]
|upkeep
|turn|7
|
|t:|1757901024
|switch|p2a: Duraludon|Duraludon, F|100/100
|move|p1a: Pelipper|Weather Ball|p2a: Duraludon
|-resisted|p2a: Duraludon
|-damage|p2a: Duraludon|72/100
|
|-weather|RainDance|[upkeep]
|upkeep
|turn|8
|
|t:|1757901031
|move|p2a: Duraludon|Thunderbolt|p1a: Pelipper
|-supereffective|p1a: Pelipper
|-damage|p1a: Pelipper|0 fnt
|faint|p1a: Pelipper
|
|-weather|RainDance|[upkeep]
|upkeep
|
|t:|1757901042
|switch|p1a: Kingdra|Kingdra, M|100/100
|-status|p1a: Kingdra|psn
|turn|9
|
|t:|1757901047
|switch|p2a: Tyranitar|Tyranitar, F|100/100
|-weather|Sandstorm|[from] ability: Sand Stream|[of] p2a: Tyranitar
|move|p1a: Kingdra|Draco Meteor|p2a: Tyranitar
|-damage|p2a: Tyranitar|68/100
|-unboost|p1a: Kingdra|spa|2
|
|-weather|Sandstorm|[upkeep]
|-damage|p1a: Kingdra|94/100 psn|[from] Sandstorm
|-damage|p1a: Kingdra|82/100 psn|[from] psn
|upkeep
|turn|10
|
|t:|1757901057
|switch|p1a: Weezing|Weezing, F|74/100
|move|p2a: Tyranitar|Knock Off|p1a: Weezing
|-crit|p1a: Weezing
|-damage|p1a: Weezing|30/100
|-enditem|p1a: Weezing|Black Sludge|[from] move: Knock Off|[of] p2a: Tyranitar
|
|-weather|Sandstorm|[upkeep]
|-damage|p1a: Weezing|24/100|[from] Sandstorm
|upkeep
|turn|11
|
|t:|1757901063
|switch|p2a: Excadrill|Excadrill, M|100/100
|-ability|p2a: Excadrill|Mold Breaker
|move|p1a: Weezing|Pain Split|p2a: Excadrill
|-sethp|p2a: Excadrill|61/100|[from] move: Pain Split|[silent]
|-sethp|p1a: Weezing|66/100|[from] move: Pain Split
|
|-weather|Sandstorm|[upkeep]
|-damage|p1a: Weezing|60/100|[from] Sandstorm
|upkeep
|turn|12
|
|t:|1757901074
|move|p2a: Excadrill|Throat Chop|p1a: Weezing
|-damage|p1a: Weezing|41/100
|-start|p1a: Weezing|Throat Chop|[silent]
|move|p1a: Weezing|Will-O-Wisp|p2a: Excadrill
|-status|p2a: Excadrill|brn
|
|-weather|Sandstorm|[upkeep]
|-damage|p1a: Weezing|35/100|[from] Sandstorm
|-damage|p2a: Excadrill|55/100 brn|[from] brn
|upkeep
|turn|13
|
|t:|1757901080
|move|p2a: Excadrill|Throat Chop|p1a: Weezing
|-damage|p1a: Weezing|25/100
|move|p1a: Weezing|Pain Split|p2a: Excadrill
|-sethp|p2a: Excadrill|39/100 brn|[from] move: Pain Split|[silent]
|-sethp|p1a: Weezing|42/100|[from] move: Pain Split
|
|-weather|none
|-damage|p2a: Excadrill|33/100 brn|[from] brn
|-end|p1a: Weezing|Throat Chop|[silent]
|upkeep
|turn|14
|
|t:|1757901092
|move|p2a: Excadrill|Throat Chop|p1a: Weezing
|-damage|p1a: Weezing|33/100
|-start|p1a: Weezing|Throat Chop|[silent]
|move|p1a: Weezing|Will-O-Wisp|p2a: Excadrill
|-fail|p2a: Excadrill|brn
|
|-damage|p2a: Excadrill|27/100 brn|[from] brn
|upkeep
|turn|15
|
|t:|1757901100
|switch|p1a: Vikavolt|Vikavolt, F|100/100
|move|p2a: Excadrill|Throat Chop|p1a: Vikavolt
|-damage|p1a: Vikavolt|83/100
|-start|p1a: Vikavolt|Throat Chop|[silent]
|
|-damage|p2a: Excadrill|21/100 brn|[from] brn
|upkeep
|turn|16
|
|t:|1757901106
|switch|p2a: Tyranitar|Tyranitar, F|68/100
|-weather|Sandstorm|[from] ability: Sand Stream|[of] p2a: Tyranitar
|move|p1a: Vikavolt|Volt Switch|p2a: Tyranitar
|-damage|p2a: Tyranitar|53/100
|
|t:|1757901113
|switch|p1a: Weezing|Weezing, F|33/100|[from] Volt Switch
|
|-weather|Sandstorm|[upkeep]
|-damage|p1a: Weezing|27/100|[from] Sandstorm
|upkeep
|turn|17
|
|t:|1757901119
|switch|p2a: Excadrill|Excadrill, M|21/100 brn
|-ability|p2a: Excadrill|Mold Breaker
|move|p1a: Weezing|Pain Split|p2a: Excadrill
|-sethp|p2a: Excadrill|23/100 brn|[from] move: Pain Split|[silent]
|-sethp|p1a: Weezing|25/100|[from] move: Pain Split
|
|-weather|Sandstorm|[upkeep]
|-damage|p1a: Weezing|19/100|[from] Sandstorm
|-damage|p2a: Excadrill|17/100 brn|[from] brn
|upkeep
|turn|18
|
|t:|1757901134
|switch|p1a: Ludicolo|Ludicolo, M|100/100
|-status|p1a: Ludicolo|psn
|move|p2a: Excadrill|Throat Chop|p1a: Ludicolo
|-damage|p1a: Ludicolo|83/100 psn
|-start|p1a: Ludicolo|Throat Chop|[silent]
|
|-weather|Sandstorm|[upkeep]
|-damage|p1a: Ludicolo|77/100 psn|[from] Sandstorm
|-damage|p1a: Ludicolo|65/100 psn|[from] psn
|-damage|p2a: Excadrill|11/100 brn|[from] brn
|upkeep
|turn|19
|
|t:|1757901141
|move|p2a: Excadrill|Throat Chop|p1a: Ludicolo
|-damage|p1a: Ludicolo|47/100 psn
|move|p1a: Ludicolo|Giga Drain|p2a: Excadrill
|-damage|p2a: Excadrill|0 fnt
|-heal|p1a: Ludicolo|54/100 psn|[from] drain|[of] p2a: Excadrill
|faint|p2a: Excadrill
|
|-weather|Sandstorm|[upkeep]
|-damage|p1a: Ludicolo|48/100 psn|[from] Sandstorm
|-damage|p1a: Ludicolo|36/100 psn|[from] psn
|-end|p1a: Ludicolo|Throat Chop|[silent]
|upkeep
|
|t:|1757901153
|switch|p2a: Duraludon|Duraludon, F|72/100
|turn|20
|
|t:|1757901157
|move|p2a: Duraludon|Thunderbolt|p1a: Ludicolo
|-damage|p1a: Ludicolo|18/100 psn
|move|p1a: Ludicolo|Leech Seed|p2a: Duraludon
|-start|p2a: Duraludon|move: Leech Seed
|
|-weather|none
|-damage|p2a: Duraludon|60/100|[from] Leech Seed|[of] p1a: Ludicolo
|-heal|p1a: Ludicolo|30/100 psn|[silent]
|-damage|p1a: Ludicolo|18/100 psn|[from] psn
|upkeep
|turn|21
|
|t:|1757901165
|switch|p2a: Tyranitar|Tyranitar, F|53/100
|-weather|Sandstorm|[from] ability: Sand Stream|[of] p2a: Tyranitar
|move|p1a: Ludicolo|Protect||[still]
|-fail|p1a: Ludicolo
|
|-weather|Sandstorm|[upkeep]
|-damage|p1a: Ludicolo|12/100 psn|[from] Sandstorm
|-damage|p1a: Ludicolo|0 fnt|[from] psn
|faint|p1a: Ludicolo
|upkeep
|
|t:|1757901169
|switch|p1a: Kingdra|Kingdra, M|82/100 psn
|turn|22
|
|t:|1757901182
|move|p1a: Kingdra|Hydro Pump|p2a: Tyranitar
|-supereffective|p2a: Tyranitar
|-damage|p2a: Tyranitar|1/100
|move|p2a: Tyranitar|Body Slam|p1a: Kingdra
|-damage|p1a: Kingdra|46/100 psn
|
|-weather|Sandstorm|[upkeep]
|-damage|p1a: Kingdra|40/100 psn|[from] Sandstorm
|-damage|p1a: Kingdra|28/100 psn|[from] psn
|upkeep
|turn|23
|
|t:|1757901186
|move|p1a: Kingdra|Hydro Pump|p2a: Tyranitar
|-supereffective|p2a: Tyranitar
|-damage|p2a: Tyranitar|0 fnt
|faint|p2a: Tyranitar
|
|-weather|Sandstorm|[upkeep]
|-damage|p1a: Kingdra|21/100 psn|[from] Sandstorm
|-damage|p1a: Kingdra|9/100 psn|[from] psn
|upkeep
|
|t:|1757901188
|switch|p2a: Duraludon|Duraludon, F|60/100
|turn|24
|
|t:|1757901192
|move|p2a: Duraludon|Dark Pulse|p1a: Kingdra
|-damage|p1a: Kingdra|0 fnt
|faint|p1a: Kingdra
|
|-weather|Sandstorm|[upkeep]
|upkeep
|
|t:|1757901197
|switch|p1a: Weezing|Weezing, F|19/100
|turn|25
|
|t:|1757901201
|move|p2a: Duraludon|Flash Cannon|p1a: Weezing
|-damage|p1a: Weezing|0 fnt
|faint|p1a: Weezing
|
|-weather|none
|upkeep
|
|t:|1757901203
|switch|p1a: Vikavolt|Vikavolt, F|83/100
|turn|26
|
|t:|1757901206
|-terastallize|p1a: Vikavolt|Bug
|move|p2a: Duraludon|Draco Meteor|p1a: Vikavolt
|-crit|p1a: Vikavolt
|-damage|p1a: Vikavolt|22/100
|-unboost|p2a: Duraludon|spa|2
|move|p1a: Vikavolt|Bug Buzz|p2a: Duraludon
|-resisted|p2a: Duraludon
|-damage|p2a: Duraludon|25/100
|
|upkeep
|turn|27
|
|t:|1757901216
|move|p2a: Duraludon|Dark Pulse|p1a: Vikavolt
|-damage|p1a: Vikavolt|14/100
|cant|p1a: Vikavolt|flinch
|
|upkeep
|turn|28
|
|t:|1757901219
|move|p2a: Duraludon|Flash Cannon|p1a: Vikavolt
|-damage|p1a: Vikavolt|3/100
|move|p1a: Vikavolt|Bug Buzz|p2a: Duraludon
|-resisted|p2a: Duraludon
|-damage|p2a: Duraludon|0 fnt
|faint|p2a: Duraludon
|
|upkeep
|
|t:|1757901221
|switch|p2a: Landorus|Landorus-Therian, M|100/100
|-ability|p2a: Landorus|Intimidate|boost
|-unboost|p1a: Vikavolt|atk|1
|turn|29
|
|t:|1757901223
|move|p2a: Landorus|Sludge Wave|p1a: Vikavolt
|-damage|p1a: Vikavolt|0 fnt
|faint|p1a: Vikavolt
|
|win|ulookugly
|raw|Buzzfar24's rating: 1069 &rarr; <strong>1049</strong><br />(-20 for losing)
|raw|ulookugly's rating: 1080 &rarr; <strong>1107</strong><br />(+27 for winning)
|l|☆Buzzfar24
|player|p1|
|c|☆ulookugly|Gg
|l|☆ulookugly
|player|p2|
