|j|☆wtffdryvsr
|j|☆Cyniko
|t:|1757826632
|gametype|singles
|player|p1|wtffdryvsr|101|1110
|player|p2|Cyniko|ghetsis-gen5bw|1123
|gen|9
|tier|[Gen 9] OU
|rated|
|rule|HP Percentage Mod: HP is shown in percentages
|rule|Endless Battle Clause: Forcing endless battles is banned
|rule|Species Clause: Limit one of each Pokémon
|rule|OHKO Clause: OHKO moves are banned
|rule|Evasion Items Clause: Evasion items are banned
|rule|Evasion Moves Clause: Evasion moves are banned
|rule|Evasion Abilities Clause: Evasion abilities are banned
|rule|Sleep Moves Clause: Sleep-inducing moves are banned
|clearpoke
|poke|p1|Weavile, F|
|poke|p1|Iron Valiant|
|poke|p1|Landorus-Therian, M|
|poke|p1|Alomomola, F|
|poke|p1|Hydrapple, F|
|poke|p1|Cinderace, M|
|poke|p2|Dragapult, F|
|poke|p2|Great Tusk|
|poke|p2|Skeledirge, M|
|poke|p2|Empoleon, M|
|poke|p2|Enamorus, F|
|poke|p2|Sinistcha-Masterpiece|
|teampreview
|inactive|Battle timer is ON: inactive players will automatically lose when time's up. (requested by wtffdryvsr)
|
|t:|1757826657
|teamsize|p1|6
|teamsize|p2|6
|start
|switch|p1a: Iron Valiant|Iron Valiant|100/100
|switch|p2a: Empoleon|Empoleon, M|100/100
|turn|1
|
|t:|1757826666
|-terastallize|p1a: Iron Valiant|Electric
|move|p1a: Iron Valiant|Thunderbolt|p2a: Empoleon
|-supereffective|p2a: Empoleon
|-damage|p2a: Empoleon|10/100
|move|p2a: Empoleon|Stealth Rock|p1a: Iron Valiant
|-sidestart|p1: wtffdryvsr|move: Stealth Rock
|
|upkeep
|turn|2
|
|t:|1757826679
|-end|p1a: Iron Valiant|Quark Drive|[silent]
|switch|p1a: Hydrapple|Hydrapple, F|100/100
|move|p2a: Empoleon|Flip Turn|p1a: Hydrapple
|-resisted|p1a: Hydrapple
|-damage|p1a: Hydrapple|98/100
|
|t:|1757826686
|switch|p2a: Sinistcha|Sinistcha-Masterpiece|100/100|[from] Flip Turn
|
|upkeep
|turn|3
|
|t:|1757826697
|move|p2a: Sinistcha|Calm Mind|p2a: Sinistcha
|-boost|p2a: Sinistcha|spa|1
|-boost|p2a: Sinistcha|spd|1
|move|p1a: Hydrapple|Fickle Beam|p2a: Sinistcha
|-damage|p2a: Sinistcha|67/100
|
|-heal|p2a: Sinistcha|73/100|[from] item: Leftovers
|upkeep
|turn|4
|
|t:|1757826709
|-terastallize|p2a: Sinistcha|Steel
|move|p2a: Sinistcha|Calm Mind|p2a: Sinistcha
|-boost|p2a: Sinistcha|spa|1
|-boost|p2a: Sinistcha|spd|1
|move|p1a: Hydrapple|Fickle Beam|p2a: Sinistcha
|-resisted|p2a: Sinistcha
|-crit|p2a: Sinistcha
|-damage|p2a: Sinistcha|38/100
|
|-heal|p2a: Sinistcha|44/100|[from] item: Leftovers
|upkeep
|turn|5
|
|t:|1757826732
|move|p2a: Sinistcha|Strength Sap|p1a: Hydrapple
|-unboost|p1a: Hydrapple|atk|1
|-heal|p2a: Sinistcha|87/100
|move|p1a: Hydrapple|Earth Power|p2a: Sinistcha
|-supereffective|p2a: Sinistcha
|-damage|p2a: Sinistcha|51/100
|
|-heal|p2a: Sinistcha|57/100|[from] item: Leftovers
|upkeep
|turn|6
|
|t:|1757826746
|move|p2a: Sinistcha|Matcha Gotcha|p1a: Hydrapple
|-resisted|p1a: Hydrapple
|-damage|p1a: Hydrapple|81/100
|-heal|p2a: Sinistcha|67/100|[from] drain|[of] p1a: Hydrapple
|-status|p1a: Hydrapple|brn
|move|p1a: Hydrapple|Nasty Plot|p1a: Hydrapple
|-boost|p1a: Hydrapple|spa|2
|
|-heal|p2a: Sinistcha|73/100|[from] item: Leftovers
|-damage|p1a: Hydrapple|74/100 brn|[from] brn
|upkeep
|turn|7
|
|t:|1757826760
|move|p2a: Sinistcha|Shadow Ball|p1a: Hydrapple
|-damage|p1a: Hydrapple|9/100 brn
|move|p1a: Hydrapple|Earth Power|p2a: Sinistcha
|-supereffective|p2a: Sinistcha
|-damage|p2a: Sinistcha|3/100
|
|-heal|p2a: Sinistcha|9/100|[from] item: Leftovers
|-damage|p1a: Hydrapple|3/100 brn|[from] brn
|upkeep
|turn|8
|
|t:|1757826775
|move|p2a: Sinistcha|Shadow Ball|p1a: Hydrapple
|-damage|p1a: Hydrapple|0 fnt
|faint|p1a: Hydrapple
|
|-heal|p2a: Sinistcha|16/100|[from] item: Leftovers
|upkeep
|
|t:|1757826783
|switch|p1a: Landorus|Landorus-Therian, M|100/100
|-damage|p1a: Landorus|88/100|[from] Stealth Rock
|-ability|p1a: Landorus|Intimidate|boost
|-unboost|p2a: Sinistcha|atk|1
|turn|9
|
|t:|1757826792
|switch|p2a: Empoleon|Empoleon, M|10/100
|move|p1a: Landorus|Substitute|p1a: Landorus
|-start|p1a: Landorus|Substitute
|-damage|p1a: Landorus|64/100
|
|-heal|p1a: Landorus|69/100|[from] item: Leftovers
|upkeep
|turn|10
|
|t:|1757826805
|move|p1a: Landorus|Swords Dance|p1a: Landorus
|-boost|p1a: Landorus|atk|2
|move|p2a: Empoleon|Roost|p2a: Empoleon
|-heal|p2a: Empoleon|60/100
|-singleturn|p2a: Empoleon|move: Roost
|
|-heal|p1a: Landorus|75/100|[from] item: Leftovers
|upkeep
|turn|11
|
|t:|1757826815
|move|p1a: Landorus|Earthquake|p2a: Empoleon
|-supereffective|p2a: Empoleon
|-damage|p2a: Empoleon|0 fnt
|faint|p2a: Empoleon
|
|-heal|p1a: Landorus|81/100|[from] item: Leftovers
|upkeep
|
|t:|1757826823
|switch|p2a: Enamorus|Enamorus, F|100/100
|turn|12
|
|t:|1757826831
|move|p2a: Enamorus|Healing Wish|p2a: Enamorus
|faint|p2a: Enamorus
|move|p1a: Landorus|Smack Down|p2: Enamorus|[notarget]
|-fail|p1a: Landorus
|
|-heal|p1a: Landorus|87/100|[from] item: Leftovers
|upkeep
|
|t:|1757826838
|switch|p2a: Sinistcha|Sinistcha-Masterpiece, tera:Steel|16/100
|-heal|p2a: Sinistcha|100/100|[from] move: Healing Wish
|turn|13
|
|t:|1757826845
|move|p1a: Landorus|Earthquake|p2a: Sinistcha
|-supereffective|p2a: Sinistcha
|-damage|p2a: Sinistcha|0 fnt
|faint|p2a: Sinistcha
|
|-heal|p1a: Landorus|93/100|[from] item: Leftovers
|upkeep
|l|☆Cyniko
|inactive|Cyniko disconnected and has a minute to reconnect!
|player|p2|
|inactive|Cyniko has 30 seconds to reconnect!
|inactive|Cyniko has 20 seconds to reconnect!
|inactive|Cyniko has 15 seconds to reconnect!
|inactive|Cyniko has 10 seconds to reconnect!
|inactive|Cyniko has 5 seconds to reconnect!
|-message|Cyniko lost due to inactivity.
|
|win|wtffdryvsr
|raw|wtffdryvsr's rating: 1110 &rarr; <strong>1136</strong><br />(+26 for winning)
|raw|Cyniko's rating: 1123 &rarr; <strong>1097</strong><br />(-26 for losing)
