|j|☆Obito 2001
|j|☆fadingstrawberry
|t:|1757892703
|gametype|singles
|player|p1|Obito 2001|blue-gen3two|1544
|player|p2|fadingstrawberry|swimmerf-gen4|1581
|gen|9
|tier|[Gen 9] OU
|rated|
|rule|HP Percentage Mod: HP is shown in percentages
|rule|Endless Battle Clause: Forcing endless battles is banned
|rule|Species Clause: Limit one of each Pokémon
|rule|OHKO Clause: OHKO moves are banned
|rule|Evasion Items Clause: Evasion items are banned
|rule|Evasion Moves Clause: Evasion moves are banned
|rule|Evasion Abilities Clause: Evasion abilities are banned
|rule|Sleep Moves Clause: Sleep-inducing moves are banned
|clearpoke
|poke|p1|Masquerain, F|
|poke|p1|Great Tusk|
|poke|p1|Gholdengo|
|poke|p1|Thundurus-Therian, M|
|poke|p1|Kingambit, F|
|poke|p1|Cinderace, F|
|poke|p2|Torkoal, M|
|poke|p2|Great Tusk|
|poke|p2|Hatterene, F|
|poke|p2|Walking Wake|
|poke|p2|Slither Wing|
|poke|p2|Weavile, M|
|teampreview
|inactive|Battle timer is ON: inactive players will automatically lose when time's up. (requested by Obito 2001)
|
|t:|1757892718
|teamsize|p1|6
|teamsize|p2|6
|start
|switch|p1a: BunnyGirlSenpai|Cinderace, F|100/100
|switch|p2a: Torkoal|Torkoal, M|100/100
|-weather|SunnyDay|[from] ability: Drought|[of] p2a: Torkoal
|turn|1
|
|t:|1757892727
|move|p1a: BunnyGirlSenpai|U-turn|p2a: Torkoal
|-start|p1a: BunnyGirlSenpai|typechange|Bug|[from] ability: Libero
|-resisted|p2a: Torkoal
|-damage|p2a: Torkoal|87/100
|c|☆fadingstrawberry|Hf
|
|t:|1757892731
|switch|p1a: Mega Donphan|Great Tusk|100/100|[from] U-turn
|-activate|p1a: Mega Donphan|ability: Protosynthesis
|-start|p1a: Mega Donphan|protosynthesisatk
|move|p2a: Torkoal|Will-O-Wisp|p1a: Mega Donphan
|-status|p1a: Mega Donphan|brn
|
|-weather|SunnyDay|[upkeep]
|-damage|p1a: Mega Donphan|94/100 brn|[from] brn
|upkeep
|turn|2
|
|t:|1757892737
|switch|p2a: Great Tusk|Great Tusk|100/100
|-activate|p2a: Great Tusk|ability: Protosynthesis
|-start|p2a: Great Tusk|protosynthesisdef
|move|p1a: Mega Donphan|Headlong Rush|p2a: Great Tusk
|-damage|p2a: Great Tusk|85/100
|-unboost|p1a: Mega Donphan|def|1
|-unboost|p1a: Mega Donphan|spd|1
|-damage|p1a: Mega Donphan|78/100 brn|[from] item: Rocky Helmet|[of] p2a: Great Tusk
|
|-weather|SunnyDay|[upkeep]
|-damage|p1a: Mega Donphan|72/100 brn|[from] brn
|upkeep
|turn|3
|
|t:|1757892743
|-end|p1a: Mega Donphan|Protosynthesis|[silent]
|switch|p1a: Ban Zamazenta|Masquerain, F|100/100
|-ability|p1a: Ban Zamazenta|Intimidate|boost
|-unboost|p2a: Great Tusk|atk|1
|move|p2a: Great Tusk|Knock Off|p1a: Ban Zamazenta
|-damage|p1a: Ban Zamazenta|69/100
|-enditem|p1a: Ban Zamazenta|Focus Sash|[from] move: Knock Off|[of] p2a: Great Tusk
|
|-weather|SunnyDay|[upkeep]
|upkeep
|turn|4
|
|t:|1757892747
|-end|p2a: Great Tusk|Protosynthesis|[silent]
|switch|p2a: Hatterene|Hatterene, F|100/100
|move|p1a: Ban Zamazenta|Ice Beam|p2a: Hatterene
|-damage|p2a: Hatterene|72/100
|
|-weather|SunnyDay|[upkeep]
|-heal|p2a: Hatterene|78/100|[from] item: Leftovers
|upkeep
|turn|5
|
|t:|1757892753
|switch|p1a: Thundurus|Thundurus-Therian, M|100/100
|move|p2a: Hatterene|Nuzzle|p1a: Thundurus
|-immune|p1a: Thundurus|[from] ability: Volt Absorb
|
|-weather|SunnyDay|[upkeep]
|-heal|p2a: Hatterene|84/100|[from] item: Leftovers
|upkeep
|turn|6
|
|t:|1757892763
|move|p1a: Thundurus|Thunderbolt|p2a: Hatterene
|-damage|p2a: Hatterene|5/100
|move|p2a: Hatterene|Psyshock|p1a: Thundurus
|-damage|p1a: Thundurus|45/100
|
|-weather|SunnyDay|[upkeep]
|-heal|p2a: Hatterene|11/100|[from] item: Leftovers
|upkeep
|turn|7
|
|t:|1757892767
|switch|p1a: Ban Zamazenta|Masquerain, F|69/100
|-ability|p1a: Ban Zamazenta|Intimidate|boost
|-unboost|p2a: Hatterene|atk|1
|switch|p2a: Great Tusk|Great Tusk|85/100
|-activate|p2a: Great Tusk|ability: Protosynthesis
|-start|p2a: Great Tusk|protosynthesisdef
|
|-weather|SunnyDay|[upkeep]
|upkeep
|turn|8
|
|t:|1757892776
|-end|p2a: Great Tusk|Protosynthesis|[silent]
|switch|p2a: Weavile|Weavile, M|100/100
|-ability|p2a: Weavile|Pressure
|move|p1a: Ban Zamazenta|Sticky Web|p2a: Weavile
|-sidestart|p2: fadingstrawberry|move: Sticky Web
|
|-weather|none
|upkeep
|turn|9
|
|t:|1757892782
|switch|p1a: Mega Donphan|Great Tusk|72/100 brn
|move|p2a: Weavile|Triple Axel|p1a: Mega Donphan
|-supereffective|p1a: Mega Donphan
|-damage|p1a: Mega Donphan|55/100 brn
|-supereffective|p1a: Mega Donphan
|-damage|p1a: Mega Donphan|25/100 brn
|-supereffective|p1a: Mega Donphan
|-damage|p1a: Mega Donphan|0 fnt
|faint|p1a: Mega Donphan
|-end|p1a: Mega Donphan|Protosynthesis|[silent]
|-hitcount|p1: Mega Donphan|3
|
|upkeep
|
|t:|1757892785
|switch|p1a: BunnyGirlSenpai|Cinderace, F|100/100
|turn|10
|
|t:|1757892795
|switch|p2a: Hatterene|Hatterene, F|11/100
|-activate|p2a: Hatterene|move: Sticky Web
|-unboost|p2a: Hatterene|spe|1
|move|p1a: BunnyGirlSenpai|U-turn|p2a: Hatterene
|-start|p1a: BunnyGirlSenpai|typechange|Bug|[from] ability: Libero
|-damage|p2a: Hatterene|0 fnt
|faint|p2a: Hatterene
|
|t:|1757892800
|switch|p1a: Thundurus|Thundurus-Therian, M|45/100|[from] U-turn
|
|upkeep
|
|t:|1757892817
|switch|p2a: Great Tusk|Great Tusk|85/100
|-activate|p2a: Great Tusk|move: Sticky Web
|-unboost|p2a: Great Tusk|spe|1
|turn|11
|
|t:|1757892820
|-terastallize|p1a: Thundurus|Flying
|-terastallize|p2a: Great Tusk|Steel
|move|p1a: Thundurus|Tera Blast|p2a: Great Tusk|[anim] Tera Blast Flying
|-resisted|p2a: Great Tusk
|-damage|p2a: Great Tusk|27/100
|move|p2a: Great Tusk|Rapid Spin|p1a: Thundurus
|-damage|p1a: Thundurus|22/100
|-boost|p2a: Great Tusk|spe|1
|-sideend|p2: fadingstrawberry|Sticky Web|[from] move: Rapid Spin|[of] p2a: Great Tusk
|
|upkeep
|turn|12
|
|t:|1757892848
|switch|p1a: Ban Zamazenta|Masquerain, F|69/100
|-ability|p1a: Ban Zamazenta|Intimidate|boost
|-unboost|p2a: Great Tusk|atk|1
|move|p2a: Great Tusk|Knock Off|p1a: Ban Zamazenta
|-damage|p1a: Ban Zamazenta|45/100
|
|upkeep
|turn|13
|
|t:|1757892860
|move|p1a: Ban Zamazenta|Stun Spore|p2a: Great Tusk
|-status|p2a: Great Tusk|par
|move|p2a: Great Tusk|Rapid Spin|p1a: Ban Zamazenta
|-damage|p1a: Ban Zamazenta|27/100
|-boost|p2a: Great Tusk|spe|1
|
|upkeep
|turn|14
|
|t:|1757892866
|move|p1a: Ban Zamazenta|Sticky Web|p2a: Great Tusk
|-sidestart|p2: fadingstrawberry|move: Sticky Web
|move|p2a: Great Tusk|Knock Off|p1a: Ban Zamazenta
|-damage|p1a: Ban Zamazenta|4/100
|
|upkeep
|turn|15
|
|t:|1757892871
|switch|p1a: Gholdengo|Gholdengo|100/100
|-item|p1a: Gholdengo|Air Balloon
|cant|p2a: Great Tusk|par
|
|upkeep
|turn|16
|
|t:|1757892876
|move|p1a: Gholdengo|Hex|p2a: Great Tusk
|-damage|p2a: Great Tusk|0 fnt
|faint|p2a: Great Tusk
|-end|p2a: Great Tusk|Protosynthesis|[silent]
|
|upkeep
|
|t:|1757892879
|switch|p2a: Torkoal|Torkoal, M|87/100
|-activate|p2a: Torkoal|move: Sticky Web
|-unboost|p2a: Torkoal|spe|1
|-weather|SunnyDay|[from] ability: Drought|[of] p2a: Torkoal
|turn|17
|
|t:|1757892886
|move|p1a: Gholdengo|Thunder Wave|p2a: Torkoal
|-status|p2a: Torkoal|par
|move|p2a: Torkoal|Lava Plume|p1a: Gholdengo
|-supereffective|p1a: Gholdengo
|-damage|p1a: Gholdengo|24/100
|-enditem|p1a: Gholdengo|Air Balloon
|
|-weather|SunnyDay|[upkeep]
|upkeep
|turn|18
|
|t:|1757892892
|move|p1a: Gholdengo|Hex|p2a: Torkoal
|-damage|p2a: Torkoal|12/100 par
|move|p2a: Torkoal|Lava Plume|p1a: Gholdengo
|-supereffective|p1a: Gholdengo
|-damage|p1a: Gholdengo|0 fnt
|faint|p1a: Gholdengo
|
|-weather|SunnyDay|[upkeep]
|upkeep
|
|t:|1757892898
|switch|p1a: Thundurus|Thundurus-Therian, M, tera:Flying|22/100
|turn|19
|
|t:|1757892904
|move|p1a: Thundurus|Volt Switch|p2a: Torkoal
|-crit|p2a: Torkoal
|-damage|p2a: Torkoal|0 fnt
|faint|p2a: Torkoal
|
|t:|1757892906
|switch|p1a: BunnyGirlSenpai|Cinderace, F|100/100|[from] Volt Switch
|
|-weather|SunnyDay|[upkeep]
|upkeep
|
|t:|1757892909
|switch|p2a: Walking Wake|Walking Wake|100/100
|-activate|p2a: Walking Wake|move: Sticky Web
|-unboost|p2a: Walking Wake|spe|1
|-activate|p2a: Walking Wake|ability: Protosynthesis
|-start|p2a: Walking Wake|protosynthesisspa
|turn|20
|
|t:|1757892913
|move|p1a: BunnyGirlSenpai|U-turn|p2a: Walking Wake
|-start|p1a: BunnyGirlSenpai|typechange|Bug|[from] ability: Libero
|-damage|p2a: Walking Wake|42/100
|
|t:|1757892916
|switch|p1a: Ban Zamazenta|Masquerain, F|4/100|[from] U-turn
|-ability|p1a: Ban Zamazenta|Intimidate|boost
|-unboost|p2a: Walking Wake|atk|1
|move|p2a: Walking Wake|Hydro Steam|p1a: Ban Zamazenta
|-damage|p1a: Ban Zamazenta|0 fnt
|faint|p1a: Ban Zamazenta
|
|-weather|SunnyDay|[upkeep]
|upkeep
|
|t:|1757892920
|switch|p1a: Thundurus|Thundurus-Therian, M, tera:Flying|22/100
|turn|21
|
|t:|1757892924
|-end|p2a: Walking Wake|Protosynthesis|[silent]
|switch|p2a: Slither Wing|Slither Wing|100/100
|-activate|p2a: Slither Wing|move: Sticky Web
|-unboost|p2a: Slither Wing|spe|1
|-activate|p2a: Slither Wing|ability: Protosynthesis
|-start|p2a: Slither Wing|protosynthesisatk
|move|p1a: Thundurus|Volt Switch|p2a: Slither Wing
|-damage|p2a: Slither Wing|64/100
|
|t:|1757892928
|switch|p1a: BunnyGirlSenpai|Cinderace, F|100/100|[from] Volt Switch
|
|-weather|SunnyDay|[upkeep]
|upkeep
|turn|22
|
|t:|1757892934
|move|p2a: Slither Wing|First Impression|p1a: BunnyGirlSenpai
|-resisted|p1a: BunnyGirlSenpai
|-damage|p1a: BunnyGirlSenpai|53/100
|move|p1a: BunnyGirlSenpai|Pyro Ball|p2a: Slither Wing
|-supereffective|p2a: Slither Wing
|-damage|p2a: Slither Wing|0 fnt
|faint|p2a: Slither Wing
|-end|p2a: Slither Wing|Protosynthesis|[silent]
|
|-weather|SunnyDay|[upkeep]
|upkeep
|
|t:|1757892942
|switch|p2a: Walking Wake|Walking Wake|42/100
|-activate|p2a: Walking Wake|move: Sticky Web
|-unboost|p2a: Walking Wake|spe|1
|-activate|p2a: Walking Wake|ability: Protosynthesis
|-start|p2a: Walking Wake|protosynthesisspa
|turn|23
|
|t:|1757892951
|switch|p1a: Thundurus|Thundurus-Therian, M, tera:Flying|22/100
|move|p2a: Walking Wake|Flamethrower|p1a: Thundurus
|-damage|p1a: Thundurus|0 fnt
|faint|p1a: Thundurus
|
|-weather|SunnyDay|[upkeep]
|upkeep
|
|t:|1757892952
|switch|p1a: BunnyGirlSenpai|Cinderace, F|53/100
|turn|24
|
|t:|1757892960
|move|p1a: BunnyGirlSenpai|U-turn|p2a: Walking Wake
|-start|p1a: BunnyGirlSenpai|typechange|Bug|[from] ability: Libero
|-crit|p2a: Walking Wake
|-damage|p2a: Walking Wake|0 fnt
|faint|p2a: Walking Wake
|-end|p2a: Walking Wake|Protosynthesis|[silent]
|
|t:|1757892962
|switch|p1a: Aizen|Kingambit, F, shiny|100/100|[from] U-turn
|-activate|p1a: Aizen|ability: Supreme Overlord
|-start|p1a: Aizen|fallen4|[silent]
|
|-weather|none
|upkeep
|
|t:|1757892965
|switch|p2a: Weavile|Weavile, M|100/100
|-ability|p2a: Weavile|Pressure
|turn|25
|
|t:|1757892970
|move|p2a: Weavile|Swords Dance|p2a: Weavile
|-boost|p2a: Weavile|atk|2
|move|p1a: Aizen|Iron Head|p2a: Weavile
|-supereffective|p2a: Weavile
|-damage|p2a: Weavile|0 fnt
|faint|p2a: Weavile
|
|win|Obito 2001
|raw|Obito 2001's rating: 1544 &rarr; <strong>1566</strong><br />(+22 for winning)
|raw|fadingstrawberry's rating: 1581 &rarr; <strong>1559</strong><br />(-22 for losing)
