|j|☆Sandcamel
|j|☆msksherlock
|t:|1757915928
|gametype|singles
|player|p1|Sandcamel|chili|1208
|player|p2|msksherlock|265|1241
|gen|9
|tier|[Gen 9] OU
|rated|
|rule|HP Percentage Mod: HP is shown in percentages
|rule|Endless Battle Clause: Forcing endless battles is banned
|rule|Species Clause: Limit one of each Pokémon
|rule|OHKO Clause: OHKO moves are banned
|rule|Evasion Items Clause: Evasion items are banned
|rule|Evasion Moves Clause: Evasion moves are banned
|rule|Evasion Abilities Clause: Evasion abilities are banned
|rule|Sleep Moves Clause: Sleep-inducing moves are banned
|clearpoke
|poke|p1|Kyurem|
|poke|p1|Corviknight, M|
|poke|p1|Ting-Lu|
|poke|p1|Dondozo, F|
|poke|p1|Slowking-Galar, L99, F|
|poke|p1|Cinderace, M|
|poke|p2|Scizor, F|
|poke|p2|Meowscarada, M|
|poke|p2|Latias, F|
|poke|p2|Kingambit, M|
|poke|p2|Raging Bolt|
|poke|p2|Drifblim, F|
|teampreview
|inactive|Battle timer is ON: inactive players will automatically lose when time's up. (requested by msksherlock)
|
|t:|1757915935
|teamsize|p1|6
|teamsize|p2|6
|start
|switch|p1a: Slowking|Slowking-Galar, L99, F|100/100
|switch|p2a: Drifblim|Drifblim, F|100/100
|turn|1
|
|t:|1757915941
|move|p2a: Drifblim|Trick|p1a: Slowking
|-activate|p2a: Drifblim|move: Trick|[of] p1a: Slowking
|-item|p1a: Slowking|Choice Scarf|[from] move: Trick
|-item|p2a: Drifblim|Heavy-Duty Boots|[from] move: Trick
|move|p1a: Slowking|Toxic|p2a: Drifblim
|-status|p2a: Drifblim|tox
|
|-damage|p2a: Drifblim|94/100 tox|[from] psn
|upkeep
|turn|2
|
|t:|1757915955
|switch|p1a: Ting-Lu|Ting-Lu|100/100
|-ability|p1a: Ting-Lu|Vessel of Ruin
|move|p2a: Drifblim|Will-O-Wisp|p1a: Ting-Lu
|-status|p1a: Ting-Lu|brn
|
|-damage|p2a: Drifblim|82/100 tox|[from] psn
|-damage|p1a: Ting-Lu|94/100 brn|[from] brn
|upkeep
|turn|3
|
|t:|1757915961
|switch|p2a: Scizor|Scizor, F, shiny|100/100
|move|p1a: Ting-Lu|Payback|p2a: Scizor
|-damage|p2a: Scizor|92/100
|
|-heal|p2a: Scizor|98/100|[from] item: Leftovers
|-heal|p1a: Ting-Lu|100/100 brn|[from] item: Leftovers
|-damage|p1a: Ting-Lu|94/100 brn|[from] brn
|upkeep
|turn|4
|
|t:|1757915970
|move|p2a: Scizor|Bug Bite|p1a: Ting-Lu
|-supereffective|p1a: Ting-Lu
|-damage|p1a: Ting-Lu|37/100 brn
|move|p1a: Ting-Lu|Earthquake|p2a: Scizor
|-damage|p2a: Scizor|80/100
|
|-heal|p2a: Scizor|86/100|[from] item: Leftovers
|-heal|p1a: Ting-Lu|43/100 brn|[from] item: Leftovers
|-damage|p1a: Ting-Lu|37/100 brn|[from] brn
|upkeep
|turn|5
|
|t:|1757915984
|switch|p1a: Cinderace|Cinderace, M|100/100
|move|p2a: Scizor|Bug Bite|p1a: Cinderace
|-resisted|p1a: Cinderace
|-damage|p1a: Cinderace|69/100
|
|-heal|p2a: Scizor|92/100|[from] item: Leftovers
|upkeep
|turn|6
|
|t:|1757915990
|switch|p2a: Drifblim|Drifblim, F|82/100 tox
|move|p1a: Cinderace|Pyro Ball|p2a: Drifblim
|-damage|p2a: Drifblim|11/100 tox
|
|-damage|p2a: Drifblim|5/100 tox|[from] psn
|upkeep
|turn|7
|
|t:|1757916001
|move|p1a: Cinderace|U-turn|p2a: Drifblim
|-resisted|p2a: Drifblim
|-damage|p2a: Drifblim|0 fnt
|-damage|p1a: Cinderace|45/100|[from] ability: Aftermath|[of] p2a: Drifblim
|faint|p2a: Drifblim
|
|t:|1757916011
|switch|p1a: Corviknight|Corviknight, M|100/100|[from] U-turn
|-ability|p1a: Corviknight|Pressure
|
|upkeep
|
|t:|1757916018
|switch|p2a: Raging Bolt|Raging Bolt|100/100
|turn|8
|
|t:|1757916021
|move|p2a: Raging Bolt|Calm Mind|p2a: Raging Bolt
|-boost|p2a: Raging Bolt|spa|1
|-boost|p2a: Raging Bolt|spd|1
|move|p1a: Corviknight|U-turn|p2a: Raging Bolt
|-damage|p2a: Raging Bolt|89/100
|
|t:|1757916026
|switch|p1a: Kyurem|Kyurem|100/100|[from] U-turn
|-ability|p1a: Kyurem|Pressure
|
|-heal|p2a: Raging Bolt|95/100|[from] item: Leftovers
|upkeep
|turn|9
|
|t:|1757916034
|move|p1a: Kyurem|Earth Power|p2a: Raging Bolt
|-supereffective|p2a: Raging Bolt
|-damage|p2a: Raging Bolt|64/100
|move|p2a: Raging Bolt|Dragon Pulse|p1a: Kyurem
|-supereffective|p1a: Kyurem
|-damage|p1a: Kyurem|0 fnt
|faint|p1a: Kyurem
|
|-heal|p2a: Raging Bolt|70/100|[from] item: Leftovers
|upkeep
|
|t:|1757916045
|switch|p1a: Slowking|Slowking-Galar, L99, F|100/100
|turn|10
|
|t:|1757916051
|move|p2a: Raging Bolt|Dragon Pulse|p1a: Slowking
|-damage|p1a: Slowking|54/100
|move|p1a: Slowking|Toxic|p2a: Raging Bolt
|-status|p2a: Raging Bolt|tox
|
|-heal|p2a: Raging Bolt|76/100 tox|[from] item: Leftovers
|-damage|p2a: Raging Bolt|70/100 tox|[from] psn
|upkeep
|turn|11
|
|t:|1757916064
|switch|p1a: Dondozo|Dondozo, F|100/100
|move|p2a: Raging Bolt|Thunderbolt|p1a: Dondozo
|-supereffective|p1a: Dondozo
|-damage|p1a: Dondozo|0 fnt
|faint|p1a: Dondozo
|
|-heal|p2a: Raging Bolt|76/100 tox|[from] item: Leftovers
|-damage|p2a: Raging Bolt|64/100 tox|[from] psn
|upkeep
|
|t:|1757916071
|switch|p1a: Ting-Lu|Ting-Lu|37/100 brn
|-ability|p1a: Ting-Lu|Vessel of Ruin
|turn|12
|
|t:|1757916074
|move|p2a: Raging Bolt|Dragon Pulse|p1a: Ting-Lu
|-damage|p1a: Ting-Lu|4/100 brn
|move|p1a: Ting-Lu|Earthquake|p2a: Raging Bolt
|-supereffective|p2a: Raging Bolt
|-damage|p2a: Raging Bolt|35/100 tox
|
|-heal|p2a: Raging Bolt|41/100 tox|[from] item: Leftovers
|-heal|p1a: Ting-Lu|10/100 brn|[from] item: Leftovers
|-damage|p2a: Raging Bolt|22/100 tox|[from] psn
|-damage|p1a: Ting-Lu|4/100 brn|[from] brn
|upkeep
|turn|13
|
|t:|1757916078
|move|p2a: Raging Bolt|Dragon Pulse|p1a: Ting-Lu
|-damage|p1a: Ting-Lu|0 fnt
|faint|p1a: Ting-Lu
|
|-heal|p2a: Raging Bolt|28/100 tox|[from] item: Leftovers
|-damage|p2a: Raging Bolt|4/100 tox|[from] psn
|upkeep
|
|t:|1757916085
|switch|p1a: Cinderace|Cinderace, M|45/100
|turn|14
|
|t:|1757916088
|move|p2a: Raging Bolt|Thunderclap|p1a: Cinderace
|-damage|p1a: Cinderace|0 fnt
|faint|p1a: Cinderace
|
|-heal|p2a: Raging Bolt|10/100 tox|[from] item: Leftovers
|-damage|p2a: Raging Bolt|0 fnt|[from] psn
|faint|p2a: Raging Bolt
|-end|p2a: Raging Bolt|Protosynthesis|[silent]
|upkeep
|
|t:|1757916099
|switch|p1a: Slowking|Slowking-Galar, L99, F|87/100
|switch|p2a: Latias|Latias, F, shiny|100/100
|turn|15
|
|t:|1757916104
|-terastallize|p2a: Latias|Steel
|move|p2a: Latias|Calm Mind|p2a: Latias
|-boost|p2a: Latias|spa|1
|-boost|p2a: Latias|spd|1
|-prepare|p1a: Slowking|Chilly Reception|[premajor]
|move|p1a: Slowking|Chilly Reception|p1a: Slowking
|-weather|Snowscape
|
|t:|1757916111
|switch|p1a: Corviknight|Corviknight, M|100/100|[from] Chilly Reception
|-ability|p1a: Corviknight|Pressure
|
|-weather|Snowscape|[upkeep]
|upkeep
|turn|16
|
|t:|1757916114
|move|p2a: Latias|Calm Mind|p2a: Latias
|-boost|p2a: Latias|spa|1
|-boost|p2a: Latias|spd|1
|move|p1a: Corviknight|Brave Bird|p2a: Latias
|-resisted|p2a: Latias
|-damage|p2a: Latias|79/100
|-damage|p1a: Corviknight|95/100|[from] Recoil
|
|-weather|Snowscape|[upkeep]
|-heal|p2a: Latias|85/100|[from] item: Leftovers
|upkeep
|turn|17
|
|t:|1757916122
|move|p2a: Latias|Calm Mind|p2a: Latias
|-boost|p2a: Latias|spa|1
|-boost|p2a: Latias|spd|1
|move|p1a: Corviknight|Brave Bird|p2a: Latias
|-resisted|p2a: Latias
|-damage|p2a: Latias|61/100
|-damage|p1a: Corviknight|89/100|[from] Recoil
|
|-weather|Snowscape|[upkeep]
|-heal|p2a: Latias|67/100|[from] item: Leftovers
|upkeep
|turn|18
|
|t:|1757916126
|move|p2a: Latias|Calm Mind|p2a: Latias
|-boost|p2a: Latias|spa|1
|-boost|p2a: Latias|spd|1
|move|p1a: Corviknight|Brave Bird|p2a: Latias
|-resisted|p2a: Latias
|-damage|p2a: Latias|44/100
|-damage|p1a: Corviknight|83/100|[from] Recoil
|
|-weather|Snowscape|[upkeep]
|-heal|p2a: Latias|50/100|[from] item: Leftovers
|upkeep
|turn|19
|
|t:|1757916131
|move|p2a: Latias|Stored Power|p1a: Corviknight
|-resisted|p1a: Corviknight
|-damage|p1a: Corviknight|0 fnt
|faint|p1a: Corviknight
|
|-weather|none
|-heal|p2a: Latias|56/100|[from] item: Leftovers
|upkeep
|
|t:|1757916134
|switch|p1a: Slowking|Slowking-Galar, L99, F|100/100
|turn|20
|
|t:|1757916141
|-terastallize|p1a: Slowking|Water
|move|p2a: Latias|Calm Mind|p2a: Latias
|-boost|p2a: Latias|spa|1
|-boost|p2a: Latias|spd|1
|move|p1a: Slowking|Future Sight|p2a: Latias
|-start|p1a: Slowking|move: Future Sight
|
|-heal|p2a: Latias|62/100|[from] item: Leftovers
|upkeep
|turn|21
|
|t:|1757916149
|move|p2a: Latias|Stored Power|p1a: Slowking
|-damage|p1a: Slowking|0 fnt
|faint|p1a: Slowking
|
|win|msksherlock
|raw|Sandcamel's rating: 1208 &rarr; <strong>1185</strong><br />(-23 for losing)
|raw|msksherlock's rating: 1241 &rarr; <strong>1264</strong><br />(+23 for winning)
|l|☆Sandcamel
|player|p1|
|l|☆msksherlock
|player|p2|
