|j|☆skibidi but swole
|j|☆mappy621
|t:|1757797371
|gametype|singles
|player|p1|skibidi but swole|swimmer-gen4|1230
|player|p2|mappy621|2|1273
|gen|9
|tier|[Gen 9] OU
|rated|
|rule|HP Percentage Mod: HP is shown in percentages
|rule|Endless Battle Clause: Forcing endless battles is banned
|rule|Species Clause: Limit one of each Pokémon
|rule|OHKO Clause: OHKO moves are banned
|rule|Evasion Items Clause: Evasion items are banned
|rule|Evasion Moves Clause: Evasion moves are banned
|rule|Evasion Abilities Clause: Evasion abilities are banned
|rule|Sleep Moves Clause: Sleep-inducing moves are banned
|clearpoke
|poke|p1|Arcanine-Hisui, M|
|poke|p1|Frosmoth, F|
|poke|p1|Quaquaval, F|
|poke|p1|Landorus-Therian, M|
|poke|p1|Alomomola, F|
|poke|p1|Iron Valiant|
|poke|p2|Ninetales, F|
|poke|p2|Walking Wake|
|poke|p2|Great Tusk|
|poke|p2|Raging Bolt|
|poke|p2|Weezing-Galar, F|
|poke|p2|Rotom-Mow|
|teampreview
|inactive|Battle timer is ON: inactive players will automatically lose when time's up. (requested by mappy621)
|
|t:|1757797383
|teamsize|p1|6
|teamsize|p2|6
|start
|switch|p1a: Landorus|Landorus-Therian, M|100/100
|switch|p2a: Rotom|Rotom-Mow|100/100
|-ability|p1a: Landorus|Intimidate|boost
|-unboost|p2a: Rotom|atk|1
|turn|1
|
|t:|1757797407
|move|p1a: Landorus|Stealth Rock|p2a: Rotom
|-sidestart|p2: mappy621|move: Stealth Rock
|move|p2a: Rotom|Nasty Plot|p2a: Rotom
|-boost|p2a: Rotom|spa|2
|
|upkeep
|turn|2
|
|t:|1757797418
|move|p1a: Landorus|Taunt|p2a: Rotom
|-start|p2a: Rotom|move: Taunt
|move|p2a: Rotom|Leaf Storm|p1a: Landorus
|-damage|p1a: Landorus|0 fnt
|-unboost|p2a: Rotom|spa|2
|faint|p1a: Landorus
|
|upkeep
|
|t:|1757797428
|switch|p1a: Frosmoth|Frosmoth, F|100/100
|turn|3
|
|t:|1757797433
|switch|p2a: Ninetales|Ninetales, F|100/100
|-damage|p2a: Ninetales|76/100|[from] Stealth Rock
|-weather|SunnyDay|[from] ability: Drought|[of] p2a: Ninetales
|move|p1a: Frosmoth|Quiver Dance|p1a: Frosmoth
|-boost|p1a: Frosmoth|spa|1
|-boost|p1a: Frosmoth|spd|1
|-boost|p1a: Frosmoth|spe|1
|
|-weather|SunnyDay|[upkeep]
|upkeep
|turn|4
|
|t:|1757797448
|switch|p2a: Weezing|Weezing-Galar, F|100/100
|-ability|p2a: Weezing|Neutralizing Gas
|-terastallize|p1a: Frosmoth|Ground
|move|p1a: Frosmoth|Tera Blast|p2a: Weezing|[anim] Tera Blast Ground
|-supereffective|p2a: Weezing
|-damage|p2a: Weezing|0 fnt
|faint|p2a: Weezing
|-end|p2a: Weezing|ability: Neutralizing Gas
|
|-weather|SunnyDay|[upkeep]
|upkeep
|
|t:|1757797463
|switch|p2a: Great Tusk|Great Tusk|100/100
|-damage|p2a: Great Tusk|98/100|[from] Stealth Rock
|-activate|p2a: Great Tusk|ability: Protosynthesis
|-start|p2a: Great Tusk|protosynthesisspe
|turn|5
|
|t:|1757797469
|move|p2a: Great Tusk|Ice Spinner|p1a: Frosmoth
|-supereffective|p1a: Frosmoth
|-damage|p1a: Frosmoth|0 fnt
|faint|p1a: Frosmoth
|-damage|p2a: Great Tusk|88/100|[from] item: Life Orb
|
|-weather|SunnyDay|[upkeep]
|upkeep
|
|t:|1757797486
|switch|p1a: Iron Valiant|Iron Valiant|100/100
|-enditem|p1a: Iron Valiant|Booster Energy
|-activate|p1a: Iron Valiant|ability: Quark Drive|[fromitem]
|-start|p1a: Iron Valiant|quarkdrivespe
|turn|6
|
|t:|1757797495
|-end|p2a: Great Tusk|Protosynthesis|[silent]
|switch|p2a: Ninetales|Ninetales, F|76/100
|-damage|p2a: Ninetales|51/100|[from] Stealth Rock
|move|p1a: Iron Valiant|Swords Dance|p1a: Iron Valiant
|-boost|p1a: Iron Valiant|atk|2
|
|-weather|SunnyDay|[upkeep]
|upkeep
|turn|7
|
|t:|1757797505
|move|p1a: Iron Valiant|Close Combat|p2a: Ninetales
|-damage|p2a: Ninetales|0 fnt
|-unboost|p1a: Iron Valiant|def|1
|-unboost|p1a: Iron Valiant|spd|1
|faint|p2a: Ninetales
|
|-weather|SunnyDay|[upkeep]
|upkeep
|
|t:|1757797508
|switch|p2a: Raging Bolt|Raging Bolt|100/100
|-damage|p2a: Raging Bolt|88/100|[from] Stealth Rock
|-activate|p2a: Raging Bolt|ability: Protosynthesis
|-start|p2a: Raging Bolt|protosynthesisspa
|turn|8
|
|t:|1757797519
|-terastallize|p2a: Raging Bolt|Fairy
|move|p1a: Iron Valiant|Shadow Sneak|p2a: Raging Bolt
|-crit|p2a: Raging Bolt
|-damage|p2a: Raging Bolt|58/100
|move|p2a: Raging Bolt|Discharge|p1a: Iron Valiant
|-damage|p1a: Iron Valiant|0 fnt
|faint|p1a: Iron Valiant
|-end|p1a: Iron Valiant|Quark Drive|[silent]
|
|-weather|SunnyDay|[upkeep]
|upkeep
|
|t:|1757797534
|switch|p1a: Alomomola|Alomomola, F|100/100
|turn|9
|
|t:|1757797538
|move|p2a: Raging Bolt|Discharge|p1a: Alomomola
|-supereffective|p1a: Alomomola
|-damage|p1a: Alomomola|28/100
|-status|p1a: Alomomola|par
|move|p1a: Alomomola|Mirror Coat|p2a: Raging Bolt
|-damage|p2a: Raging Bolt|0 fnt
|faint|p2a: Raging Bolt
|-end|p2a: Raging Bolt|Protosynthesis|[silent]
|
|-weather|SunnyDay|[upkeep]
|upkeep
|
|t:|1757797546
|switch|p2a: Great Tusk|Great Tusk|88/100
|-damage|p2a: Great Tusk|85/100|[from] Stealth Rock
|-activate|p2a: Great Tusk|ability: Protosynthesis
|-start|p2a: Great Tusk|protosynthesisspe
|turn|10
|
|t:|1757797554
|move|p1a: Alomomola|Aqua Jet|p2a: Great Tusk
|-supereffective|p2a: Great Tusk
|-damage|p2a: Great Tusk|78/100
|move|p2a: Great Tusk|Earthquake|p1a: Alomomola
|-damage|p1a: Alomomola|0 fnt
|faint|p1a: Alomomola
|-damage|p2a: Great Tusk|68/100|[from] item: Life Orb
|
|-weather|none
|-end|p2a: Great Tusk|Protosynthesis
|upkeep
|
|t:|1757797560
|switch|p1a: Quaquaval|Quaquaval, F|100/100
|turn|11
|
|t:|1757797563
|-end|p2a: Great Tusk|Protosynthesis|[silent]
|switch|p2a: Walking Wake|Walking Wake|100/100
|-damage|p2a: Walking Wake|88/100|[from] Stealth Rock
|move|p1a: Quaquaval|Aqua Step|p2a: Walking Wake
|-resisted|p2a: Walking Wake
|-damage|p2a: Walking Wake|77/100
|-boost|p1a: Quaquaval|spe|1
|
|upkeep
|turn|12
|
|t:|1757797574
|move|p1a: Quaquaval|Close Combat|p2a: Walking Wake
|-damage|p2a: Walking Wake|10/100
|-unboost|p1a: Quaquaval|def|1
|-unboost|p1a: Quaquaval|spd|1
|move|p2a: Walking Wake|Draco Meteor|p1a: Quaquaval
|-damage|p1a: Quaquaval|0 fnt
|-unboost|p2a: Walking Wake|spa|2
|faint|p1a: Quaquaval
|-damage|p2a: Walking Wake|0 fnt|[from] item: Life Orb
|faint|p2a: Walking Wake
|-end|p2a: Walking Wake|Protosynthesis|[silent]
|
|upkeep
|
|t:|1757797584
|switch|p2a: Rotom|Rotom-Mow|100/100
|switch|p1a: Arcanine|Arcanine-Hisui, M|100/100
|-damage|p2a: Rotom|88/100|[from] Stealth Rock
|turn|13
|
|t:|1757797592
|move|p1a: Arcanine|Flare Blitz|p2a: Rotom
|-supereffective|p2a: Rotom
|-damage|p2a: Rotom|0 fnt
|faint|p2a: Rotom
|
|upkeep
|
|t:|1757797595
|switch|p2a: Great Tusk|Great Tusk|68/100
|-damage|p2a: Great Tusk|65/100|[from] Stealth Rock
|turn|14
|
|t:|1757797605
|move|p1a: Arcanine|Flare Blitz|p2a: Great Tusk
|-damage|p2a: Great Tusk|8/100
|move|p2a: Great Tusk|Earthquake|p1a: Arcanine
|-supereffective|p1a: Arcanine
|-damage|p1a: Arcanine|0 fnt
|faint|p1a: Arcanine
|-damage|p2a: Great Tusk|0 fnt|[from] item: Life Orb
|faint|p2a: Great Tusk
|-end|p2a: Great Tusk|Protosynthesis|[silent]
|
|win|mappy621
|raw|skibidi but swole's rating: 1230 &rarr; <strong>1208</strong><br />(-22 for losing)
|raw|mappy621's rating: 1273 &rarr; <strong>1295</strong><br />(+22 for winning)
|l|☆skibidi but swole
|player|p1|
|l|☆mappy621
|player|p2|
