|j|☆the tedd9999
|j|☆Tirpo8
|t:|1757788844
|gametype|singles
|player|p1|the tedd9999|blue|1656
|player|p2|Tirpo8|266|1681
|gen|9
|tier|[Gen 9] OU
|rated|
|rule|HP Percentage Mod: HP is shown in percentages
|rule|Endless Battle Clause: Forcing endless battles is banned
|rule|Species Clause: Limit one of each Pokémon
|rule|OHKO Clause: OHKO moves are banned
|rule|Evasion Items Clause: Evasion items are banned
|rule|Evasion Moves Clause: Evasion moves are banned
|rule|Evasion Abilities Clause: Evasion abilities are banned
|rule|Sleep Moves Clause: Sleep-inducing moves are banned
|clearpoke
|poke|p1|Maushold-Four|
|poke|p1|Landorus-Therian, M|
|poke|p1|Kingambit, F|
|poke|p1|Kyurem|
|poke|p1|Arcanine-Hisui, M|
|poke|p1|Primarina, F|
|poke|p2|Hydrapple, F|
|poke|p2|Slowking-Galar, F|
|poke|p2|Great Tusk|
|poke|p2|Moltres|
|poke|p2|Zamazenta-*|
|poke|p2|Kingambit, F|
|teampreview
|inactive|Battle timer is ON: inactive players will automatically lose when time's up. (requested by Tirpo8)
|inactive|the tedd9999 has 120 seconds left.
|j| 54 insane rats
|inactive|the tedd9999 has 90 seconds left.
|
|t:|1757788936
|teamsize|p1|6
|teamsize|p2|6
|start
|switch|p1a: Arcanine|Arcanine-Hisui, M|100/100
|switch|p2a: Hydrapple|Hydrapple, F|100/100
|turn|1
|inactive|the tedd9999 has 120 seconds left.
|inactive|Tirpo8 has 120 seconds left.
|inactive|Tirpo8 has 90 seconds left.
|
|t:|1757789000
|switch|p1a: Primarina|Primarina, F|100/100
|switch|p2a: Great Tusk|Great Tusk|100/100
|
|upkeep
|turn|2
|inactive|Tirpo8 has 90 seconds left.
|inactive|Tirpo8 has 60 seconds left.
|
|t:|1757789044
|-end|p2a: Great Tusk|Protosynthesis|[silent]
|switch|p2a: Slowking|Slowking-Galar, F|100/100
|move|p1a: Primarina|Surf|p2a: Slowking
|-damage|p2a: Slowking|71/100
|
|upkeep
|turn|3
|
|t:|1757789048
|move|p1a: Primarina|Flip Turn|p2a: Slowking
|-crit|p2a: Slowking
|-damage|p2a: Slowking|46/100
|
|t:|1757789051
|switch|p1a: Arcanine|Arcanine-Hisui, M|100/100|[from] Flip Turn
|-prepare|p2a: Slowking|Chilly Reception|[premajor]
|move|p2a: Slowking|Chilly Reception|p2a: Slowking
|-weather|Snowscape
|inactive|Tirpo8 has 60 seconds left.
|
|t:|1757789073
|switch|p2a: Zamazenta|Zamazenta|100/100|[from] Chilly Reception
|-ability|p2a: Zamazenta|Dauntless Shield|boost
|-boost|p2a: Zamazenta|def|1
|
|-weather|Snowscape|[upkeep]
|upkeep
|turn|4
|
|t:|1757789076
|switch|p1a: Laura Castellano|Landorus-Therian, M|100/100
|-ability|p1a: Laura Castellano|Intimidate|boost
|-unboost|p2a: Zamazenta|atk|1
|move|p2a: Zamazenta|Close Combat|p1a: Laura Castellano
|-resisted|p1a: Laura Castellano
|-damage|p1a: Laura Castellano|70/100
|-unboost|p2a: Zamazenta|def|1
|-unboost|p2a: Zamazenta|spd|1
|-damage|p2a: Zamazenta|84/100|[from] item: Rocky Helmet|[of] p1a: Laura Castellano
|
|-weather|Snowscape|[upkeep]
|upkeep
|turn|5
|
|t:|1757789088
|switch|p2a: Moltres|Moltres|100/100
|move|p1a: Laura Castellano|U-turn|p2a: Moltres
|-resisted|p2a: Moltres
|-damage|p2a: Moltres|97/100
|
|t:|1757789093
|switch|p1a: Arcanine|Arcanine-Hisui, M|100/100|[from] U-turn
|
|-weather|Snowscape|[upkeep]
|upkeep
|turn|6
|inactive|Tirpo8 has 90 seconds left.
|l| 54 insane rats
|inactive|Tirpo8 has 60 seconds left.
|
|t:|1757789133
|switch|p2a: Zamazenta|Zamazenta|84/100
|move|p1a: Arcanine|Flare Blitz|p2a: Zamazenta
|-damage|p2a: Zamazenta|7/100
|
|-weather|Snowscape|[upkeep]
|upkeep
|turn|7
|inactive|Tirpo8 has 60 seconds left.
|inactive|Tirpo8 has 30 seconds left.
|
|t:|1757789183
|switch|p1a: Laura Castellano|Landorus-Therian, M|70/100
|-ability|p1a: Laura Castellano|Intimidate|boost
|-unboost|p2a: Zamazenta|atk|1
|move|p2a: Zamazenta|Close Combat|p1a: Laura Castellano
|-resisted|p1a: Laura Castellano
|-damage|p1a: Laura Castellano|41/100
|-unboost|p2a: Zamazenta|def|1
|-unboost|p2a: Zamazenta|spd|1
|-damage|p2a: Zamazenta|0 fnt|[from] item: Rocky Helmet|[of] p1a: Laura Castellano
|faint|p2a: Zamazenta
|
|-weather|none
|upkeep
|inactive|Tirpo8 has 30 seconds left this turn.
|
|t:|1757789185
|switch|p2a: Hydrapple|Hydrapple, F|100/100
|turn|8
|
|t:|1757789200
|move|p1a: Laura Castellano|U-turn|p2a: Hydrapple
|-supereffective|p2a: Hydrapple
|-damage|p2a: Hydrapple|65/100
|
|t:|1757789205
|switch|p1a: Primarina|Primarina, F|100/100|[from] U-turn
|move|p2a: Hydrapple|Leaf Storm|p1a: Primarina
|-supereffective|p1a: Primarina
|-damage|p1a: Primarina|0 fnt
|-unboost|p2a: Hydrapple|spa|2
|faint|p1a: Primarina
|-damage|p2a: Hydrapple|55/100|[from] item: Life Orb
|
|upkeep
|
|t:|1757789213
|switch|p1a: Arcanine|Arcanine-Hisui, M|100/100
|turn|9
|
|t:|1757789222
|switch|p2a: Kingambit|Kingambit, F|100/100
|-activate|p2a: Kingambit|ability: Supreme Overlord
|-start|p2a: Kingambit|fallen1|[silent]
|move|p1a: Arcanine|Flare Blitz|p2a: Kingambit
|-supereffective|p2a: Kingambit
|-damage|p2a: Kingambit|0 fnt
|faint|p2a: Kingambit
|-end|p2a: Kingambit|fallen1|[silent]
|
|upkeep
|
|t:|1757789228
|switch|p2a: Great Tusk|Great Tusk|100/100
|turn|10
|
|t:|1757789233
|move|p1a: Arcanine|Flare Blitz|p2a: Great Tusk
|-damage|p2a: Great Tusk|41/100
|move|p2a: Great Tusk|Stealth Rock|p1a: Arcanine
|-sidestart|p1: the tedd9999|move: Stealth Rock
|
|upkeep
|turn|11
|
|t:|1757789238
|-end|p2a: Great Tusk|Protosynthesis|[silent]
|switch|p2a: Moltres|Moltres|97/100
|move|p1a: Arcanine|Flare Blitz|p2a: Moltres
|-resisted|p2a: Moltres
|-damage|p2a: Moltres|66/100
|
|upkeep
|turn|12
|
|t:|1757789240
|move|p1a: Arcanine|Flare Blitz|p2a: Moltres
|-resisted|p2a: Moltres
|-damage|p2a: Moltres|37/100
|move|p2a: Moltres|U-turn|p1a: Arcanine
|-resisted|p1a: Arcanine
|-damage|p1a: Arcanine|91/100
|
|t:|1757789267
|switch|p2a: Great Tusk|Great Tusk|41/100|[from] U-turn
|
|upkeep
|turn|13
|
|t:|1757789284
|move|p1a: Arcanine|Flare Blitz|p2a: Great Tusk
|-damage|p2a: Great Tusk|0 fnt
|faint|p2a: Great Tusk
|-end|p2a: Great Tusk|Protosynthesis|[silent]
|
|upkeep
|
|t:|1757789287
|switch|p2a: Moltres|Moltres|37/100
|turn|14
|
|t:|1757789289
|move|p1a: Arcanine|Flare Blitz|p2a: Moltres
|-resisted|p2a: Moltres
|-damage|p2a: Moltres|9/100
|move|p2a: Moltres|Roost|p2a: Moltres
|-heal|p2a: Moltres|59/100
|-singleturn|p2a: Moltres|move: Roost
|
|upkeep
|turn|15
|
|t:|1757789294
|move|p1a: Arcanine|Flare Blitz|p2a: Moltres
|-resisted|p2a: Moltres
|-damage|p2a: Moltres|29/100
|move|p2a: Moltres|Roost|p2a: Moltres
|-heal|p2a: Moltres|79/100
|-singleturn|p2a: Moltres|move: Roost
|
|upkeep
|turn|16
|
|t:|1757789296
|move|p1a: Arcanine|Flare Blitz|p2a: Moltres
|-resisted|p2a: Moltres
|-damage|p2a: Moltres|47/100
|move|p2a: Moltres|Roost|p2a: Moltres
|-heal|p2a: Moltres|97/100
|-singleturn|p2a: Moltres|move: Roost
|
|upkeep
|turn|17
|
|t:|1757789299
|move|p1a: Arcanine|Flare Blitz|p2a: Moltres
|-resisted|p2a: Moltres
|-damage|p2a: Moltres|67/100
|move|p2a: Moltres|Flamethrower|p1a: Arcanine
|-resisted|p1a: Arcanine
|-damage|p1a: Arcanine|80/100
|
|upkeep
|turn|18
|
|t:|1757789303
|move|p1a: Arcanine|Flare Blitz|p2a: Moltres
|-resisted|p2a: Moltres
|-damage|p2a: Moltres|36/100
|move|p2a: Moltres|Roost|p2a: Moltres
|-heal|p2a: Moltres|86/100
|-singleturn|p2a: Moltres|move: Roost
|
|upkeep
|turn|19
|
|t:|1757789307
|move|p1a: Arcanine|Flare Blitz|p2a: Moltres
|-resisted|p2a: Moltres
|-damage|p2a: Moltres|55/100
|move|p2a: Moltres|Flamethrower|p1a: Arcanine
|-resisted|p1a: Arcanine
|-damage|p1a: Arcanine|70/100
|
|upkeep
|turn|20
|
|t:|1757789311
|move|p1a: Arcanine|Flare Blitz|p2a: Moltres
|-resisted|p2a: Moltres
|-damage|p2a: Moltres|27/100
|move|p2a: Moltres|Roost|p2a: Moltres
|-heal|p2a: Moltres|77/100
|-singleturn|p2a: Moltres|move: Roost
|
|upkeep
|turn|21
|
|t:|1757789315
|move|p1a: Arcanine|Flare Blitz|p2a: Moltres
|-resisted|p2a: Moltres
|-damage|p2a: Moltres|46/100
|move|p2a: Moltres|Roost|p2a: Moltres
|-heal|p2a: Moltres|96/100
|-singleturn|p2a: Moltres|move: Roost
|
|upkeep
|turn|22
|
|t:|1757789317
|move|p1a: Arcanine|Flare Blitz|p2a: Moltres
|-resisted|p2a: Moltres
|-damage|p2a: Moltres|68/100
|move|p2a: Moltres|Roar|p1a: Arcanine
|drag|p1a: Maushold|Maushold-Four|100/100
|-damage|p1a: Maushold|88/100|[from] Stealth Rock
|
|upkeep
|turn|23
|
|t:|1757789325
|move|p1a: Maushold|Tidy Up|p1a: Maushold
|-sideend|p1: the tedd9999|Stealth Rock
|-activate|p1a: Maushold|move: Tidy Up
|-boost|p1a: Maushold|atk|1
|-boost|p1a: Maushold|spe|1
|move|p2a: Moltres|Flamethrower|p1a: Maushold
|-damage|p1a: Maushold|30/100
|
|upkeep
|turn|24
|
|t:|1757789329
|move|p1a: Maushold|Population Bomb|p2a: Moltres
|-damage|p2a: Moltres|57/100
|-status|p1a: Maushold|brn|[from] ability: Flame Body|[of] p2a: Moltres
|-damage|p2a: Moltres|51/100
|-damage|p2a: Moltres|46/100
|-damage|p2a: Moltres|40/100
|-damage|p2a: Moltres|34/100
|-damage|p2a: Moltres|29/100
|-damage|p2a: Moltres|23/100
|-damage|p2a: Moltres|18/100
|-damage|p2a: Moltres|13/100
|-damage|p2a: Moltres|8/100
|-hitcount|p2a: Moltres|10
|move|p2a: Moltres|Flamethrower|p1a: Maushold
|-damage|p1a: Maushold|0 fnt
|faint|p1a: Maushold
|
|upkeep
|
|t:|1757789337
|switch|p1a: Kyurem|Kyurem|100/100
|-ability|p1a: Kyurem|Pressure
|turn|25
|
|t:|1757789340
|move|p1a: Kyurem|Icicle Spear|p2a: Moltres
|-damage|p2a: Moltres|0 fnt
|faint|p2a: Moltres
|-hitcount|p2: Moltres|1
|
|upkeep
|
|t:|1757789342
|switch|p2a: Hydrapple|Hydrapple, F|89/100
|turn|26
|
|t:|1757789346
|switch|p1a: Laura Castellano|Landorus-Therian, M|41/100
|-ability|p1a: Laura Castellano|Intimidate|boost
|-unboost|p2a: Hydrapple|atk|1
|-terastallize|p2a: Hydrapple|Poison
|move|p2a: Hydrapple|Fickle Beam|p1a: Laura Castellano|[anim] Fickle Beam All Out
|-activate|p2a: Hydrapple|move: Fickle Beam
|-damage|p1a: Laura Castellano|0 fnt
|faint|p1a: Laura Castellano
|-damage|p2a: Hydrapple|79/100|[from] item: Life Orb
|
|upkeep
|
|t:|1757789350
|switch|p1a: Arcanine|Arcanine-Hisui, M|70/100
|turn|27
|
|t:|1757789353
|switch|p2a: Slowking|Slowking-Galar, F|80/100
|move|p1a: Arcanine|Flare Blitz|p2a: Slowking
|-damage|p2a: Slowking|0 fnt
|faint|p2a: Slowking
|
|upkeep
|
|t:|1757789355
|switch|p2a: Hydrapple|Hydrapple, F, tera:Poison|100/100
|turn|28
|
|t:|1757789356
|move|p1a: Arcanine|Flare Blitz|p2a: Hydrapple
|-damage|p2a: Hydrapple|28/100
|move|p2a: Hydrapple|Fickle Beam|p1a: Arcanine
|-damage|p1a: Arcanine|4/100
|-damage|p2a: Hydrapple|19/100|[from] item: Life Orb
|
|upkeep
|turn|29
|-message|Tirpo8 forfeited.
|
|win|the tedd9999
|raw|the tedd9999's rating: 1656 &rarr; <strong>1677</strong><br />(+21 for winning)
|raw|Tirpo8's rating: 1681 &rarr; <strong>1660</strong><br />(-21 for losing)
|l|☆Tirpo8
|player|p2|
|l|☆the tedd9999
|player|p1|
|j| 54 insane rats
