|j|☆lollol2
|j|☆DavidEdgerunner
|t:|1757842113
|gametype|singles
|player|p1|lollol2|102|1218
|player|p2|DavidEdgerunner|benga|1187
|gen|9
|tier|[Gen 9] OU
|rated|
|rule|HP Percentage Mod: HP is shown in percentages
|rule|Endless Battle Clause: Forcing endless battles is banned
|rule|Species Clause: Limit one of each Pokémon
|rule|OHKO Clause: OHKO moves are banned
|rule|Evasion Items Clause: Evasion items are banned
|rule|Evasion Moves Clause: Evasion moves are banned
|rule|Evasion Abilities Clause: Evasion abilities are banned
|rule|Sleep Moves Clause: Sleep-inducing moves are banned
|clearpoke
|poke|p1|Smeargle, F|
|poke|p1|Kyurem|
|poke|p1|Skeledirge, F|
|poke|p1|Blissey, F|
|poke|p1|Scizor, M|
|poke|p1|Zamazenta-*|
|poke|p2|Vikavolt, M|
|poke|p2|Clawitzer, M|
|poke|p2|Toxapex, M|
|poke|p2|Haxorus, M|
|poke|p2|Dodrio, F|
|poke|p2|Serperior, F|
|teampreview
|
|t:|1757842123
|teamsize|p1|6
|teamsize|p2|6
|start
|switch|p1a: Scizor|Scizor, M|100/100
|switch|p2a: Vikavolt|Vikavolt, M, shiny|100/100
|turn|1
|
|t:|1757842130
|move|p1a: Scizor|Swords Dance|p1a: Scizor
|-boost|p1a: Scizor|atk|2
|move|p2a: Vikavolt|Sticky Web|p1a: Scizor
|-sidestart|p1: lollol2|move: Sticky Web
|
|upkeep
|turn|2
|
|t:|1757842136
|switch|p2a: Toxapex|Toxapex, M|100/100
|move|p1a: Scizor|Bullet Punch|p2a: Toxapex
|-resisted|p2a: Toxapex
|-damage|p2a: Toxapex|74/100
|-damage|p1a: Scizor|91/100|[from] item: Life Orb
|
|upkeep
|turn|3
|
|t:|1757842145
|move|p1a: Scizor|Knock Off|p2a: Toxapex
|-damage|p2a: Toxapex|10/100
|-enditem|p2a: Toxapex|Heavy-Duty Boots|[from] move: Knock Off|[of] p1a: Scizor
|-damage|p1a: Scizor|81/100|[from] item: Life Orb
|move|p2a: Toxapex|Haze|p2a: Toxapex
|-clearallboost
|
|upkeep
|turn|4
|c|☆DavidEdgerunner|alright buddy
|
|t:|1757842152
|move|p1a: Scizor|Bullet Punch|p2a: Toxapex
|-resisted|p2a: Toxapex
|-damage|p2a: Toxapex|0 fnt
|faint|p2a: Toxapex
|-damage|p1a: Scizor|71/100|[from] item: Life Orb
|
|upkeep
|c|☆DavidEdgerunner|chill out
|
|t:|1757842194
|switch|p2a: Haxorus|Haxorus, M, shiny|100/100
|-ability|p2a: Haxorus|Mold Breaker
|turn|5
|
|t:|1757842209
|switch|p1a: Skeledirge|Skeledirge, F|100/100
|move|p2a: Haxorus|Earthquake|p1a: Skeledirge
|-supereffective|p1a: Skeledirge
|-damage|p1a: Skeledirge|31/100
|
|upkeep
|turn|6
|
|t:|1757842217
|move|p2a: Haxorus|Earthquake|p1a: Skeledirge
|-supereffective|p1a: Skeledirge
|-damage|p1a: Skeledirge|0 fnt
|faint|p1a: Skeledirge
|
|upkeep
|c|☆DavidEdgerunner|there is no reason for knock off to do that type of damage
|
|t:|1757842249
|switch|p1a: Smeargle|Smeargle, F|100/100
|-activate|p1a: Smeargle|move: Sticky Web
|-unboost|p1a: Smeargle|spe|1
|turn|7
|
|t:|1757842257
|switch|p2a: Dodrio|Dodrio, F|100/100
|move|p1a: Smeargle|Baneful Bunker||[still]
|-fail|p1a: Smeargle
|
|upkeep
|turn|8
|
|t:|1757842264
|move|p2a: Dodrio|Swords Dance|p2a: Dodrio
|-boost|p2a: Dodrio|atk|2
|move|p1a: Smeargle|Nuzzle|p2a: Dodrio
|-supereffective|p2a: Dodrio
|-damage|p2a: Dodrio|95/100
|-status|p2a: Dodrio|par
|
|upkeep
|turn|9
|
|t:|1757842271
|move|p1a: Smeargle|Sticky Web|p2a: Dodrio
|-sidestart|p2: DavidEdgerunner|move: Sticky Web
|move|p2a: Dodrio|Low Kick|p1a: Smeargle
|-supereffective|p1a: Smeargle
|-enditem|p1a: Smeargle|Focus Sash
|-damage|p1a: Smeargle|1/100
|
|upkeep
|turn|10
|
|t:|1757842277
|move|p2a: Dodrio|Quick Attack|p1a: Smeargle
|-damage|p1a: Smeargle|0 fnt
|faint|p1a: Smeargle
|
|upkeep
|
|t:|1757842283
|switch|p1a: Zamazenta|Zamazenta|100/100
|-ability|p1a: Zamazenta|Dauntless Shield|boost
|-boost|p1a: Zamazenta|def|1
|turn|11
|
|t:|1757842289
|move|p1a: Zamazenta|Close Combat|p2a: Dodrio
|-damage|p2a: Dodrio|0 fnt
|-unboost|p1a: Zamazenta|def|1
|-unboost|p1a: Zamazenta|spd|1
|faint|p2a: Dodrio
|
|upkeep
|
|t:|1757842294
|switch|p2a: Serperior|Serperior, F|100/100
|-activate|p2a: Serperior|move: Sticky Web
|-boost|p2a: Serperior|spe|1
|turn|12
|
|t:|1757842302
|switch|p1a: Blissey|Blissey, F|100/100
|move|p2a: Serperior|Leaf Storm|p1a: Blissey
|-damage|p1a: Blissey|86/100
|-boost|p2a: Serperior|spa|2
|
|upkeep
|turn|13
|
|t:|1757842310
|move|p2a: Serperior|Glare|p1a: Blissey
|-status|p1a: Blissey|par
|move|p1a: Blissey|Thunder Wave|p2a: Serperior
|-status|p2a: Serperior|par
|
|upkeep
|turn|14
|
|t:|1757842318
|move|p2a: Serperior|Leaf Storm|p1a: Blissey
|-damage|p1a: Blissey|57/100 par
|-boost|p2a: Serperior|spa|2
|move|p1a: Blissey|Stealth Rock|p2a: Serperior
|-sidestart|p2: DavidEdgerunner|move: Stealth Rock
|
|upkeep
|turn|15
|
|t:|1757842325
|cant|p2a: Serperior|par
|cant|p1a: Blissey|par
|
|upkeep
|turn|16
|
|t:|1757842329
|move|p2a: Serperior|Leaf Storm|p1a: Blissey
|-damage|p1a: Blissey|10/100 par
|-boost|p2a: Serperior|spa|2
|move|p1a: Blissey|Soft-Boiled|p1a: Blissey
|-heal|p1a: Blissey|60/100 par
|
|upkeep
|turn|17
|
|t:|1757842339
|move|p2a: Serperior|Leaf Storm|p1a: Blissey|[miss]
|-miss|p2a: Serperior|p1a: Blissey
|move|p1a: Blissey|Seismic Toss|p2a: Serperior
|-damage|p2a: Serperior|66/100 par
|
|-heal|p2a: Serperior|72/100 par|[from] item: Leftovers
|upkeep
|turn|18
|c|☆DavidEdgerunner|it wont end like this
|c|☆DavidEdgerunner|serperior will be a champ
|
|t:|1757842347
|move|p2a: Serperior|Leaf Storm|p1a: Blissey
|-damage|p1a: Blissey|5/100 par
|cant|p1a: Blissey|par
|
|-heal|p2a: Serperior|79/100 par|[from] item: Leftovers
|upkeep
|turn|19
|
|t:|1757842354
|cant|p2a: Serperior|par
|move|p1a: Blissey|Soft-Boiled|p1a: Blissey
|-heal|p1a: Blissey|55/100 par
|
|-heal|p2a: Serperior|85/100 par|[from] item: Leftovers
|upkeep
|turn|20
|
|t:|1757842360
|cant|p2a: Serperior|par
|move|p1a: Blissey|Seismic Toss|p2a: Serperior
|-damage|p2a: Serperior|50/100 par
|
|-heal|p2a: Serperior|57/100 par|[from] item: Leftovers
|upkeep
|turn|21
|
|t:|1757842367
|move|p2a: Serperior|Dragon Pulse|p1a: Blissey
|-damage|p1a: Blissey|32/100 par
|cant|p1a: Blissey|par
|
|-heal|p2a: Serperior|63/100 par|[from] item: Leftovers
|upkeep
|turn|22
|
|t:|1757842373
|move|p2a: Serperior|Leaf Storm|p1a: Blissey
|-damage|p1a: Blissey|0 fnt
|faint|p1a: Blissey
|
|-heal|p2a: Serperior|69/100 par|[from] item: Leftovers
|upkeep
|c|☆DavidEdgerunner|please
|
|t:|1757842383
|switch|p1a: Kyurem|Kyurem|100/100
|-activate|p1a: Kyurem|move: Sticky Web
|-unboost|p1a: Kyurem|spe|1
|-ability|p1a: Kyurem|Pressure
|turn|23
|
|t:|1757842391
|-terastallize|p1a: Kyurem|Ice
|cant|p2a: Serperior|par
|move|p1a: Kyurem|Ice Beam|p2a: Serperior
|-supereffective|p2a: Serperior
|-damage|p2a: Serperior|0 fnt
|faint|p2a: Serperior
|
|upkeep
|c|☆DavidEdgerunner|rip
|
|t:|1757842402
|switch|p2a: Haxorus|Haxorus, M, shiny|100/100
|-activate|p2a: Haxorus|move: Sticky Web
|-unboost|p2a: Haxorus|spe|1
|-damage|p2a: Haxorus|88/100|[from] Stealth Rock
|-ability|p2a: Haxorus|Mold Breaker
|turn|24
|
|t:|1757842409
|move|p2a: Haxorus|Earthquake|p1a: Kyurem
|-damage|p1a: Kyurem|45/100
|move|p1a: Kyurem|Ice Beam|p2a: Haxorus
|-supereffective|p2a: Haxorus
|-damage|p2a: Haxorus|0 fnt
|faint|p2a: Haxorus
|
|upkeep
|
|t:|1757842415
|switch|p2a: Clawitzer|Clawitzer, M, shiny|100/100
|-activate|p2a: Clawitzer|move: Sticky Web
|-unboost|p2a: Clawitzer|spe|1
|-damage|p2a: Clawitzer|88/100|[from] Stealth Rock
|turn|25
|
|t:|1757842421
|switch|p1a: Zamazenta|Zamazenta|100/100
|move|p2a: Clawitzer|Aura Sphere|p1a: Zamazenta
|-damage|p1a: Zamazenta|37/100
|
|upkeep
|turn|26
|
|t:|1757842428
|move|p1a: Zamazenta|Close Combat|p2a: Clawitzer
|-damage|p2a: Clawitzer|12/100
|-unboost|p1a: Zamazenta|def|1
|-unboost|p1a: Zamazenta|spd|1
|move|p2a: Clawitzer|Aura Sphere|p1a: Zamazenta
|-damage|p1a: Zamazenta|0 fnt
|faint|p1a: Zamazenta
|
|upkeep
|
|t:|1757842437
|switch|p1a: Kyurem|Kyurem, tera:Ice|45/100
|-activate|p1a: Kyurem|move: Sticky Web
|-unboost|p1a: Kyurem|spe|1
|-ability|p1a: Kyurem|Pressure
|turn|27
|
|t:|1757842443
|move|p1a: Kyurem|Freeze-Dry|p2a: Clawitzer
|-supereffective|p2a: Clawitzer
|-damage|p2a: Clawitzer|0 fnt
|faint|p2a: Clawitzer
|
|upkeep
|
|t:|1757842445
|switch|p2a: Vikavolt|Vikavolt, M, shiny|100/100
|-damage|p2a: Vikavolt|76/100|[from] Stealth Rock
|turn|28
|
|t:|1757842463
|move|p1a: Kyurem|Freeze-Dry|p2a: Vikavolt
|-damage|p2a: Vikavolt|0 fnt
|faint|p2a: Vikavolt
|
|win|lollol2
|raw|lollol2's rating: 1218 &rarr; <strong>1241</strong><br />(+23 for winning)
|raw|DavidEdgerunner's rating: 1187 &rarr; <strong>1164</strong><br />(-23 for losing)
|c|☆DavidEdgerunner|ggs
|l|☆DavidEdgerunner
|player|p2|
|c|☆lollol2|gg
|l|☆lollol2
|player|p1|
