|j|☆ihategroundtypes
|j|☆99steps_stuts
|t:|1757826696
|gametype|singles
|player|p1|ihategroundtypes|miku-flying|1571
|player|p2|99steps_stuts|brycenman|1617
|gen|9
|tier|[Gen 9] OU
|rated|
|rule|HP Percentage Mod: HP is shown in percentages
|rule|Endless Battle Clause: Forcing endless battles is banned
|rule|Species Clause: Limit one of each Pokémon
|rule|OHKO Clause: OHKO moves are banned
|rule|Evasion Items Clause: Evasion items are banned
|rule|Evasion Moves Clause: Evasion moves are banned
|rule|Evasion Abilities Clause: Evasion abilities are banned
|rule|Sleep Moves Clause: Sleep-inducing moves are banned
|clearpoke
|poke|p1|Araquanid, M|
|poke|p1|Kingambit, M|
|poke|p1|Enamorus, F|
|poke|p1|Ogerpon, F|
|poke|p1|Pecharunt|
|poke|p1|Great Tusk|
|poke|p2|Clefable, M|
|poke|p2|Incineroar, F|
|poke|p2|Clodsire, F|
|poke|p2|Zapdos-Galar|
|poke|p2|Gholdengo|
|poke|p2|Dragapult, M|
|teampreview
|inactive|Battle timer is ON: inactive players will automatically lose when time's up. (requested by 99steps_stuts)
|
|t:|1757826705
|teamsize|p1|6
|teamsize|p2|6
|start
|switch|p1a: Araquanid|Araquanid, M|100/100
|switch|p2a: Quaqsire|Clodsire, F, shiny|100/100
|turn|1
|
|t:|1757826713
|move|p1a: Araquanid|Sticky Web|p2a: Quaqsire
|-sidestart|p2: 99steps_stuts|move: Sticky Web
|move|p2a: Quaqsire|Stealth Rock|p1a: Araquanid
|-sidestart|p1: ihategroundtypes|move: Stealth Rock
|
|upkeep
|turn|2
|
|t:|1757826719
|move|p1a: Araquanid|Surf|p2a: Quaqsire
|-immune|p2a: Quaqsire|[from] ability: Water Absorb
|move|p2a: Quaqsire|Gunk Shot|p1a: Araquanid
|-crit|p1a: Araquanid
|-damage|p1a: Araquanid|48/100
|-status|p1a: Araquanid|psn
|
|-damage|p1a: Araquanid|36/100 psn|[from] psn
|upkeep
|turn|3
|
|t:|1757826729
|move|p1a: Araquanid|Endeavor|p2a: Quaqsire
|-damage|p2a: Quaqsire|26/100
|move|p2a: Quaqsire|Recover|p2a: Quaqsire
|-heal|p2a: Quaqsire|77/100
|
|-heal|p2a: Quaqsire|83/100|[from] item: Black Sludge
|-damage|p1a: Araquanid|23/100 psn|[from] psn
|upkeep
|turn|4
|
|t:|1757826748
|switch|p1a: Pecharunt|Pecharunt|100/100
|-damage|p1a: Pecharunt|88/100|[from] Stealth Rock
|switch|p2a: Dragapult|Dragapult, M|100/100
|
|upkeep
|turn|5
|
|t:|1757826772
|move|p2a: Dragapult|Hex|p1a: Pecharunt
|-supereffective|p1a: Pecharunt
|-damage|p1a: Pecharunt|36/100
|move|p1a: Pecharunt|Shadow Ball|p2a: Dragapult
|-supereffective|p2a: Dragapult
|-damage|p2a: Dragapult|17/100
|
|upkeep
|turn|6
|
|t:|1757826782
|move|p2a: Dragapult|U-turn|p1a: Pecharunt
|-resisted|p1a: Pecharunt
|-damage|p1a: Pecharunt|33/100
|
|t:|1757826786
|switch|p2a: Gholdengo|Gholdengo, shiny|100/100|[from] U-turn
|-item|p2a: Gholdengo|Air Balloon
|move|p1a: Pecharunt|Malignant Chain|p2a: Gholdengo
|-immune|p2a: Gholdengo
|
|upkeep
|turn|7
|
|t:|1757826790
|move|p1a: Pecharunt|Shadow Ball|p2a: Gholdengo
|-supereffective|p2a: Gholdengo
|-damage|p2a: Gholdengo|32/100
|-enditem|p2a: Gholdengo|Air Balloon
|move|p2a: Gholdengo|Shadow Ball|p1a: Pecharunt
|-supereffective|p1a: Pecharunt
|-damage|p1a: Pecharunt|0 fnt
|faint|p1a: Pecharunt
|
|upkeep
|
|t:|1757826809
|switch|p1a: Ogerpon|Ogerpon, F|100/100
|-damage|p1a: Ogerpon|88/100|[from] Stealth Rock
|turn|8
|
|t:|1757826811
|move|p1a: Ogerpon|Knock Off|p2a: Gholdengo
|-supereffective|p2a: Gholdengo
|-damage|p2a: Gholdengo|0 fnt
|faint|p2a: Gholdengo
|-damage|p1a: Ogerpon|78/100|[from] item: Life Orb
|
|upkeep
|
|t:|1757826818
|switch|p2a: Dragapult|Dragapult, M|17/100
|turn|9
|
|t:|1757826833
|move|p2a: Dragapult|U-turn|p1a: Ogerpon
|-supereffective|p1a: Ogerpon
|-damage|p1a: Ogerpon|20/100
|
|t:|1757826836
|switch|p2a: Quaqsire|Clodsire, F, shiny|83/100|[from] U-turn
|-activate|p2a: Quaqsire|move: Sticky Web
|-unboost|p2a: Quaqsire|spe|1
|move|p1a: Ogerpon|Knock Off|p2a: Quaqsire
|-damage|p2a: Quaqsire|31/100
|-enditem|p2a: Quaqsire|Black Sludge|[from] move: Knock Off|[of] p1a: Ogerpon
|-damage|p1a: Ogerpon|10/100|[from] item: Life Orb
|
|upkeep
|turn|10
|
|t:|1757826842
|move|p1a: Ogerpon|Power Whip|p2a: Quaqsire|[miss]
|-miss|p1a: Ogerpon|p2a: Quaqsire
|move|p2a: Quaqsire|Recover|p2a: Quaqsire
|-heal|p2a: Quaqsire|81/100
|
|upkeep
|turn|11
|
|t:|1757826848
|move|p1a: Ogerpon|Power Whip|p2a: Quaqsire
|-damage|p2a: Quaqsire|0 fnt
|faint|p2a: Quaqsire
|-damage|p1a: Ogerpon|0 fnt|[from] item: Life Orb
|faint|p1a: Ogerpon
|
|upkeep
|
|t:|1757826861
|switch|p1a: Enamorus|Enamorus, F|100/100
|switch|p2a: Clefairie|Clefable, M, shiny|100/100
|-damage|p1a: Enamorus|76/100|[from] Stealth Rock
|-activate|p2a: Clefairie|move: Sticky Web
|-unboost|p2a: Clefairie|spe|1
|turn|12
|
|t:|1757826866
|move|p1a: Enamorus|Substitute|p1a: Enamorus
|-start|p1a: Enamorus|Substitute
|-damage|p1a: Enamorus|51/100
|move|p2a: Clefairie|Calm Mind|p2a: Clefairie
|-boost|p2a: Clefairie|spa|1
|-boost|p2a: Clefairie|spd|1
|
|upkeep
|turn|13
|
|t:|1757826871
|move|p1a: Enamorus|Moonblast|p2a: Clefairie
|-damage|p2a: Clefairie|61/100
|-damage|p1a: Enamorus|41/100|[from] item: Life Orb
|move|p2a: Clefairie|Calm Mind|p2a: Clefairie
|-boost|p2a: Clefairie|spa|1
|-boost|p2a: Clefairie|spd|1
|
|-heal|p2a: Clefairie|67/100|[from] item: Leftovers
|upkeep
|turn|14
|
|t:|1757826874
|move|p1a: Enamorus|Moonblast|p2a: Clefairie
|-damage|p2a: Clefairie|38/100
|-unboost|p2a: Clefairie|spa|1
|-damage|p1a: Enamorus|31/100|[from] item: Life Orb
|move|p2a: Clefairie|Wish|p2a: Clefairie
|
|-heal|p2a: Clefairie|44/100|[from] item: Leftovers
|upkeep
|turn|15
|
|t:|1757826893
|move|p1a: Enamorus|Moonblast|p2a: Clefairie
|-damage|p2a: Clefairie|11/100
|-damage|p1a: Enamorus|22/100|[from] item: Life Orb
|move|p2a: Clefairie|Calm Mind|p2a: Clefairie
|-boost|p2a: Clefairie|spa|1
|-boost|p2a: Clefairie|spd|1
|
|-heal|p2a: Clefairie|61/100|[from] move: Wish|[wisher] Clefairie
|-heal|p2a: Clefairie|67/100|[from] item: Leftovers
|upkeep
|turn|16
|
|t:|1757826898
|move|p1a: Enamorus|Moonblast|p2a: Clefairie
|-damage|p2a: Clefairie|42/100
|-damage|p1a: Enamorus|12/100|[from] item: Life Orb
|move|p2a: Clefairie|Wish|p2a: Clefairie
|
|-heal|p2a: Clefairie|49/100|[from] item: Leftovers
|upkeep
|turn|17
|
|t:|1757826900
|move|p1a: Enamorus|Moonblast|p2a: Clefairie
|-damage|p2a: Clefairie|22/100
|-damage|p1a: Enamorus|2/100|[from] item: Life Orb
|move|p2a: Clefairie|Calm Mind|p2a: Clefairie
|-boost|p2a: Clefairie|spa|1
|-boost|p2a: Clefairie|spd|1
|
|-heal|p2a: Clefairie|72/100|[from] move: Wish|[wisher] Clefairie
|-heal|p2a: Clefairie|78/100|[from] item: Leftovers
|upkeep
|turn|18
|
|t:|1757826903
|move|p1a: Enamorus|Moonblast|p2a: Clefairie
|-damage|p2a: Clefairie|57/100
|-damage|p1a: Enamorus|0 fnt|[from] item: Life Orb
|faint|p1a: Enamorus
|move|p2a: Clefairie|Wish|p2a: Clefairie
|
|-heal|p2a: Clefairie|63/100|[from] item: Leftovers
|upkeep
|
|t:|1757826917
|switch|p1a: Kingambit|Kingambit, M|100/100
|-damage|p1a: Kingambit|94/100|[from] Stealth Rock
|turn|19
|
|t:|1757826928
|switch|p2a: Incineroar|Incineroar, F, shiny|100/100
|-ability|p2a: Incineroar|Intimidate|boost
|-unboost|p1a: Kingambit|atk|1
|-ability|p1a: Kingambit|Defiant|boost
|-boost|p1a: Kingambit|atk|2
|move|p1a: Kingambit|Iron Head|p2a: Incineroar
|-resisted|p2a: Incineroar
|-damage|p2a: Incineroar|64/100
|
|-heal|p2a: Incineroar|100/100|[from] move: Wish|[wisher] Clefairie
|upkeep
|turn|20
|
|t:|1757826940
|-terastallize|p1a: Kingambit|Fire
|move|p2a: Incineroar|Flare Blitz|p1a: Kingambit
|-resisted|p1a: Kingambit
|-damage|p1a: Kingambit|72/100
|-damage|p2a: Incineroar|93/100|[from] Recoil
|move|p1a: Kingambit|Swords Dance|p1a: Kingambit
|-boost|p1a: Kingambit|atk|2
|
|upkeep
|turn|21
|
|t:|1757826947
|move|p2a: Incineroar|Knock Off|p1a: Kingambit
|-damage|p1a: Kingambit|34/100
|-enditem|p1a: Kingambit|Shuca Berry|[from] move: Knock Off|[of] p2a: Incineroar
|move|p1a: Kingambit|Low Kick|p2a: Incineroar
|-supereffective|p2a: Incineroar
|-damage|p2a: Incineroar|0 fnt
|faint|p2a: Incineroar
|
|upkeep
|
|t:|1757826957
|switch|p2a: Zapdos|Zapdos-Galar, shiny|100/100
|turn|22
|
|t:|1757826972
|move|p1a: Kingambit|Sucker Punch|p2a: Zapdos
|-resisted|p2a: Zapdos
|-damage|p2a: Zapdos|40/100
|move|p2a: Zapdos|Brave Bird|p1a: Kingambit
|-damage|p1a: Kingambit|0 fnt
|faint|p1a: Kingambit
|-damage|p2a: Zapdos|26/100|[from] Recoil
|
|upkeep
|
|t:|1757826978
|switch|p1a: Araquanid|Araquanid, M|23/100 psn
|-damage|p1a: Araquanid|0 fnt|[from] Stealth Rock
|faint|p1a: Araquanid
|
|t:|1757826980
|switch|p1a: Great Tusk|Great Tusk|100/100
|-damage|p1a: Great Tusk|98/100|[from] Stealth Rock
|-enditem|p1a: Great Tusk|Booster Energy
|-activate|p1a: Great Tusk|ability: Protosynthesis|[fromitem]
|-start|p1a: Great Tusk|protosynthesisatk
|turn|23
|inactive|99steps_stuts has 120 seconds left.
|inactive|99steps_stuts has 90 seconds left.
|
|t:|1757827054
|move|p2a: Zapdos|Brave Bird|p1a: Great Tusk
|-supereffective|p1a: Great Tusk
|-damage|p1a: Great Tusk|15/100
|-damage|p2a: Zapdos|0 fnt|[from] Recoil
|faint|p2a: Zapdos
|move|p1a: Great Tusk|Rapid Spin|p2: Zapdos|[notarget]
|-fail|p1a: Great Tusk
|
|upkeep
|-message|ihategroundtypes forfeited.
|
|win|99steps_stuts
|raw|ihategroundtypes's rating: 1571 &rarr; <strong>1554</strong><br />(-17 for losing)
|raw|99steps_stuts's rating: 1617 &rarr; <strong>1634</strong><br />(+17 for winning)
|l|☆ihategroundtypes
|player|p1|
