|j|☆monkeyooooooo
|j|☆sneedemnfeedem
|t:|1757916919
|gametype|singles
|player|p1|monkeyooooooo|swimmerf-gen4|1528
|player|p2|sneedemnfeedem|169|1571
|gen|9
|tier|[Gen 9] OU
|rated|
|rule|HP Percentage Mod: HP is shown in percentages
|rule|Endless Battle Clause: Forcing endless battles is banned
|rule|Species Clause: Limit one of each Pokémon
|rule|OHKO Clause: OHKO moves are banned
|rule|Evasion Items Clause: Evasion items are banned
|rule|Evasion Moves Clause: Evasion moves are banned
|rule|Evasion Abilities Clause: Evasion abilities are banned
|rule|Sleep Moves Clause: Sleep-inducing moves are banned
|clearpoke
|poke|p1|Dragapult, F|
|poke|p1|Slowking-Galar, F|
|poke|p1|Golem-Alola, M|
|poke|p1|Keldeo|
|poke|p1|Enamorus, F|
|poke|p1|Iron Treads|
|poke|p2|Darkrai|
|poke|p2|Kyurem|
|poke|p2|Zamazenta-*|
|poke|p2|Raging Bolt|
|poke|p2|Iron Hands|
|poke|p2|Gholdengo|
|teampreview
|
|t:|1757916932
|teamsize|p1|6
|teamsize|p2|6
|start
|switch|p1a: Golem|Golem-Alola, M|100/100
|switch|p2a: Iron Hands|Iron Hands|100/100
|turn|1
|
|t:|1757916936
|move|p1a: Golem|Stealth Rock|p2a: Iron Hands
|-sidestart|p2: sneedemnfeedem|move: Stealth Rock
|move|p2a: Iron Hands|Earthquake|p1a: Golem
|-supereffective|p1a: Golem
|-ability|p1a: Golem|Sturdy
|-damage|p1a: Golem|1/100
|
|upkeep
|turn|2
|inactive|Battle timer is ON: inactive players will automatically lose when time's up. (requested by monkeyooooooo)
|-enditem|p1a: Golem|Custap Berry|[eat]
|-activate|p1a: Golem|item: Custap Berry|[consumed]
|
|t:|1757916941
|move|p1a: Golem|Explosion|p2a: Iron Hands
|-damage|p2a: Iron Hands|34/100
|faint|p1a: Golem
|move|p2a: Iron Hands|Drain Punch|p1: Golem|[notarget]
|-fail|p2a: Iron Hands
|
|upkeep
|
|t:|1757916961
|switch|p1a: Dragapult|Dragapult, F|100/100
|turn|3
|
|t:|1757916976
|move|p1a: Dragapult|Dragon Darts|p2a: Iron Hands
|-damage|p2a: Iron Hands|4/100
|-anim|p1a: Dragapult|Dragon Darts|p2a: Iron Hands
|-damage|p2a: Iron Hands|0 fnt
|faint|p2a: Iron Hands
|-end|p2a: Iron Hands|Quark Drive|[silent]
|
|upkeep
|
|t:|1757916988
|switch|p2a: Zamazenta|Zamazenta|100/100
|-damage|p2a: Zamazenta|94/100|[from] Stealth Rock
|-ability|p2a: Zamazenta|Dauntless Shield|boost
|-boost|p2a: Zamazenta|def|1
|turn|4
|inactive|monkeyooooooo has 120 seconds left.
|
|t:|1757917032
|switch|p1a: Enamorus|Enamorus, F|100/100
|move|p2a: Zamazenta|Iron Defense|p2a: Zamazenta
|-boost|p2a: Zamazenta|def|2
|
|-heal|p2a: Zamazenta|100/100|[from] item: Leftovers
|upkeep
|turn|5
|
|t:|1757917043
|switch|p2a: Gholdengo|Gholdengo|100/100
|-damage|p2a: Gholdengo|94/100|[from] Stealth Rock
|move|p1a: Enamorus|Moonblast|p2a: Gholdengo
|-resisted|p2a: Gholdengo
|-damage|p2a: Gholdengo|68/100
|-unboost|p2a: Gholdengo|spa|1
|
|upkeep
|turn|6
|inactive|monkeyooooooo has 120 seconds left.
|
|t:|1757917061
|switch|p1a: Slowking|Slowking-Galar, F|100/100
|move|p2a: Gholdengo|Trick|p1a: Slowking
|-activate|p2a: Gholdengo|move: Trick|[of] p1a: Slowking
|-item|p1a: Slowking|Choice Scarf|[from] move: Trick
|-item|p2a: Gholdengo|Rocky Helmet|[from] move: Trick
|
|upkeep
|turn|7
|
|t:|1757917069
|move|p2a: Gholdengo|Recover|p2a: Gholdengo
|-heal|p2a: Gholdengo|100/100
|-prepare|p1a: Slowking|Chilly Reception|[premajor]
|move|p1a: Slowking|Chilly Reception|p1a: Slowking
|-weather|Snowscape
|
|t:|1757917075
|switch|p1a: Dragapult|Dragapult, F|100/100|[from] Chilly Reception
|
|-weather|Snowscape|[upkeep]
|upkeep
|turn|8
|
|t:|1757917080
|-terastallize|p1a: Dragapult|Ghost
|move|p1a: Dragapult|Tera Blast|p2a: Gholdengo|[anim] Tera Blast Ghost
|-supereffective|p2a: Gholdengo
|-damage|p2a: Gholdengo|0 fnt
|faint|p2a: Gholdengo
|
|-weather|Snowscape|[upkeep]
|upkeep
|
|t:|1757917102
|switch|p2a: Raging Bolt|Raging Bolt|100/100
|-damage|p2a: Raging Bolt|88/100|[from] Stealth Rock
|-enditem|p2a: Raging Bolt|Booster Energy
|-activate|p2a: Raging Bolt|ability: Protosynthesis|[fromitem]
|-start|p2a: Raging Bolt|protosynthesisspa
|turn|9
|
|t:|1757917109
|move|p1a: Dragapult|Tera Blast|p2a: Raging Bolt|[anim] Tera Blast Ghost
|-damage|p2a: Raging Bolt|19/100
|move|p2a: Raging Bolt|Calm Mind|p2a: Raging Bolt
|-boost|p2a: Raging Bolt|spa|1
|-boost|p2a: Raging Bolt|spd|1
|
|-weather|Snowscape|[upkeep]
|upkeep
|turn|10
|
|t:|1757917118
|switch|p1a: Iron Treads|Iron Treads|100/100
|-item|p1a: Iron Treads|Air Balloon
|move|p2a: Raging Bolt|Thunderclap||[still]
|-fail|p2a: Raging Bolt
|
|-weather|Snowscape|[upkeep]
|upkeep
|turn|11
|
|t:|1757917130
|-terastallize|p2a: Raging Bolt|Flying
|move|p1a: Iron Treads|Ice Spinner|p2a: Raging Bolt
|-supereffective|p2a: Raging Bolt
|-damage|p2a: Raging Bolt|0 fnt
|faint|p2a: Raging Bolt
|-end|p2a: Raging Bolt|Protosynthesis|[silent]
|
|-weather|none
|upkeep
|c|☆sneedemnfeedem|Unlucky!
|c|☆monkeyooooooo|how
|inactive|sneedemnfeedem has 120 seconds left.
|c|☆sneedemnfeedem|Man such cases
|c|☆sneedemnfeedem|many
|
|t:|1757917170
|switch|p2a: Darkrai|Darkrai|100/100
|-damage|p2a: Darkrai|88/100|[from] Stealth Rock
|turn|12
|c|☆monkeyooooooo|like what lmao
|
|t:|1757917177
|-end|p1a: Iron Treads|Quark Drive|[silent]
|switch|p1a: Enamorus|Enamorus, F|100/100
|move|p2a: Darkrai|Focus Blast|p1a: Enamorus|[miss]
|-miss|p2a: Darkrai|p1a: Enamorus
|
|upkeep
|turn|13
|c|☆sneedemnfeedem|many such cases
|
|t:|1757917185
|move|p1a: Enamorus|Superpower|p2a: Darkrai
|-supereffective|p2a: Darkrai
|-damage|p2a: Darkrai|11/100
|-boost|p1a: Enamorus|atk|1
|-boost|p1a: Enamorus|def|1
|move|p2a: Darkrai|Ice Beam|p1a: Enamorus
|-supereffective|p1a: Enamorus
|-damage|p1a: Enamorus|0 fnt
|faint|p1a: Enamorus
|-damage|p2a: Darkrai|1/100|[from] item: Life Orb
|
|upkeep
|c|☆monkeyooooooo|it would have done like 15
|
|t:|1757917196
|switch|p1a: Keldeo|Keldeo|100/100
|turn|14
|c|☆sneedemnfeedem|youre taking it too seriously lmao
|
|t:|1757917203
|move|p2a: Darkrai|Focus Blast|p1a: Keldeo
|-damage|p1a: Keldeo|38/100
|-damage|p2a: Darkrai|0 fnt|[from] item: Life Orb
|faint|p2a: Darkrai
|move|p1a: Keldeo|Calm Mind|p1a: Keldeo
|-boost|p1a: Keldeo|spa|1
|-boost|p1a: Keldeo|spd|1
|
|upkeep
|
|t:|1757917210
|switch|p2a: Zamazenta|Zamazenta|100/100
|-damage|p2a: Zamazenta|94/100|[from] Stealth Rock
|turn|15
|
|t:|1757917217
|move|p2a: Zamazenta|Body Press|p1a: Keldeo
|-damage|p1a: Keldeo|0 fnt
|faint|p1a: Keldeo
|
|-heal|p2a: Zamazenta|100/100|[from] item: Leftovers
|upkeep
|
|t:|1757917221
|switch|p1a: Slowking|Slowking-Galar, F|100/100
|turn|16
|
|t:|1757917223
|move|p2a: Zamazenta|Iron Defense|p2a: Zamazenta
|-boost|p2a: Zamazenta|def|2
|move|p1a: Slowking|Psychic Noise|p2a: Zamazenta
|-supereffective|p2a: Zamazenta
|-damage|p2a: Zamazenta|48/100
|-start|p2a: Zamazenta|move: Heal Block
|
|upkeep
|turn|17
|
|t:|1757917228
|move|p2a: Zamazenta|Crunch|p1a: Slowking
|-supereffective|p1a: Slowking
|-damage|p1a: Slowking|66/100
|-unboost|p1a: Slowking|def|1
|move|p1a: Slowking|Psychic Noise|p2a: Zamazenta
|-supereffective|p2a: Zamazenta
|-damage|p2a: Zamazenta|0 fnt
|faint|p2a: Zamazenta
|
|upkeep
|
|t:|1757917231
|switch|p2a: Kyurem|Kyurem|100/100
|-damage|p2a: Kyurem|76/100|[from] Stealth Rock
|-ability|p2a: Kyurem|Pressure
|turn|18
|
|t:|1757917236
|move|p2a: Kyurem|Dragon Dance|p2a: Kyurem
|-boost|p2a: Kyurem|atk|1
|-boost|p2a: Kyurem|spe|1
|move|p1a: Slowking|Psychic Noise|p2a: Kyurem
|-damage|p2a: Kyurem|49/100
|-start|p2a: Kyurem|move: Heal Block
|
|upkeep
|turn|19
|
|t:|1757917252
|move|p2a: Kyurem|Dragon Dance|p2a: Kyurem
|-boost|p2a: Kyurem|atk|1
|-boost|p2a: Kyurem|spe|1
|move|p1a: Slowking|Psychic Noise|p2a: Kyurem
|-damage|p2a: Kyurem|24/100
|
|-end|p2a: Kyurem|move: Heal Block
|upkeep
|turn|20
|
|t:|1757917255
|move|p2a: Kyurem|Icicle Spear|p1a: Slowking
|-damage|p1a: Slowking|35/100
|-damage|p1a: Slowking|5/100
|-damage|p1a: Slowking|0 fnt
|faint|p1a: Slowking
|-hitcount|p1: Slowking|3
|
|upkeep
|
|t:|1757917257
|switch|p1a: Iron Treads|Iron Treads|100/100
|-item|p1a: Iron Treads|Air Balloon
|turn|21
|
|t:|1757917260
|move|p2a: Kyurem|Icicle Spear|p1a: Iron Treads
|-damage|p1a: Iron Treads|73/100
|-enditem|p1a: Iron Treads|Air Balloon
|-damage|p1a: Iron Treads|47/100
|-damage|p1a: Iron Treads|20/100
|-damage|p1a: Iron Treads|0 fnt
|faint|p1a: Iron Treads
|-end|p1a: Iron Treads|Quark Drive|[silent]
|-hitcount|p1: Iron Treads|4
|
|upkeep
|
|t:|1757917266
|switch|p1a: Dragapult|Dragapult, F, tera:Ghost|100/100
|turn|22
|c|☆sneedemnfeedem|gg
|
|t:|1757917270
|move|p1a: Dragapult|Sucker Punch|p2a: Kyurem
|-damage|p2a: Kyurem|0 fnt
|faint|p2a: Kyurem
|
|win|monkeyooooooo
|raw|monkeyooooooo's rating: 1528 &rarr; <strong>1550</strong><br />(+22 for winning)
|raw|sneedemnfeedem's rating: 1571 &rarr; <strong>1549</strong><br />(-22 for losing)
|c|☆monkeyooooooo|gg
|l|☆sneedemnfeedem
|player|p2|
|l|☆monkeyooooooo
|player|p1|
