|j|☆suaiaj
|j|☆Train3rBlack
|t:|1757909243
|gametype|singles
|player|p1|suaiaj|steven|1147
|player|p2|Train3rBlack|marshal|1195
|gen|9
|tier|[Gen 9] OU
|rated|
|rule|HP Percentage Mod: HP is shown in percentages
|rule|Endless Battle Clause: Forcing endless battles is banned
|rule|Species Clause: Limit one of each Pokémon
|rule|OHKO Clause: OHKO moves are banned
|rule|Evasion Items Clause: Evasion items are banned
|rule|Evasion Moves Clause: Evasion moves are banned
|rule|Evasion Abilities Clause: Evasion abilities are banned
|rule|Sleep Moves Clause: Sleep-inducing moves are banned
|clearpoke
|poke|p1|Gallade, M|
|poke|p1|Raging Bolt|
|poke|p1|Garchomp, F|
|poke|p1|Gholdengo|
|poke|p1|Great Tusk|
|poke|p1|Iron Jugulis|
|poke|p2|Skeledirge, F|
|poke|p2|Corviknight, M|
|poke|p2|Ting-Lu|
|poke|p2|Iron Valiant|
|poke|p2|Slowking-Galar, M|
|poke|p2|Ogerpon-Wellspring, F|
|teampreview
|
|t:|1757909266
|teamsize|p1|6
|teamsize|p2|6
|start
|switch|p1a: Gallade|Gallade, M|100/100
|switch|p2a: Ting-Lu|Ting-Lu, shiny|100/100
|-ability|p2a: Ting-Lu|Vessel of Ruin
|turn|1
|
|t:|1757909278
|move|p1a: Gallade|Sacred Sword|p2a: Ting-Lu
|-supereffective|p2a: Ting-Lu
|-damage|p2a: Ting-Lu|14/100
|move|p2a: Ting-Lu|Stealth Rock|p1a: Gallade
|-sidestart|p1: suaiaj|move: Stealth Rock
|
|-heal|p2a: Ting-Lu|20/100|[from] item: Leftovers
|upkeep
|turn|2
|
|t:|1757909294
|switch|p1a: Great Tusk|Great Tusk|100/100
|-damage|p1a: Great Tusk|98/100|[from] Stealth Rock
|-enditem|p1a: Great Tusk|Booster Energy
|-activate|p1a: Great Tusk|ability: Protosynthesis|[fromitem]
|-start|p1a: Great Tusk|protosynthesisatk
|switch|p2a: Skeledirge|Skeledirge, F, shiny|100/100
|
|upkeep
|turn|3
|
|t:|1757909306
|-terastallize|p2a: Skeledirge|Ice
|move|p1a: Great Tusk|Headlong Rush|p2a: Skeledirge
|-damage|p2a: Skeledirge|36/100
|-unboost|p1a: Great Tusk|def|1
|-unboost|p1a: Great Tusk|spd|1
|move|p2a: Skeledirge|Tera Blast|p1a: Great Tusk|[anim] Tera Blast Ice
|-supereffective|p1a: Great Tusk
|-damage|p1a: Great Tusk|0 fnt
|faint|p1a: Great Tusk
|-end|p1a: Great Tusk|Protosynthesis|[silent]
|-damage|p2a: Skeledirge|26/100|[from] item: Life Orb
|
|upkeep
|
|t:|1757909319
|switch|p1a: Garchomp|Garchomp, F|100/100
|-damage|p1a: Garchomp|94/100|[from] Stealth Rock
|turn|4
|
|t:|1757909355
|switch|p2a: Ting-Lu|Ting-Lu, shiny|20/100
|-ability|p2a: Ting-Lu|Vessel of Ruin
|move|p1a: Garchomp|Flamethrower|p2a: Ting-Lu
|-damage|p2a: Ting-Lu|10/100
|-damage|p1a: Garchomp|85/100|[from] item: Life Orb
|
|-heal|p2a: Ting-Lu|16/100|[from] item: Leftovers
|upkeep
|turn|5
|
|t:|1757909370
|move|p1a: Garchomp|Earthquake|p2a: Ting-Lu
|-damage|p2a: Ting-Lu|0 fnt
|faint|p2a: Ting-Lu
|-damage|p1a: Garchomp|75/100|[from] item: Life Orb
|
|upkeep
|inactive|Battle timer is ON: inactive players will automatically lose when time's up. (requested by suaiaj)
|
|t:|1757909409
|switch|p2a: Corviknight|Corviknight, M, shiny|100/100
|-ability|p2a: Corviknight|Pressure
|turn|6
|
|t:|1757909414
|move|p1a: Garchomp|Flamethrower|p2a: Corviknight
|-supereffective|p2a: Corviknight
|-damage|p2a: Corviknight|57/100
|-damage|p1a: Garchomp|65/100|[from] item: Life Orb
|move|p2a: Corviknight|Brave Bird|p1a: Garchomp
|-damage|p1a: Garchomp|29/100
|-damage|p2a: Corviknight|45/100|[from] ability: Rough Skin|[of] p1a: Garchomp
|-damage|p2a: Corviknight|34/100|[from] Recoil
|
|upkeep
|turn|7
|
|t:|1757909440
|move|p1a: Garchomp|Flamethrower|p2a: Corviknight
|-supereffective|p2a: Corviknight
|-damage|p2a: Corviknight|0 fnt
|faint|p2a: Corviknight
|-damage|p1a: Garchomp|19/100|[from] item: Life Orb
|
|upkeep
|
|t:|1757909445
|switch|p2a: Ogerpon|Ogerpon-Wellspring, F|100/100
|turn|8
|
|t:|1757909456
|move|p2a: Ogerpon|Swords Dance|p2a: Ogerpon
|-boost|p2a: Ogerpon|atk|2
|move|p1a: Garchomp|Poison Jab|p2a: Ogerpon
|-supereffective|p2a: Ogerpon
|-damage|p2a: Ogerpon|0 fnt
|faint|p2a: Ogerpon
|-damage|p1a: Garchomp|9/100|[from] item: Life Orb
|
|upkeep
|inactive|Train3rBlack has 120 seconds left.
|
|t:|1757909474
|switch|p2a: Iron Valiant|Iron Valiant|100/100
|-enditem|p2a: Iron Valiant|Booster Energy
|-activate|p2a: Iron Valiant|ability: Quark Drive|[fromitem]
|-start|p2a: Iron Valiant|quarkdrivespe
|turn|9
|
|t:|1757909480
|move|p2a: Iron Valiant|Moonblast|p1a: Garchomp
|-supereffective|p1a: Garchomp
|-damage|p1a: Garchomp|0 fnt
|faint|p1a: Garchomp
|
|upkeep
|
|t:|1757909495
|switch|p1a: Gholdengo|Gholdengo|100/100
|-damage|p1a: Gholdengo|94/100|[from] Stealth Rock
|-item|p1a: Gholdengo|Air Balloon
|turn|10
|inactive|Train3rBlack has 120 seconds left.
|
|t:|1757909515
|-end|p2a: Iron Valiant|Quark Drive|[silent]
|switch|p2a: Skeledirge|Skeledirge, F, shiny, tera:Ice|26/100
|move|p1a: Gholdengo|Nasty Plot|p1a: Gholdengo
|-boost|p1a: Gholdengo|spa|2
|
|upkeep
|turn|11
|inactive|Train3rBlack has 120 seconds left.
|
|t:|1757909539
|move|p1a: Gholdengo|Make It Rain|p2a: Skeledirge
|-supereffective|p2a: Skeledirge
|-damage|p2a: Skeledirge|0 fnt
|-unboost|p1a: Gholdengo|spa|1
|faint|p2a: Skeledirge
|
|upkeep
|
|t:|1757909545
|switch|p2a: Slowking|Slowking-Galar, M, shiny|100/100
|turn|12
|
|t:|1757909550
|move|p1a: Gholdengo|Shadow Ball|p2a: Slowking
|-supereffective|p2a: Slowking
|-damage|p2a: Slowking|26/100
|move|p2a: Slowking|Future Sight|p1a: Gholdengo
|-start|p2a: Slowking|move: Future Sight
|
|upkeep
|turn|13
|
|t:|1757909556
|move|p1a: Gholdengo|Shadow Ball|p2a: Slowking
|-supereffective|p2a: Slowking
|-damage|p2a: Slowking|0 fnt
|faint|p2a: Slowking
|
|upkeep
|
|t:|1757909558
|switch|p2a: Iron Valiant|Iron Valiant|100/100
|turn|14
|
|t:|1757909574
|move|p2a: Iron Valiant|Encore|p1a: Gholdengo
|-immune|p1a: Gholdengo|[from] ability: Good as Gold
|move|p1a: Gholdengo|Nasty Plot|p1a: Gholdengo
|-boost|p1a: Gholdengo|spa|2
|
|-end|p1a: Gholdengo|move: Future Sight
|-resisted|p1a: Gholdengo
|-damage|p1a: Gholdengo|63/100
|-enditem|p1a: Gholdengo|Air Balloon
|upkeep
|turn|15
|-message|Train3rBlack forfeited.
|
|win|suaiaj
|raw|suaiaj's rating: 1147 &rarr; <strong>1175</strong><br />(+28 for winning)
|raw|Train3rBlack's rating: 1195 &rarr; <strong>1167</strong><br />(-28 for losing)
|l|☆Train3rBlack
|player|p2|
|l|☆suaiaj
|player|p1|
