|j|☆BabyGronkel
|j|☆JumboDorito
|t:|1757823656
|gametype|singles
|player|p1|BabyGronkel|juan|
|player|p2|JumboDorito|169|
|gen|9
|tier|[Gen 9] OU
|rule|HP Percentage Mod: HP is shown in percentages
|rule|Endless Battle Clause: Forcing endless battles is banned
|rule|Species Clause: Limit one of each Pokémon
|rule|OHKO Clause: OHKO moves are banned
|rule|Evasion Items Clause: Evasion items are banned
|rule|Evasion Moves Clause: Evasion moves are banned
|rule|Evasion Abilities Clause: Evasion abilities are banned
|rule|Sleep Moves Clause: Sleep-inducing moves are banned
|clearpoke
|poke|p1|Komala, M|
|poke|p1|Mabosstiff, M|
|poke|p1|Squawkabilly, F|
|poke|p1|Revavroom, F|
|poke|p1|Sunflora, F|
|poke|p1|Ogerpon, F|
|poke|p2|Hydreigon, M|
|poke|p2|Iron Leaves|
|poke|p2|Keldeo-Resolute|
|poke|p2|Palossand, F|
|poke|p2|Oricorio, M|
|poke|p2|Kleavor, M|
|teampreview
|
|t:|1757823670
|teamsize|p1|6
|teamsize|p2|6
|start
|switch|p1a: Indiana Jones|Ogerpon, F|100/100
|switch|p2a: Vaike|Kleavor, M|100/100
|turn|1
|
|t:|1757823676
|move|p1a: Indiana Jones|U-turn|p2a: Vaike
|-damage|p2a: Vaike|71/100
|
|t:|1757823690
|switch|p1a: Ford Focus|Revavroom, F|100/100|[from] U-turn
|move|p2a: Vaike|Stone Axe|p1a: Ford Focus|[miss]
|-miss|p2a: Vaike|p1a: Ford Focus
|
|upkeep
|turn|2
|
|t:|1757823702
|switch|p2a: Lon'qu's fort|Palossand, F|100/100
|move|p1a: Ford Focus|Iron Head|p2a: Lon'qu's fort
|-damage|p2a: Lon'qu's fort|65/100
|-damage|p1a: Ford Focus|91/100|[from] item: Life Orb
|
|-heal|p2a: Lon'qu's fort|71/100|[from] item: Leftovers
|upkeep
|turn|3
|
|t:|1757823717
|switch|p1a: Pirates On A Boat|Squawkabilly, F|100/100
|move|p2a: Lon'qu's fort|Earth Power|p1a: Pirates On A Boat
|-immune|p1a: Pirates On A Boat
|
|-heal|p2a: Lon'qu's fort|77/100|[from] item: Leftovers
|-status|p1a: Pirates On A Boat|brn|[from] item: Flame Orb
|upkeep
|turn|4
|j| realjaxsondart
|
|t:|1757823729
|move|p1a: Pirates On A Boat|Brave Bird|p2a: Lon'qu's fort
|-damage|p2a: Lon'qu's fort|18/100
|-damage|p1a: Pirates On A Boat|77/100 brn|[from] Recoil
|move|p2a: Lon'qu's fort|Iron Defense|p2a: Lon'qu's fort
|-boost|p2a: Lon'qu's fort|def|2
|
|-heal|p2a: Lon'qu's fort|24/100|[from] item: Leftovers
|-damage|p1a: Pirates On A Boat|70/100 brn|[from] brn
|upkeep
|turn|5
|
|t:|1757823736
|move|p1a: Pirates On A Boat|Brave Bird|p2a: Lon'qu's fort
|-damage|p2a: Lon'qu's fort|0 fnt
|faint|p2a: Lon'qu's fort
|-damage|p1a: Pirates On A Boat|61/100 brn|[from] Recoil
|
|-damage|p1a: Pirates On A Boat|55/100 brn|[from] brn
|upkeep
|
|t:|1757823749
|switch|p2a: Grima|Hydreigon, M|100/100
|turn|6
|
|t:|1757823759
|switch|p1a: Eclipse No Glasses|Sunflora, F|100/100
|move|p2a: Grima|Dark Pulse|p1a: Eclipse No Glasses
|-damage|p1a: Eclipse No Glasses|43/100
|
|-heal|p1a: Eclipse No Glasses|49/100|[from] item: Leftovers
|upkeep
|turn|7
|
|t:|1757823779
|move|p2a: Grima|Dark Pulse|p1a: Eclipse No Glasses
|-damage|p1a: Eclipse No Glasses|0 fnt
|faint|p1a: Eclipse No Glasses
|
|upkeep
|
|t:|1757823786
|switch|p1a: Grandma|Mabosstiff, M|100/100
|turn|8
|
|t:|1757823811
|switch|p2a: Vaike|Kleavor, M|71/100
|move|p1a: Grandma|Play Rough|p2a: Vaike
|-damage|p2a: Vaike|0 fnt
|faint|p2a: Vaike
|
|upkeep
|
|t:|1757823851
|switch|p2a: Chrom|Keldeo-Resolute|100/100
|turn|9
|
|t:|1757823868
|move|p2a: Chrom|Secret Sword|p1a: Grandma
|-supereffective|p1a: Grandma
|-damage|p1a: Grandma|0 fnt
|faint|p1a: Grandma
|
|upkeep
|
|t:|1757823884
|switch|p1a: Indiana Jones|Ogerpon, F|100/100
|turn|10
|
|t:|1757823898
|switch|p2a: Olivia|Oricorio, M|100/100
|move|p1a: Indiana Jones|Power Whip|p2a: Olivia
|-resisted|p2a: Olivia
|-damage|p2a: Olivia|75/100
|
|upkeep
|turn|11
|
|t:|1757823907
|move|p1a: Indiana Jones|U-turn|p2a: Olivia
|-resisted|p2a: Olivia
|-damage|p2a: Olivia|67/100
|
|t:|1757823911
|switch|p1a: MLK|Komala, M, shiny|100/100|[from] U-turn
|-ability|p1a: MLK|Comatose
|move|p2a: Olivia|Quiver Dance|p2a: Olivia
|-boost|p2a: Olivia|spa|1
|-boost|p2a: Olivia|spd|1
|-boost|p2a: Olivia|spe|1
|
|upkeep
|turn|12
|
|t:|1757823920
|move|p2a: Olivia|Revelation Dance|p1a: MLK
|-damage|p1a: MLK|34/100
|move|p1a: MLK|Knock Off|p2a: Olivia
|-damage|p2a: Olivia|10/100
|-enditem|p2a: Olivia|Heavy-Duty Boots|[from] move: Knock Off|[of] p1a: MLK
|
|upkeep
|turn|13
|
|t:|1757823928
|move|p2a: Olivia|Revelation Dance|p1a: MLK
|-damage|p1a: MLK|0 fnt
|faint|p1a: MLK
|
|upkeep
|
|t:|1757823930
|switch|p1a: Pirates On A Boat|Squawkabilly, F|55/100 brn
|turn|14
|
|t:|1757823939
|move|p1a: Pirates On A Boat|Quick Attack|p2a: Olivia
|-damage|p2a: Olivia|0 fnt
|faint|p2a: Olivia
|
|-damage|p1a: Pirates On A Boat|48/100 brn|[from] brn
|upkeep
|
|t:|1757823953
|switch|p2a: Chrom|Keldeo-Resolute|100/100
|turn|15
|
|t:|1757823972
|move|p1a: Pirates On A Boat|Quick Attack|p2a: Chrom
|-damage|p2a: Chrom|68/100
|move|p2a: Chrom|Secret Sword|p1a: Pirates On A Boat
|-damage|p1a: Pirates On A Boat|0 fnt
|faint|p1a: Pirates On A Boat
|
|upkeep
|
|t:|1757823977
|switch|p1a: Indiana Jones|Ogerpon, F|100/100
|turn|16
|
|t:|1757823983
|move|p1a: Indiana Jones|Power Whip|p2a: Chrom|[miss]
|-miss|p1a: Indiana Jones|p2a: Chrom
|move|p2a: Chrom|Secret Sword|p1a: Indiana Jones
|-damage|p1a: Indiana Jones|33/100
|
|upkeep
|turn|17
|
|t:|1757823988
|move|p1a: Indiana Jones|Power Whip|p2a: Chrom
|-supereffective|p2a: Chrom
|-damage|p2a: Chrom|0 fnt
|faint|p2a: Chrom
|
|upkeep
|
|t:|1757824024
|switch|p2a: Grima|Hydreigon, M|100/100
|turn|18
|
|t:|1757824033
|-terastallize|p2a: Grima|Dragon
|move|p1a: Indiana Jones|U-turn|p2a: Grima
|-damage|p2a: Grima|72/100
|
|t:|1757824037
|switch|p1a: Ford Focus|Revavroom, F|91/100|[from] U-turn
|move|p2a: Grima|Dark Pulse|p1a: Ford Focus
|-damage|p1a: Ford Focus|25/100
|
|upkeep
|turn|19
|
|t:|1757824046
|move|p2a: Grima|Dark Pulse|p1a: Ford Focus
|-damage|p1a: Ford Focus|0 fnt
|faint|p1a: Ford Focus
|
|upkeep
|
|t:|1757824048
|switch|p1a: Indiana Jones|Ogerpon, F|33/100
|turn|20
|
|t:|1757824105
|-terastallize|p1a: Indiana Jones|Grass
|detailschange|p1a: Indiana Jones|Ogerpon-Teal-Tera, F, tera:Grass
|-ability|p1a: Indiana Jones|Embody Aspect (Teal)|boost
|-boost|p1a: Indiana Jones|spe|1
|move|p1a: Indiana Jones|Power Whip|p2a: Grima
|-resisted|p2a: Grima
|-damage|p2a: Grima|21/100
|move|p2a: Grima|Dark Pulse|p1a: Indiana Jones
|-damage|p1a: Indiana Jones|0 fnt
|faint|p1a: Indiana Jones
|detailschange|p1: Indiana Jones|Ogerpon, F|[silent]
|
|win|JumboDorito
