|j|☆bsp1
|j|☆Obito 2001
|t:|1757844627
|gametype|singles
|player|p1|bsp1|101|1599
|player|p2|Obito 2001|blue-gen3two|1730
|gen|9
|tier|[Gen 9] OU
|rated|
|rule|HP Percentage Mod: HP is shown in percentages
|rule|Endless Battle Clause: Forcing endless battles is banned
|rule|Species Clause: Limit one of each Pokémon
|rule|OHKO Clause: OHKO moves are banned
|rule|Evasion Items Clause: Evasion items are banned
|rule|Evasion Moves Clause: Evasion moves are banned
|rule|Evasion Abilities Clause: Evasion abilities are banned
|rule|Sleep Moves Clause: Sleep-inducing moves are banned
|clearpoke
|poke|p1|Ogerpon-Wellspring, F|
|poke|p1|Kingambit, M|
|poke|p1|Landorus-Therian, M|
|poke|p1|Glimmora, M|
|poke|p1|Dragapult, F|
|poke|p1|Iron Valiant|
|poke|p2|Masquerain, F|
|poke|p2|Gliscor, F|
|poke|p2|Great Tusk|
|poke|p2|Alomomola, F|
|poke|p2|Gholdengo|
|poke|p2|Sinistcha-Masterpiece|
|teampreview
|inactive|Battle timer is ON: inactive players will automatically lose when time's up. (requested by Obito 2001)
|
|t:|1757844643
|teamsize|p1|6
|teamsize|p2|6
|start
|switch|p1a: Glimmora|Glimmora, M|100/100
|switch|p2a: Ban me I'm uber|Gliscor, F|100/100
|turn|1
|
|t:|1757844654
|switch|p1a: Ogerpon|Ogerpon-Wellspring, F|100/100
|move|p2a: Ban me I'm uber|Earthquake|p1a: Ogerpon
|-resisted|p1a: Ogerpon
|-damage|p1a: Ogerpon|71/100
|
|-status|p2a: Ban me I'm uber|tox|[from] item: Toxic Orb
|upkeep
|turn|2
|
|t:|1757844671
|switch|p2a: Masterpiece|Sinistcha-Masterpiece|100/100
|move|p1a: Ogerpon|Ivy Cudgel|p2a: Masterpiece|[anim] Ivy Cudgel Water
|-resisted|p2a: Masterpiece
|-damage|p2a: Masterpiece|77/100
|
|upkeep
|turn|3
|
|t:|1757844683
|switch|p1a: Glimmora|Glimmora, M|100/100
|move|p2a: Masterpiece|Matcha Gotcha|p1a: Glimmora
|-damage|p1a: Glimmora|59/100
|-heal|p2a: Masterpiece|95/100|[from] drain|[of] p1a: Glimmora
|
|upkeep
|turn|4
|j| Jey2
|
|t:|1757844689
|switch|p2a: Ban me I'm uber|Gliscor, F|100/100 tox
|move|p1a: Glimmora|Meteor Beam||[still]
|-prepare|p1a: Glimmora|Meteor Beam
|-boost|p1a: Glimmora|spa|1
|-enditem|p1a: Glimmora|Power Herb
|-anim|p1a: Glimmora|Meteor Beam|p2a: Ban me I'm uber
|-damage|p2a: Ban me I'm uber|0 fnt
|faint|p2a: Ban me I'm uber
|
|upkeep
|
|t:|1757844695
|switch|p2a: Real G|Masquerain, F|100/100
|-ability|p2a: Real G|Intimidate|boost
|-unboost|p1a: Glimmora|atk|1
|turn|5
|
|t:|1757844706
|move|p1a: Glimmora|Meteor Beam||[still]
|-prepare|p1a: Glimmora|Meteor Beam
|-boost|p1a: Glimmora|spa|1
|move|p2a: Real G|Sticky Web|p1a: Glimmora
|-sidestart|p1: bsp1|move: Sticky Web
|
|upkeep
|turn|6
|
|t:|1757844716
|move|p1a: Glimmora|Meteor Beam|p2a: Real G|[from] lockedmove
|-supereffective|p2a: Real G
|-enditem|p2a: Real G|Focus Sash
|-damage|p2a: Real G|1/100
|move|p2a: Real G|Ice Beam|p1a: Glimmora
|-damage|p1a: Glimmora|24/100
|
|upkeep
|turn|7
|
|t:|1757844723
|switch|p2a: Hi stallers|Gholdengo|100/100
|move|p1a: Glimmora|Mortal Spin|p2a: Hi stallers
|-immune|p2a: Hi stallers
|
|upkeep
|turn|8
|
|t:|1757844731
|switch|p1a: Kingambit|Kingambit, M|100/100
|-activate|p1a: Kingambit|move: Sticky Web
|-unboost|p1a: Kingambit|spe|1
|switch|p2a: Momo Hirai|Alomomola, F|100/100
|
|upkeep
|turn|9
|
|t:|1757844739
|-end|p1a: Kingambit|fallenundefined|[silent]
|switch|p1a: Ogerpon|Ogerpon-Wellspring, F|71/100
|-activate|p1a: Ogerpon|move: Sticky Web
|-unboost|p1a: Ogerpon|spe|1
|move|p2a: Momo Hirai|Wish|p2a: Momo Hirai
|
|upkeep
|turn|10
|
|t:|1757844753
|move|p1a: Ogerpon|Ivy Cudgel|p2a: Momo Hirai|[anim] Ivy Cudgel Water
|-resisted|p2a: Momo Hirai
|-damage|p2a: Momo Hirai|83/100
|-enditem|p2a: Momo Hirai|Red Card|[of] p1a: Ogerpon
|drag|p1a: Glimmora|Glimmora, M|24/100
|-activate|p1a: Glimmora|move: Sticky Web
|-unboost|p1a: Glimmora|spe|1
|move|p2a: Momo Hirai|Flip Turn|p1a: Glimmora
|-supereffective|p1a: Glimmora
|-damage|p1a: Glimmora|0 fnt
|-activate|p1a: Glimmora|ability: Toxic Debris
|-sidestart|p2: Obito 2001|move: Toxic Spikes
|faint|p1a: Glimmora
|
|t:|1757844759
|switch|p2a: Real G|Masquerain, F|1/100|[from] Flip Turn
|
|-heal|p2a: Real G|85/100|[from] move: Wish|[wisher] Momo Hirai
|upkeep
|
|t:|1757844771
|switch|p1a: Dragapult|Dragapult, F|100/100
|-activate|p1a: Dragapult|move: Sticky Web
|-fail|p1a: Dragapult|unboost|[from] ability: Clear Body|[of] p1a: Dragapult
|turn|11
|
|t:|1757844782
|move|p1a: Dragapult|Flamethrower|p2a: Real G
|-supereffective|p2a: Real G
|-damage|p2a: Real G|0 fnt
|faint|p2a: Real G
|
|upkeep
|
|t:|1757844789
|switch|p2a: Mega Donphan|Great Tusk|100/100
|turn|12
|
|t:|1757844797
|switch|p1a: Landorus|Landorus-Therian, M|100/100
|-ability|p1a: Landorus|Intimidate|boost
|-unboost|p2a: Mega Donphan|atk|1
|move|p2a: Mega Donphan|Ice Spinner|p1a: Landorus
|-supereffective|p1a: Landorus
|-damage|p1a: Landorus|25/100
|-damage|p2a: Mega Donphan|84/100|[from] item: Rocky Helmet|[of] p1a: Landorus
|
|upkeep
|turn|13
|
|t:|1757844809
|move|p1a: Landorus|U-turn|p2a: Mega Donphan
|-resisted|p2a: Mega Donphan
|-damage|p2a: Mega Donphan|76/100
|
|t:|1757844812
|switch|p1a: Ogerpon|Ogerpon-Wellspring, F|71/100|[from] U-turn
|-activate|p1a: Ogerpon|move: Sticky Web
|-unboost|p1a: Ogerpon|spe|1
|move|p2a: Mega Donphan|Stealth Rock|p1a: Ogerpon
|-sidestart|p1: bsp1|move: Stealth Rock
|
|upkeep
|turn|14
|
|t:|1757844821
|-end|p2a: Mega Donphan|Protosynthesis|[silent]
|switch|p2a: Masterpiece|Sinistcha-Masterpiece|95/100
|move|p1a: Ogerpon|Play Rough|p2a: Masterpiece
|-damage|p2a: Masterpiece|67/100
|
|upkeep
|turn|15
|
|t:|1757844837
|switch|p1a: Kingambit|Kingambit, M|100/100
|-activate|p1a: Kingambit|move: Sticky Web
|-unboost|p1a: Kingambit|spe|1
|-damage|p1a: Kingambit|94/100|[from] Stealth Rock
|-activate|p1a: Kingambit|ability: Supreme Overlord
|-start|p1a: Kingambit|fallen1|[silent]
|move|p2a: Masterpiece|Shadow Ball|p1a: Kingambit
|-resisted|p1a: Kingambit
|-damage|p1a: Kingambit|79/100
|-unboost|p1a: Kingambit|spd|1
|
|-heal|p1a: Kingambit|86/100|[from] item: Leftovers
|upkeep
|turn|16
|
|t:|1757844854
|switch|p2a: Mega Donphan|Great Tusk|76/100
|move|p1a: Kingambit|Iron Head|p2a: Mega Donphan
|-damage|p2a: Mega Donphan|41/100
|
|-heal|p1a: Kingambit|92/100|[from] item: Leftovers
|upkeep
|turn|17
|
|t:|1757844860
|-end|p1a: Kingambit|fallen1|[silent]
|switch|p1a: Landorus|Landorus-Therian, M|25/100
|-damage|p1a: Landorus|13/100|[from] Stealth Rock
|-ability|p1a: Landorus|Intimidate|boost
|-unboost|p2a: Mega Donphan|atk|1
|move|p2a: Mega Donphan|Rapid Spin|p1a: Landorus
|-damage|p1a: Landorus|0 fnt
|-boost|p2a: Mega Donphan|spe|1
|-damage|p2a: Mega Donphan|24/100|[from] item: Rocky Helmet|[of] p1a: Landorus
|-sideend|p2: Obito 2001|Toxic Spikes|[from] move: Rapid Spin|[of] p2a: Mega Donphan
|faint|p1a: Landorus
|
|upkeep
|
|t:|1757844872
|switch|p1a: Ogerpon|Ogerpon-Wellspring, F|71/100
|-activate|p1a: Ogerpon|move: Sticky Web
|-unboost|p1a: Ogerpon|spe|1
|-damage|p1a: Ogerpon|58/100|[from] Stealth Rock
|turn|18
|
|t:|1757844878
|-end|p2a: Mega Donphan|Protosynthesis|[silent]
|switch|p2a: Masterpiece|Sinistcha-Masterpiece|67/100
|move|p1a: Ogerpon|Play Rough|p2a: Masterpiece
|-damage|p2a: Masterpiece|39/100
|
|upkeep
|turn|19
|
|t:|1757844884
|move|p1a: Ogerpon|Taunt|p2a: Masterpiece
|-start|p2a: Masterpiece|move: Taunt
|cant|p2a: Masterpiece|move: Taunt|Strength Sap
|
|upkeep
|turn|20
|
|t:|1757844890
|switch|p1a: Kingambit|Kingambit, M|92/100
|-activate|p1a: Kingambit|move: Sticky Web
|-unboost|p1a: Kingambit|spe|1
|-damage|p1a: Kingambit|86/100|[from] Stealth Rock
|-activate|p1a: Kingambit|ability: Supreme Overlord
|-start|p1a: Kingambit|fallen2|[silent]
|move|p2a: Masterpiece|Matcha Gotcha|p1a: Kingambit
|-resisted|p1a: Kingambit
|-damage|p1a: Kingambit|71/100
|-heal|p2a: Masterpiece|47/100|[from] drain|[of] p1a: Kingambit
|
|-heal|p1a: Kingambit|77/100|[from] item: Leftovers
|upkeep
|turn|21
|j| babyshark974
|
|t:|1757844900
|switch|p2a: Momo Hirai|Alomomola, F|100/100
|move|p1a: Kingambit|Kowtow Cleave|p2a: Momo Hirai
|-damage|p2a: Momo Hirai|65/100
|
|-heal|p1a: Kingambit|83/100|[from] item: Leftovers
|upkeep
|turn|22
|
|t:|1757844911
|move|p2a: Momo Hirai|Wish|p2a: Momo Hirai
|move|p1a: Kingambit|Swords Dance|p1a: Kingambit
|-boost|p1a: Kingambit|atk|2
|
|-heal|p1a: Kingambit|89/100|[from] item: Leftovers
|upkeep
|turn|23
|
|t:|1757844921
|move|p2a: Momo Hirai|Flip Turn|p1a: Kingambit
|-damage|p1a: Kingambit|77/100
|
|t:|1757844932
|switch|p2a: Masterpiece|Sinistcha-Masterpiece|47/100|[from] Flip Turn
|move|p1a: Kingambit|Swords Dance|p1a: Kingambit
|-boost|p1a: Kingambit|atk|2
|
|-heal|p2a: Masterpiece|100/100|[from] move: Wish|[wisher] Momo Hirai
|-heal|p1a: Kingambit|84/100|[from] item: Leftovers
|upkeep
|turn|24
|
|t:|1757844941
|switch|p2a: Momo Hirai|Alomomola, F|99/100
|move|p1a: Kingambit|Kowtow Cleave|p2a: Momo Hirai
|-damage|p2a: Momo Hirai|0 fnt
|faint|p2a: Momo Hirai
|
|-heal|p1a: Kingambit|90/100|[from] item: Leftovers
|upkeep
|
|t:|1757844943
|switch|p2a: Hi stallers|Gholdengo|100/100
|turn|25
|
|t:|1757844950
|-terastallize|p2a: Hi stallers|Fairy
|move|p1a: Kingambit|Sucker Punch||[still]
|-fail|p1a: Kingambit
|move|p2a: Hi stallers|Trick|p1a: Kingambit
|-activate|p2a: Hi stallers|move: Trick|[of] p1a: Kingambit
|-item|p1a: Kingambit|Choice Specs|[from] move: Trick
|-item|p2a: Hi stallers|Leftovers|[from] move: Trick
|
|upkeep
|turn|26
|l| babyshark974
|
|t:|1757844965
|switch|p2a: Masterpiece|Sinistcha-Masterpiece|100/100
|move|p1a: Kingambit|Iron Head|p2a: Masterpiece
|-damage|p2a: Masterpiece|0 fnt
|faint|p2a: Masterpiece
|
|upkeep
|j| heatraniac
|
|t:|1757844968
|switch|p2a: Mega Donphan|Great Tusk|24/100
|turn|27
|
|t:|1757844975
|-terastallize|p1a: Kingambit|Ghost
|move|p2a: Mega Donphan|Headlong Rush|p1a: Kingambit
|-damage|p1a: Kingambit|45/100
|-unboost|p2a: Mega Donphan|def|1
|-unboost|p2a: Mega Donphan|spd|1
|move|p1a: Kingambit|Iron Head|p2a: Mega Donphan
|-damage|p2a: Mega Donphan|0 fnt
|faint|p2a: Mega Donphan
|-end|p2a: Mega Donphan|Protosynthesis|[silent]
|
|upkeep
|l| heatraniac
|
|t:|1757844979
|switch|p2a: Hi stallers|Gholdengo, tera:Fairy|100/100
|turn|28
|j| babyshark974
|
|t:|1757844983
|move|p2a: Hi stallers|Dazzling Gleam|p1a: Kingambit
|-damage|p1a: Kingambit|3/100
|move|p1a: Kingambit|Iron Head|p2a: Hi stallers
|-supereffective|p2a: Hi stallers
|-damage|p2a: Hi stallers|0 fnt
|faint|p2a: Hi stallers
|
|win|bsp1
|raw|bsp1's rating: 1599 &rarr; <strong>1626</strong><br />(+27 for winning)
|raw|Obito 2001's rating: 1730 &rarr; <strong>1703</strong><br />(-27 for losing)
|l|☆Obito 2001
|player|p2|
|l|☆bsp1
|player|p1|
|l| Jey2
|l| babyshark974
