|badge|p1|bronze|gen9randombattle|100-6
|uhtml|medal-msg|<div class="broadcast-blue">Curious what those medals under the avatar are? PS now has Ladder Seasons! For more information, check out the <a href="https://www.smogon.com/forums/threads/3740067/">thread on Smogon.</a></div>
|j|☆larp legion
|j|☆localdealerr
|t:|1757809299
|gametype|singles
|player|p1|larp legion|clown|1595
|player|p2|localdealerr|102|1611
|gen|9
|tier|[Gen 9] OU
|rated|
|rule|HP Percentage Mod: HP is shown in percentages
|rule|Endless Battle Clause: Forcing endless battles is banned
|rule|Species Clause: Limit one of each Pokémon
|rule|OHKO Clause: OHKO moves are banned
|rule|Evasion Items Clause: Evasion items are banned
|rule|Evasion Moves Clause: Evasion moves are banned
|rule|Evasion Abilities Clause: Evasion abilities are banned
|rule|Sleep Moves Clause: Sleep-inducing moves are banned
|clearpoke
|poke|p1|Walking Wake|
|poke|p1|Sinistcha|
|poke|p1|Volcanion|
|poke|p1|Slowbro, F|
|poke|p1|Coalossal, F|
|poke|p1|Emboar, M|
|poke|p2|Araquanid, M|
|poke|p2|Gholdengo|
|poke|p2|Kingambit, M|
|poke|p2|Raging Bolt|
|poke|p2|Enamorus, F|
|poke|p2|Iron Moth|
|teampreview
|
|t:|1757809331
|teamsize|p1|6
|teamsize|p2|6
|start
|switch|p1a: Sinistcha|Sinistcha|100/100
|switch|p2a: Enamorus|Enamorus, F|100/100
|turn|1
|
|t:|1757809344
|switch|p1a: Volcanion|Volcanion|100/100
|-terastallize|p2a: Enamorus|Fairy
|move|p2a: Enamorus|Moonblast|p1a: Volcanion
|-resisted|p1a: Volcanion
|-damage|p1a: Volcanion|58/100
|
|upkeep
|turn|2
|inactive|Battle timer is ON: inactive players will automatically lose when time's up. (requested by localdealerr)
|
|t:|1757809382
|switch|p2a: Araquanid|Araquanid, M|100/100
|move|p1a: Volcanion|Sludge Bomb|p2a: Araquanid
|-damage|p2a: Araquanid|75/100
|
|upkeep
|turn|3
|
|t:|1757809396
|switch|p1a: Sinistcha|Sinistcha|100/100
|move|p2a: Araquanid|Sticky Web|p1a: Sinistcha
|-sidestart|p1: larp legion|move: Sticky Web
|
|upkeep
|turn|4
|
|t:|1757809404
|switch|p2a: Iron Moth|Iron Moth|100/100
|-enditem|p2a: Iron Moth|Booster Energy
|-activate|p2a: Iron Moth|ability: Quark Drive|[fromitem]
|-start|p2a: Iron Moth|quarkdrivespa
|move|p1a: Sinistcha|Calm Mind|p1a: Sinistcha
|-boost|p1a: Sinistcha|spa|1
|-boost|p1a: Sinistcha|spd|1
|
|upkeep
|turn|5
|inactive|larp legion has 120 seconds left.
|
|t:|1757809436
|move|p2a: Iron Moth|Fiery Dance|p1a: Sinistcha
|-supereffective|p1a: Sinistcha
|-damage|p1a: Sinistcha|55/100
|-boost|p2a: Iron Moth|spa|1
|move|p1a: Sinistcha|Scald|p2a: Iron Moth
|-supereffective|p2a: Iron Moth
|-damage|p2a: Iron Moth|19/100
|
|-heal|p1a: Sinistcha|61/100|[from] item: Leftovers
|upkeep
|turn|6
|
|t:|1757809447
|switch|p1a: Coalossal|Coalossal, F|100/100
|move|p2a: Iron Moth|Overheat|p1a: Coalossal
|-resisted|p1a: Coalossal
|-damage|p1a: Coalossal|71/100
|-unboost|p2a: Iron Moth|spa|2
|
|upkeep
|turn|7
|inactive|larp legion also wants the timer to be on.
|c|☆larp legion|pokemon loadin rn?
|c|☆larp legion|yea
|c|☆larp legion|im losing tho
|c|☆larp legion|nah
|c|☆larp legion|ur winning
|c|☆larp legion|like in general
|inactive|localdealerr has 120 seconds left.
|c|☆larp legion|oh
|
|t:|1757809496
|-end|p2a: Iron Moth|Quark Drive|[silent]
|switch|p2a: Araquanid|Araquanid, M|75/100
|move|p1a: Coalossal|Stealth Rock|p2a: Araquanid
|-sidestart|p2: localdealerr|move: Stealth Rock
|
|upkeep
|turn|8
|
|t:|1757809517
|switch|p2a: Enamorus|Enamorus, F, tera:Fairy|100/100
|-damage|p2a: Enamorus|88/100|[from] Stealth Rock
|switch|p1a: Slowbro|Slowbro, F|100/100
|-activate|p1a: Slowbro|move: Sticky Web
|-unboost|p1a: Slowbro|spe|1
|
|upkeep
|turn|9
|
|t:|1757809528
|switch|p1a: Coalossal|Coalossal, F|71/100
|move|p2a: Enamorus|Moonblast|p1a: Coalossal
|-resisted|p1a: Coalossal
|-damage|p1a: Coalossal|25/100
|
|upkeep
|turn|10
|
|t:|1757809548
|move|p2a: Enamorus|Moonblast|p1a: Coalossal
|-resisted|p1a: Coalossal
|-damage|p1a: Coalossal|0 fnt
|faint|p1a: Coalossal
|
|upkeep
|
|t:|1757809550
|switch|p1a: Volcanion|Volcanion|58/100
|-activate|p1a: Volcanion|move: Sticky Web
|-unboost|p1a: Volcanion|spe|1
|turn|11
|
|t:|1757809556
|switch|p2a: Iron Moth|Iron Moth|19/100
|-damage|p2a: Iron Moth|0 fnt|[from] Stealth Rock
|faint|p2a: Iron Moth
|-end|p2a: Iron Moth|Quark Drive|[silent]
|move|p1a: Volcanion|Sludge Bomb|p2: Iron Moth|[notarget]
|-fail|p1a: Volcanion
|
|upkeep
|
|t:|1757809560
|switch|p2a: Raging Bolt|Raging Bolt|100/100
|-damage|p2a: Raging Bolt|88/100|[from] Stealth Rock
|-enditem|p2a: Raging Bolt|Booster Energy
|-activate|p2a: Raging Bolt|ability: Protosynthesis|[fromitem]
|-start|p2a: Raging Bolt|protosynthesisspa
|turn|12
|
|t:|1757809565
|switch|p1a: Emboar|Emboar, M|100/100
|-activate|p1a: Emboar|move: Sticky Web
|-unboost|p1a: Emboar|spe|1
|move|p2a: Raging Bolt|Calm Mind|p2a: Raging Bolt
|-boost|p2a: Raging Bolt|spa|1
|-boost|p2a: Raging Bolt|spd|1
|
|upkeep
|turn|13
|
|t:|1757809568
|-terastallize|p1a: Emboar|Ground
|move|p2a: Raging Bolt|Thunderclap|p1a: Emboar
|-immune|p1a: Emboar
|move|p1a: Emboar|Earthquake|p2a: Raging Bolt
|-supereffective|p2a: Raging Bolt
|-damage|p2a: Raging Bolt|0 fnt
|faint|p2a: Raging Bolt
|-end|p2a: Raging Bolt|Protosynthesis|[silent]
|
|upkeep
|
|t:|1757809575
|switch|p2a: Enamorus|Enamorus, F, tera:Fairy|88/100
|-damage|p2a: Enamorus|76/100|[from] Stealth Rock
|turn|14
|
|t:|1757809577
|move|p2a: Enamorus|Moonblast|p1a: Emboar
|-damage|p1a: Emboar|33/100
|-unboost|p1a: Emboar|spa|1
|move|p1a: Emboar|Earthquake|p2a: Enamorus
|-damage|p2a: Enamorus|0 fnt
|faint|p2a: Enamorus
|
|upkeep
|inactive|localdealerr has 120 seconds left.
|
|t:|1757809621
|switch|p2a: Gholdengo|Gholdengo|100/100
|-damage|p2a: Gholdengo|94/100|[from] Stealth Rock
|-item|p2a: Gholdengo|Air Balloon
|turn|15
|
|t:|1757809630
|move|p2a: Gholdengo|Shadow Ball|p1a: Emboar
|-damage|p1a: Emboar|0 fnt
|faint|p1a: Emboar
|
|upkeep
|
|t:|1757809636
|switch|p1a: Volcanion|Volcanion|58/100
|-activate|p1a: Volcanion|move: Sticky Web
|-unboost|p1a: Volcanion|spe|1
|turn|16
|
|t:|1757809643
|move|p2a: Gholdengo|Shadow Ball|p1a: Volcanion
|-crit|p1a: Volcanion
|-damage|p1a: Volcanion|3/100
|-unboost|p1a: Volcanion|spd|1
|move|p1a: Volcanion|Flamethrower|p2a: Gholdengo
|-supereffective|p2a: Gholdengo
|-damage|p2a: Gholdengo|0 fnt
|-enditem|p2a: Gholdengo|Air Balloon
|faint|p2a: Gholdengo
|
|upkeep
|
|t:|1757809648
|switch|p2a: Kingambit|Kingambit, M|100/100
|-damage|p2a: Kingambit|94/100|[from] Stealth Rock
|-activate|p2a: Kingambit|ability: Supreme Overlord
|-start|p2a: Kingambit|fallen4|[silent]
|turn|17
|
|t:|1757809654
|move|p2a: Kingambit|Kowtow Cleave|p1a: Volcanion
|-damage|p1a: Volcanion|0 fnt
|faint|p1a: Volcanion
|
|upkeep
|
|t:|1757809657
|switch|p1a: Slowbro|Slowbro, F|100/100
|-activate|p1a: Slowbro|move: Sticky Web
|-unboost|p1a: Slowbro|spe|1
|turn|18
|
|t:|1757809659
|-end|p2a: Kingambit|fallen4|[silent]
|switch|p2a: Araquanid|Araquanid, M|75/100
|-damage|p2a: Araquanid|50/100|[from] Stealth Rock
|move|p1a: Slowbro|Body Press|p2a: Araquanid
|-resisted|p2a: Araquanid
|-damage|p2a: Araquanid|36/100
|
|upkeep
|turn|19
|
|t:|1757809680
|move|p2a: Araquanid|Surf|p1a: Slowbro
|-resisted|p1a: Slowbro
|-damage|p1a: Slowbro|72/100
|move|p1a: Slowbro|Slack Off|p1a: Slowbro
|-heal|p1a: Slowbro|100/100
|
|upkeep
|turn|20
|
|t:|1757809686
|move|p2a: Araquanid|Endeavor|p1a: Slowbro
|-damage|p1a: Slowbro|31/100
|-damage|p2a: Araquanid|19/100|[from] item: Rocky Helmet|[of] p1a: Slowbro
|move|p1a: Slowbro|Foul Play|p2a: Araquanid
|-damage|p2a: Araquanid|7/100
|
|upkeep
|turn|21
|-enditem|p2a: Araquanid|Custap Berry|[eat]
|-activate|p2a: Araquanid|item: Custap Berry|[consumed]
|
|t:|1757809707
|switch|p1a: Sinistcha|Sinistcha|61/100
|-activate|p1a: Sinistcha|move: Sticky Web
|-unboost|p1a: Sinistcha|spe|1
|move|p2a: Araquanid|Surf|p1a: Sinistcha
|-resisted|p1a: Sinistcha
|-damage|p1a: Sinistcha|30/100
|
|-heal|p1a: Sinistcha|36/100|[from] item: Leftovers
|upkeep
|turn|22
|
|t:|1757809714
|move|p1a: Sinistcha|Strength Sap|p2a: Araquanid
|-unboost|p2a: Araquanid|atk|1
|-heal|p1a: Sinistcha|74/100
|move|p2a: Araquanid|Surf|p1a: Sinistcha
|-resisted|p1a: Sinistcha
|-damage|p1a: Sinistcha|43/100
|
|-heal|p1a: Sinistcha|49/100|[from] item: Leftovers
|upkeep
|turn|23
|
|t:|1757809719
|move|p1a: Sinistcha|Calm Mind|p1a: Sinistcha
|-boost|p1a: Sinistcha|spa|1
|-boost|p1a: Sinistcha|spd|1
|move|p2a: Araquanid|Surf|p1a: Sinistcha
|-resisted|p1a: Sinistcha
|-damage|p1a: Sinistcha|29/100
|
|-heal|p1a: Sinistcha|35/100|[from] item: Leftovers
|upkeep
|turn|24
|c|☆larp legion|i like how our team beats gambit currently
|
|t:|1757809727
|move|p1a: Sinistcha|Strength Sap|p2a: Araquanid
|-unboost|p2a: Araquanid|atk|1
|-heal|p1a: Sinistcha|60/100
|move|p2a: Araquanid|Surf|p1a: Sinistcha
|-resisted|p1a: Sinistcha
|-crit|p1a: Sinistcha
|-damage|p1a: Sinistcha|9/100
|
|-heal|p1a: Sinistcha|16/100|[from] item: Leftovers
|upkeep
|turn|25
|
|t:|1757809730
|move|p1a: Sinistcha|Giga Drain|p2a: Araquanid
|-damage|p2a: Araquanid|0 fnt
|-heal|p1a: Sinistcha|19/100|[from] drain|[of] p2a: Araquanid
|faint|p2a: Araquanid
|
|-heal|p1a: Sinistcha|25/100|[from] item: Leftovers
|upkeep
|
|t:|1757809732
|switch|p2a: Kingambit|Kingambit, M|94/100
|-damage|p2a: Kingambit|88/100|[from] Stealth Rock
|-activate|p2a: Kingambit|ability: Supreme Overlord
|-start|p2a: Kingambit|fallen5|[silent]
|turn|26
|
|t:|1757809734
|move|p2a: Kingambit|Swords Dance|p2a: Kingambit
|-boost|p2a: Kingambit|atk|2
|move|p1a: Sinistcha|Scald|p2a: Kingambit
|-damage|p2a: Kingambit|40/100
|-status|p2a: Kingambit|brn
|
|-heal|p1a: Sinistcha|31/100|[from] item: Leftovers
|-damage|p2a: Kingambit|34/100 brn|[from] brn
|upkeep
|turn|27
|c|☆larp legion|yo we're
|
|t:|1757809739
|move|p2a: Kingambit|Kowtow Cleave|p1a: Sinistcha
|-supereffective|p1a: Sinistcha
|-damage|p1a: Sinistcha|0 fnt
|faint|p1a: Sinistcha
|
|-damage|p2a: Kingambit|27/100 brn|[from] brn
|upkeep
|c|☆larp legion|so good
|
|t:|1757809741
|switch|p1a: Walking Wake|Walking Wake|100/100
|-activate|p1a: Walking Wake|move: Sticky Web
|-unboost|p1a: Walking Wake|spe|1
|turn|28
|
|t:|1757809744
|move|p2a: Kingambit|Sucker Punch|p1a: Walking Wake
|-damage|p1a: Walking Wake|25/100
|move|p1a: Walking Wake|Scald|p2a: Kingambit
|-damage|p2a: Kingambit|0 fnt
|faint|p2a: Kingambit
|-end|p2a: Kingambit|fallen5|[silent]
|
|win|larp legion
|raw|larp legion's rating: 1595 &rarr; <strong>1616</strong><br />(+21 for winning)
|raw|localdealerr's rating: 1611 &rarr; <strong>1590</strong><br />(-21 for losing)
|c|☆larp legion|facto
|l|☆localdealerr
|player|p2|
|c|☆larp legion|theres no way gambit can win
|c|☆larp legion|if we just stay in and click scald
|l|☆larp legion
|player|p1|
|j|☆larp legion
|player|p1|larp legion|clown|
