|badge|p2|silver|gen9ou|30-6
|uhtml|medal-msg|<div class="broadcast-blue">Curious what those medals under the avatar are? PS now has Ladder Seasons! For more information, check out the <a href="https://www.smogon.com/forums/threads/3740067/">thread on Smogon.</a></div>
|j|☆MehNameIs_pee
|j|☆Rabzzz
|t:|1757901249
|gametype|singles
|player|p1|MehNameIs_pee|miku-flying|1746
|player|p2|Rabzzz|#mwpvimurkrows|1948
|gen|9
|tier|[Gen 9] OU
|rated|
|rule|HP Percentage Mod: HP is shown in percentages
|rule|Endless Battle Clause: Forcing endless battles is banned
|rule|Species Clause: Limit one of each Pokémon
|rule|OHKO Clause: OHKO moves are banned
|rule|Evasion Items Clause: Evasion items are banned
|rule|Evasion Moves Clause: Evasion moves are banned
|rule|Evasion Abilities Clause: Evasion abilities are banned
|rule|Sleep Moves Clause: Sleep-inducing moves are banned
|clearpoke
|poke|p1|Kyurem|
|poke|p1|Landorus-Therian, M|
|poke|p1|Kingambit, M|
|poke|p1|Zamazenta-*|
|poke|p1|Great Tusk|
|poke|p1|Zapdos|
|poke|p2|Ursaluna, M|
|poke|p2|Rillaboom, M|
|poke|p2|Gholdengo|
|poke|p2|Great Tusk|
|poke|p2|Moltres|
|poke|p2|Kyurem|
|teampreview
|inactive|Battle timer is ON: inactive players will automatically lose when time's up. (requested by MehNameIs_pee)
|j| Wizardkael
|
|t:|1757901318
|teamsize|p1|6
|teamsize|p2|6
|start
|switch|p1a: Milky Way|Zamazenta, shiny|100/100
|switch|p2a: Kyurem|Kyurem|100/100
|-ability|p1a: Milky Way|Dauntless Shield|boost
|-boost|p1a: Milky Way|def|1
|-ability|p2a: Kyurem|Pressure
|turn|1
|
|t:|1757901327
|move|p2a: Kyurem|Protect|p2a: Kyurem
|-singleturn|p2a: Kyurem|Protect
|move|p1a: Milky Way|Stone Edge|p2a: Kyurem
|-activate|p2a: Kyurem|move: Protect
|
|upkeep
|turn|2
|
|t:|1757901336
|switch|p2a: Great Tusk|Great Tusk|100/100
|move|p1a: Milky Way|Close Combat|p2a: Great Tusk
|-damage|p2a: Great Tusk|40/100
|-unboost|p1a: Milky Way|def|1
|-unboost|p1a: Milky Way|spd|1
|-damage|p1a: Milky Way|91/100|[from] item: Life Orb
|
|upkeep
|turn|3
|
|t:|1757901349
|-end|p2a: Great Tusk|Protosynthesis|[silent]
|switch|p2a: Moltres|Moltres|100/100
|move|p1a: Milky Way|Ice Fang|p2a: Moltres
|-crit|p2a: Moltres
|-damage|p2a: Moltres|54/100
|-damage|p1a: Milky Way|81/100|[from] item: Life Orb
|
|upkeep
|turn|4
|j| corpsefire
|
|t:|1757901367
|switch|p1a: What is Wrong|Zapdos|100/100
|switch|p2a: Rillaboom|Rillaboom, M|100/100
|-fieldstart|move: Grassy Terrain|[from] ability: Grassy Surge|[of] p2a: Rillaboom
|
|upkeep
|turn|5
|inactive|MehNameIs_pee has 120 seconds left.
|
|t:|1757901400
|switch|p1a: Never Forget|Landorus-Therian, M|100/100
|-ability|p1a: Never Forget|Intimidate|boost
|-unboost|p2a: Rillaboom|atk|1
|switch|p2a: Ursaluna|Ursaluna, M|100/100
|
|-status|p2a: Ursaluna|brn|[from] item: Flame Orb
|upkeep
|turn|6
|
|t:|1757901409
|move|p1a: Never Forget|U-turn|p2a: Ursaluna
|-damage|p2a: Ursaluna|84/100 brn
|
|t:|1757901414
|switch|p1a: Unite|Kingambit, M|100/100|[from] U-turn
|move|p2a: Ursaluna|Facade|p1a: Unite
|-resisted|p1a: Unite
|-damage|p1a: Unite|54/100
|
|-heal|p2a: Ursaluna|90/100 brn|[from] Grassy Terrain
|-heal|p1a: Unite|60/100|[from] Grassy Terrain
|-heal|p1a: Unite|66/100|[from] item: Leftovers
|-damage|p2a: Ursaluna|84/100 brn|[from] brn
|upkeep
|turn|7
|
|t:|1757901424
|-end|p1a: Unite|fallenundefined|[silent]
|switch|p1a: Never Forget|Landorus-Therian, M|100/100
|-ability|p1a: Never Forget|Intimidate|boost
|-unboost|p2a: Ursaluna|atk|1
|move|p2a: Ursaluna|Headlong Rush|p1a: Never Forget
|-immune|p1a: Never Forget
|
|-heal|p2a: Ursaluna|90/100 brn|[from] Grassy Terrain
|-damage|p2a: Ursaluna|84/100 brn|[from] brn
|upkeep
|turn|8
|inactive|MehNameIs_pee has 120 seconds left.
|
|t:|1757901446
|move|p1a: Never Forget|Earth Power|p2a: Ursaluna
|-damage|p2a: Ursaluna|48/100 brn
|move|p2a: Ursaluna|Facade|p1a: Never Forget
|-damage|p1a: Never Forget|13/100
|-damage|p2a: Ursaluna|32/100 brn|[from] item: Rocky Helmet|[of] p1a: Never Forget
|
|-heal|p2a: Ursaluna|38/100 brn|[from] Grassy Terrain
|-damage|p2a: Ursaluna|32/100 brn|[from] brn
|-fieldend|move: Grassy Terrain
|upkeep
|turn|9
|inactive|MehNameIs_pee has 120 seconds left.
|
|t:|1757901460
|switch|p2a: Kyurem|Kyurem|100/100
|-ability|p2a: Kyurem|Pressure
|move|p1a: Never Forget|Stealth Rock|p2a: Kyurem
|-sidestart|p2: Rabzzz|move: Stealth Rock
|
|upkeep
|turn|10
|
|t:|1757901469
|move|p2a: Kyurem|Freeze-Dry|p1a: Never Forget
|-supereffective|p1a: Never Forget
|-damage|p1a: Never Forget|0 fnt
|faint|p1a: Never Forget
|
|upkeep
|
|t:|1757901475
|switch|p1a: Bundled Dreams|Kyurem, shiny|100/100
|-ability|p1a: Bundled Dreams|Pressure
|turn|11
|
|t:|1757901486
|move|p2a: Kyurem|Substitute|p2a: Kyurem
|-start|p2a: Kyurem|Substitute
|-damage|p2a: Kyurem|75/100
|move|p1a: Bundled Dreams|Ice Beam|p2a: Kyurem
|-end|p2a: Kyurem|Substitute
|
|-heal|p2a: Kyurem|82/100|[from] item: Leftovers
|upkeep
|turn|12
|
|t:|1757901492
|move|p2a: Kyurem|Protect|p2a: Kyurem
|-singleturn|p2a: Kyurem|Protect
|move|p1a: Bundled Dreams|Ice Beam|p2a: Kyurem
|-activate|p2a: Kyurem|move: Protect
|
|-heal|p2a: Kyurem|88/100|[from] item: Leftovers
|upkeep
|turn|13
|j| Large_Rodent
|l| corpsefire
|
|t:|1757901521
|switch|p2a: Ursaluna|Ursaluna, M|32/100 brn
|-damage|p2a: Ursaluna|25/100 brn|[from] Stealth Rock
|move|p1a: Bundled Dreams|Freeze-Dry|p2a: Ursaluna
|-supereffective|p2a: Ursaluna
|-damage|p2a: Ursaluna|0 fnt
|faint|p2a: Ursaluna
|
|upkeep
|j| corpsefire
|inactive|Rabzzz has 120 seconds left.
|
|t:|1757901533
|switch|p2a: Gholdengo|Gholdengo|100/100
|-damage|p2a: Gholdengo|94/100|[from] Stealth Rock
|turn|14
|inactive|Rabzzz has 120 seconds left.
|
|t:|1757901544
|switch|p1a: What is Wrong|Zapdos|100/100
|switch|p2a: Moltres|Moltres|54/100
|
|upkeep
|turn|15
|
|t:|1757901550
|move|p1a: What is Wrong|Volt Switch|p2a: Moltres
|-supereffective|p2a: Moltres
|-crit|p2a: Moltres
|-damage|p2a: Moltres|0 fnt
|faint|p2a: Moltres
|
|t:|1757901560
|switch|p1a: Milky Way|Zamazenta, shiny|81/100|[from] Volt Switch
|
|upkeep
|
|t:|1757901573
|switch|p2a: Rillaboom|Rillaboom, M|100/100
|-damage|p2a: Rillaboom|88/100|[from] Stealth Rock
|-fieldstart|move: Grassy Terrain|[from] ability: Grassy Surge|[of] p2a: Rillaboom
|turn|16
|
|t:|1757901582
|switch|p1a: What is Wrong|Zapdos|100/100
|move|p2a: Rillaboom|Wood Hammer|p1a: What is Wrong
|-resisted|p1a: What is Wrong
|-damage|p1a: What is Wrong|57/100
|-damage|p2a: Rillaboom|76/100|[from] Recoil
|
|-heal|p2a: Rillaboom|83/100|[from] Grassy Terrain
|upkeep
|turn|17
|
|t:|1757901594
|move|p1a: What is Wrong|Hurricane|p2a: Rillaboom
|-supereffective|p2a: Rillaboom
|-damage|p2a: Rillaboom|16/100
|move|p2a: Rillaboom|Wood Hammer|p1a: What is Wrong
|-resisted|p1a: What is Wrong
|-damage|p1a: What is Wrong|14/100
|-status|p2a: Rillaboom|par|[from] ability: Static|[of] p1a: What is Wrong
|-damage|p2a: Rillaboom|4/100 par|[from] Recoil
|
|-heal|p2a: Rillaboom|11/100 par|[from] Grassy Terrain
|upkeep
|turn|18
|
|t:|1757901602
|move|p2a: Rillaboom|Grassy Glide|p1a: What is Wrong
|-resisted|p1a: What is Wrong
|-damage|p1a: What is Wrong|0 fnt
|faint|p1a: What is Wrong
|
|-heal|p2a: Rillaboom|17/100 par|[from] Grassy Terrain
|upkeep
|
|t:|1757901609
|switch|p1a: Bundled Dreams|Kyurem, shiny|100/100
|-ability|p1a: Bundled Dreams|Pressure
|turn|19
|
|t:|1757901623
|switch|p2a: Great Tusk|Great Tusk|40/100
|move|p1a: Bundled Dreams|Earth Power|p2a: Great Tusk
|-damage|p2a: Great Tusk|0 fnt
|faint|p2a: Great Tusk
|-end|p2a: Great Tusk|Protosynthesis|[silent]
|
|upkeep
|
|t:|1757901631
|switch|p2a: Kyurem|Kyurem|88/100
|-damage|p2a: Kyurem|63/100|[from] Stealth Rock
|-ability|p2a: Kyurem|Pressure
|turn|20
|
|t:|1757901636
|move|p2a: Kyurem|Protect|p2a: Kyurem
|-singleturn|p2a: Kyurem|Protect
|move|p1a: Bundled Dreams|Freeze-Dry|p2a: Kyurem
|-activate|p2a: Kyurem|move: Protect
|
|-heal|p2a: Kyurem|69/100|[from] Grassy Terrain
|-heal|p2a: Kyurem|75/100|[from] item: Leftovers
|-fieldend|move: Grassy Terrain
|upkeep
|turn|21
|l| Wizardkael
|l| corpsefire
|
|t:|1757901642
|move|p2a: Kyurem|Freeze-Dry|p1a: Bundled Dreams
|-damage|p1a: Bundled Dreams|81/100
|move|p1a: Bundled Dreams|Freeze-Dry|p2a: Kyurem
|-damage|p2a: Kyurem|41/100
|
|-heal|p2a: Kyurem|47/100|[from] item: Leftovers
|upkeep
|turn|22
|
|t:|1757901649
|move|p2a: Kyurem|Protect|p2a: Kyurem
|-singleturn|p2a: Kyurem|Protect
|move|p1a: Bundled Dreams|Freeze-Dry|p2a: Kyurem
|-activate|p2a: Kyurem|move: Protect
|
|-heal|p2a: Kyurem|53/100|[from] item: Leftovers
|upkeep
|turn|23
|j| corpsefire
|
|t:|1757901669
|move|p2a: Kyurem|Freeze-Dry|p1a: Bundled Dreams
|-crit|p1a: Bundled Dreams
|-damage|p1a: Bundled Dreams|52/100
|move|p1a: Bundled Dreams|Freeze-Dry|p2a: Kyurem
|-damage|p2a: Kyurem|18/100
|
|-heal|p2a: Kyurem|24/100|[from] item: Leftovers
|upkeep
|turn|24
|
|t:|1757901676
|move|p2a: Kyurem|Protect|p2a: Kyurem
|-singleturn|p2a: Kyurem|Protect
|move|p1a: Bundled Dreams|Freeze-Dry|p2a: Kyurem
|-activate|p2a: Kyurem|move: Protect
|
|-heal|p2a: Kyurem|30/100|[from] item: Leftovers
|upkeep
|turn|25
|
|t:|1757901702
|move|p2a: Kyurem|Freeze-Dry|p1a: Bundled Dreams
|-damage|p1a: Bundled Dreams|32/100
|move|p1a: Bundled Dreams|Freeze-Dry|p2a: Kyurem
|-damage|p2a: Kyurem|0 fnt
|faint|p2a: Kyurem
|
|upkeep
|
|t:|1757901706
|switch|p2a: Rillaboom|Rillaboom, M|17/100 par
|-damage|p2a: Rillaboom|4/100 par|[from] Stealth Rock
|-fieldstart|move: Grassy Terrain|[from] ability: Grassy Surge|[of] p2a: Rillaboom
|turn|26
|
|t:|1757901709
|cant|p2a: Rillaboom|par
|move|p1a: Bundled Dreams|Freeze-Dry|p2a: Rillaboom
|-supereffective|p2a: Rillaboom
|-damage|p2a: Rillaboom|0 fnt
|faint|p2a: Rillaboom
|
|-heal|p1a: Bundled Dreams|38/100|[from] Grassy Terrain
|upkeep
|
|t:|1757901711
|switch|p2a: Gholdengo|Gholdengo|94/100
|-damage|p2a: Gholdengo|88/100|[from] Stealth Rock
|-enditem|p2a: Gholdengo|Grassy Seed
|-boost|p2a: Gholdengo|def|1|[from] item: Grassy Seed
|turn|27
|
|t:|1757901721
|-terastallize|p2a: Gholdengo|Fairy
|move|p1a: Bundled Dreams|Earth Power|p2a: Gholdengo
|-damage|p2a: Gholdengo|56/100
|move|p2a: Gholdengo|Nasty Plot|p2a: Gholdengo
|-boost|p2a: Gholdengo|spa|2
|
|-heal|p1a: Bundled Dreams|44/100|[from] Grassy Terrain
|-heal|p2a: Gholdengo|62/100|[from] Grassy Terrain
|upkeep
|turn|28
|
|t:|1757901727
|move|p1a: Bundled Dreams|Ice Beam|p2a: Gholdengo
|-damage|p2a: Gholdengo|16/100
|move|p2a: Gholdengo|Recover|p2a: Gholdengo
|-heal|p2a: Gholdengo|66/100
|
|-heal|p1a: Bundled Dreams|51/100|[from] Grassy Terrain
|-heal|p2a: Gholdengo|72/100|[from] Grassy Terrain
|upkeep
|turn|29
|
|t:|1757901732
|move|p1a: Bundled Dreams|Ice Beam|p2a: Gholdengo
|-damage|p2a: Gholdengo|28/100
|-status|p2a: Gholdengo|frz
|-curestatus|p2a: Gholdengo|frz|[msg]
|move|p2a: Gholdengo|Dazzling Gleam|p1a: Bundled Dreams
|-supereffective|p1a: Bundled Dreams
|-damage|p1a: Bundled Dreams|0 fnt
|faint|p1a: Bundled Dreams
|
|-heal|p2a: Gholdengo|34/100|[from] Grassy Terrain
|upkeep
|
|t:|1757901742
|switch|p1a: Chronostasis|Great Tusk|100/100
|turn|30
|
|t:|1757901752
|move|p1a: Chronostasis|Headlong Rush|p2a: Gholdengo
|-damage|p2a: Gholdengo|7/100
|-unboost|p1a: Chronostasis|def|1
|-unboost|p1a: Chronostasis|spd|1
|move|p2a: Gholdengo|Recover|p2a: Gholdengo
|-heal|p2a: Gholdengo|57/100
|
|-heal|p2a: Gholdengo|63/100|[from] Grassy Terrain
|-fieldend|move: Grassy Terrain
|upkeep
|turn|31
|
|t:|1757901764
|move|p1a: Chronostasis|Headlong Rush|p2a: Gholdengo
|-damage|p2a: Gholdengo|34/100
|-unboost|p1a: Chronostasis|def|1
|-unboost|p1a: Chronostasis|spd|1
|move|p2a: Gholdengo|Recover|p2a: Gholdengo
|-heal|p2a: Gholdengo|84/100
|
|upkeep
|turn|32
|
|t:|1757901773
|move|p1a: Chronostasis|Headlong Rush|p2a: Gholdengo
|-damage|p2a: Gholdengo|57/100
|-unboost|p1a: Chronostasis|def|1
|-unboost|p1a: Chronostasis|spd|1
|move|p2a: Gholdengo|Nasty Plot|p2a: Gholdengo
|-boost|p2a: Gholdengo|spa|2
|
|upkeep
|turn|33
|
|t:|1757901777
|move|p1a: Chronostasis|Headlong Rush|p2a: Gholdengo
|-damage|p2a: Gholdengo|30/100
|-unboost|p1a: Chronostasis|def|1
|-unboost|p1a: Chronostasis|spd|1
|move|p2a: Gholdengo|Recover|p2a: Gholdengo
|-heal|p2a: Gholdengo|80/100
|
|upkeep
|turn|34
|
|t:|1757901783
|-end|p1a: Chronostasis|Protosynthesis|[silent]
|switch|p1a: Milky Way|Zamazenta, shiny|81/100
|move|p2a: Gholdengo|Recover|p2a: Gholdengo
|-heal|p2a: Gholdengo|100/100
|
|upkeep
|turn|35
|
|t:|1757901794
|move|p1a: Milky Way|Crunch|p2a: Gholdengo
|-resisted|p2a: Gholdengo
|-damage|p2a: Gholdengo|92/100
|-unboost|p2a: Gholdengo|def|1
|-damage|p1a: Milky Way|71/100|[from] item: Life Orb
|move|p2a: Gholdengo|Shadow Ball|p1a: Milky Way
|-damage|p1a: Milky Way|0 fnt
|faint|p1a: Milky Way
|
|upkeep
|
|t:|1757901804
|switch|p1a: Chronostasis|Great Tusk|100/100
|turn|36
|inactive|MehNameIs_pee has 120 seconds left.
|
|t:|1757901832
|move|p1a: Chronostasis|Headlong Rush|p2a: Gholdengo
|-damage|p2a: Gholdengo|51/100
|-unboost|p1a: Chronostasis|def|1
|-unboost|p1a: Chronostasis|spd|1
|move|p2a: Gholdengo|Shadow Ball|p1a: Chronostasis
|-damage|p1a: Chronostasis|0 fnt
|faint|p1a: Chronostasis
|-end|p1a: Chronostasis|Protosynthesis|[silent]
|
|upkeep
|
|t:|1757901835
|switch|p1a: Unite|Kingambit, M|66/100
|-activate|p1a: Unite|ability: Supreme Overlord
|-start|p1a: Unite|fallen5|[silent]
|turn|37
|
|t:|1757901843
|-terastallize|p1a: Unite|Fire
|move|p2a: Gholdengo|Dazzling Gleam|p1a: Unite
|-resisted|p1a: Unite
|-damage|p1a: Unite|12/100
|move|p1a: Unite|Iron Head|p2a: Gholdengo
|-supereffective|p2a: Gholdengo
|-damage|p2a: Gholdengo|0 fnt
|faint|p2a: Gholdengo
|
|win|MehNameIs_pee
|raw|MehNameIs_pee's rating: 1746 &rarr; <strong>1776</strong><br />(+30 for winning)
|raw|Rabzzz's rating: 1948 &rarr; <strong>1918</strong><br />(-30 for losing)
|c|☆MehNameIs_pee|gg
|c|☆Rabzzz|gg
|l|☆Rabzzz
|player|p2|
|l|☆MehNameIs_pee
|player|p1|
