|j|☆Daacebandit
|j|☆silverlol
|t:|1757823919
|gametype|singles
|player|p1|Daacebandit|musician|1236
|player|p2|silverlol|gambler|1270
|gen|9
|tier|[Gen 9] OU
|rated|
|rule|HP Percentage Mod: HP is shown in percentages
|rule|Endless Battle Clause: Forcing endless battles is banned
|rule|Species Clause: Limit one of each Pokémon
|rule|OHKO Clause: OHKO moves are banned
|rule|Evasion Items Clause: Evasion items are banned
|rule|Evasion Moves Clause: Evasion moves are banned
|rule|Evasion Abilities Clause: Evasion abilities are banned
|rule|Sleep Moves Clause: Sleep-inducing moves are banned
|clearpoke
|poke|p1|Thundurus-Therian, M|
|poke|p1|Samurott-Hisui, M|
|poke|p1|Tauros-Paldea-Blaze, M|
|poke|p1|Quagsire, M|
|poke|p1|Torterra, M|
|poke|p1|Hitmontop, M|
|poke|p2|Scizor, M|
|poke|p2|Greninja-*, M|
|poke|p2|Garchomp, F|
|poke|p2|Metagross|
|poke|p2|Zapdos|
|poke|p2|Excadrill, M|
|teampreview
|inactive|Battle timer is ON: inactive players will automatically lose when time's up. (requested by Daacebandit)
|
|t:|1757823930
|teamsize|p1|6
|teamsize|p2|6
|start
|switch|p1a: Tauros|Tauros-Paldea-Blaze, M, shiny|100/100
|switch|p2a: Zapdos|Zapdos, shiny|100/100
|-ability|p1a: Tauros|Intimidate|boost
|-unboost|p2a: Zapdos|atk|1
|turn|1
|
|t:|1757823940
|move|p1a: Tauros|Flare Blitz|p2a: Zapdos
|-damage|p2a: Zapdos|30/100
|-damage|p1a: Tauros|75/100|[from] Recoil
|move|p2a: Zapdos|Hurricane|p1a: Tauros
|-supereffective|p1a: Tauros
|-damage|p1a: Tauros|0 fnt
|faint|p1a: Tauros
|
|upkeep
|
|t:|1757823946
|switch|p1a: Thundurus|Thundurus-Therian, M|100/100
|turn|2
|
|t:|1757823953
|move|p1a: Thundurus|Tera Blast|p2a: Zapdos
|-damage|p2a: Zapdos|0 fnt
|faint|p2a: Zapdos
|
|upkeep
|
|t:|1757823966
|switch|p2a: Metagross|Metagross|100/100
|turn|3
|
|t:|1757823991
|switch|p1a: Quagsire|Quagsire, M|100/100
|move|p2a: Metagross|Ice Punch|p1a: Quagsire
|-damage|p1a: Quagsire|82/100
|
|-heal|p1a: Quagsire|88/100|[from] item: Leftovers
|upkeep
|turn|4
|
|t:|1757823998
|move|p2a: Metagross|Psychic Fangs|p1a: Quagsire
|-damage|p1a: Quagsire|55/100
|move|p1a: Quagsire|Earthquake|p2a: Metagross
|-supereffective|p2a: Metagross
|-damage|p2a: Metagross|62/100
|-enditem|p2a: Metagross|Weakness Policy
|-boost|p2a: Metagross|atk|2|[from] item: Weakness Policy
|-boost|p2a: Metagross|spa|2|[from] item: Weakness Policy
|
|-heal|p1a: Quagsire|61/100|[from] item: Leftovers
|upkeep
|turn|5
|
|t:|1757824010
|move|p2a: Metagross|Psychic Fangs|p1a: Quagsire
|-damage|p1a: Quagsire|31/100
|move|p1a: Quagsire|Earthquake|p2a: Metagross
|-supereffective|p2a: Metagross
|-damage|p2a: Metagross|17/100
|
|-heal|p1a: Quagsire|38/100|[from] item: Leftovers
|upkeep
|turn|6
|
|t:|1757824014
|move|p2a: Metagross|Psychic Fangs|p1a: Quagsire
|-damage|p1a: Quagsire|3/100
|move|p1a: Quagsire|Recover|p1a: Quagsire
|-heal|p1a: Quagsire|53/100
|
|-heal|p1a: Quagsire|59/100|[from] item: Leftovers
|upkeep
|turn|7
|
|t:|1757824019
|move|p2a: Metagross|Psychic Fangs|p1a: Quagsire
|-damage|p1a: Quagsire|29/100
|move|p1a: Quagsire|Recover|p1a: Quagsire
|-heal|p1a: Quagsire|79/100
|
|-heal|p1a: Quagsire|85/100|[from] item: Leftovers
|upkeep
|turn|8
|
|t:|1757824022
|move|p2a: Metagross|Earthquake|p1a: Quagsire
|-damage|p1a: Quagsire|61/100
|move|p1a: Quagsire|Earthquake|p2a: Metagross
|-supereffective|p2a: Metagross
|-damage|p2a: Metagross|0 fnt
|faint|p2a: Metagross
|
|-heal|p1a: Quagsire|67/100|[from] item: Leftovers
|upkeep
|
|t:|1757824025
|switch|p2a: Greninja|Greninja, M|100/100
|turn|9
|
|t:|1757824039
|move|p2a: Greninja|Grass Knot|p1a: Quagsire
|-supereffective|p1a: Quagsire
|-damage|p1a: Quagsire|0 fnt
|faint|p1a: Quagsire
|-ability|p2a: Greninja|Battle Bond|boost
|-boost|p2a: Greninja|atk|1
|-boost|p2a: Greninja|spa|1
|-boost|p2a: Greninja|spe|1
|-activate|p2a: Greninja|ability: Battle Bond
|
|upkeep
|
|t:|1757824051
|switch|p1a: Hitmontop|Hitmontop, M|100/100
|turn|10
|
|t:|1757824056
|-terastallize|p2a: Greninja|Poison
|move|p2a: Greninja|Surf|p1a: Hitmontop
|-damage|p1a: Hitmontop|20/100
|move|p1a: Hitmontop|Close Combat|p2a: Greninja
|-resisted|p2a: Greninja
|-damage|p2a: Greninja|56/100
|-unboost|p1a: Hitmontop|def|1
|-unboost|p1a: Hitmontop|spd|1
|
|upkeep
|turn|11
|
|t:|1757824069
|move|p1a: Hitmontop|Bullet Punch|p2a: Greninja
|-damage|p2a: Greninja|26/100
|move|p2a: Greninja|Surf|p1a: Hitmontop
|-damage|p1a: Hitmontop|0 fnt
|faint|p1a: Hitmontop
|
|upkeep
|
|t:|1757824073
|switch|p1a: Samurott|Samurott-Hisui, M, shiny|100/100
|turn|12
|
|t:|1757824081
|move|p1a: Samurott|Aqua Jet|p2a: Greninja
|-damage|p2a: Greninja|0 fnt
|faint|p2a: Greninja
|
|upkeep
|
|t:|1757824093
|switch|p2a: Scizor|Scizor, M|100/100
|turn|13
|
|t:|1757824108
|move|p1a: Samurott|Razor Shell|p2a: Scizor
|-damage|p2a: Scizor|45/100
|-unboost|p2a: Scizor|def|1
|move|p2a: Scizor|Bug Bite|p1a: Samurott
|-supereffective|p1a: Samurott
|-enditem|p1a: Samurott|Focus Sash
|-damage|p1a: Samurott|1/100
|
|upkeep
|turn|14
|
|t:|1757824115
|move|p1a: Samurott|Aqua Jet|p2a: Scizor
|-damage|p2a: Scizor|17/100
|move|p2a: Scizor|Bullet Punch|p1a: Samurott
|-resisted|p1a: Samurott
|-damage|p1a: Samurott|0 fnt
|faint|p1a: Samurott
|
|upkeep
|
|t:|1757824125
|switch|p1a: Torterra|Torterra, M|100/100
|turn|15
|
|t:|1757824130
|-terastallize|p1a: Torterra|Steel
|move|p1a: Torterra|Shell Smash|p1a: Torterra
|-unboost|p1a: Torterra|def|1
|-unboost|p1a: Torterra|spd|1
|-boost|p1a: Torterra|atk|2
|-boost|p1a: Torterra|spa|2
|-boost|p1a: Torterra|spe|2
|move|p2a: Scizor|Bug Bite|p1a: Torterra
|-resisted|p1a: Torterra
|-damage|p1a: Torterra|63/100
|
|upkeep
|turn|16
|
|t:|1757824141
|move|p2a: Scizor|Bullet Punch|p1a: Torterra
|-resisted|p1a: Torterra
|-damage|p1a: Torterra|31/100
|move|p1a: Torterra|Bullet Seed|p2a: Scizor
|-resisted|p2a: Scizor
|-damage|p2a: Scizor|3/100
|-resisted|p2a: Scizor
|-damage|p2a: Scizor|0 fnt
|faint|p2a: Scizor
|-hitcount|p2: Scizor|2
|
|upkeep
|
|t:|1757824151
|switch|p2a: Garchomp|Garchomp, F|100/100
|turn|17
|
|t:|1757824157
|move|p1a: Torterra|Bullet Seed|p2a: Garchomp
|-damage|p2a: Garchomp|62/100
|-damage|p2a: Garchomp|26/100
|-damage|p2a: Garchomp|0 fnt
|faint|p2a: Garchomp
|-hitcount|p2: Garchomp|3
|
|upkeep
|
|t:|1757824164
|switch|p2a: Excadrill|Excadrill, M|100/100
|-ability|p2a: Excadrill|Mold Breaker
|turn|18
|
|t:|1757824171
|move|p1a: Torterra|Bullet Seed|p2a: Excadrill
|-damage|p2a: Excadrill|47/100
|-damage|p2a: Excadrill|0 fnt
|faint|p2a: Excadrill
|-hitcount|p2: Excadrill|2
|
|win|Daacebandit
|raw|Daacebandit's rating: 1236 &rarr; <strong>1263</strong><br />(+27 for winning)
|raw|silverlol's rating: 1270 &rarr; <strong>1243</strong><br />(-27 for losing)
|l|☆silverlol
|player|p2|
|l|☆Daacebandit
|player|p1|
