|j|☆fabian_2334
|j|☆popswrong4laughing
|t:|1757895375
|gametype|singles
|player|p1|fabian_2334|ghetsis|1464
|player|p2|popswrong4laughing|galacticgrunt|1454
|gen|9
|tier|[Gen 9] OU
|rated|
|rule|HP Percentage Mod: HP is shown in percentages
|rule|Endless Battle Clause: Forcing endless battles is banned
|rule|Species Clause: Limit one of each Pokémon
|rule|OHKO Clause: OHKO moves are banned
|rule|Evasion Items Clause: Evasion items are banned
|rule|Evasion Moves Clause: Evasion moves are banned
|rule|Evasion Abilities Clause: Evasion abilities are banned
|rule|Sleep Moves Clause: Sleep-inducing moves are banned
|clearpoke
|poke|p1|Garganacl, F|
|poke|p1|Dragapult, F|
|poke|p1|Ogerpon-Wellspring, F|
|poke|p1|Moltres|
|poke|p1|Zamazenta-*|
|poke|p1|Iron Treads|
|poke|p2|Tornadus-Therian, M|
|poke|p2|Thundurus, M|
|poke|p2|Landorus-Therian, M|
|poke|p2|Entei|
|poke|p2|Suicune|
|poke|p2|Raging Bolt|
|teampreview
|
|t:|1757895395
|teamsize|p1|6
|teamsize|p2|6
|start
|switch|p1a: Dragapult|Dragapult, F|100/100
|switch|p2a: Thundurus|Thundurus, M|100/100
|turn|1
|
|t:|1757895399
|-terastallize|p1a: Dragapult|Dragon
|move|p2a: Thundurus|Thunder Wave|p1a: Dragapult
|-status|p1a: Dragapult|par
|move|p1a: Dragapult|Draco Meteor|p2a: Thundurus
|-damage|p2a: Thundurus|6/100
|-unboost|p1a: Dragapult|spa|2
|
|upkeep
|turn|2
|
|t:|1757895409
|switch|p2a: Suicune|Suicune|100/100
|-ability|p2a: Suicune|Pressure
|move|p1a: Dragapult|U-turn|p2a: Suicune
|-damage|p2a: Suicune|87/100
|
|t:|1757895415
|switch|p1a: Ogerpon|Ogerpon-Wellspring, F|100/100|[from] U-turn
|
|-heal|p2a: Suicune|93/100|[from] item: Leftovers
|upkeep
|turn|3
|
|t:|1757895420
|switch|p2a: Thundurus|Thundurus, M|6/100
|move|p1a: Ogerpon|Swords Dance|p1a: Ogerpon
|-boost|p1a: Ogerpon|atk|2
|
|upkeep
|turn|4
|
|t:|1757895424
|switch|p1a: Dragapult|Dragapult, F, tera:Dragon|100/100 par
|move|p2a: Thundurus|Thunder Wave|p1a: Dragapult
|-fail|p1a: Dragapult|par
|
|upkeep
|turn|5
|
|t:|1757895429
|move|p2a: Thundurus|Focus Blast|p1a: Dragapult
|-damage|p1a: Dragapult|43/100 par
|move|p1a: Dragapult|U-turn|p2a: Thundurus
|-resisted|p2a: Thundurus
|-damage|p2a: Thundurus|0 fnt
|faint|p2a: Thundurus
|
|t:|1757895438
|switch|p1a: Iron Treads|Iron Treads|100/100|[from] U-turn
|
|upkeep
|
|t:|1757895441
|switch|p2a: Entei|Entei|100/100
|turn|6
|
|t:|1757895444
|move|p1a: Iron Treads|Earthquake|p2a: Entei
|-supereffective|p2a: Entei
|-damage|p2a: Entei|36/100
|move|p2a: Entei|Sacred Fire|p1a: Iron Treads
|-supereffective|p1a: Iron Treads
|-damage|p1a: Iron Treads|24/100
|-status|p1a: Iron Treads|brn
|
|-heal|p1a: Iron Treads|30/100 brn|[from] item: Leftovers
|-damage|p1a: Iron Treads|24/100 brn|[from] brn
|upkeep
|turn|7
|
|t:|1757895451
|switch|p2a: Landorus|Landorus-Therian, M|100/100
|-ability|p2a: Landorus|Intimidate|boost
|-unboost|p1a: Iron Treads|atk|1
|move|p1a: Iron Treads|Stealth Rock|p2a: Landorus
|-sidestart|p2: popswrong4laughing|move: Stealth Rock
|
|-heal|p1a: Iron Treads|30/100 brn|[from] item: Leftovers
|-damage|p1a: Iron Treads|24/100 brn|[from] brn
|upkeep
|turn|8
|
|t:|1757895456
|move|p2a: Landorus|Stealth Rock|p1a: Iron Treads
|-sidestart|p1: fabian_2334|move: Stealth Rock
|move|p1a: Iron Treads|Knock Off|p2a: Landorus
|-damage|p2a: Landorus|93/100
|-damage|p1a: Iron Treads|7/100 brn|[from] item: Rocky Helmet|[of] p2a: Landorus
|-enditem|p2a: Landorus|Rocky Helmet|[from] move: Knock Off|[of] p1a: Iron Treads
|
|-heal|p1a: Iron Treads|13/100 brn|[from] item: Leftovers
|-damage|p1a: Iron Treads|7/100 brn|[from] brn
|upkeep
|turn|9
|
|t:|1757895464
|move|p2a: Landorus|Stealth Rock||[still]
|-fail|p2a: Landorus
|move|p1a: Iron Treads|Rapid Spin|p2a: Landorus
|-crit|p2a: Landorus
|-damage|p2a: Landorus|83/100
|-boost|p1a: Iron Treads|spe|1
|-sideend|p1: fabian_2334|Stealth Rock|[from] move: Rapid Spin|[of] p1a: Iron Treads
|
|-heal|p1a: Iron Treads|13/100 brn|[from] item: Leftovers
|-damage|p1a: Iron Treads|7/100 brn|[from] brn
|upkeep
|turn|10
|
|t:|1757895472
|move|p1a: Iron Treads|Rapid Spin|p2a: Landorus
|-damage|p2a: Landorus|79/100
|-boost|p1a: Iron Treads|spe|1
|move|p2a: Landorus|Earthquake|p1a: Iron Treads
|-supereffective|p1a: Iron Treads
|-damage|p1a: Iron Treads|0 fnt
|faint|p1a: Iron Treads
|-end|p1a: Iron Treads|Quark Drive|[silent]
|
|upkeep
|
|t:|1757895477
|switch|p1a: Ogerpon|Ogerpon-Wellspring, F|100/100
|turn|11
|
|t:|1757895486
|move|p1a: Ogerpon|Trailblaze|p2a: Landorus
|-damage|p2a: Landorus|50/100
|-boost|p1a: Ogerpon|spe|1
|move|p2a: Landorus|U-turn|p1a: Ogerpon
|-supereffective|p1a: Ogerpon
|-crit|p1a: Ogerpon
|-damage|p1a: Ogerpon|21/100
|
|t:|1757895490
|switch|p2a: Sneaky Bolt|Raging Bolt|100/100|[from] U-turn
|-damage|p2a: Sneaky Bolt|88/100|[from] Stealth Rock
|-enditem|p2a: Sneaky Bolt|Booster Energy
|-activate|p2a: Sneaky Bolt|ability: Protosynthesis|[fromitem]
|-start|p2a: Sneaky Bolt|protosynthesisspa
|
|upkeep
|turn|12
|
|t:|1757895494
|move|p1a: Ogerpon|Synthesis|p1a: Ogerpon
|-heal|p1a: Ogerpon|71/100
|move|p2a: Sneaky Bolt|Dragon Pulse|p1a: Ogerpon
|-damage|p1a: Ogerpon|8/100
|
|upkeep
|turn|13
|
|t:|1757895498
|switch|p1a: Garganacl|Garganacl, F|100/100
|move|p2a: Sneaky Bolt|Thunderbolt|p1a: Garganacl
|-damage|p1a: Garganacl|58/100
|
|-heal|p1a: Garganacl|64/100|[from] item: Leftovers
|upkeep
|turn|14
|
|t:|1757895501
|move|p2a: Sneaky Bolt|Calm Mind|p2a: Sneaky Bolt
|-boost|p2a: Sneaky Bolt|spa|1
|-boost|p2a: Sneaky Bolt|spd|1
|move|p1a: Garganacl|Recover|p1a: Garganacl
|-heal|p1a: Garganacl|100/100
|
|upkeep
|turn|15
|
|t:|1757895506
|move|p2a: Sneaky Bolt|Thunderbolt|p1a: Garganacl
|-damage|p1a: Garganacl|34/100
|move|p1a: Garganacl|Salt Cure|p2a: Sneaky Bolt
|-damage|p2a: Sneaky Bolt|76/100
|-start|p2a: Sneaky Bolt|Salt Cure
|
|-heal|p1a: Garganacl|40/100|[from] item: Leftovers
|-damage|p2a: Sneaky Bolt|63/100|[from] Salt Cure
|upkeep
|turn|16
|
|t:|1757895511
|switch|p1a: Ogerpon|Ogerpon-Wellspring, F|8/100
|move|p2a: Sneaky Bolt|Thunderbolt|p1a: Ogerpon
|-damage|p1a: Ogerpon|0 fnt
|faint|p1a: Ogerpon
|
|-damage|p2a: Sneaky Bolt|51/100|[from] Salt Cure
|upkeep
|
|t:|1757895517
|switch|p1a: Zamazenta|Zamazenta|100/100
|-ability|p1a: Zamazenta|Dauntless Shield|boost
|-boost|p1a: Zamazenta|def|1
|turn|17
|
|t:|1757895522
|move|p1a: Zamazenta|Close Combat|p2a: Sneaky Bolt
|-damage|p2a: Sneaky Bolt|0 fnt
|-unboost|p1a: Zamazenta|def|1
|-unboost|p1a: Zamazenta|spd|1
|faint|p2a: Sneaky Bolt
|-end|p2a: Sneaky Bolt|Protosynthesis|[silent]
|
|upkeep
|
|t:|1757895526
|switch|p2a: Tornadus|Tornadus-Therian, M|100/100
|-damage|p2a: Tornadus|76/100|[from] Stealth Rock
|turn|18
|
|t:|1757895533
|move|p1a: Zamazenta|Ice Fang|p2a: Tornadus
|-supereffective|p2a: Tornadus
|-crit|p2a: Tornadus
|-damage|p2a: Tornadus|0 fnt
|faint|p2a: Tornadus
|
|upkeep
|
|t:|1757895537
|switch|p2a: Suicune|Suicune|93/100
|-damage|p2a: Suicune|81/100|[from] Stealth Rock
|-ability|p2a: Suicune|Pressure
|turn|19
|
|t:|1757895546
|switch|p1a: Moltres|Moltres|100/100
|-terastallize|p2a: Suicune|Poison
|move|p2a: Suicune|Calm Mind|p2a: Suicune
|-boost|p2a: Suicune|spa|1
|-boost|p2a: Suicune|spd|1
|
|-heal|p2a: Suicune|87/100|[from] item: Leftovers
|upkeep
|turn|20
|
|t:|1757895551
|move|p2a: Suicune|Protect|p2a: Suicune
|-singleturn|p2a: Suicune|Protect
|move|p1a: Moltres|Roar|p2a: Suicune
|drag|p2a: Entei|Entei|36/100
|
|upkeep
|turn|21
|
|t:|1757895564
|switch|p1a: Zamazenta|Zamazenta|100/100
|move|p2a: Entei|Stone Edge|p1a: Zamazenta
|-resisted|p1a: Zamazenta
|-damage|p1a: Zamazenta|85/100
|
|upkeep
|turn|22
|
|t:|1757895571
|switch|p2a: Landorus|Landorus-Therian, M|50/100
|-damage|p2a: Landorus|38/100|[from] Stealth Rock
|-ability|p2a: Landorus|Intimidate|boost
|-unboost|p1a: Zamazenta|atk|1
|move|p1a: Zamazenta|Close Combat|p2a: Landorus
|-resisted|p2a: Landorus
|-damage|p2a: Landorus|19/100
|-unboost|p1a: Zamazenta|def|1
|-unboost|p1a: Zamazenta|spd|1
|
|upkeep
|turn|23
|
|t:|1757895575
|switch|p2a: Suicune|Suicune, tera:Poison|87/100
|-damage|p2a: Suicune|75/100|[from] Stealth Rock
|-ability|p2a: Suicune|Pressure
|move|p1a: Zamazenta|Ice Fang|p2a: Suicune
|-damage|p2a: Suicune|64/100
|
|-heal|p2a: Suicune|70/100|[from] item: Leftovers
|upkeep
|turn|24
|
|t:|1757895578
|switch|p1a: Moltres|Moltres|100/100
|move|p2a: Suicune|Scald|p1a: Moltres
|-supereffective|p1a: Moltres
|-damage|p1a: Moltres|44/100
|
|-heal|p2a: Suicune|76/100|[from] item: Leftovers
|upkeep
|turn|25
|
|t:|1757895585
|move|p2a: Suicune|Scald|p1a: Moltres
|-supereffective|p1a: Moltres
|-damage|p1a: Moltres|0 fnt
|faint|p1a: Moltres
|
|-heal|p2a: Suicune|82/100|[from] item: Leftovers
|upkeep
|
|t:|1757895590
|switch|p1a: Dragapult|Dragapult, F, tera:Dragon|43/100 par
|turn|26
|
|t:|1757895592
|move|p2a: Suicune|Protect|p2a: Suicune
|-singleturn|p2a: Suicune|Protect
|move|p1a: Dragapult|Draco Meteor|p2a: Suicune
|-activate|p2a: Suicune|move: Protect
|
|-heal|p2a: Suicune|88/100|[from] item: Leftovers
|upkeep
|turn|27
|
|t:|1757895596
|move|p2a: Suicune|Ice Beam|p1a: Dragapult
|-supereffective|p1a: Dragapult
|-damage|p1a: Dragapult|0 fnt
|faint|p1a: Dragapult
|
|-heal|p2a: Suicune|94/100|[from] item: Leftovers
|upkeep
|
|t:|1757895600
|switch|p1a: Zamazenta|Zamazenta|85/100
|turn|28
|
|t:|1757895605
|move|p1a: Zamazenta|Crunch|p2a: Suicune
|-damage|p2a: Suicune|73/100
|-unboost|p2a: Suicune|def|1
|move|p2a: Suicune|Scald|p1a: Zamazenta
|-crit|p1a: Zamazenta
|-damage|p1a: Zamazenta|37/100
|
|-heal|p2a: Suicune|79/100|[from] item: Leftovers
|upkeep
|turn|29
|
|t:|1757895613
|move|p2a: Suicune|Protect|p2a: Suicune
|-singleturn|p2a: Suicune|Protect
|move|p1a: Zamazenta|Crunch|p2a: Suicune
|-activate|p2a: Suicune|move: Protect
|
|-heal|p2a: Suicune|85/100|[from] item: Leftovers
|upkeep
|turn|30
|
|t:|1757895615
|switch|p2a: Entei|Entei|36/100
|move|p1a: Zamazenta|Crunch|p2a: Entei
|-damage|p2a: Entei|14/100
|
|upkeep
|turn|31
|
|t:|1757895617
|move|p2a: Entei|Extreme Speed|p1a: Zamazenta
|-damage|p1a: Zamazenta|9/100
|move|p1a: Zamazenta|Crunch|p2a: Entei
|-damage|p2a: Entei|0 fnt
|faint|p2a: Entei
|
|upkeep
|
|t:|1757895620
|switch|p2a: Suicune|Suicune, tera:Poison|85/100
|-damage|p2a: Suicune|73/100|[from] Stealth Rock
|-ability|p2a: Suicune|Pressure
|turn|32
|
|t:|1757895623
|move|p1a: Zamazenta|Crunch|p2a: Suicune
|-damage|p2a: Suicune|54/100
|-unboost|p2a: Suicune|def|1
|move|p2a: Suicune|Scald|p1a: Zamazenta
|-crit|p1a: Zamazenta
|-damage|p1a: Zamazenta|0 fnt
|faint|p1a: Zamazenta
|
|-heal|p2a: Suicune|60/100|[from] item: Leftovers
|upkeep
|
|t:|1757895625
|switch|p1a: Garganacl|Garganacl, F|40/100
|turn|33
|
|t:|1757895626
|move|p2a: Suicune|Scald|p1a: Garganacl
|-supereffective|p1a: Garganacl
|-damage|p1a: Garganacl|0 fnt
|faint|p1a: Garganacl
|
|win|popswrong4laughing
|raw|fabian_2334's rating: 1464 &rarr; <strong>1443</strong><br />(-21 for losing)
|raw|popswrong4laughing's rating: 1454 &rarr; <strong>1475</strong><br />(+21 for winning)
|l|☆fabian_2334
|player|p1|
|l|☆popswrong4laughing
|player|p2|
