|j|☆ScarlattiTilt
|j|☆hungrymane
|t:|1757857920
|gametype|singles
|player|p1|ScarlattiTilt|1|1477
|player|p2|hungrymane|101|1533
|gen|9
|tier|[Gen 9] OU
|rated|
|rule|HP Percentage Mod: HP is shown in percentages
|rule|Endless Battle Clause: Forcing endless battles is banned
|rule|Species Clause: Limit one of each Pokémon
|rule|OHKO Clause: OHKO moves are banned
|rule|Evasion Items Clause: Evasion items are banned
|rule|Evasion Moves Clause: Evasion moves are banned
|rule|Evasion Abilities Clause: Evasion abilities are banned
|rule|Sleep Moves Clause: Sleep-inducing moves are banned
|clearpoke
|poke|p1|Slowbro-Galar, M|
|poke|p1|Kingambit, F|
|poke|p1|Ninetales-Alola, F|
|poke|p1|Sinistcha|
|poke|p1|Heatran, M|
|poke|p1|Iron Hands|
|poke|p2|Regidrago|
|poke|p2|Drifblim, M|
|poke|p2|Azelf|
|poke|p2|Samurott-Hisui, M|
|poke|p2|Mimikyu, F|
|poke|p2|Kingambit, M|
|teampreview
|inactive|Battle timer is ON: inactive players will automatically lose when time's up. (requested by ScarlattiTilt)
|
|t:|1757857931
|teamsize|p1|6
|teamsize|p2|6
|start
|switch|p1a: gallons|Ninetales-Alola, F|100/100
|switch|p2a: Samurott|Samurott-Hisui, M|100/100
|-weather|Snowscape|[from] ability: Snow Warning|[of] p1a: gallons
|turn|1
|
|t:|1757857934
|move|p1a: gallons|Freeze-Dry|p2a: Samurott
|-supereffective|p2a: Samurott
|-damage|p2a: Samurott|21/100
|move|p2a: Samurott|Ceaseless Edge|p1a: gallons
|-resisted|p1a: gallons
|-damage|p1a: gallons|67/100
|-sidestart|p1: ScarlattiTilt|Spikes
|
|-weather|Snowscape|[upkeep]
|upkeep
|turn|2
|
|t:|1757857937
|switch|p2a: Azelf|Azelf|100/100
|move|p1a: gallons|Aurora Veil|p1a: gallons
|-sidestart|p1: ScarlattiTilt|move: Aurora Veil
|
|-weather|Snowscape|[upkeep]
|upkeep
|turn|3
|
|t:|1757857943
|move|p2a: Azelf|Trick|p1a: gallons
|-activate|p2a: Azelf|move: Trick|[of] p1a: gallons
|-item|p1a: gallons|Choice Scarf|[from] move: Trick
|-item|p2a: Azelf|Light Clay|[from] move: Trick
|move|p1a: gallons|Blizzard|p2a: Azelf
|-crit|p2a: Azelf
|-damage|p2a: Azelf|1/100
|
|-weather|Snowscape|[upkeep]
|upkeep
|turn|4
|
|t:|1757857948
|switch|p2a: Mimikyu|Mimikyu, F|100/100
|move|p1a: gallons|Blizzard|p2a: Mimikyu
|-activate|p2a: Mimikyu|ability: Disguise
|-damage|p2a: Mimikyu|100/100
|detailschange|p2a: Mimikyu|Mimikyu-Busted, F
|-damage|p2a: Mimikyu|88/100|[from] pokemon: Mimikyu-Busted
|-enditem|p2a: Mimikyu|Red Card|[of] p1a: gallons
|drag|p1a: swapmeet|Iron Hands|100/100
|-damage|p1a: swapmeet|88/100|[from] Spikes
|
|-weather|Snowscape|[upkeep]
|upkeep
|turn|5
|
|t:|1757857951
|move|p2a: Mimikyu|Will-O-Wisp|p1a: swapmeet
|-status|p1a: swapmeet|brn
|move|p1a: swapmeet|Wild Charge|p2a: Mimikyu
|-damage|p2a: Mimikyu|67/100
|-damage|p1a: swapmeet|85/100 brn|[from] Recoil
|
|-weather|none
|-damage|p1a: swapmeet|79/100 brn|[from] brn
|upkeep
|turn|6
|
|t:|1757857955
|move|p2a: Mimikyu|Pain Split|p1a: swapmeet
|-sethp|p1a: swapmeet|60/100 brn|[from] move: Pain Split|[silent]
|-sethp|p2a: Mimikyu|97/100|[from] move: Pain Split
|move|p1a: swapmeet|Swords Dance|p1a: swapmeet
|-boost|p1a: swapmeet|atk|2
|
|-damage|p1a: swapmeet|54/100 brn|[from] brn
|upkeep
|turn|7
|-activate|p1a: swapmeet|item: Quick Claw
|
|t:|1757857964
|switch|p2a: Samurott|Samurott-Hisui, M|21/100
|move|p1a: swapmeet|Swords Dance|p1a: swapmeet
|-boost|p1a: swapmeet|atk|2
|
|-damage|p1a: swapmeet|48/100 brn|[from] brn
|upkeep
|turn|8
|-activate|p1a: swapmeet|item: Quick Claw
|
|t:|1757857974
|move|p2a: Samurott|Aqua Jet|p1a: swapmeet
|-damage|p1a: swapmeet|39/100 brn
|move|p1a: swapmeet|Drain Punch|p2a: Samurott
|-supereffective|p2a: Samurott
|-damage|p2a: Samurott|0 fnt
|-heal|p1a: swapmeet|46/100 brn|[from] drain|[of] p2a: Samurott
|faint|p2a: Samurott
|
|-damage|p1a: swapmeet|40/100 brn|[from] brn
|upkeep
|
|t:|1757857978
|switch|p2a: Azelf|Azelf|1/100
|turn|9
|-activate|p1a: swapmeet|item: Quick Claw
|
|t:|1757857982
|move|p1a: swapmeet|Drain Punch|p2a: Azelf
|-resisted|p2a: Azelf
|-damage|p2a: Azelf|0 fnt
|-heal|p1a: swapmeet|40/100 brn|[from] drain|[of] p2a: Azelf
|faint|p2a: Azelf
|
|-damage|p1a: swapmeet|34/100 brn|[from] brn
|-sideend|p1: ScarlattiTilt|move: Aurora Veil
|upkeep
|
|t:|1757857995
|switch|p2a: Mimikyu|Mimikyu-Busted, F|97/100
|turn|10
|
|t:|1757857999
|move|p1a: swapmeet|Wild Charge|p2a: Mimikyu
|-damage|p2a: Mimikyu|28/100
|-damage|p1a: swapmeet|23/100 brn|[from] Recoil
|move|p2a: Mimikyu|Trick Room|p2a: Mimikyu
|-fieldstart|move: Trick Room|[of] p2a: Mimikyu
|
|-damage|p1a: swapmeet|17/100 brn|[from] brn
|upkeep
|turn|11
|-activate|p1a: swapmeet|item: Quick Claw
|
|t:|1757858008
|move|p1a: swapmeet|Wild Charge|p2a: Mimikyu
|-damage|p2a: Mimikyu|0 fnt
|faint|p2a: Mimikyu
|-damage|p1a: swapmeet|13/100 brn|[from] Recoil
|
|-damage|p1a: swapmeet|7/100 brn|[from] brn
|upkeep
|
|t:|1757858013
|switch|p2a: Kingambit|Kingambit, M|100/100
|-activate|p2a: Kingambit|ability: Supreme Overlord
|-start|p2a: Kingambit|fallen3|[silent]
|turn|12
|-activate|p1a: swapmeet|item: Quick Claw
|
|t:|1757858016
|move|p2a: Kingambit|Sucker Punch||[still]
|-fail|p2a: Kingambit
|move|p1a: swapmeet|Swords Dance|p1a: swapmeet
|-boost|p1a: swapmeet|atk|2
|
|-damage|p1a: swapmeet|0 fnt|[from] brn
|faint|p1a: swapmeet
|-end|p1a: swapmeet|Quark Drive|[silent]
|upkeep
|
|t:|1757858021
|switch|p1a: frances|Heatran, M|100/100
|-damage|p1a: frances|88/100|[from] Spikes
|turn|13
|
|t:|1757858024
|-end|p2a: Kingambit|fallen3|[silent]
|switch|p2a: Drifblim|Drifblim, M|100/100
|move|p1a: frances|Lava Plume|p2a: Drifblim
|-damage|p2a: Drifblim|49/100
|-status|p2a: Drifblim|brn
|-enditem|p2a: Drifblim|Red Card|[of] p1a: frances
|drag|p1a: gallons|Ninetales-Alola, F|67/100
|-damage|p1a: gallons|55/100|[from] Spikes
|-weather|Snowscape|[from] ability: Snow Warning|[of] p1a: gallons
|
|-weather|Snowscape|[upkeep]
|-damage|p2a: Drifblim|43/100 brn|[from] brn
|upkeep
|turn|14
|
|t:|1757858032
|move|p2a: Drifblim|Explosion|p1a: gallons
|-damage|p1a: gallons|18/100
|faint|p2a: Drifblim
|move|p1a: gallons|Blizzard|p2: Drifblim|[notarget]
|-fail|p1a: gallons
|
|-weather|Snowscape|[upkeep]
|-fieldend|move: Trick Room
|upkeep
|
|t:|1757858037
|switch|p2a: Kingambit|Kingambit, M|100/100
|-activate|p2a: Kingambit|ability: Supreme Overlord
|-start|p2a: Kingambit|fallen4|[silent]
|turn|15
|
|t:|1757858043
|move|p1a: gallons|Blizzard|p2a: Kingambit
|-resisted|p2a: Kingambit
|-damage|p2a: Kingambit|82/100
|move|p2a: Kingambit|Swords Dance|p2a: Kingambit
|-boost|p2a: Kingambit|atk|2
|
|-weather|Snowscape|[upkeep]
|upkeep
|turn|16
|
|t:|1757858049
|move|p1a: gallons|Blizzard|p2a: Kingambit
|-resisted|p2a: Kingambit
|-damage|p2a: Kingambit|62/100
|move|p2a: Kingambit|Swords Dance|p2a: Kingambit
|-boost|p2a: Kingambit|atk|2
|
|-weather|Snowscape|[upkeep]
|upkeep
|turn|17
|
|t:|1757858061
|move|p1a: gallons|Blizzard|p2a: Kingambit
|-resisted|p2a: Kingambit
|-damage|p2a: Kingambit|40/100
|move|p2a: Kingambit|Swords Dance|p2a: Kingambit
|-boost|p2a: Kingambit|atk|2
|
|-weather|none
|upkeep
|turn|18
|
|t:|1757858064
|move|p2a: Kingambit|Sucker Punch|p1a: gallons
|-resisted|p1a: gallons
|-damage|p1a: gallons|0 fnt
|faint|p1a: gallons
|
|upkeep
|
|t:|1757858066
|switch|p1a: bigcheese|Kingambit, F|100/100
|-damage|p1a: bigcheese|88/100|[from] Spikes
|-activate|p1a: bigcheese|ability: Supreme Overlord
|-start|p1a: bigcheese|fallen2|[silent]
|turn|19
|
|t:|1757858083
|-end|p1a: bigcheese|fallen2|[silent]
|switch|p1a: inbloom|Slowbro-Galar, M|100/100
|-damage|p1a: inbloom|88/100|[from] Spikes
|-terastallize|p2a: Kingambit|Ghost
|move|p2a: Kingambit|Kowtow Cleave|p1a: inbloom
|-supereffective|p1a: inbloom
|-damage|p1a: inbloom|0 fnt
|faint|p1a: inbloom
|
|upkeep
|
|t:|1757858095
|switch|p1a: frances|Heatran, M|88/100
|-damage|p1a: frances|76/100|[from] Spikes
|turn|20
|
|t:|1757858098
|move|p2a: Kingambit|Sucker Punch|p1a: frances
|-damage|p1a: frances|0 fnt
|faint|p1a: frances
|
|upkeep
|
|t:|1757858100
|switch|p1a: bigcheese|Kingambit, F|88/100
|-damage|p1a: bigcheese|76/100|[from] Spikes
|-activate|p1a: bigcheese|ability: Supreme Overlord
|-start|p1a: bigcheese|fallen4|[silent]
|turn|21
|
|t:|1757858110
|move|p2a: Kingambit|Sucker Punch|p1a: bigcheese
|-resisted|p1a: bigcheese
|-damage|p1a: bigcheese|0 fnt
|faint|p1a: bigcheese
|-end|p1a: bigcheese|fallen4|[silent]
|
|upkeep
|-message|ScarlattiTilt forfeited.
|
|win|hungrymane
|raw|ScarlattiTilt's rating: 1477 &rarr; <strong>1460</strong><br />(-17 for losing)
|raw|hungrymane's rating: 1533 &rarr; <strong>1550</strong><br />(+17 for winning)
|l|☆ScarlattiTilt
|player|p1|
|l|☆hungrymane
|player|p2|
