|j|☆Caniel
|j|☆gonzoliffs
|t:|1757894573
|gametype|singles
|player|p1|Caniel|266|1263
|player|p2|gonzoliffs|1|1308
|gen|9
|tier|[Gen 9] OU
|rated|
|rule|HP Percentage Mod: HP is shown in percentages
|rule|Endless Battle Clause: Forcing endless battles is banned
|rule|Species Clause: Limit one of each Pokémon
|rule|OHKO Clause: OHKO moves are banned
|rule|Evasion Items Clause: Evasion items are banned
|rule|Evasion Moves Clause: Evasion moves are banned
|rule|Evasion Abilities Clause: Evasion abilities are banned
|rule|Sleep Moves Clause: Sleep-inducing moves are banned
|clearpoke
|poke|p1|Ceruledge, M|
|poke|p1|Ninetales, M|
|poke|p1|Leavanny, F|
|poke|p1|Walking Wake|
|poke|p1|Great Tusk|
|poke|p1|Kingambit, F|
|poke|p2|Landorus-Therian, M|
|poke|p2|Skeledirge, M|
|poke|p2|Skarmory, M|
|poke|p2|Hydrapple, M|
|poke|p2|Samurott-Hisui, M|
|poke|p2|Fezandipiti, M|
|teampreview
|inactive|Battle timer is ON: inactive players will automatically lose when time's up. (requested by gonzoliffs)
|
|t:|1757894592
|teamsize|p1|6
|teamsize|p2|6
|start
|switch|p1a: Ninetales|Ninetales, M|100/100
|switch|p2a: Landorus|Landorus-Therian, M, shiny|100/100
|-ability|p2a: Landorus|Intimidate|boost
|-unboost|p1a: Ninetales|atk|1
|-weather|SunnyDay|[from] ability: Drought|[of] p1a: Ninetales
|turn|1
|inactive|Caniel has 120 seconds left.
|inactive|Caniel has 90 seconds left.
|inactive|Caniel has 60 seconds left.
|inactive|Caniel has 30 seconds left.
|
|t:|1757894714
|switch|p1a: Leavanny|Leavanny, F|100/100
|move|p2a: Landorus|Earthquake|p1a: Leavanny
|-resisted|p1a: Leavanny
|-damage|p1a: Leavanny|82/100
|
|-weather|SunnyDay|[upkeep]
|upkeep
|turn|2
|
|t:|1757894734
|switch|p2a: Skarmory|Skarmory, M, shiny|100/100
|move|p1a: Leavanny|Triple Axel|p2a: Skarmory
|-damage|p2a: Skarmory|97/100
|-damage|p1a: Leavanny|66/100|[from] item: Rocky Helmet|[of] p2a: Skarmory
|-damage|p2a: Skarmory|90/100
|-damage|p1a: Leavanny|49/100|[from] item: Rocky Helmet|[of] p2a: Skarmory
|-damage|p2a: Skarmory|79/100
|-damage|p1a: Leavanny|33/100|[from] item: Rocky Helmet|[of] p2a: Skarmory
|-hitcount|p2a: Skarmory|3
|
|-weather|SunnyDay|[upkeep]
|upkeep
|turn|3
|
|t:|1757894747
|move|p1a: Leavanny|Sticky Web|p2a: Skarmory
|-sidestart|p2: gonzoliffs|move: Sticky Web
|move|p2a: Skarmory|Stealth Rock|p1a: Leavanny
|-sidestart|p1: Caniel|move: Stealth Rock
|
|-weather|SunnyDay|[upkeep]
|upkeep
|turn|4
|
|t:|1757894753
|switch|p1a: Great Tusk|Great Tusk|100/100
|-activate|p1a: Great Tusk|ability: Protosynthesis
|-start|p1a: Great Tusk|protosynthesisatk
|move|p2a: Skarmory|Brave Bird|p1a: Great Tusk
|-supereffective|p1a: Great Tusk
|-damage|p1a: Great Tusk|53/100
|-damage|p2a: Skarmory|62/100|[from] Recoil
|
|-weather|SunnyDay|[upkeep]
|upkeep
|turn|5
|
|t:|1757894765
|-terastallize|p1a: Great Tusk|Fire
|move|p1a: Great Tusk|Rapid Spin|p2a: Skarmory
|-resisted|p2a: Skarmory
|-damage|p2a: Skarmory|55/100
|-boost|p1a: Great Tusk|spe|1
|-damage|p1a: Great Tusk|37/100|[from] item: Rocky Helmet|[of] p2a: Skarmory
|-sideend|p1: Caniel|Stealth Rock|[from] move: Rapid Spin|[of] p1a: Great Tusk
|move|p2a: Skarmory|Brave Bird|p1a: Great Tusk
|-damage|p1a: Great Tusk|12/100
|-damage|p2a: Skarmory|46/100|[from] Recoil
|
|-weather|SunnyDay|[upkeep]
|upkeep
|turn|6
|
|t:|1757894774
|move|p1a: Great Tusk|Temper Flare|p2a: Skarmory
|-supereffective|p2a: Skarmory
|-damage|p2a: Skarmory|0 fnt
|-damage|p1a: Great Tusk|0 fnt|[from] item: Rocky Helmet|[of] p2a: Skarmory
|faint|p2a: Skarmory
|faint|p1a: Great Tusk
|-end|p1a: Great Tusk|Protosynthesis|[silent]
|
|-weather|SunnyDay|[upkeep]
|upkeep
|inactive|gonzoliffs has 120 seconds left.
|
|t:|1757894811
|switch|p1a: Walking Wake|Walking Wake|100/100
|switch|p2a: Fezandipiti|Fezandipiti, M|100/100
|-activate|p1a: Walking Wake|ability: Protosynthesis
|-start|p1a: Walking Wake|protosynthesisspa
|turn|7
|inactive|gonzoliffs has 120 seconds left.
|
|t:|1757894823
|move|p1a: Walking Wake|Hydro Steam|p2a: Fezandipiti
|-damage|p2a: Fezandipiti|31/100
|move|p2a: Fezandipiti|Moonblast|p1a: Walking Wake
|-supereffective|p1a: Walking Wake
|-damage|p1a: Walking Wake|45/100
|
|-weather|SunnyDay|[upkeep]
|upkeep
|turn|8
|inactive|gonzoliffs has 120 seconds left.
|
|t:|1757894856
|move|p1a: Walking Wake|Hydro Steam|p2a: Fezandipiti
|-damage|p2a: Fezandipiti|0 fnt
|faint|p2a: Fezandipiti
|
|-weather|none
|-end|p1a: Walking Wake|Protosynthesis
|upkeep
|inactive|gonzoliffs has 90 seconds left.
|
|t:|1757894871
|switch|p2a: Leviatan|Hydrapple, M, shiny|100/100
|turn|9
|
|t:|1757894879
|-end|p1a: Walking Wake|Protosynthesis|[silent]
|switch|p1a: Ninetales|Ninetales, M|100/100
|-weather|SunnyDay|[from] ability: Drought|[of] p1a: Ninetales
|move|p2a: Leviatan|Nasty Plot|p2a: Leviatan
|-boost|p2a: Leviatan|spa|2
|
|-weather|SunnyDay|[upkeep]
|upkeep
|turn|10
|
|t:|1757894886
|move|p1a: Ninetales|Encore|p2a: Leviatan
|-start|p2a: Leviatan|Encore
|move|p2a: Leviatan|Nasty Plot|p2a: Leviatan
|-boost|p2a: Leviatan|spa|2
|
|-weather|SunnyDay|[upkeep]
|upkeep
|turn|11
|
|t:|1757894897
|switch|p1a: Walking Wake|Walking Wake|45/100
|-activate|p1a: Walking Wake|ability: Protosynthesis
|-start|p1a: Walking Wake|protosynthesisspa
|move|p2a: Leviatan|Nasty Plot|p2a: Leviatan
|-boost|p2a: Leviatan|spa|2
|
|-weather|SunnyDay|[upkeep]
|upkeep
|turn|12
|
|t:|1757894913
|switch|p2a: Samurott|Samurott-Hisui, M, shiny|100/100
|move|p1a: Walking Wake|Draco Meteor|p2a: Samurott
|-damage|p2a: Samurott|0 fnt
|-unboost|p1a: Walking Wake|spa|2
|faint|p2a: Samurott
|
|-weather|SunnyDay|[upkeep]
|upkeep
|
|t:|1757894927
|switch|p2a: Leviatan|Hydrapple, M, shiny|100/100
|turn|13
|
|t:|1757894929
|-end|p1a: Walking Wake|Protosynthesis|[silent]
|switch|p1a: Ninetales|Ninetales, M|100/100
|move|p2a: Leviatan|Fickle Beam|p1a: Ninetales|[anim] Fickle Beam All Out
|-activate|p2a: Leviatan|move: Fickle Beam
|-damage|p1a: Ninetales|12/100
|
|-weather|SunnyDay|[upkeep]
|upkeep
|turn|14
|
|t:|1757894941
|move|p1a: Ninetales|Weather Ball|p2a: Leviatan
|-damage|p2a: Leviatan|54/100
|move|p2a: Leviatan|Fickle Beam|p1a: Ninetales
|-damage|p1a: Ninetales|0 fnt
|faint|p1a: Ninetales
|
|-weather|SunnyDay|[upkeep]
|upkeep
|
|t:|1757894948
|switch|p1a: Ceruledge|Ceruledge, M|100/100
|turn|15
|
|t:|1757894953
|switch|p2a: Landorus|Landorus-Therian, M, shiny|100/100
|-ability|p2a: Landorus|Intimidate|boost
|-unboost|p1a: Ceruledge|atk|1
|move|p1a: Ceruledge|Swords Dance|p1a: Ceruledge
|-boost|p1a: Ceruledge|atk|2
|
|-weather|SunnyDay|[upkeep]
|upkeep
|turn|16
|
|t:|1757894966
|move|p2a: Landorus|Earthquake|p1a: Ceruledge
|-supereffective|p1a: Ceruledge
|-enditem|p1a: Ceruledge|Focus Sash
|-damage|p1a: Ceruledge|1/100
|-ability|p1a: Ceruledge|Weak Armor|boost
|-unboost|p1a: Ceruledge|def|1
|-boost|p1a: Ceruledge|spe|2
|move|p1a: Ceruledge|Bitter Blade|p2a: Landorus
|-crit|p2a: Landorus
|-damage|p2a: Landorus|0 fnt
|-heal|p1a: Ceruledge|56/100|[from] drain|[of] p2a: Landorus
|faint|p2a: Landorus
|
|-weather|none
|upkeep
|
|t:|1757894978
|switch|p2a: Skeledirge|Skeledirge, M, shiny|100/100
|turn|17
|
|t:|1757894990
|move|p1a: Ceruledge|Bitter Blade|p2a: Skeledirge
|-resisted|p2a: Skeledirge
|-damage|p2a: Skeledirge|82/100
|-heal|p1a: Ceruledge|69/100|[from] drain|[of] p2a: Skeledirge
|move|p2a: Skeledirge|Earth Power|p1a: Ceruledge
|-supereffective|p1a: Ceruledge
|-damage|p1a: Ceruledge|18/100
|
|upkeep
|turn|18
|
|t:|1757894997
|move|p1a: Ceruledge|Shadow Sneak|p2a: Skeledirge
|-supereffective|p2a: Skeledirge
|-damage|p2a: Skeledirge|47/100
|move|p2a: Skeledirge|Earth Power|p1a: Ceruledge
|-supereffective|p1a: Ceruledge
|-damage|p1a: Ceruledge|0 fnt
|faint|p1a: Ceruledge
|
|upkeep
|
|t:|1757895001
|switch|p1a: Walking Wake|Walking Wake|45/100
|turn|19
|
|t:|1757895008
|move|p1a: Walking Wake|Hydro Steam|p2a: Skeledirge
|-supereffective|p2a: Skeledirge
|-damage|p2a: Skeledirge|0 fnt
|faint|p2a: Skeledirge
|
|upkeep
|
|t:|1757895012
|switch|p2a: Leviatan|Hydrapple, M, shiny|87/100
|turn|20
|
|t:|1757895016
|move|p1a: Walking Wake|Hydro Steam|p2a: Leviatan
|-resisted|p2a: Leviatan
|-damage|p2a: Leviatan|73/100
|move|p2a: Leviatan|Giga Drain|p1a: Walking Wake
|-damage|p1a: Walking Wake|0 fnt
|-heal|p2a: Leviatan|91/100|[from] drain|[of] p1a: Walking Wake
|faint|p1a: Walking Wake
|-end|p1a: Walking Wake|Protosynthesis|[silent]
|
|upkeep
|
|t:|1757895020
|switch|p1a: Leavanny|Leavanny, F|33/100
|turn|21
|
|t:|1757895028
|-terastallize|p2a: Leviatan|Ground
|move|p1a: Leavanny|Triple Axel|p2a: Leviatan
|-supereffective|p2a: Leviatan
|-damage|p2a: Leviatan|81/100
|-supereffective|p2a: Leviatan
|-damage|p2a: Leviatan|65/100
|-supereffective|p2a: Leviatan
|-damage|p2a: Leviatan|38/100
|-hitcount|p2a: Leviatan|3
|move|p2a: Leviatan|Fickle Beam|p1a: Leavanny
|-crit|p1a: Leavanny
|-damage|p1a: Leavanny|0 fnt
|faint|p1a: Leavanny
|
|upkeep
|
|t:|1757895039
|switch|p1a: Kingambit|Kingambit, F|100/100
|-activate|p1a: Kingambit|ability: Supreme Overlord
|-start|p1a: Kingambit|fallen5|[silent]
|turn|22
|c|☆Caniel|gg
|
|t:|1757895046
|move|p1a: Kingambit|Sucker Punch||[still]
|-fail|p1a: Kingambit
|move|p2a: Leviatan|Nasty Plot|p2a: Leviatan
|-boost|p2a: Leviatan|spa|2
|
|upkeep
|turn|23
|
|t:|1757895051
|move|p1a: Kingambit|Sucker Punch|p2a: Leviatan
|-damage|p2a: Leviatan|0 fnt
|faint|p2a: Leviatan
|
|win|Caniel
|raw|Caniel's rating: 1263 &rarr; <strong>1291</strong><br />(+28 for winning)
|raw|gonzoliffs's rating: 1308 &rarr; <strong>1285</strong><br />(-23 for losing)
|l|☆gonzoliffs
|player|p2|
|l|☆Caniel
|player|p1|
