|badge|p1|bronze|gen9randombattle|100-6
|uhtml|medal-msg|<div class="broadcast-blue">Curious what those medals under the avatar are? PS now has Ladder Seasons! For more information, check out the <a href="https://www.smogon.com/forums/threads/3740067/">thread on Smogon.</a></div>
|j|☆O1V7O2X9O
|j|☆Fhantazy
|t:|1757930904
|gametype|singles
|player|p1|O1V7O2X9O|#rbtt8teamzeraora2|1559
|player|p2|Fhantazy|morty-masters|1496
|gen|9
|tier|[Gen 9] OU
|rated|
|rule|HP Percentage Mod: HP is shown in percentages
|rule|Endless Battle Clause: Forcing endless battles is banned
|rule|Species Clause: Limit one of each Pokémon
|rule|OHKO Clause: OHKO moves are banned
|rule|Evasion Items Clause: Evasion items are banned
|rule|Evasion Moves Clause: Evasion moves are banned
|rule|Evasion Abilities Clause: Evasion abilities are banned
|rule|Sleep Moves Clause: Sleep-inducing moves are banned
|clearpoke
|poke|p1|Dondozo, F|
|poke|p1|Blissey, F|
|poke|p1|Corviknight, M|
|poke|p1|Weezing-Galar, F|
|poke|p1|Gliscor, F|
|poke|p1|Toxapex, F|
|poke|p2|Ursaring, F|
|poke|p2|Corviknight, M|
|poke|p2|Pecharunt|
|poke|p2|Araquanid, F|
|poke|p2|Darkrai|
|poke|p2|Raging Bolt|
|teampreview
|c|☆O1V7O2X9O|THE BEAR
|c|☆O1V7O2X9O|praise the bear
|
|t:|1757930937
|teamsize|p1|6
|teamsize|p2|6
|start
|switch|p1a: Gliscor|Gliscor, F|100/100
|switch|p2a: Darkrai|Darkrai|100/100
|turn|1
|
|t:|1757930949
|switch|p1a: Toxapex|Toxapex, F|100/100
|move|p2a: Darkrai|Ice Beam|p1a: Toxapex
|-resisted|p1a: Toxapex
|-crit|p1a: Toxapex
|-damage|p1a: Toxapex|85/100
|
|-heal|p1a: Toxapex|91/100|[from] item: Leftovers
|upkeep
|turn|2
|
|t:|1757930960
|switch|p2a: Corviknight|Corviknight, M|100/100
|-ability|p2a: Corviknight|Pressure
|move|p1a: Toxapex|Toxic|p2a: Corviknight
|-immune|p2a: Corviknight
|
|-heal|p1a: Toxapex|97/100|[from] item: Leftovers
|upkeep
|turn|3
|
|t:|1757930965
|switch|p1a: Gliscor|Gliscor, F|100/100
|move|p2a: Corviknight|U-turn|p1a: Gliscor
|-resisted|p1a: Gliscor
|-damage|p1a: Gliscor|95/100
|
|t:|1757930969
|switch|p2a: Araquanid|Araquanid, F|100/100|[from] U-turn
|
|-status|p1a: Gliscor|tox|[from] item: Toxic Orb
|upkeep
|turn|4
|
|t:|1757930979
|switch|p1a: Toxapex|Toxapex, F|100/100
|move|p2a: Araquanid|Liquidation|p1a: Toxapex
|-resisted|p1a: Toxapex
|-damage|p1a: Toxapex|64/100
|
|-heal|p1a: Toxapex|70/100|[from] item: Leftovers
|upkeep
|turn|5
|c|☆O1V7O2X9O|what the damage
|
|t:|1757931018
|switch|p2a: Corviknight|Corviknight, M|100/100
|-ability|p2a: Corviknight|Pressure
|move|p1a: Toxapex|Toxic|p2a: Corviknight
|-immune|p2a: Corviknight
|
|-heal|p1a: Toxapex|76/100|[from] item: Leftovers
|upkeep
|turn|6
|
|t:|1757931023
|switch|p1a: Gliscor|Gliscor, F|95/100 tox
|move|p2a: Corviknight|U-turn|p1a: Gliscor
|-resisted|p1a: Gliscor
|-damage|p1a: Gliscor|89/100 tox
|
|t:|1757931031
|switch|p2a: Araquanid|Araquanid, F|100/100|[from] U-turn
|
|-heal|p1a: Gliscor|100/100 tox|[from] ability: Poison Heal
|upkeep
|turn|7
|
|t:|1757931037
|switch|p1a: Toxapex|Toxapex, F|100/100
|switch|p2a: Corviknight|Corviknight, M|100/100
|-ability|p2a: Corviknight|Pressure
|
|upkeep
|turn|8
|
|t:|1757931041
|switch|p1a: Gliscor|Gliscor, F|100/100 tox
|move|p2a: Corviknight|U-turn|p1a: Gliscor
|-resisted|p1a: Gliscor
|-damage|p1a: Gliscor|95/100 tox
|
|t:|1757931045
|switch|p2a: Raging Bolt|Raging Bolt|100/100|[from] U-turn
|
|-heal|p1a: Gliscor|100/100 tox|[from] ability: Poison Heal
|upkeep
|turn|9
|
|t:|1757931049
|move|p1a: Gliscor|Earthquake|p2a: Raging Bolt
|-supereffective|p2a: Raging Bolt
|-damage|p2a: Raging Bolt|47/100
|move|p2a: Raging Bolt|Calm Mind|p2a: Raging Bolt
|-boost|p2a: Raging Bolt|spa|1
|-boost|p2a: Raging Bolt|spd|1
|
|-heal|p2a: Raging Bolt|53/100|[from] item: Leftovers
|upkeep
|turn|10
|
|t:|1757931055
|-end|p2a: Raging Bolt|Protosynthesis|[silent]
|switch|p2a: Corviknight|Corviknight, M|100/100
|-ability|p2a: Corviknight|Pressure
|move|p1a: Gliscor|Earthquake|p2a: Corviknight
|-immune|p2a: Corviknight
|
|upkeep
|turn|11
|
|t:|1757931057
|move|p1a: Gliscor|Knock Off|p2a: Corviknight
|-damage|p2a: Corviknight|88/100
|-damage|p1a: Gliscor|84/100 tox|[from] item: Rocky Helmet|[of] p2a: Corviknight
|-enditem|p2a: Corviknight|Rocky Helmet|[from] move: Knock Off|[of] p1a: Gliscor
|move|p2a: Corviknight|U-turn|p1a: Gliscor
|-resisted|p1a: Gliscor
|-damage|p1a: Gliscor|79/100 tox
|
|t:|1757931060
|switch|p2a: Darkrai|Darkrai|100/100|[from] U-turn
|
|-heal|p1a: Gliscor|91/100 tox|[from] ability: Poison Heal
|upkeep
|turn|12
|
|t:|1757931065
|switch|p1a: Toxapex|Toxapex, F|100/100
|move|p2a: Darkrai|Trick|p1a: Toxapex
|-activate|p2a: Darkrai|move: Trick|[of] p1a: Toxapex
|-item|p1a: Toxapex|Choice Scarf|[from] move: Trick
|-item|p2a: Darkrai|Leftovers|[from] move: Trick
|
|upkeep
|turn|13
|
|t:|1757931071
|switch|p2a: Corviknight|Corviknight, M|88/100
|-ability|p2a: Corviknight|Pressure
|move|p1a: Toxapex|Toxic Spikes|p2a: Corviknight
|-sidestart|p2: Fhantazy|move: Toxic Spikes
|
|upkeep
|turn|14
|
|t:|1757931080
|switch|p1a: Weezing|Weezing-Galar, F|100/100
|-ability|p1a: Weezing|Neutralizing Gas
|move|p2a: Corviknight|Defog|p1a: Weezing
|-unboost|p1a: Weezing|evasion|1
|-sideend|p2: Fhantazy|Toxic Spikes|[from] move: Defog|[of] p2a: Corviknight
|
|upkeep
|turn|15
|
|t:|1757931087
|switch|p2a: Araquanid|Araquanid, F|100/100
|move|p1a: Weezing|Will-O-Wisp|p2a: Araquanid
|-status|p2a: Araquanid|brn
|
|-damage|p2a: Araquanid|94/100 brn|[from] brn
|upkeep
|turn|16
|
|t:|1757931093
|move|p1a: Weezing|Strange Steam|p2a: Araquanid
|-damage|p2a: Araquanid|73/100 brn
|move|p2a: Araquanid|Liquidation|p1a: Weezing
|-damage|p1a: Weezing|85/100
|
|-damage|p2a: Araquanid|67/100 brn|[from] brn
|upkeep
|turn|17
|
|t:|1757931098
|switch|p2a: Corviknight|Corviknight, M|88/100
|move|p1a: Weezing|Strange Steam|p2a: Corviknight
|-resisted|p2a: Corviknight
|-damage|p2a: Corviknight|76/100
|-start|p2a: Corviknight|confusion
|
|upkeep
|turn|18
|
|t:|1757931104
|switch|p2a: Ursaring|Ursaring, F|100/100
|move|p1a: Weezing|Will-O-Wisp|p2a: Ursaring
|-status|p2a: Ursaring|brn
|
|-damage|p2a: Ursaring|94/100 brn|[from] brn
|upkeep
|turn|19
|
|t:|1757931108
|move|p1a: Weezing|Strange Steam|p2a: Ursaring
|-damage|p2a: Ursaring|75/100 brn
|move|p2a: Ursaring|Body Slam|p1a: Weezing
|-damage|p1a: Weezing|69/100
|-status|p1a: Weezing|par
|
|-damage|p2a: Ursaring|69/100 brn|[from] brn
|upkeep
|turn|20
|
|t:|1757931119
|switch|p2a: Pecharunt|Pecharunt|100/100
|move|p1a: Weezing|Strange Steam|p2a: Pecharunt
|-resisted|p2a: Pecharunt
|-damage|p2a: Pecharunt|88/100
|
|-heal|p2a: Pecharunt|94/100|[from] item: Leftovers
|upkeep
|turn|21
|
|t:|1757931123
|-end|p1a: Weezing|ability: Neutralizing Gas
|switch|p1a: Gliscor|Gliscor, F|91/100 tox
|move|p2a: Pecharunt|Parting Shot|p1a: Gliscor
|-unboost|p1a: Gliscor|atk|1
|-unboost|p1a: Gliscor|spa|1
|
|t:|1757931132
|switch|p2a: Ursaring|Ursaring, F|69/100 brn|[from] Parting Shot
|
|-heal|p1a: Gliscor|100/100 tox|[from] ability: Poison Heal
|-damage|p2a: Ursaring|63/100 brn|[from] brn
|upkeep
|turn|22
|
|t:|1757931140
|move|p1a: Gliscor|Knock Off|p2a: Ursaring
|-damage|p2a: Ursaring|52/100 brn
|-enditem|p2a: Ursaring|Eviolite|[from] move: Knock Off|[of] p1a: Gliscor
|move|p2a: Ursaring|Body Slam|p1a: Gliscor
|-damage|p1a: Gliscor|45/100 tox
|
|-heal|p1a: Gliscor|58/100 tox|[from] ability: Poison Heal
|-damage|p2a: Ursaring|46/100 brn|[from] brn
|upkeep
|turn|23
|c|☆O1V7O2X9O|damn that's pretty strong
|
|t:|1757931157
|move|p1a: Gliscor|Protect|p1a: Gliscor
|-singleturn|p1a: Gliscor|Protect
|move|p2a: Ursaring|Rest|p2a: Ursaring
|-status|p2a: Ursaring|slp|[from] move: Rest
|-heal|p2a: Ursaring|100/100 slp|[silent]
|
|-heal|p1a: Gliscor|70/100 tox|[from] ability: Poison Heal
|upkeep
|turn|24
|
|t:|1757931173
|move|p1a: Gliscor|Spikes|p2a: Ursaring
|-sidestart|p2: Fhantazy|Spikes
|cant|p2a: Ursaring|slp
|move|p2a: Ursaring|Sleep Talk|p2a: Ursaring
|move|p2a: Ursaring|Crunch|p1a: Gliscor|[from] move: Sleep Talk
|-damage|p1a: Gliscor|34/100 tox
|
|-heal|p1a: Gliscor|47/100 tox|[from] ability: Poison Heal
|upkeep
|turn|25
|
|t:|1757931180
|move|p1a: Gliscor|Protect|p1a: Gliscor
|-singleturn|p1a: Gliscor|Protect
|cant|p2a: Ursaring|slp
|move|p2a: Ursaring|Sleep Talk|p2a: Ursaring
|move|p2a: Ursaring|Body Slam|p1a: Gliscor|[from] move: Sleep Talk
|-activate|p1a: Gliscor|move: Protect
|
|-heal|p1a: Gliscor|59/100 tox|[from] ability: Poison Heal
|upkeep
|turn|26
|
|t:|1757931188
|switch|p1a: Corviknight|Corviknight, M|100/100
|-ability|p1a: Corviknight|Pressure
|switch|p2a: Corviknight|Corviknight, M|76/100
|-ability|p2a: Corviknight|Pressure
|
|upkeep
|turn|27
|
|t:|1757931203
|move|p2a: Corviknight|Defog|p1a: Corviknight
|-unboost|p1a: Corviknight|evasion|1
|-sideend|p2: Fhantazy|Spikes|[from] move: Defog|[of] p2a: Corviknight
|move|p1a: Corviknight|Iron Defense|p1a: Corviknight
|-boost|p1a: Corviknight|def|2
|
|upkeep
|turn|28
|-message|Fhantazy forfeited.
|
|win|O1V7O2X9O
|raw|O1V7O2X9O's rating: 1559 &rarr; <strong>1575</strong><br />(+16 for winning)
|raw|Fhantazy's rating: 1496 &rarr; <strong>1480</strong><br />(-16 for losing)
|l|☆Fhantazy
|player|p2|
|l|☆O1V7O2X9O
|player|p1|
