|j|☆yamadakouta
|j|☆smurtgurt
|t:|1757833555
|gametype|singles
|player|p1|yamadakouta|169|1222
|player|p2|smurtgurt|unknown|1263
|gen|9
|tier|[Gen 9] OU
|rated|
|rule|HP Percentage Mod: HP is shown in percentages
|rule|Endless Battle Clause: Forcing endless battles is banned
|rule|Species Clause: Limit one of each Pokémon
|rule|OHKO Clause: OHKO moves are banned
|rule|Evasion Items Clause: Evasion items are banned
|rule|Evasion Moves Clause: Evasion moves are banned
|rule|Evasion Abilities Clause: Evasion abilities are banned
|rule|Sleep Moves Clause: Sleep-inducing moves are banned
|clearpoke
|poke|p1|Kingambit, M|
|poke|p1|Espeon, F|
|poke|p1|Gholdengo|
|poke|p1|Crawdaunt, F|
|poke|p1|Greninja-*, M|
|poke|p1|Cloyster, F|
|poke|p2|Tyranitar, M|
|poke|p2|Vikavolt, M|
|poke|p2|Diancie|
|poke|p2|Clodsire, F|
|poke|p2|Mew|
|poke|p2|Glimmora, F|
|teampreview
|
|t:|1757833567
|teamsize|p1|6
|teamsize|p2|6
|start
|switch|p1a: Crawdaunt|Crawdaunt, F|100/100
|switch|p2a: Vikavolt|Vikavolt, M|100/100
|turn|1
|inactive|Battle timer is ON: inactive players will automatically lose when time's up. (requested by yamadakouta)
|
|t:|1757833586
|move|p1a: Crawdaunt|Dragon Dance|p1a: Crawdaunt
|-boost|p1a: Crawdaunt|atk|1
|-boost|p1a: Crawdaunt|spe|1
|move|p2a: Vikavolt|Thunderbolt|p1a: Crawdaunt
|-supereffective|p1a: Crawdaunt
|-enditem|p1a: Crawdaunt|Focus Sash
|-damage|p1a: Crawdaunt|1/100
|
|upkeep
|turn|2
|inactive|smurtgurt has 120 seconds left.
|
|t:|1757833618
|switch|p2a: Mew|Mew|100/100
|move|p1a: Crawdaunt|Crabhammer|p2a: Mew
|-damage|p2a: Mew|43/100
|
|-heal|p2a: Mew|49/100|[from] item: Leftovers
|upkeep
|turn|3
|
|t:|1757833629
|move|p1a: Crawdaunt|Knock Off|p2a: Mew
|-supereffective|p2a: Mew
|-damage|p2a: Mew|0 fnt
|-enditem|p2a: Mew|Leftovers|[from] move: Knock Off|[of] p1a: Crawdaunt
|faint|p2a: Mew
|
|upkeep
|
|t:|1757833634
|switch|p2a: Clodsire|Clodsire, F|100/100
|turn|4
|
|t:|1757833638
|-terastallize|p2a: Clodsire|Water
|move|p1a: Crawdaunt|Knock Off|p2a: Clodsire
|-damage|p2a: Clodsire|54/100
|-enditem|p2a: Clodsire|Leftovers|[from] move: Knock Off|[of] p1a: Crawdaunt
|move|p2a: Clodsire|Bulldoze|p1a: Crawdaunt
|-crit|p1a: Crawdaunt
|-damage|p1a: Crawdaunt|0 fnt
|faint|p1a: Crawdaunt
|
|upkeep
|
|t:|1757833657
|switch|p1a: Espeon|Espeon, F|100/100
|turn|5
|
|t:|1757833663
|switch|p2a: Tyranitar|Tyranitar, M|100/100
|-weather|Sandstorm|[from] ability: Sand Stream|[of] p2a: Tyranitar
|move|p1a: Espeon|Psychic|p2a: Tyranitar
|-immune|p2a: Tyranitar
|
|-weather|Sandstorm|[upkeep]
|-damage|p1a: Espeon|94/100|[from] Sandstorm
|upkeep
|turn|6
|
|t:|1757833684
|switch|p1a: Kingambit|Kingambit, M|100/100
|-activate|p1a: Kingambit|ability: Supreme Overlord
|-start|p1a: Kingambit|fallen1|[silent]
|move|p2a: Tyranitar|Knock Off|p1a: Kingambit
|-resisted|p1a: Kingambit
|-damage|p1a: Kingambit|85/100
|-enditem|p1a: Kingambit|Assault Vest|[from] move: Knock Off|[of] p2a: Tyranitar
|
|-weather|Sandstorm|[upkeep]
|upkeep
|turn|7
|
|t:|1757833709
|switch|p2a: Glimmora|Glimmora, F|100/100
|move|p1a: Kingambit|Brick Break|p2a: Glimmora
|-damage|p2a: Glimmora|73/100
|
|-weather|Sandstorm|[upkeep]
|-heal|p2a: Glimmora|80/100|[from] item: Leftovers
|upkeep
|turn|8
|inactive|yamadakouta has 120 seconds left.
|
|t:|1757833737
|-end|p1a: Kingambit|fallen1|[silent]
|switch|p1a: Espeon|Espeon, F|94/100
|move|p2a: Glimmora|Toxic|p1a: Espeon
|move|p1a: Espeon|Toxic|p2a: Glimmora|[from] ability: Magic Bounce
|-immune|p2a: Glimmora
|
|-weather|Sandstorm|[upkeep]
|-damage|p1a: Espeon|88/100|[from] Sandstorm
|-heal|p2a: Glimmora|86/100|[from] item: Leftovers
|upkeep
|turn|9
|inactive|yamadakouta has 120 seconds left.
|
|t:|1757833757
|switch|p2a: Tyranitar|Tyranitar, M|100/100
|move|p1a: Espeon|Psychic Noise|p2a: Tyranitar
|-immune|p2a: Tyranitar
|
|-weather|none
|upkeep
|turn|10
|
|t:|1757833768
|switch|p1a: Cloyster|Cloyster, F, shiny|100/100
|move|p2a: Tyranitar|Stealth Rock|p1a: Cloyster
|-sidestart|p1: yamadakouta|move: Stealth Rock
|
|upkeep
|turn|11
|inactive|yamadakouta has 120 seconds left.
|
|t:|1757833781
|switch|p2a: Clodsire|Clodsire, F, tera:Water|54/100
|move|p1a: Cloyster|Shell Smash|p1a: Cloyster
|-unboost|p1a: Cloyster|def|1
|-unboost|p1a: Cloyster|spd|1
|-boost|p1a: Cloyster|atk|2
|-boost|p1a: Cloyster|spa|2
|-boost|p1a: Cloyster|spe|2
|
|upkeep
|turn|12
|inactive|yamadakouta has 120 seconds left.
|
|t:|1757833810
|-terastallize|p1a: Cloyster|Grass
|move|p1a: Cloyster|Tera Blast|p2a: Clodsire|[anim] Tera Blast Grass
|-supereffective|p2a: Clodsire
|-damage|p2a: Clodsire|2/100
|move|p2a: Clodsire|Recover|p2a: Clodsire
|-heal|p2a: Clodsire|52/100
|
|upkeep
|turn|13
|
|t:|1757833828
|switch|p2a: Tyranitar|Tyranitar, M|100/100
|-weather|Sandstorm|[from] ability: Sand Stream|[of] p2a: Tyranitar
|move|p1a: Cloyster|Tera Blast|p2a: Tyranitar|[anim] Tera Blast Grass
|-supereffective|p2a: Tyranitar
|-damage|p2a: Tyranitar|25/100
|
|-weather|Sandstorm|[upkeep]
|-damage|p1a: Cloyster|94/100|[from] Sandstorm
|-heal|p2a: Tyranitar|31/100|[from] item: Leftovers
|upkeep
|turn|14
|
|t:|1757833845
|move|p2a: Tyranitar|Protect|p2a: Tyranitar
|-singleturn|p2a: Tyranitar|Protect
|move|p1a: Cloyster|Icicle Spear|p2a: Tyranitar
|-activate|p2a: Tyranitar|move: Protect
|
|-weather|Sandstorm|[upkeep]
|-damage|p1a: Cloyster|88/100|[from] Sandstorm
|-heal|p2a: Tyranitar|37/100|[from] item: Leftovers
|upkeep
|turn|15
|
|t:|1757833862
|move|p1a: Cloyster|Tera Blast|p2a: Tyranitar|[anim] Tera Blast Grass
|-supereffective|p2a: Tyranitar
|-damage|p2a: Tyranitar|0 fnt
|faint|p2a: Tyranitar
|
|-weather|Sandstorm|[upkeep]
|-damage|p1a: Cloyster|82/100|[from] Sandstorm
|upkeep
|
|t:|1757833874
|switch|p2a: Vikavolt|Vikavolt, M|100/100
|turn|16
|
|t:|1757833880
|move|p1a: Cloyster|Rock Blast|p2a: Vikavolt
|-supereffective|p2a: Vikavolt
|-damage|p2a: Vikavolt|73/100
|-supereffective|p2a: Vikavolt
|-damage|p2a: Vikavolt|44/100
|-supereffective|p2a: Vikavolt
|-damage|p2a: Vikavolt|13/100
|-supereffective|p2a: Vikavolt
|-damage|p2a: Vikavolt|0 fnt
|faint|p2a: Vikavolt
|-hitcount|p2: Vikavolt|4
|
|-weather|Sandstorm|[upkeep]
|-damage|p1a: Cloyster|76/100|[from] Sandstorm
|upkeep
|
|t:|1757833884
|switch|p2a: Diancie|Diancie|100/100
|turn|17
|inactive|yamadakouta has 120 seconds left.
|
|t:|1757833897
|move|p1a: Cloyster|Tera Blast|p2a: Diancie|[anim] Tera Blast Grass
|-supereffective|p2a: Diancie
|-damage|p2a: Diancie|0 fnt
|faint|p2a: Diancie
|
|-weather|none
|upkeep
|
|t:|1757833902
|switch|p2a: Glimmora|Glimmora, F|86/100
|turn|18
|
|t:|1757833905
|move|p1a: Cloyster|Icicle Spear|p2a: Glimmora
|-damage|p2a: Glimmora|69/100
|-damage|p2a: Glimmora|51/100
|-damage|p2a: Glimmora|33/100
|-damage|p2a: Glimmora|15/100
|-damage|p2a: Glimmora|0 fnt
|faint|p2a: Glimmora
|-hitcount|p2: Glimmora|5
|
|upkeep
|
|t:|1757833908
|switch|p2a: Clodsire|Clodsire, F, tera:Water|52/100
|turn|19
|
|t:|1757833918
|move|p1a: Cloyster|Tera Blast|p2a: Clodsire|[anim] Tera Blast Grass
|-supereffective|p2a: Clodsire
|-damage|p2a: Clodsire|1/100
|move|p2a: Clodsire|Toxic|p1a: Cloyster
|-status|p1a: Cloyster|tox
|
|-damage|p1a: Cloyster|70/100 tox|[from] psn
|upkeep
|turn|20
|-message|smurtgurt forfeited.
|
|win|yamadakouta
|raw|yamadakouta's rating: 1222 &rarr; <strong>1250</strong><br />(+28 for winning)
|raw|smurtgurt's rating: 1263 &rarr; <strong>1235</strong><br />(-28 for losing)
|l|☆smurtgurt
|player|p2|
|l|☆yamadakouta
|player|p1|
