|inactive|Battle timer is ON: inactive players will automatically lose when time's up.
|t:|1757869299
|gametype|singles
|player|p1|pop smoke|#wcop2025uswest2|
|player|p2|DAHLI|whitney|
|gen|9
|tier|[Gen 9] OU
|rule|HP Percentage Mod: HP is shown in percentages
|rule|Endless Battle Clause: Forcing endless battles is banned
|rule|Species Clause: Limit one of each Pokémon
|rule|OHKO Clause: OHKO moves are banned
|rule|Evasion Items Clause: Evasion items are banned
|rule|Evasion Moves Clause: Evasion moves are banned
|rule|Evasion Abilities Clause: Evasion abilities are banned
|rule|Sleep Moves Clause: Sleep-inducing moves are banned
|clearpoke
|poke|p1|Great Tusk|
|poke|p1|Kyurem|
|poke|p1|Cinderace, M|
|poke|p1|Hatterene, F|
|poke|p1|Kingambit, F|
|poke|p1|Tornadus-Therian, M|
|poke|p2|Deoxys-Speed|
|poke|p2|Great Tusk|
|poke|p2|Slowking-Galar, F|
|poke|p2|Kingambit, M|
|poke|p2|Dragonite, F|
|poke|p2|Ogerpon-Wellspring, F|
|teampreview
|c|☆DAHLI|hf
|c|☆pop smoke|hf
|rated|Smogon Champions League
|inactive|DAHLI has 270 seconds left.
|inactive|DAHLI has 240 seconds left.
|inactive|DAHLI has 210 seconds left.
|
|t:|1757869393
|teamsize|p1|6
|teamsize|p2|6
|start
|switch|p1a: Tornadus|Tornadus-Therian, M|100/100
|switch|p2a: Deoxys|Deoxys-Speed|100/100
|-ability|p2a: Deoxys|Pressure
|turn|1
|inactive|DAHLI has 270 seconds left.
|
|t:|1757869415
|move|p2a: Deoxys|Night Shade|p1a: Tornadus
|-damage|p1a: Tornadus|71/100
|move|p1a: Tornadus|Knock Off|p2a: Deoxys
|-supereffective|p2a: Deoxys
|-damage|p2a: Deoxys|52/100
|-damage|p1a: Tornadus|55/100|[from] item: Rocky Helmet|[of] p2a: Deoxys
|-enditem|p2a: Deoxys|Rocky Helmet|[from] move: Knock Off|[of] p1a: Tornadus
|
|upkeep
|turn|2
|
|t:|1757869435
|switch|p1a: Hatterene|Hatterene, F|100/100
|move|p2a: Deoxys|Night Shade|p1a: Hatterene
|-damage|p1a: Hatterene|69/100
|
|-heal|p1a: Hatterene|75/100|[from] item: Leftovers
|upkeep
|turn|3
|inactive|DAHLI has 270 seconds left.
|
|t:|1757869444
|move|p2a: Deoxys|Night Shade|p1a: Hatterene
|-damage|p1a: Hatterene|43/100
|move|p1a: Hatterene|Nuzzle|p2a: Deoxys
|-damage|p2a: Deoxys|47/100
|-status|p2a: Deoxys|par
|
|-heal|p1a: Hatterene|49/100|[from] item: Leftovers
|upkeep
|turn|4
|
|t:|1757869448
|switch|p1a: Tornadus|Tornadus-Therian, M|88/100
|move|p2a: Deoxys|Night Shade|p1a: Tornadus
|-damage|p1a: Tornadus|59/100
|
|upkeep
|turn|5
|inactive|DAHLI has 270 seconds left.
|inactive|pop smoke has 270 seconds left.
|
|t:|1757869491
|move|p1a: Tornadus|Bleakwind Storm|p2a: Deoxys|[miss]
|-miss|p1a: Tornadus|p2a: Deoxys
|move|p2a: Deoxys|Night Shade|p1a: Tornadus
|-damage|p1a: Tornadus|30/100
|
|upkeep
|turn|6
|inactive|DAHLI has 240 seconds left.
|inactive|DAHLI has 210 seconds left.
|
|t:|1757869543
|move|p1a: Tornadus|U-turn|p2a: Deoxys
|-supereffective|p2a: Deoxys
|-damage|p2a: Deoxys|12/100 par
|
|t:|1757869547
|switch|p1a: Cinderace|Cinderace, M|100/100|[from] U-turn
|move|p2a: Deoxys|Stealth Rock|p1a: Cinderace
|-sidestart|p1: pop smoke|move: Stealth Rock
|
|upkeep
|turn|7
|
|t:|1757869557
|move|p1a: Cinderace|Pyro Ball|p2a: Deoxys
|-damage|p2a: Deoxys|0 fnt
|faint|p2a: Deoxys
|
|upkeep
|inactive|DAHLI has 210 seconds left.
|inactive|DAHLI has 180 seconds left.
|
|t:|1757869610
|switch|p2a: Great Tusk|Great Tusk|100/100
|-enditem|p2a: Great Tusk|Booster Energy
|-activate|p2a: Great Tusk|ability: Protosynthesis|[fromitem]
|-start|p2a: Great Tusk|protosynthesisspe
|turn|8
|inactive|pop smoke has 270 seconds left.
|
|t:|1757869641
|switch|p1a: Great Tusk|Great Tusk|100/100
|-damage|p1a: Great Tusk|98/100|[from] Stealth Rock
|move|p2a: Great Tusk|Earthquake|p1a: Great Tusk
|-damage|p1a: Great Tusk|68/100
|
|upkeep
|turn|9
|
|t:|1757869648
|move|p2a: Great Tusk|Ice Spinner|p1a: Great Tusk
|-supereffective|p1a: Great Tusk
|-damage|p1a: Great Tusk|34/100
|-damage|p2a: Great Tusk|84/100|[from] item: Rocky Helmet|[of] p1a: Great Tusk
|move|p1a: Great Tusk|Rapid Spin|p2a: Great Tusk
|-damage|p2a: Great Tusk|74/100
|-boost|p1a: Great Tusk|spe|1
|-sideend|p1: pop smoke|Stealth Rock|[from] move: Rapid Spin|[of] p1a: Great Tusk
|
|upkeep
|turn|10
|inactive|pop smoke has 240 seconds left.
|inactive|pop smoke has 210 seconds left.
|inactive|DAHLI has 180 seconds left.
|inactive|pop smoke has 180 seconds left.
|inactive|DAHLI has 150 seconds left.
|
|t:|1757869765
|-end|p1a: Great Tusk|Protosynthesis|[silent]
|switch|p1a: Hatterene|Hatterene, F|49/100
|move|p2a: Great Tusk|Ice Spinner|p1a: Hatterene
|-damage|p1a: Hatterene|30/100
|
|-heal|p1a: Hatterene|36/100|[from] item: Leftovers
|upkeep
|turn|11
|
|t:|1757869775
|switch|p1a: Tornadus|Tornadus-Therian, M|63/100
|move|p2a: Great Tusk|Earthquake|p1a: Tornadus
|-immune|p1a: Tornadus
|
|upkeep
|turn|12
|inactive|DAHLI has 150 seconds left.
|inactive|pop smoke has 150 seconds left.
|
|t:|1757869822
|switch|p1a: Kyurem|Kyurem|100/100
|-ability|p1a: Kyurem|Pressure
|move|p2a: Great Tusk|Stone Edge|p1a: Kyurem
|-supereffective|p1a: Kyurem
|-damage|p1a: Kyurem|48/100
|
|-heal|p1a: Kyurem|54/100|[from] item: Leftovers
|upkeep
|turn|13
|inactive|DAHLI has 120 seconds left.
|
|t:|1757869860
|move|p1a: Kyurem|Protect|p1a: Kyurem
|-singleturn|p1a: Kyurem|Protect
|move|p2a: Great Tusk|Earthquake|p1a: Kyurem
|-activate|p1a: Kyurem|move: Protect
|
|-heal|p1a: Kyurem|60/100|[from] item: Leftovers
|upkeep
|turn|14
|
|t:|1757869870
|move|p2a: Great Tusk|Earthquake|p1a: Kyurem
|-damage|p1a: Kyurem|23/100
|move|p1a: Kyurem|Freeze-Dry|p2a: Great Tusk
|-supereffective|p2a: Great Tusk
|-damage|p2a: Great Tusk|0 fnt
|faint|p2a: Great Tusk
|-end|p2a: Great Tusk|Protosynthesis|[silent]
|
|-heal|p1a: Kyurem|29/100|[from] item: Leftovers
|upkeep
|
|t:|1757869892
|switch|p2a: Slowking|Slowking-Galar, F|100/100
|turn|15
|inactive|DAHLI has 90 seconds left.
|
|t:|1757869908
|switch|p1a: Tornadus|Tornadus-Therian, M|96/100
|move|p2a: Slowking|Flamethrower|p1a: Tornadus
|-damage|p1a: Tornadus|82/100
|
|upkeep
|turn|16
|
|t:|1757869913
|move|p1a: Tornadus|Knock Off|p2a: Slowking
|-supereffective|p2a: Slowking
|-damage|p2a: Slowking|59/100
|-enditem|p2a: Slowking|Red Card|[from] move: Knock Off|[of] p1a: Tornadus
|move|p2a: Slowking|Sludge Bomb|p1a: Tornadus
|-damage|p1a: Tornadus|59/100
|-status|p1a: Tornadus|psn
|
|-damage|p1a: Tornadus|47/100 psn|[from] psn
|upkeep
|turn|17
|inactive|pop smoke has 150 seconds left.
|inactive|DAHLI has 90 seconds left.
|
|t:|1757869953
|move|p1a: Tornadus|U-turn|p2a: Slowking
|-damage|p2a: Slowking|44/100
|
|t:|1757869962
|switch|p1a: Cinderace|Cinderace, M|100/100|[from] U-turn
|-prepare|p2a: Slowking|Chilly Reception|[premajor]
|move|p2a: Slowking|Chilly Reception|p2a: Slowking
|-weather|Snowscape
|
|t:|1757869968
|switch|p2a: Dragonite|Dragonite, F|100/100|[from] Chilly Reception
|
|-weather|Snowscape|[upkeep]
|upkeep
|turn|18
|inactive|pop smoke has 150 seconds left.
|
|t:|1757869992
|switch|p2a: Slowking|Slowking-Galar, F|77/100
|move|p1a: Cinderace|U-turn|p2a: Slowking
|-start|p1a: Cinderace|typechange|Bug|[from] ability: Libero
|-damage|p2a: Slowking|41/100
|inactive|pop smoke has 120 seconds left.
|inactive|pop smoke has 90 seconds left.
|
|t:|1757870055
|switch|p1a: Kyurem|Kyurem|29/100|[from] U-turn
|-ability|p1a: Kyurem|Pressure
|
|-weather|Snowscape|[upkeep]
|-heal|p1a: Kyurem|35/100|[from] item: Leftovers
|upkeep
|turn|19
|inactive|pop smoke has 90 seconds left.
|inactive|DAHLI has 90 seconds left.
|
|t:|1757870085
|move|p1a: Kyurem|Earth Power|p2a: Slowking
|-supereffective|p2a: Slowking
|-damage|p2a: Slowking|7/100
|move|p2a: Slowking|Sludge Bomb|p1a: Kyurem
|-damage|p1a: Kyurem|5/100
|
|-weather|Snowscape|[upkeep]
|-heal|p1a: Kyurem|11/100|[from] item: Leftovers
|upkeep
|turn|20
|inactive|DAHLI has 90 seconds left.
|
|t:|1757870093
|move|p1a: Kyurem|Earth Power|p2a: Slowking
|-supereffective|p2a: Slowking
|-damage|p2a: Slowking|0 fnt
|faint|p2a: Slowking
|
|-weather|Snowscape|[upkeep]
|-heal|p1a: Kyurem|17/100|[from] item: Leftovers
|upkeep
|inactive|DAHLI has 90 seconds left.
|inactive|DAHLI has 60 seconds left.
|
|t:|1757870145
|switch|p2a: Kingambit|Kingambit, M|100/100
|-activate|p2a: Kingambit|ability: Supreme Overlord
|-start|p2a: Kingambit|fallen3|[silent]
|turn|21
|inactive|pop smoke has 60 seconds left.
|inactive|DAHLI has 30 seconds left.
|inactive|DAHLI has 20 seconds left.
|
|t:|1757870181
|-end|p2a: Kingambit|fallen3|[silent]
|switch|p2a: Ogerpon|Ogerpon-Wellspring, F|100/100
|move|p1a: Kyurem|Earth Power|p2a: Ogerpon
|-resisted|p2a: Ogerpon
|-damage|p2a: Ogerpon|85/100
|
|-weather|none
|-heal|p1a: Kyurem|24/100|[from] item: Leftovers
|upkeep
|turn|22
|inactive|DAHLI has 30 seconds left this turn.
|inactive|pop smoke has 60 seconds left.
|
|t:|1757870188
|move|p1a: Kyurem|Protect|p1a: Kyurem
|-singleturn|p1a: Kyurem|Protect
|move|p2a: Ogerpon|Ivy Cudgel|p1a: Kyurem|[anim] Ivy Cudgel Water
|-activate|p1a: Kyurem|move: Protect
|
|-heal|p1a: Kyurem|30/100|[from] item: Leftovers
|upkeep
|turn|23
|
|t:|1757870192
|switch|p1a: Hatterene|Hatterene, F|36/100
|move|p2a: Ogerpon|Ivy Cudgel|p1a: Hatterene|[anim] Ivy Cudgel Water
|-damage|p1a: Hatterene|0 fnt
|faint|p1a: Hatterene
|
|upkeep
|
|t:|1757870196
|switch|p1a: Cinderace|Cinderace, M|100/100
|turn|24
|
|t:|1757870201
|move|p1a: Cinderace|U-turn|p2a: Ogerpon
|-start|p1a: Cinderace|typechange|Bug|[from] ability: Libero
|-supereffective|p2a: Ogerpon
|-damage|p2a: Ogerpon|4/100
|inactive|pop smoke has 60 seconds left.
|
|t:|1757870233
|switch|p1a: Tornadus|Tornadus-Therian, M|80/100 psn|[from] U-turn
|move|p2a: Ogerpon|Ivy Cudgel|p1a: Tornadus|[anim] Ivy Cudgel Water
|-damage|p1a: Tornadus|14/100 psn
|
|-damage|p1a: Tornadus|2/100 psn|[from] psn
|upkeep
|turn|25
|inactive|DAHLI has 60 seconds left.
|
|t:|1757870244
|switch|p2a: Kingambit|Kingambit, M|100/100
|-activate|p2a: Kingambit|ability: Supreme Overlord
|-start|p2a: Kingambit|fallen3|[silent]
|move|p1a: Tornadus|U-turn|p2a: Kingambit
|-damage|p2a: Kingambit|90/100
|inactive|pop smoke has 60 seconds left.
|
|t:|1757870255
|switch|p1a: Great Tusk|Great Tusk|34/100|[from] U-turn
|
|-heal|p2a: Kingambit|96/100|[from] item: Leftovers
|upkeep
|turn|26
|
|t:|1757870265
|move|p1a: Great Tusk|Headlong Rush|p2a: Kingambit
|-supereffective|p2a: Kingambit
|-damage|p2a: Kingambit|6/100
|-unboost|p1a: Great Tusk|def|1
|-unboost|p1a: Great Tusk|spd|1
|move|p2a: Kingambit|Swords Dance|p2a: Kingambit
|-boost|p2a: Kingambit|atk|2
|
|-heal|p2a: Kingambit|13/100|[from] item: Leftovers
|upkeep
|turn|27
|
|t:|1757870277
|move|p2a: Kingambit|Sucker Punch||[still]
|-fail|p2a: Kingambit
|move|p1a: Great Tusk|Stealth Rock|p2a: Kingambit
|-sidestart|p2: DAHLI|move: Stealth Rock
|
|-heal|p2a: Kingambit|19/100|[from] item: Leftovers
|upkeep
|turn|28
|
|t:|1757870285
|move|p2a: Kingambit|Sucker Punch|p1a: Great Tusk
|-resisted|p1a: Great Tusk
|-damage|p1a: Great Tusk|0 fnt
|-damage|p2a: Kingambit|2/100|[from] item: Rocky Helmet|[of] p1a: Great Tusk
|faint|p1a: Great Tusk
|-end|p1a: Great Tusk|Protosynthesis|[silent]
|
|-heal|p2a: Kingambit|8/100|[from] item: Leftovers
|upkeep
|
|t:|1757870290
|switch|p1a: Kingambit|Kingambit, F|100/100
|-activate|p1a: Kingambit|ability: Supreme Overlord
|-start|p1a: Kingambit|fallen2|[silent]
|turn|29
|inactive|DAHLI has 90 seconds left.
|
|t:|1757870308
|-end|p2a: Kingambit|fallen3|[silent]
|switch|p2a: Dragonite|Dragonite, F|100/100
|-damage|p2a: Dragonite|76/100|[from] Stealth Rock
|move|p1a: Kingambit|Sucker Punch||[still]
|-fail|p1a: Kingambit
|
|-heal|p2a: Dragonite|82/100|[from] item: Leftovers
|upkeep
|turn|30
|
|t:|1757870317
|-terastallize|p1a: Kingambit|Fairy
|move|p2a: Dragonite|Encore|p1a: Kingambit
|-start|p1a: Kingambit|Encore
|move|p1a: Kingambit|Sucker Punch||[still]
|-fail|p1a: Kingambit
|
|-heal|p2a: Dragonite|88/100|[from] item: Leftovers
|upkeep
|turn|31
|
|t:|1757870331
|-end|p1a: Kingambit|fallen2|[silent]
|switch|p1a: Tornadus|Tornadus-Therian, M|35/100 psn
|move|p2a: Dragonite|Dragon Dance|p2a: Dragonite
|-boost|p2a: Dragonite|atk|1
|-boost|p2a: Dragonite|spe|1
|
|-heal|p2a: Dragonite|94/100|[from] item: Leftovers
|-damage|p1a: Tornadus|23/100 psn|[from] psn
|upkeep
|turn|32
|
|t:|1757870341
|move|p1a: Tornadus|Knock Off|p2a: Dragonite
|-damage|p2a: Dragonite|73/100
|-enditem|p2a: Dragonite|Leftovers|[from] move: Knock Off|[of] p1a: Tornadus
|move|p2a: Dragonite|Dragon Dance|p2a: Dragonite
|-boost|p2a: Dragonite|atk|1
|-boost|p2a: Dragonite|spe|1
|
|-damage|p1a: Tornadus|10/100 psn|[from] psn
|upkeep
|turn|33
|
|t:|1757870362
|move|p2a: Dragonite|Roost|p2a: Dragonite
|-heal|p2a: Dragonite|100/100
|-singleturn|p2a: Dragonite|move: Roost
|move|p1a: Tornadus|U-turn|p2a: Dragonite
|-damage|p2a: Dragonite|93/100
|
|t:|1757870364
|switch|p1a: Kingambit|Kingambit, F, tera:Fairy|100/100|[from] U-turn
|-activate|p1a: Kingambit|ability: Supreme Overlord
|-start|p1a: Kingambit|fallen2|[silent]
|
|upkeep
|turn|34
|
|t:|1757870371
|-terastallize|p2a: Dragonite|Fairy
|move|p2a: Dragonite|Tera Blast|p1a: Kingambit|[anim] Tera Blast Fairy
|-damage|p1a: Kingambit|35/100
|move|p1a: Kingambit|Kowtow Cleave|p2a: Dragonite
|-resisted|p2a: Dragonite
|-damage|p2a: Dragonite|64/100
|
|-heal|p1a: Kingambit|42/100|[from] item: Leftovers
|upkeep
|turn|35
|inactive|pop smoke has 90 seconds left.
|inactive|pop smoke has 60 seconds left.
|
|t:|1757870419
|-end|p1a: Kingambit|fallen2|[silent]
|switch|p1a: Tornadus|Tornadus-Therian, M|44/100 psn
|move|p2a: Dragonite|Roost|p2a: Dragonite
|-heal|p2a: Dragonite|100/100
|
|-damage|p1a: Tornadus|31/100 psn|[from] psn
|upkeep
|turn|36
|
|t:|1757870423
|move|p2a: Dragonite|Tera Blast|p1a: Tornadus|[anim] Tera Blast Fairy
|-damage|p1a: Tornadus|0 fnt
|faint|p1a: Tornadus
|
|upkeep
|
|t:|1757870425
|switch|p1a: Cinderace|Cinderace, M|100/100
|turn|37
|
|t:|1757870428
|move|p2a: Dragonite|Tera Blast|p1a: Cinderace|[anim] Tera Blast Fairy
|-resisted|p1a: Cinderace
|-damage|p1a: Cinderace|41/100
|move|p1a: Cinderace|Will-O-Wisp|p2a: Dragonite
|-status|p2a: Dragonite|brn
|
|-damage|p2a: Dragonite|94/100 brn|[from] brn
|upkeep
|turn|38
|inactive|pop smoke has 90 seconds left.
|inactive|pop smoke has 60 seconds left.
|inactive|DAHLI has 120 seconds left.
|inactive|DAHLI has 90 seconds left.
|
|t:|1757870509
|move|p2a: Dragonite|Encore|p1a: Cinderace
|-start|p1a: Cinderace|Encore
|move|p1a: Cinderace|Will-O-Wisp|p2a: Dragonite
|-fail|p2a: Dragonite|brn
|
|-damage|p2a: Dragonite|88/100 brn|[from] brn
|upkeep
|turn|39
|
|t:|1757870512
|switch|p1a: Kingambit|Kingambit, F, tera:Fairy|42/100
|-activate|p1a: Kingambit|ability: Supreme Overlord
|-start|p1a: Kingambit|fallen3|[silent]
|move|p2a: Dragonite|Dragon Dance|p2a: Dragonite
|-boost|p2a: Dragonite|atk|1
|-boost|p2a: Dragonite|spe|1
|
|-heal|p1a: Kingambit|48/100|[from] item: Leftovers
|-damage|p2a: Dragonite|82/100 brn|[from] brn
|upkeep
|turn|40
|
|t:|1757870515
|move|p2a: Dragonite|Tera Blast|p1a: Kingambit|[anim] Tera Blast Fairy
|-damage|p1a: Kingambit|8/100
|move|p1a: Kingambit|Iron Head|p2a: Dragonite
|-supereffective|p2a: Dragonite
|-damage|p2a: Dragonite|0 fnt
|faint|p2a: Dragonite
|
|-heal|p1a: Kingambit|15/100|[from] item: Leftovers
|upkeep
|
|t:|1757870520
|switch|p2a: Kingambit|Kingambit, M|8/100
|-damage|p2a: Kingambit|2/100|[from] Stealth Rock
|-activate|p2a: Kingambit|ability: Supreme Overlord
|-start|p2a: Kingambit|fallen4|[silent]
|turn|41
|
|t:|1757870536
|move|p2a: Kingambit|Sucker Punch|p1a: Kingambit
|-resisted|p1a: Kingambit
|-damage|p1a: Kingambit|0 fnt
|faint|p1a: Kingambit
|-end|p1a: Kingambit|fallen3|[silent]
|
|-heal|p2a: Kingambit|8/100|[from] item: Leftovers
|upkeep
|
|t:|1757870538
|switch|p1a: Cinderace|Cinderace, M|41/100
|turn|42
|inactive|DAHLI has 90 seconds left.
|
|t:|1757870587
|move|p2a: Kingambit|Sucker Punch||[still]
|-fail|p2a: Kingambit
|move|p1a: Cinderace|Will-O-Wisp|p2a: Kingambit
|-status|p2a: Kingambit|brn
|
|-heal|p2a: Kingambit|15/100 brn|[from] item: Leftovers
|-damage|p2a: Kingambit|8/100 brn|[from] brn
|upkeep
|turn|43
|
|t:|1757870597
|move|p2a: Kingambit|Sucker Punch|p1a: Cinderace
|-damage|p1a: Cinderace|0 fnt
|faint|p1a: Cinderace
|
|-heal|p2a: Kingambit|15/100 brn|[from] item: Leftovers
|-damage|p2a: Kingambit|8/100 brn|[from] brn
|upkeep
|
|t:|1757870599
|switch|p1a: Kyurem|Kyurem|30/100
|-ability|p1a: Kyurem|Pressure
|turn|44
|inactive|DAHLI has 90 seconds left.
|inactive|pop smoke has 90 seconds left.
|
|t:|1757870627
|move|p1a: Kyurem|Earth Power|p2a: Kingambit
|-supereffective|p2a: Kingambit
|-damage|p2a: Kingambit|0 fnt
|faint|p2a: Kingambit
|-end|p2a: Kingambit|fallen4|[silent]
|
|-heal|p1a: Kyurem|36/100|[from] item: Leftovers
|upkeep
|c|☆DAHLI|gg
|c|☆pop smoke|gg
|-message|DAHLI forfeited.
|
|win|pop smoke
|player|p2|
