|j|☆Jeeeeemo
|j|☆SittinGamer
|t:|1757912333
|gametype|singles
|player|p1|Jeeeeemo|li|1426
|player|p2|SittinGamer|dawn-gen4pt|1476
|gen|9
|tier|[Gen 9] OU
|rated|
|rule|HP Percentage Mod: HP is shown in percentages
|rule|Endless Battle Clause: Forcing endless battles is banned
|rule|Species Clause: Limit one of each Pokémon
|rule|OHKO Clause: OHKO moves are banned
|rule|Evasion Items Clause: Evasion items are banned
|rule|Evasion Moves Clause: Evasion moves are banned
|rule|Evasion Abilities Clause: Evasion abilities are banned
|rule|Sleep Moves Clause: Sleep-inducing moves are banned
|clearpoke
|poke|p1|Tinkaton, F|
|poke|p1|Dondozo, F|
|poke|p1|Ceruledge, M|
|poke|p1|Maushold-Four|
|poke|p1|Ditto|
|poke|p1|Dudunsparce-*, M|
|poke|p2|Infernape, F|
|poke|p2|Samurott-Hisui, F|
|poke|p2|Gholdengo|
|poke|p2|Hatterene, F|
|poke|p2|Great Tusk|
|poke|p2|Zamazenta-*|
|teampreview
|inactive|Battle timer is ON: inactive players will automatically lose when time's up. (requested by Jeeeeemo)
|inactive|SittinGamer has 120 seconds left.
|
|t:|1757912365
|teamsize|p1|6
|teamsize|p2|6
|start
|switch|p1a: Tinkaton|Tinkaton, F|100/100
|switch|p2a: Infernape|Infernape, F|100/100
|-item|p1a: Tinkaton|Air Balloon
|turn|1
|
|t:|1757912370
|switch|p1a: Ceruledge|Ceruledge, M|100/100
|move|p2a: Infernape|Overheat|p1a: Ceruledge
|-start|p1a: Ceruledge|ability: Flash Fire
|
|upkeep
|turn|2
|
|t:|1757912380
|move|p2a: Infernape|Stealth Rock|p1a: Ceruledge
|-sidestart|p1: Jeeeeemo|move: Stealth Rock
|move|p1a: Ceruledge|Swords Dance|p1a: Ceruledge
|-boost|p1a: Ceruledge|atk|2
|
|upkeep
|turn|3
|
|t:|1757912388
|switch|p2a: Zamazenta|Zamazenta|100/100
|-ability|p2a: Zamazenta|Dauntless Shield|boost
|-boost|p2a: Zamazenta|def|1
|move|p1a: Ceruledge|Bitter Blade|p2a: Zamazenta
|-damage|p2a: Zamazenta|35/100
|
|-heal|p2a: Zamazenta|41/100|[from] item: Leftovers
|upkeep
|turn|4
|
|t:|1757912393
|-terastallize|p2a: Zamazenta|Fire
|move|p1a: Ceruledge|Bitter Blade|p2a: Zamazenta
|-resisted|p2a: Zamazenta
|-damage|p2a: Zamazenta|8/100
|move|p2a: Zamazenta|Roar|p1a: Ceruledge
|-end|p1a: Ceruledge|ability: Flash Fire|[silent]
|drag|p1a: Tinkaton|Tinkaton, F|100/100
|-damage|p1a: Tinkaton|94/100|[from] Stealth Rock
|-item|p1a: Tinkaton|Air Balloon
|
|-heal|p2a: Zamazenta|14/100|[from] item: Leftovers
|upkeep
|turn|5
|
|t:|1757912411
|switch|p1a: Ditto|Ditto, shiny|100/100
|-damage|p1a: Ditto|88/100|[from] Stealth Rock
|-transform|p1a: Ditto|p2a: Zamazenta|[from] ability: Imposter
|-ability|p1a: Ditto|Dauntless Shield|boost
|-boost|p1a: Ditto|def|1
|move|p2a: Zamazenta|Body Press|p1a: Ditto
|-damage|p1a: Ditto|65/100
|
|-heal|p2a: Zamazenta|20/100|[from] item: Leftovers
|upkeep
|-start|p1a: Ditto|typechange|Fighting|[silent]
|turn|6
|
|t:|1757912425
|move|p1a: Ditto|Body Press|p2a: Zamazenta
|-damage|p2a: Zamazenta|0 fnt
|faint|p2a: Zamazenta
|
|upkeep
|
|t:|1757912430
|switch|p2a: Gholdengo|Gholdengo|100/100
|turn|7
|
|t:|1757912438
|move|p2a: Gholdengo|Focus Blast|p1a: Ditto
|-damage|p1a: Ditto|21/100
|move|p1a: Ditto|Crunch|p2a: Gholdengo
|-supereffective|p2a: Gholdengo
|-damage|p2a: Gholdengo|51/100
|
|upkeep
|turn|8
|
|t:|1757912468
|switch|p2a: Hatterene|Hatterene, F|100/100
|switch|p1a: Ceruledge|Ceruledge, M|100/100
|-damage|p1a: Ceruledge|76/100|[from] Stealth Rock
|
|upkeep
|turn|9
|
|t:|1757912475
|switch|p2a: Samurott|Samurott-Hisui, F|100/100
|move|p1a: Ceruledge|Bitter Blade|p2a: Samurott
|-resisted|p2a: Samurott
|-damage|p2a: Samurott|78/100
|-heal|p1a: Ceruledge|91/100|[from] drain|[of] p2a: Samurott
|
|upkeep
|turn|10
|
|t:|1757912481
|move|p1a: Ceruledge|Close Combat|p2a: Samurott
|-supereffective|p2a: Samurott
|-damage|p2a: Samurott|0 fnt
|-unboost|p1a: Ceruledge|def|1
|-unboost|p1a: Ceruledge|spd|1
|faint|p2a: Samurott
|
|upkeep
|
|t:|1757912489
|switch|p2a: Great Tusk|Great Tusk|100/100
|-enditem|p2a: Great Tusk|Booster Energy
|-activate|p2a: Great Tusk|ability: Protosynthesis|[fromitem]
|-start|p2a: Great Tusk|protosynthesisatk
|turn|11
|
|t:|1757912496
|switch|p1a: Tinkaton|Tinkaton, F|94/100
|-damage|p1a: Tinkaton|88/100|[from] Stealth Rock
|-item|p1a: Tinkaton|Air Balloon
|move|p2a: Great Tusk|Knock Off|p1a: Tinkaton
|-resisted|p1a: Tinkaton
|-damage|p1a: Tinkaton|61/100
|-enditem|p1a: Tinkaton|Air Balloon
|
|upkeep
|turn|12
|
|t:|1757912503
|switch|p1a: Dondozo|Dondozo, F|100/100
|-damage|p1a: Dondozo|88/100|[from] Stealth Rock
|move|p2a: Great Tusk|Rapid Spin|p1a: Dondozo
|-damage|p1a: Dondozo|79/100
|-boost|p2a: Great Tusk|spe|1
|-damage|p2a: Great Tusk|84/100|[from] item: Rocky Helmet|[of] p1a: Dondozo
|
|upkeep
|turn|13
|
|t:|1757912515
|switch|p1a: Ditto|Ditto, shiny|21/100
|-damage|p1a: Ditto|9/100|[from] Stealth Rock
|-transform|p1a: Ditto|p2a: Great Tusk|[from] ability: Imposter
|move|p2a: Great Tusk|Knock Off|p1a: Ditto
|-resisted|p1a: Ditto
|-crit|p1a: Ditto
|-damage|p1a: Ditto|0 fnt
|-enditem|p1a: Ditto|Quick Claw|[from] move: Knock Off|[of] p2a: Great Tusk
|faint|p1a: Ditto
|-end|p1a: Ditto|Protosynthesis|[silent]
|
|upkeep
|
|t:|1757912520
|switch|p1a: Dondozo|Dondozo, F|79/100
|-damage|p1a: Dondozo|66/100|[from] Stealth Rock
|turn|14
|
|t:|1757912528
|move|p2a: Great Tusk|Knock Off|p1a: Dondozo
|-damage|p1a: Dondozo|48/100
|-damage|p2a: Great Tusk|67/100|[from] item: Rocky Helmet|[of] p1a: Dondozo
|-enditem|p1a: Dondozo|Rocky Helmet|[from] move: Knock Off|[of] p2a: Great Tusk
|move|p1a: Dondozo|Rest|p1a: Dondozo
|-status|p1a: Dondozo|slp|[from] move: Rest
|-heal|p1a: Dondozo|100/100 slp|[silent]
|
|upkeep
|turn|15
|
|t:|1757912536
|move|p2a: Great Tusk|Headlong Rush|p1a: Dondozo
|-damage|p1a: Dondozo|67/100 slp
|-unboost|p2a: Great Tusk|def|1
|-unboost|p2a: Great Tusk|spd|1
|cant|p1a: Dondozo|slp
|move|p1a: Dondozo|Sleep Talk|p1a: Dondozo
|move|p1a: Dondozo|Curse|p1a: Dondozo|[from] move: Sleep Talk
|-unboost|p1a: Dondozo|spe|1
|-boost|p1a: Dondozo|atk|1
|-boost|p1a: Dondozo|def|1
|
|upkeep
|turn|16
|
|t:|1757912542
|-end|p2a: Great Tusk|Protosynthesis|[silent]
|switch|p2a: Hatterene|Hatterene, F|100/100
|cant|p1a: Dondozo|slp
|move|p1a: Dondozo|Sleep Talk|p1a: Dondozo
|move|p1a: Dondozo|Ice Fang|p2a: Hatterene|[from] move: Sleep Talk
|-damage|p2a: Hatterene|75/100
|
|upkeep
|turn|17
|
|t:|1757912554
|switch|p1a: Tinkaton|Tinkaton, F|61/100
|-damage|p1a: Tinkaton|55/100|[from] Stealth Rock
|move|p2a: Hatterene|Psychic Noise|p1a: Tinkaton
|-resisted|p1a: Tinkaton
|-damage|p1a: Tinkaton|33/100
|-start|p1a: Tinkaton|move: Heal Block
|
|upkeep
|turn|18
|
|t:|1757912558
|switch|p2a: Great Tusk|Great Tusk|67/100
|move|p1a: Tinkaton|Gigaton Hammer|p2a: Great Tusk
|-damage|p2a: Great Tusk|32/100
|
|-end|p1a: Tinkaton|move: Heal Block
|upkeep
|turn|19
|
|t:|1757912565
|move|p1a: Tinkaton|Play Rough|p2a: Great Tusk
|-supereffective|p2a: Great Tusk
|-damage|p2a: Great Tusk|0 fnt
|faint|p2a: Great Tusk
|-end|p2a: Great Tusk|Protosynthesis|[silent]
|
|upkeep
|
|t:|1757912569
|switch|p2a: Gholdengo|Gholdengo|51/100
|turn|20
|
|t:|1757912579
|move|p2a: Gholdengo|Make It Rain|p1a: Tinkaton
|-damage|p1a: Tinkaton|0 fnt
|-unboost|p2a: Gholdengo|spa|1
|faint|p1a: Tinkaton
|
|upkeep
|
|t:|1757912582
|switch|p1a: Maushold|Maushold-Four|100/100
|-damage|p1a: Maushold|88/100|[from] Stealth Rock
|turn|21
|
|t:|1757912588
|move|p2a: Gholdengo|Make It Rain|p1a: Maushold
|-damage|p1a: Maushold|25/100
|-unboost|p2a: Gholdengo|spa|1
|move|p1a: Maushold|Tidy Up|p1a: Maushold
|-sideend|p1: Jeeeeemo|Stealth Rock
|-activate|p1a: Maushold|move: Tidy Up
|-boost|p1a: Maushold|atk|1
|-boost|p1a: Maushold|spe|1
|
|upkeep
|turn|22
|
|t:|1757912595
|move|p1a: Maushold|Thief|p2a: Gholdengo
|-supereffective|p2a: Gholdengo
|-damage|p2a: Gholdengo|0 fnt
|faint|p2a: Gholdengo
|
|upkeep
|
|t:|1757912596
|switch|p2a: Infernape|Infernape, F|100/100
|turn|23
|
|t:|1757912601
|move|p2a: Infernape|Vacuum Wave|p1a: Maushold
|-supereffective|p1a: Maushold
|-damage|p1a: Maushold|0 fnt
|faint|p1a: Maushold
|
|upkeep
|
|t:|1757912610
|switch|p1a: Ceruledge|Ceruledge, M|91/100
|turn|24
|
|t:|1757912618
|move|p2a: Infernape|Knock Off|p1a: Ceruledge
|-supereffective|p1a: Ceruledge
|-damage|p1a: Ceruledge|20/100
|-enditem|p1a: Ceruledge|Focus Sash|[from] move: Knock Off|[of] p2a: Infernape
|move|p1a: Ceruledge|Bitter Blade|p2a: Infernape
|-resisted|p2a: Infernape
|-damage|p2a: Infernape|64/100
|-heal|p1a: Ceruledge|39/100|[from] drain|[of] p2a: Infernape
|
|upkeep
|turn|25
|
|t:|1757912628
|-terastallize|p1a: Ceruledge|Fire
|move|p2a: Infernape|Knock Off|p1a: Ceruledge
|-crit|p1a: Ceruledge
|-damage|p1a: Ceruledge|6/100
|move|p1a: Ceruledge|Bitter Blade|p2a: Infernape
|-resisted|p2a: Infernape
|-damage|p2a: Infernape|8/100
|-heal|p1a: Ceruledge|35/100|[from] drain|[of] p2a: Infernape
|
|upkeep
|turn|26
|
|t:|1757912636
|move|p1a: Ceruledge|Shadow Sneak|p2a: Infernape
|-damage|p2a: Infernape|0 fnt
|faint|p2a: Infernape
|
|upkeep
|
|t:|1757912637
|switch|p2a: Hatterene|Hatterene, F|75/100
|turn|27
|
|t:|1757912640
|move|p1a: Ceruledge|Bitter Blade|p2a: Hatterene
|-damage|p2a: Hatterene|10/100
|-heal|p1a: Ceruledge|71/100|[from] drain|[of] p2a: Hatterene
|move|p2a: Hatterene|Psychic Noise|p1a: Ceruledge
|-crit|p1a: Ceruledge
|-damage|p1a: Ceruledge|0 fnt
|faint|p1a: Ceruledge
|
|upkeep
|
|t:|1757912642
|switch|p1a: Dudunsparce|Dudunsparce, M|100/100
|turn|28
|
|t:|1757912645
|move|p1a: Dudunsparce|Rock Slide|p2a: Hatterene
|-damage|p2a: Hatterene|0 fnt
|faint|p2a: Hatterene
|
|win|Jeeeeemo
|raw|Jeeeeemo's rating: 1426 &rarr; <strong>1449</strong><br />(+23 for winning)
|raw|SittinGamer's rating: 1476 &rarr; <strong>1453</strong><br />(-23 for losing)
|l|☆SittinGamer
|player|p2|
|l|☆Jeeeeemo
|player|p1|
