|j|‽SirPops
|j|☆annnatar
|t:|1757902334
|gametype|singles
|player|p1|SirPops|red|1139
|player|p2|annnatar|tuber|1189
|gen|9
|tier|[Gen 9] OU
|rated|
|rule|HP Percentage Mod: HP is shown in percentages
|rule|Endless Battle Clause: Forcing endless battles is banned
|rule|Species Clause: Limit one of each Pokémon
|rule|OHKO Clause: OHKO moves are banned
|rule|Evasion Items Clause: Evasion items are banned
|rule|Evasion Moves Clause: Evasion moves are banned
|rule|Evasion Abilities Clause: Evasion abilities are banned
|rule|Sleep Moves Clause: Sleep-inducing moves are banned
|clearpoke
|poke|p1|Snorlax, M|
|poke|p1|Masquerain, M|
|poke|p1|Rotom-Frost|
|poke|p1|Weezing-Galar, M|
|poke|p1|Honchkrow, M|
|poke|p1|Primeape, M|
|poke|p2|Polteageist|
|poke|p2|Indeedee, M|
|poke|p2|Corviknight, F|
|poke|p2|Great Tusk|
|poke|p2|Volcanion|
|poke|p2|Hatterene, F|
|teampreview
|
|t:|1757902361
|teamsize|p1|6
|teamsize|p2|6
|start
|switch|p1a: Honchkrow|Honchkrow, M|100/100
|switch|p2a: Volcanion|Volcanion|100/100
|turn|1
|inactive|Battle timer is ON: inactive players will automatically lose when time's up. (requested by SirPops)
|inactive|annnatar has 120 seconds left.
|inactive|annnatar has 90 seconds left.
|inactive|annnatar has 60 seconds left.
|inactive|annnatar has 30 seconds left.
|
|t:|1757902525
|switch|p1a: Snorlax|Snorlax, M|100/100
|move|p2a: Volcanion|Overheat|p1a: Snorlax
|-crit|p1a: Snorlax
|-damage|p1a: Snorlax|69/100
|-unboost|p2a: Volcanion|spa|2
|-enditem|p2a: Volcanion|Eject Pack
|
|t:|1757902529
|switch|p2a: Great Tusk|Great Tusk|100/100
|
|-heal|p1a: Snorlax|75/100|[from] item: Leftovers
|upkeep
|turn|2
|
|t:|1757902544
|move|p2a: Great Tusk|Stealth Rock|p1a: Snorlax
|-sidestart|p1: SirPops|move: Stealth Rock
|move|p1a: Snorlax|Body Slam|p2a: Great Tusk
|-damage|p2a: Great Tusk|78/100
|-status|p2a: Great Tusk|par
|
|-heal|p1a: Snorlax|81/100|[from] item: Leftovers
|upkeep
|turn|3
|
|t:|1757902548
|move|p2a: Great Tusk|Close Combat|p1a: Snorlax
|-supereffective|p1a: Snorlax
|-damage|p1a: Snorlax|0 fnt
|-unboost|p2a: Great Tusk|def|1
|-unboost|p2a: Great Tusk|spd|1
|faint|p1a: Snorlax
|-enditem|p2a: Great Tusk|Eject Pack
|
|t:|1757902557
|-end|p2a: Great Tusk|Protosynthesis|[silent]
|switch|p2a: Hatterene|Hatterene, F|100/100
|
|upkeep
|
|t:|1757902561
|switch|p1a: Weezing|Weezing-Galar, M|100/100
|-damage|p1a: Weezing|88/100|[from] Stealth Rock
|turn|4
|
|t:|1757902565
|move|p1a: Weezing|Defog|p2a: Hatterene
|move|p2a: Hatterene|Defog|p1a: Weezing|[from] ability: Magic Bounce
|-unboost|p1a: Weezing|evasion|1
|-sideend|p1: SirPops|Stealth Rock|[from] move: Defog|[of] p2a: Hatterene
|move|p2a: Hatterene|Calm Mind|p2a: Hatterene
|-boost|p2a: Hatterene|spa|1
|-boost|p2a: Hatterene|spd|1
|
|upkeep
|turn|5
|
|t:|1757902577
|move|p1a: Weezing|Venoshock|p2a: Hatterene
|-supereffective|p2a: Hatterene
|-crit|p2a: Hatterene
|-damage|p2a: Hatterene|16/100
|-enditem|p2a: Hatterene|Red Card|[of] p1a: Weezing
|drag|p1a: Masquerain|Masquerain, M|100/100
|-ability|p1a: Masquerain|Intimidate|boost
|-unboost|p2a: Hatterene|atk|1
|move|p2a: Hatterene|Calm Mind|p2a: Hatterene
|-boost|p2a: Hatterene|spa|1
|-boost|p2a: Hatterene|spd|1
|
|upkeep
|turn|6
|
|t:|1757902584
|move|p1a: Masquerain|Bug Buzz|p2a: Hatterene
|-damage|p2a: Hatterene|0 fnt
|faint|p2a: Hatterene
|
|upkeep
|
|t:|1757902591
|switch|p2a: Volcanion|Volcanion|100/100
|turn|7
|
|t:|1757902605
|switch|p1a: Weezing|Weezing-Galar, M|88/100
|move|p2a: Volcanion|Steam Eruption|p1a: Weezing
|-crit|p1a: Weezing
|-damage|p1a: Weezing|0 fnt
|faint|p1a: Weezing
|
|upkeep
|
|t:|1757902611
|switch|p1a: Rotom|Rotom-Frost|100/100
|turn|8
|
|t:|1757902622
|move|p1a: Rotom|Thunder|p2a: Volcanion
|-supereffective|p2a: Volcanion
|-damage|p2a: Volcanion|10/100
|move|p2a: Volcanion|Overheat|p1a: Rotom
|-supereffective|p1a: Rotom
|-damage|p1a: Rotom|0 fnt
|-unboost|p2a: Volcanion|spa|2
|faint|p1a: Rotom
|
|upkeep
|
|t:|1757902633
|switch|p1a: Primeape|Primeape, M|100/100
|turn|9
|
|t:|1757902638
|move|p1a: Primeape|Bulk Up|p1a: Primeape
|-boost|p1a: Primeape|atk|1
|-boost|p1a: Primeape|def|1
|move|p2a: Volcanion|Steam Eruption|p1a: Primeape
|-damage|p1a: Primeape|44/100
|
|upkeep
|turn|10
|
|t:|1757902645
|move|p1a: Primeape|Cross Chop|p2a: Volcanion
|-damage|p2a: Volcanion|0 fnt
|faint|p2a: Volcanion
|
|upkeep
|
|t:|1757902648
|switch|p2a: Corviknight|Corviknight, F|100/100
|-ability|p2a: Corviknight|Pressure
|turn|11
|
|t:|1757902656
|move|p1a: Primeape|Cross Chop|p2a: Corviknight
|-damage|p2a: Corviknight|58/100
|-damage|p1a: Primeape|28/100|[from] item: Rocky Helmet|[of] p2a: Corviknight
|move|p2a: Corviknight|Body Press|p1a: Primeape
|-damage|p1a: Primeape|0 fnt
|faint|p1a: Primeape
|
|upkeep
|
|t:|1757902661
|switch|p1a: Masquerain|Masquerain, M|100/100
|-ability|p1a: Masquerain|Intimidate|boost
|-unboost|p2a: Corviknight|atk|1
|turn|12
|
|t:|1757902664
|move|p1a: Masquerain|Quiver Dance|p1a: Masquerain
|-boost|p1a: Masquerain|spa|1
|-boost|p1a: Masquerain|spd|1
|-boost|p1a: Masquerain|spe|1
|move|p2a: Corviknight|U-turn|p1a: Masquerain
|-resisted|p1a: Masquerain
|-damage|p1a: Masquerain|92/100
|
|t:|1757902668
|switch|p2a: Indeedee|Indeedee, M|100/100|[from] U-turn
|-fieldstart|move: Psychic Terrain|[from] ability: Psychic Surge|[of] p2a: Indeedee
|
|upkeep
|turn|13
|inactive|SirPops has 120 seconds left.
|
|t:|1757902702
|move|p1a: Masquerain|Bug Buzz|p2a: Indeedee
|-supereffective|p2a: Indeedee
|-damage|p2a: Indeedee|0 fnt
|faint|p2a: Indeedee
|
|upkeep
|
|t:|1757902707
|switch|p2a: Polteageist|Polteageist|100/100
|turn|14
|-message|SirPops forfeited.
|
|win|annnatar
|raw|SirPops's rating: 1112 &rarr; <strong>1092</strong><br />(-20 for losing)
|raw|annnatar's rating: 1189 &rarr; <strong>1209</strong><br />(+20 for winning)
|l|‽SirPops
|player|p1|
|l|☆annnatar
|player|p2|
