|j|‽drywalled wins
|j|☆ElTunas_502
|t:|1757866470
|gametype|singles
|player|p1|drywalled wins|barry|1304
|player|p2|ElTunas_502|aaron|1330
|gen|9
|tier|[Gen 9] OU
|rated|
|rule|HP Percentage Mod: HP is shown in percentages
|rule|Endless Battle Clause: Forcing endless battles is banned
|rule|Species Clause: Limit one of each Pokémon
|rule|OHKO Clause: OHKO moves are banned
|rule|Evasion Items Clause: Evasion items are banned
|rule|Evasion Moves Clause: Evasion moves are banned
|rule|Evasion Abilities Clause: Evasion abilities are banned
|rule|Sleep Moves Clause: Sleep-inducing moves are banned
|clearpoke
|poke|p1|Grimmsnarl, M|
|poke|p1|Heatran, M|
|poke|p1|Slowking-Galar, M|
|poke|p1|Rillaboom, M|
|poke|p1|Cloyster, F|
|poke|p1|Latias, F|
|poke|p2|Blaziken, M|
|poke|p2|Slowking-Galar, M|
|poke|p2|Kyurem|
|poke|p2|Corviknight, F|
|poke|p2|Electivire, M|
|poke|p2|Darkrai|
|teampreview
|inactive|Battle timer is ON: inactive players will automatically lose when time's up. (requested by ElTunas_502)
|
|t:|1757866505
|teamsize|p1|6
|teamsize|p2|6
|start
|switch|p1a: Grimmsnarl|Grimmsnarl, M|100/100
|switch|p2a: Slowking|Slowking-Galar, M|100/100
|turn|1
|
|t:|1757866515
|move|p1a: Grimmsnarl|Light Screen|p1a: Grimmsnarl
|-sidestart|p1: drywalled wins|move: Light Screen
|move|p2a: Slowking|Sludge Bomb|p1a: Grimmsnarl
|-supereffective|p1a: Grimmsnarl
|-damage|p1a: Grimmsnarl|65/100
|
|upkeep
|turn|2
|
|t:|1757866527
|move|p1a: Grimmsnarl|Taunt|p2a: Slowking
|-start|p2a: Slowking|move: Taunt
|-prepare|p2a: Slowking|Chilly Reception|[premajor]
|cant|p2a: Slowking|move: Taunt|Chilly Reception
|
|upkeep
|turn|3
|
|t:|1757866540
|move|p1a: Grimmsnarl|Parting Shot|p2a: Slowking
|-unboost|p2a: Slowking|atk|1
|-unboost|p2a: Slowking|spa|1
|
|t:|1757866542
|switch|p1a: Heatran|Heatran, M|100/100|[from] Parting Shot
|move|p2a: Slowking|Sludge Bomb|p1a: Heatran
|-immune|p1a: Heatran
|
|upkeep
|turn|4
|
|t:|1757866562
|switch|p2a: Electivire|Electivire, M|100/100
|move|p1a: Heatran|Magma Storm|p2a: Electivire
|-damage|p2a: Electivire|41/100
|-activate|p2a: Electivire|move: Magma Storm|[of] p1a: Heatran
|
|-damage|p2a: Electivire|29/100|[from] move: Magma Storm|[partiallytrapped]
|upkeep
|turn|5
|
|t:|1757866575
|switch|p1a: Rillaboom|Rillaboom, M|100/100
|-fieldstart|move: Grassy Terrain|[from] ability: Grassy Surge|[of] p1a: Rillaboom
|move|p2a: Electivire|Earthquake|p1a: Rillaboom
|-resisted|p1a: Rillaboom
|-damage|p1a: Rillaboom|91/100
|
|-heal|p2a: Electivire|35/100|[from] Grassy Terrain
|-heal|p1a: Rillaboom|97/100|[from] Grassy Terrain
|-end|p2a: Electivire|Magma Storm|[partiallytrapped]|[silent]
|upkeep
|turn|6
|
|t:|1757866584
|switch|p2a: Corviknight|Corviknight, F|100/100
|move|p1a: Rillaboom|Grassy Glide|p2a: Corviknight
|-resisted|p2a: Corviknight
|-damage|p2a: Corviknight|92/100
|-damage|p1a: Rillaboom|81/100|[from] item: Rocky Helmet|[of] p2a: Corviknight
|
|-heal|p1a: Rillaboom|87/100|[from] Grassy Terrain
|upkeep
|turn|7
|
|t:|1757866603
|switch|p1a: Grimmsnarl|Grimmsnarl, M|65/100
|move|p2a: Corviknight|Defog|p1a: Grimmsnarl
|-unboost|p1a: Grimmsnarl|evasion|1
|-sideend|p1: drywalled wins|move: Light Screen
|-fieldend|move: Grassy Terrain
|
|upkeep
|turn|8
|
|t:|1757866618
|move|p1a: Grimmsnarl|Reflect|p1a: Grimmsnarl
|-sidestart|p1: drywalled wins|Reflect
|move|p2a: Corviknight|U-turn|p1a: Grimmsnarl
|-damage|p1a: Grimmsnarl|60/100
|
|t:|1757866636
|switch|p2a: Blaziken|Blaziken, M|100/100|[from] U-turn
|
|upkeep
|turn|9
|
|t:|1757866655
|move|p1a: Grimmsnarl|Taunt|p2a: Blaziken
|-start|p2a: Blaziken|move: Taunt
|move|p2a: Blaziken|Knock Off|p1a: Grimmsnarl
|-resisted|p1a: Grimmsnarl
|-damage|p1a: Grimmsnarl|55/100
|-enditem|p1a: Grimmsnarl|Light Clay|[from] move: Knock Off|[of] p2a: Blaziken
|-damage|p2a: Blaziken|91/100|[from] item: Life Orb
|
|-ability|p2a: Blaziken|Speed Boost|boost
|-boost|p2a: Blaziken|spe|1
|upkeep
|turn|10
|
|t:|1757866669
|switch|p2a: Corviknight|Corviknight, F|92/100
|move|p1a: Grimmsnarl|Parting Shot|p2a: Corviknight
|-ability|p2a: Corviknight|Mirror Armor
|-unboost|p1a: Grimmsnarl|atk|1
|-ability|p2a: Corviknight|Mirror Armor
|-unboost|p1a: Grimmsnarl|spa|1
|
|t:|1757866688
|switch|p1a: Latias|Latias, F|100/100|[from] Parting Shot
|
|upkeep
|turn|11
|
|t:|1757866695
|move|p1a: Latias|Agility|p1a: Latias
|-boost|p1a: Latias|spe|2
|move|p2a: Corviknight|Defog|p1a: Latias
|-unboost|p1a: Latias|evasion|1
|-sideend|p1: drywalled wins|Reflect
|
|upkeep
|turn|12
|
|t:|1757866703
|move|p1a: Latias|Calm Mind|p1a: Latias
|-boost|p1a: Latias|spa|1
|-boost|p1a: Latias|spd|1
|move|p2a: Corviknight|U-turn|p1a: Latias
|-supereffective|p1a: Latias
|-damage|p1a: Latias|75/100
|-enditem|p1a: Latias|Weakness Policy
|-boost|p1a: Latias|atk|2|[from] item: Weakness Policy
|-boost|p1a: Latias|spa|2|[from] item: Weakness Policy
|
|t:|1757866718
|switch|p2a: Kyurem|Kyurem|100/100|[from] U-turn
|-ability|p2a: Kyurem|Pressure
|
|upkeep
|turn|13
|
|t:|1757866742
|-terastallize|p1a: Latias|Fairy
|-terastallize|p2a: Kyurem|Ice
|move|p1a: Latias|Draining Kiss|p2a: Kyurem
|-damage|p2a: Kyurem|52/100
|-heal|p1a: Latias|100/100|[from] drain|[of] p2a: Kyurem
|move|p2a: Kyurem|Ice Beam|p1a: Latias
|-damage|p1a: Latias|52/100
|
|upkeep
|turn|14
|
|t:|1757866756
|move|p1a: Latias|Stored Power|p2a: Kyurem
|-damage|p2a: Kyurem|0 fnt
|faint|p2a: Kyurem
|
|upkeep
|
|t:|1757866774
|switch|p2a: Slowking|Slowking-Galar, M|100/100
|turn|15
|
|t:|1757866782
|move|p1a: Latias|Stored Power|p2a: Slowking
|-damage|p2a: Slowking|6/100
|move|p2a: Slowking|Sludge Bomb|p1a: Latias
|-supereffective|p1a: Latias
|-damage|p1a: Latias|19/100
|-status|p1a: Latias|psn
|
|-damage|p1a: Latias|6/100 psn|[from] psn
|upkeep
|turn|16
|
|t:|1757866795
|switch|p2a: Darkrai|Darkrai|100/100
|move|p1a: Latias|Draining Kiss|p2a: Darkrai
|-supereffective|p2a: Darkrai
|-damage|p2a: Darkrai|0 fnt
|-heal|p1a: Latias|64/100 psn|[from] drain|[of] p2a: Darkrai
|faint|p2a: Darkrai
|
|-damage|p1a: Latias|52/100 psn|[from] psn
|upkeep
|
|t:|1757866805
|switch|p2a: Slowking|Slowking-Galar, M|39/100
|turn|17
|
|t:|1757866809
|move|p1a: Latias|Stored Power|p2a: Slowking
|-damage|p2a: Slowking|0 fnt
|faint|p2a: Slowking
|
|-damage|p1a: Latias|40/100 psn|[from] psn
|upkeep
|-message|ElTunas_502 forfeited.
|
|win|drywalled wins
|raw|drywalled wins's rating: 1304 &rarr; <strong>1325</strong><br />(+21 for winning)
|raw|ElTunas_502's rating: 1330 &rarr; <strong>1309</strong><br />(-21 for losing)
|l|☆ElTunas_502
|player|p2|
|l|‽drywalled wins
|player|p1|
