|j|☆LooksGoodToMe
|j|☆mangomosey
|t:|1757904772
|gametype|singles
|player|p1|LooksGoodToMe|169|1324
|player|p2|mangomosey|infielder|1369
|gen|9
|tier|[Gen 9] OU
|rated|
|rule|HP Percentage Mod: HP is shown in percentages
|rule|Endless Battle Clause: Forcing endless battles is banned
|rule|Species Clause: Limit one of each Pokémon
|rule|OHKO Clause: OHKO moves are banned
|rule|Evasion Items Clause: Evasion items are banned
|rule|Evasion Moves Clause: Evasion moves are banned
|rule|Evasion Abilities Clause: Evasion abilities are banned
|rule|Sleep Moves Clause: Sleep-inducing moves are banned
|clearpoke
|poke|p1|Gholdengo|
|poke|p1|Primarina, F|
|poke|p1|Moltres|
|poke|p1|Ursaluna, M|
|poke|p1|Hydreigon, M|
|poke|p1|Toxtricity, M|
|poke|p2|Iron Crown|
|poke|p2|Alomomola, F|
|poke|p2|Great Tusk|
|poke|p2|Dragonite, F|
|poke|p2|Darkrai|
|poke|p2|Iron Valiant|
|teampreview
|inactive|Battle timer is ON: inactive players will automatically lose when time's up. (requested by LooksGoodToMe)
|
|t:|1757904782
|teamsize|p1|6
|teamsize|p2|6
|start
|switch|p1a: Ursaluna|Ursaluna, M|100/100
|switch|p2a: Darkrai|Darkrai|100/100
|turn|1
|c|☆LooksGoodToMe|hf
|c|☆mangomosey|u 2
|inactive|mangomosey has 120 seconds left.
|
|t:|1757904830
|switch|p2a: Great Tusk|Great Tusk|100/100
|switch|p1a: Gholdengo|Gholdengo|100/100
|
|upkeep
|turn|2
|
|t:|1757904839
|switch|p1a: Hydreigon|Hydreigon, M|100/100
|-end|p2a: Great Tusk|Protosynthesis|[silent]
|switch|p2a: Alomomola|Alomomola, F|100/100
|
|upkeep
|turn|3
|inactive|mangomosey has 120 seconds left.
|
|t:|1757904848
|move|p1a: Hydreigon|Dark Pulse|p2a: Alomomola
|-damage|p2a: Alomomola|52/100
|move|p2a: Alomomola|Flip Turn|p1a: Hydreigon
|-resisted|p1a: Hydreigon
|-damage|p1a: Hydreigon|93/100
|inactive|mangomosey has 120 seconds left.
|inactive|mangomosey has 90 seconds left.
|
|t:|1757904899
|switch|p2a: Darkrai|Darkrai|100/100|[from] Flip Turn
|
|upkeep
|turn|4
|
|t:|1757904909
|switch|p1a: Gholdengo|Gholdengo|100/100
|move|p2a: Darkrai|Ice Beam|p1a: Gholdengo
|-resisted|p1a: Gholdengo
|-damage|p1a: Gholdengo|84/100
|-status|p1a: Gholdengo|frz
|
|-heal|p1a: Gholdengo|90/100 frz|[from] item: Leftovers
|upkeep
|turn|5
|
|t:|1757904918
|switch|p1a: Primarina|Primarina, F|100/100
|move|p2a: Darkrai|Nasty Plot|p2a: Darkrai
|-boost|p2a: Darkrai|spa|2
|
|upkeep
|turn|6
|inactive|mangomosey has 90 seconds left.
|
|t:|1757904927
|switch|p2a: Iron Crown|Iron Crown|100/100
|switch|p1a: Gholdengo|Gholdengo|90/100 frz
|
|-heal|p1a: Gholdengo|96/100 frz|[from] item: Leftovers
|upkeep
|turn|7
|
|t:|1757904938
|move|p2a: Iron Crown|Volt Switch|p1a: Gholdengo
|-damage|p1a: Gholdengo|74/100 frz
|
|t:|1757904944
|-end|p2a: Iron Crown|Quark Drive|[silent]
|switch|p2a: Alomomola|Alomomola, F|85/100|[from] Volt Switch
|cant|p1a: Gholdengo|frz
|
|-heal|p1a: Gholdengo|80/100 frz|[from] item: Leftovers
|-heal|p2a: Alomomola|91/100|[from] item: Leftovers
|upkeep
|turn|8
|
|t:|1757904953
|switch|p1a: Toxtricity|Toxtricity, M|100/100
|move|p2a: Alomomola|Flip Turn|p1a: Toxtricity
|-damage|p1a: Toxtricity|79/100
|
|t:|1757904960
|switch|p2a: Iron Crown|Iron Crown|100/100|[from] Flip Turn
|
|upkeep
|turn|9
|
|t:|1757904969
|move|p2a: Iron Crown|Future Sight|p1a: Toxtricity
|-start|p2a: Iron Crown|move: Future Sight
|move|p1a: Toxtricity|Boomburst|p2a: Iron Crown
|-resisted|p2a: Iron Crown
|-damage|p2a: Iron Crown|71/100
|
|upkeep
|turn|10
|
|t:|1757904978
|move|p2a: Iron Crown|Tachyon Cutter|p1a: Toxtricity
|-resisted|p1a: Toxtricity
|-damage|p1a: Toxtricity|64/100
|-resisted|p1a: Toxtricity
|-damage|p1a: Toxtricity|49/100
|-hitcount|p1a: Toxtricity|2
|move|p1a: Toxtricity|Boomburst|p2a: Iron Crown
|-resisted|p2a: Iron Crown
|-damage|p2a: Iron Crown|38/100
|
|upkeep
|turn|11
|inactive|mangomosey has 120 seconds left.
|
|t:|1757905002
|move|p2a: Iron Crown|Volt Switch|p1a: Toxtricity
|-resisted|p1a: Toxtricity
|-damage|p1a: Toxtricity|35/100
|
|t:|1757905005
|-end|p2a: Iron Crown|Quark Drive|[silent]
|switch|p2a: Alomomola|Alomomola, F|100/100|[from] Volt Switch
|move|p1a: Toxtricity|Boomburst|p2a: Alomomola
|-damage|p2a: Alomomola|33/100
|
|-end|p1a: Toxtricity|move: Future Sight
|-supereffective|p1a: Toxtricity
|-damage|p1a: Toxtricity|0 fnt
|faint|p1a: Toxtricity
|-heal|p2a: Alomomola|39/100|[from] item: Leftovers
|upkeep
|
|t:|1757905015
|switch|p1a: Ursaluna|Ursaluna, M|100/100
|turn|12
|
|t:|1757905024
|switch|p2a: Great Tusk|Great Tusk|100/100
|move|p1a: Ursaluna|Facade|p2a: Great Tusk
|-damage|p2a: Great Tusk|79/100
|-damage|p1a: Ursaluna|84/100|[from] item: Rocky Helmet|[of] p2a: Great Tusk
|
|-status|p1a: Ursaluna|brn|[from] item: Flame Orb
|upkeep
|turn|13
|
|t:|1757905039
|switch|p1a: Primarina|Primarina, F|100/100
|move|p2a: Great Tusk|Close Combat|p1a: Primarina
|-resisted|p1a: Primarina
|-damage|p1a: Primarina|78/100
|-unboost|p2a: Great Tusk|def|1
|-unboost|p2a: Great Tusk|spd|1
|
|-heal|p1a: Primarina|84/100|[from] item: Leftovers
|upkeep
|turn|14
|
|t:|1757905048
|-end|p2a: Great Tusk|Protosynthesis|[silent]
|switch|p2a: Alomomola|Alomomola, F|73/100
|move|p1a: Primarina|Energy Ball|p2a: Alomomola
|-supereffective|p2a: Alomomola
|-damage|p2a: Alomomola|36/100
|
|-heal|p2a: Alomomola|42/100|[from] item: Leftovers
|-heal|p1a: Primarina|90/100|[from] item: Leftovers
|upkeep
|turn|15
|
|t:|1757905059
|move|p2a: Alomomola|Protect|p2a: Alomomola
|-singleturn|p2a: Alomomola|Protect
|move|p1a: Primarina|Calm Mind|p1a: Primarina
|-boost|p1a: Primarina|spa|1
|-boost|p1a: Primarina|spd|1
|
|-heal|p2a: Alomomola|48/100|[from] item: Leftovers
|-heal|p1a: Primarina|96/100|[from] item: Leftovers
|upkeep
|turn|16
|inactive|mangomosey has 120 seconds left.
|
|t:|1757905094
|-terastallize|p2a: Alomomola|Dragon
|move|p2a: Alomomola|Wish|p2a: Alomomola
|move|p1a: Primarina|Energy Ball|p2a: Alomomola
|-resisted|p2a: Alomomola
|-damage|p2a: Alomomola|35/100
|
|-heal|p2a: Alomomola|41/100|[from] item: Leftovers
|-heal|p1a: Primarina|100/100|[from] item: Leftovers
|upkeep
|turn|17
|
|t:|1757905103
|move|p2a: Alomomola|Flip Turn|p1a: Primarina
|-resisted|p1a: Primarina
|-damage|p1a: Primarina|94/100
|
|t:|1757905107
|switch|p2a: Iron Crown|Iron Crown|38/100|[from] Flip Turn
|move|p1a: Primarina|Surf|p2a: Iron Crown
|-damage|p2a: Iron Crown|0 fnt
|faint|p2a: Iron Crown
|-end|p2a: Iron Crown|Quark Drive|[silent]
|
|-heal|p1a: Primarina|99/100|[from] item: Leftovers
|upkeep
|inactive|mangomosey has 120 seconds left.
|inactive|mangomosey has 90 seconds left.
|
|t:|1757905155
|switch|p2a: Great Tusk|Great Tusk|79/100
|turn|18
|
|t:|1757905164
|move|p2a: Great Tusk|Headlong Rush|p1a: Primarina
|-damage|p1a: Primarina|55/100
|-unboost|p2a: Great Tusk|def|1
|-unboost|p2a: Great Tusk|spd|1
|move|p1a: Primarina|Energy Ball|p2a: Great Tusk
|-supereffective|p2a: Great Tusk
|-damage|p2a: Great Tusk|0 fnt
|faint|p2a: Great Tusk
|-end|p2a: Great Tusk|Protosynthesis|[silent]
|
|-heal|p1a: Primarina|61/100|[from] item: Leftovers
|upkeep
|inactive|mangomosey has 90 seconds left.
|
|t:|1757905184
|switch|p2a: Dragonite|Dragonite, F|100/100
|turn|19
|
|t:|1757905193
|move|p2a: Dragonite|Earthquake|p1a: Primarina
|-damage|p1a: Primarina|30/100
|move|p1a: Primarina|Draining Kiss|p2a: Dragonite
|-supereffective|p2a: Dragonite
|-damage|p2a: Dragonite|65/100
|-heal|p1a: Primarina|54/100|[from] drain|[of] p2a: Dragonite
|
|-heal|p1a: Primarina|60/100|[from] item: Leftovers
|upkeep
|turn|20
|c|☆mangomosey|gg
|
|t:|1757905204
|move|p2a: Dragonite|Earthquake|p1a: Primarina
|-damage|p1a: Primarina|30/100
|move|p1a: Primarina|Draining Kiss|p2a: Dragonite
|-supereffective|p2a: Dragonite
|-damage|p2a: Dragonite|1/100
|-heal|p1a: Primarina|73/100|[from] drain|[of] p2a: Dragonite
|
|-heal|p1a: Primarina|79/100|[from] item: Leftovers
|upkeep
|turn|21
|-message|mangomosey forfeited.
|
|win|LooksGoodToMe
|raw|LooksGoodToMe's rating: 1324 &rarr; <strong>1347</strong><br />(+23 for winning)
|raw|mangomosey's rating: 1369 &rarr; <strong>1346</strong><br />(-23 for losing)
|l|☆mangomosey
|player|p2|
|c|☆LooksGoodToMe|gg
