|j|☆Primary Trout
|j|‽Rohit-Majum
|t:|1757883535
|gametype|singles
|player|p1|Primary Trout|marshal|1391
|player|p2|Rohit-Majum|170|1330
|gen|9
|tier|[Gen 9] OU
|rated|
|rule|HP Percentage Mod: HP is shown in percentages
|rule|Endless Battle Clause: Forcing endless battles is banned
|rule|Species Clause: Limit one of each Pokémon
|rule|OHKO Clause: OHKO moves are banned
|rule|Evasion Items Clause: Evasion items are banned
|rule|Evasion Moves Clause: Evasion moves are banned
|rule|Evasion Abilities Clause: Evasion abilities are banned
|rule|Sleep Moves Clause: Sleep-inducing moves are banned
|clearpoke
|poke|p1|Magnezone|
|poke|p1|Shaymin|
|poke|p1|Alomomola, F|
|poke|p1|Dragapult, M|
|poke|p1|Clefable, F|
|poke|p1|Landorus-Therian, M|
|poke|p2|Dragapult, M|
|poke|p2|Samurott-Hisui, M|
|poke|p2|Slowking-Galar, F|
|poke|p2|Ogerpon-Wellspring, F|
|poke|p2|Kingambit, F|
|poke|p2|Gliscor, F|
|teampreview
|inactive|Battle timer is ON: inactive players will automatically lose when time's up. (requested by Primary Trout)
|
|t:|1757883551
|teamsize|p1|6
|teamsize|p2|6
|start
|switch|p1a: BLUE 32 BLUE 32|Dragapult, M|100/100
|switch|p2a: Dragapult|Dragapult, M|100/100
|turn|1
|
|t:|1757883556
|switch|p1a: CHEER CAPTAIN|Clefable, F|100/100
|move|p2a: Dragapult|Shadow Ball|p1a: CHEER CAPTAIN
|-damage|p1a: CHEER CAPTAIN|48/100
|
|upkeep
|turn|2
|
|t:|1757883562
|move|p2a: Dragapult|Shadow Ball|p1a: CHEER CAPTAIN
|-damage|p1a: CHEER CAPTAIN|0 fnt
|faint|p1a: CHEER CAPTAIN
|
|upkeep
|
|t:|1757883566
|switch|p1a: BLITZ|Shaymin|100/100
|turn|3
|
|t:|1757883572
|move|p2a: Dragapult|Shadow Ball|p1a: BLITZ
|-damage|p1a: BLITZ|45/100
|move|p1a: BLITZ|Swords Dance|p1a: BLITZ
|-boost|p1a: BLITZ|atk|2
|
|-heal|p1a: BLITZ|51/100|[from] item: Leftovers
|upkeep
|turn|4
|
|t:|1757883577
|-terastallize|p1a: BLITZ|Normal
|move|p2a: Dragapult|Shadow Ball|p1a: BLITZ
|-immune|p1a: BLITZ
|move|p1a: BLITZ|Play Rough|p2a: Dragapult
|-supereffective|p2a: Dragapult
|-damage|p2a: Dragapult|0 fnt
|faint|p2a: Dragapult
|
|-heal|p1a: BLITZ|57/100|[from] item: Leftovers
|upkeep
|
|t:|1757883583
|switch|p2a: Samurott|Samurott-Hisui, M|100/100
|turn|5
|
|t:|1757883586
|move|p2a: Samurott|Sacred Sword|p1a: BLITZ
|-supereffective|p1a: BLITZ
|-damage|p1a: BLITZ|0 fnt
|faint|p1a: BLITZ
|
|upkeep
|
|t:|1757883589
|switch|p1a: BLUE 32 BLUE 32|Dragapult, M|100/100
|turn|6
|
|t:|1757883594
|switch|p2a: Slowking|Slowking-Galar, F|100/100
|move|p1a: BLUE 32 BLUE 32|U-turn|p2a: Slowking
|-damage|p2a: Slowking|64/100
|
|t:|1757883600
|switch|p1a: KIRK COUSINS|Landorus-Therian, M, shiny|100/100|[from] U-turn
|-ability|p1a: KIRK COUSINS|Intimidate|boost
|-unboost|p2a: Slowking|atk|1
|
|upkeep
|turn|7
|
|t:|1757883607
|move|p1a: KIRK COUSINS|Stealth Rock|p2a: Slowking
|-sidestart|p2: Rohit-Majum|move: Stealth Rock
|-prepare|p2a: Slowking|Chilly Reception|[premajor]
|move|p2a: Slowking|Chilly Reception|p2a: Slowking
|-weather|Snowscape
|
|t:|1757883613
|switch|p2a: Ogerpon|Ogerpon-Wellspring, F|100/100|[from] Chilly Reception
|-damage|p2a: Ogerpon|88/100|[from] Stealth Rock
|
|-weather|Snowscape|[upkeep]
|upkeep
|turn|8
|
|t:|1757883618
|switch|p1a: BLUE 32 BLUE 32|Dragapult, M|100/100
|move|p2a: Ogerpon|Encore||[still]
|-fail|p2a: Ogerpon
|
|-weather|Snowscape|[upkeep]
|upkeep
|turn|9
|
|t:|1757883624
|move|p1a: BLUE 32 BLUE 32|U-turn|p2a: Ogerpon
|-supereffective|p2a: Ogerpon
|-damage|p2a: Ogerpon|0 fnt
|faint|p2a: Ogerpon
|
|t:|1757883627
|switch|p1a: KIRK COUSINS|Landorus-Therian, M, shiny|100/100|[from] U-turn
|
|-weather|Snowscape|[upkeep]
|upkeep
|
|t:|1757883632
|switch|p2a: Samurott|Samurott-Hisui, M|100/100
|-damage|p2a: Samurott|88/100|[from] Stealth Rock
|turn|10
|
|t:|1757883642
|move|p1a: KIRK COUSINS|U-turn|p2a: Samurott
|-supereffective|p2a: Samurott
|-damage|p2a: Samurott|19/100
|
|t:|1757883645
|switch|p1a: CHEER SQUAD|Alomomola, F|100/100|[from] U-turn
|move|p2a: Samurott|Flip Turn|p1a: CHEER SQUAD
|-resisted|p1a: CHEER SQUAD
|-damage|p1a: CHEER SQUAD|93/100
|
|t:|1757883659
|switch|p2a: Gliscor|Gliscor, F|100/100|[from] Flip Turn
|-damage|p2a: Gliscor|88/100|[from] Stealth Rock
|
|-weather|Snowscape|[upkeep]
|-status|p2a: Gliscor|tox|[from] item: Toxic Orb
|upkeep
|turn|11
|
|t:|1757883663
|move|p2a: Gliscor|Toxic|p1a: CHEER SQUAD
|-status|p1a: CHEER SQUAD|tox
|move|p1a: CHEER SQUAD|Scald|p2a: Gliscor
|-supereffective|p2a: Gliscor
|-damage|p2a: Gliscor|58/100 tox
|
|-weather|none
|-heal|p2a: Gliscor|70/100 tox|[from] ability: Poison Heal
|-damage|p1a: CHEER SQUAD|87/100 tox|[from] psn
|upkeep
|turn|12
|
|t:|1757883673
|move|p2a: Gliscor|Earthquake|p1a: CHEER SQUAD
|-damage|p1a: CHEER SQUAD|68/100 tox
|move|p1a: CHEER SQUAD|Flip Turn|p2a: Gliscor
|-supereffective|p2a: Gliscor
|-damage|p2a: Gliscor|53/100 tox
|
|t:|1757883678
|switch|p1a: BLUE 32 BLUE 32|Dragapult, M|100/100|[from] Flip Turn
|
|-heal|p2a: Gliscor|65/100 tox|[from] ability: Poison Heal
|upkeep
|turn|13
|
|t:|1757883683
|move|p2a: Gliscor|Protect|p2a: Gliscor
|-singleturn|p2a: Gliscor|Protect
|move|p1a: BLUE 32 BLUE 32|Dragon Darts|p2a: Gliscor
|-activate|p2a: Gliscor|move: Protect
|
|-heal|p2a: Gliscor|78/100 tox|[from] ability: Poison Heal
|upkeep
|turn|14
|
|t:|1757883690
|move|p1a: BLUE 32 BLUE 32|Dragon Darts|p2a: Gliscor
|-damage|p2a: Gliscor|55/100 tox
|-anim|p1a: BLUE 32 BLUE 32|Dragon Darts|p2a: Gliscor
|-damage|p2a: Gliscor|32/100 tox
|move|p2a: Gliscor|Knock Off|p1a: BLUE 32 BLUE 32
|-supereffective|p1a: BLUE 32 BLUE 32
|-damage|p1a: BLUE 32 BLUE 32|41/100
|-enditem|p1a: BLUE 32 BLUE 32|Choice Band|[from] move: Knock Off|[of] p2a: Gliscor
|
|-heal|p2a: Gliscor|45/100 tox|[from] ability: Poison Heal
|upkeep
|turn|15
|
|t:|1757883706
|move|p2a: Gliscor|Protect|p2a: Gliscor
|-singleturn|p2a: Gliscor|Protect
|move|p1a: BLUE 32 BLUE 32|Dragon Darts|p2a: Gliscor
|-activate|p2a: Gliscor|move: Protect
|
|-heal|p2a: Gliscor|57/100 tox|[from] ability: Poison Heal
|upkeep
|turn|16
|
|t:|1757883721
|move|p1a: BLUE 32 BLUE 32|Dragon Darts|p2a: Gliscor
|-damage|p2a: Gliscor|43/100 tox
|-anim|p1a: BLUE 32 BLUE 32|Dragon Darts|p2a: Gliscor
|-damage|p2a: Gliscor|27/100 tox
|move|p2a: Gliscor|Toxic|p1a: BLUE 32 BLUE 32
|-status|p1a: BLUE 32 BLUE 32|tox
|
|-damage|p1a: BLUE 32 BLUE 32|35/100 tox|[from] psn
|-heal|p2a: Gliscor|39/100 tox|[from] ability: Poison Heal
|upkeep
|turn|17
|
|t:|1757883730
|switch|p1a: CHEER SQUAD|Alomomola, F|100/100 tox
|move|p2a: Gliscor|Protect||[still]
|-fail|p2a: Gliscor
|
|-heal|p2a: Gliscor|52/100 tox|[from] ability: Poison Heal
|-damage|p1a: CHEER SQUAD|94/100 tox|[from] psn
|upkeep
|turn|18
|
|t:|1757883738
|switch|p1a: KIRK COUSINS|Landorus-Therian, M, shiny|100/100
|-ability|p1a: KIRK COUSINS|Intimidate|boost
|-unboost|p2a: Gliscor|atk|1
|move|p2a: Gliscor|Protect||[still]
|-fail|p2a: Gliscor
|
|-heal|p2a: Gliscor|64/100 tox|[from] ability: Poison Heal
|upkeep
|turn|19
|
|t:|1757883744
|switch|p1a: ZONE COVERAGE|Magnezone|100/100
|move|p2a: Gliscor|Toxic|p1a: ZONE COVERAGE|[miss]
|-miss|p2a: Gliscor|p1a: ZONE COVERAGE
|
|-heal|p2a: Gliscor|77/100 tox|[from] ability: Poison Heal
|upkeep
|turn|20
|
|t:|1757883749
|move|p2a: Gliscor|Earthquake|p1a: ZONE COVERAGE
|-supereffective|p1a: ZONE COVERAGE
|-damage|p1a: ZONE COVERAGE|9/100
|move|p1a: ZONE COVERAGE|Flash Cannon|p2a: Gliscor
|-damage|p2a: Gliscor|0 fnt
|faint|p2a: Gliscor
|
|upkeep
|
|t:|1757883769
|switch|p2a: Kingambit|Kingambit, F|100/100
|-damage|p2a: Kingambit|94/100|[from] Stealth Rock
|-activate|p2a: Kingambit|ability: Supreme Overlord
|-start|p2a: Kingambit|fallen3|[silent]
|turn|21
|
|t:|1757883785
|move|p2a: Kingambit|Sucker Punch|p1a: ZONE COVERAGE
|-damage|p1a: ZONE COVERAGE|0 fnt
|faint|p1a: ZONE COVERAGE
|
|upkeep
|
|t:|1757883795
|switch|p1a: KIRK COUSINS|Landorus-Therian, M, shiny|100/100
|-ability|p1a: KIRK COUSINS|Intimidate|boost
|-unboost|p2a: Kingambit|atk|1
|turn|22
|
|t:|1757883806
|-terastallize|p2a: Kingambit|Flying
|move|p1a: KIRK COUSINS|U-turn|p2a: Kingambit
|-resisted|p2a: Kingambit
|-damage|p2a: Kingambit|85/100
|
|t:|1757883810
|switch|p1a: CHEER SQUAD|Alomomola, F|100/100 tox|[from] U-turn
|move|p2a: Kingambit|Swords Dance|p2a: Kingambit
|-boost|p2a: Kingambit|atk|2
|
|-damage|p1a: CHEER SQUAD|94/100 tox|[from] psn
|upkeep
|turn|23
|
|t:|1757883817
|move|p1a: CHEER SQUAD|Scald|p2a: Kingambit
|-damage|p2a: Kingambit|72/100
|-status|p2a: Kingambit|brn
|move|p2a: Kingambit|Swords Dance|p2a: Kingambit
|-boost|p2a: Kingambit|atk|2
|
|-damage|p1a: CHEER SQUAD|82/100 tox|[from] psn
|-damage|p2a: Kingambit|66/100 brn|[from] brn
|upkeep
|turn|24
|
|t:|1757883821
|move|p1a: CHEER SQUAD|Flip Turn|p2a: Kingambit
|-crit|p2a: Kingambit
|-damage|p2a: Kingambit|51/100 brn
|
|t:|1757883822
|switch|p1a: KIRK COUSINS|Landorus-Therian, M, shiny|100/100|[from] Flip Turn
|-ability|p1a: KIRK COUSINS|Intimidate|boost
|-unboost|p2a: Kingambit|atk|1
|move|p2a: Kingambit|Swords Dance|p2a: Kingambit
|-boost|p2a: Kingambit|atk|2
|
|-damage|p2a: Kingambit|45/100 brn|[from] brn
|upkeep
|turn|25
|
|t:|1757883826
|move|p2a: Kingambit|Sucker Punch|p1a: KIRK COUSINS
|-damage|p1a: KIRK COUSINS|6/100
|move|p1a: KIRK COUSINS|U-turn|p2a: Kingambit
|-resisted|p2a: Kingambit
|-damage|p2a: Kingambit|36/100 brn
|
|t:|1757883829
|switch|p1a: CHEER SQUAD|Alomomola, F|100/100 tox|[from] U-turn
|
|-damage|p1a: CHEER SQUAD|94/100 tox|[from] psn
|-damage|p2a: Kingambit|30/100 brn|[from] brn
|upkeep
|turn|26
|
|t:|1757883835
|move|p1a: CHEER SQUAD|Scald|p2a: Kingambit
|-damage|p2a: Kingambit|15/100 brn
|move|p2a: Kingambit|Kowtow Cleave|p1a: CHEER SQUAD
|-damage|p1a: CHEER SQUAD|35/100 tox
|
|-damage|p1a: CHEER SQUAD|22/100 tox|[from] psn
|-damage|p2a: Kingambit|9/100 brn|[from] brn
|upkeep
|turn|27
|
|t:|1757883848
|move|p1a: CHEER SQUAD|Protect|p1a: CHEER SQUAD
|-singleturn|p1a: CHEER SQUAD|Protect
|move|p2a: Kingambit|Kowtow Cleave|p1a: CHEER SQUAD
|-activate|p1a: CHEER SQUAD|move: Protect
|
|-damage|p1a: CHEER SQUAD|4/100 tox|[from] psn
|-damage|p2a: Kingambit|3/100 brn|[from] brn
|upkeep
|turn|28
|
|t:|1757883857
|move|p1a: CHEER SQUAD|Wish|p1a: CHEER SQUAD
|move|p2a: Kingambit|Kowtow Cleave|p1a: CHEER SQUAD
|-damage|p1a: CHEER SQUAD|0 fnt
|faint|p1a: CHEER SQUAD
|
|-damage|p2a: Kingambit|0 fnt|[from] brn
|faint|p2a: Kingambit
|-end|p2a: Kingambit|fallen3|[silent]
|upkeep
|
|t:|1757883866
|switch|p1a: KIRK COUSINS|Landorus-Therian, M, shiny|6/100
|switch|p2a: Slowking|Slowking-Galar, F|97/100
|-ability|p1a: KIRK COUSINS|Intimidate|boost
|-unboost|p2a: Slowking|atk|1
|turn|29
|
|t:|1757883870
|move|p1a: KIRK COUSINS|Earthquake|p2a: Slowking
|-supereffective|p2a: Slowking
|-damage|p2a: Slowking|0 fnt
|faint|p2a: Slowking
|
|-heal|p1a: KIRK COUSINS|83/100|[from] move: Wish|[wisher] CHEER SQUAD
|upkeep
|
|t:|1757883872
|switch|p2a: Samurott|Samurott-Hisui, M|19/100
|-damage|p2a: Samurott|6/100|[from] Stealth Rock
|turn|30
|
|t:|1757883874
|switch|p1a: BLUE 32 BLUE 32|Dragapult, M|35/100 tox
|move|p2a: Samurott|Flip Turn|p1a: BLUE 32 BLUE 32
|-resisted|p1a: BLUE 32 BLUE 32
|-damage|p1a: BLUE 32 BLUE 32|16/100 tox
|
|-damage|p1a: BLUE 32 BLUE 32|10/100 tox|[from] psn
|upkeep
|turn|31
|
|t:|1757883878
|move|p2a: Samurott|Flip Turn|p1a: BLUE 32 BLUE 32
|-resisted|p1a: BLUE 32 BLUE 32
|-damage|p1a: BLUE 32 BLUE 32|0 fnt
|faint|p1a: BLUE 32 BLUE 32
|
|upkeep
|
|t:|1757883879
|switch|p1a: KIRK COUSINS|Landorus-Therian, M, shiny|83/100
|-ability|p1a: KIRK COUSINS|Intimidate|boost
|-unboost|p2a: Samurott|atk|1
|turn|32
|
|t:|1757883882
|move|p1a: KIRK COUSINS|U-turn|p2a: Samurott
|-supereffective|p2a: Samurott
|-damage|p2a: Samurott|0 fnt
|faint|p2a: Samurott
|
|win|Primary Trout
|raw|Primary Trout's rating: 1391 &rarr; <strong>1408</strong><br />(+17 for winning)
|raw|Rohit-Majum's rating: 1330 &rarr; <strong>1313</strong><br />(-17 for losing)
|l|‽Rohit-Majum
|player|p2|
