|j|☆greenpitter
|j|☆AsuraBoi
|t:|1757925288
|gametype|singles
|player|p1|greenpitter|hilbert|1101
|player|p2|AsuraBoi|101|1137
|gen|9
|tier|[Gen 9] OU
|rated|
|rule|HP Percentage Mod: HP is shown in percentages
|rule|Endless Battle Clause: Forcing endless battles is banned
|rule|Species Clause: Limit one of each Pokémon
|rule|OHKO Clause: OHKO moves are banned
|rule|Evasion Items Clause: Evasion items are banned
|rule|Evasion Moves Clause: Evasion moves are banned
|rule|Evasion Abilities Clause: Evasion abilities are banned
|rule|Sleep Moves Clause: Sleep-inducing moves are banned
|clearpoke
|poke|p1|Primeape, M|
|poke|p1|Hoopa-Unbound|
|poke|p1|Masquerain, F|
|poke|p1|Whiscash, F|
|poke|p1|Electrode|
|poke|p1|Hypno, F|
|poke|p2|Toxapex, F|
|poke|p2|Moltres|
|poke|p2|Garganacl, F|
|poke|p2|Ogerpon-Wellspring, F|
|poke|p2|Hatterene, F|
|poke|p2|Dragapult, F|
|teampreview
|
|t:|1757925294
|teamsize|p1|6
|teamsize|p2|6
|start
|switch|p1a: Masquerain|Masquerain, F|100/100
|switch|p2a: Toxapex|Toxapex, F|100/100
|-ability|p1a: Masquerain|Intimidate|boost
|-unboost|p2a: Toxapex|atk|1
|turn|1
|
|t:|1757925317
|move|p1a: Masquerain|Sticky Web|p2a: Toxapex
|-sidestart|p2: AsuraBoi|move: Sticky Web
|move|p2a: Toxapex|Toxic|p1a: Masquerain
|-status|p1a: Masquerain|tox
|
|-damage|p1a: Masquerain|94/100 tox|[from] psn
|upkeep
|turn|2
|
|t:|1757925327
|move|p1a: Masquerain|Quiver Dance|p1a: Masquerain
|-boost|p1a: Masquerain|spa|1
|-boost|p1a: Masquerain|spd|1
|-boost|p1a: Masquerain|spe|1
|move|p2a: Toxapex|Toxic Spikes|p1a: Masquerain
|-sidestart|p1: greenpitter|move: Toxic Spikes
|
|-damage|p1a: Masquerain|82/100 tox|[from] psn
|upkeep
|turn|3
|
|t:|1757925338
|move|p1a: Masquerain|Air Slash|p2a: Toxapex
|-damage|p2a: Toxapex|65/100
|move|p2a: Toxapex|Haze|p2a: Toxapex
|-clearallboost
|
|-damage|p1a: Masquerain|64/100 tox|[from] psn
|upkeep
|turn|4
|
|t:|1757925357
|move|p2a: Toxapex|Baneful Bunker|p2a: Toxapex
|-singleturn|p2a: Toxapex|move: Protect
|move|p1a: Masquerain|Air Slash|p2a: Toxapex
|-activate|p2a: Toxapex|move: Protect
|
|-damage|p1a: Masquerain|40/100 tox|[from] psn
|upkeep
|turn|5
|
|t:|1757925368
|move|p1a: Masquerain|Air Slash|p2a: Toxapex
|-crit|p2a: Toxapex
|-damage|p2a: Toxapex|30/100
|cant|p2a: Toxapex|flinch
|
|-damage|p1a: Masquerain|10/100 tox|[from] psn
|upkeep
|turn|6
|
|t:|1757925376
|move|p2a: Toxapex|Baneful Bunker|p2a: Toxapex
|-singleturn|p2a: Toxapex|move: Protect
|move|p1a: Masquerain|Air Slash|p2a: Toxapex
|-activate|p2a: Toxapex|move: Protect
|
|-damage|p1a: Masquerain|0 fnt|[from] psn
|faint|p1a: Masquerain
|upkeep
|
|t:|1757925387
|switch|p1a: Electrode|Electrode|100/100
|-status|p1a: Electrode|psn
|turn|7
|
|t:|1757925395
|switch|p2a: Garganacl|Garganacl, F|100/100
|-activate|p2a: Garganacl|move: Sticky Web
|-unboost|p2a: Garganacl|spe|1
|move|p1a: Electrode|Thunderbolt|p2a: Garganacl
|-damage|p2a: Garganacl|57/100
|
|-heal|p2a: Garganacl|63/100|[from] item: Leftovers
|-damage|p1a: Electrode|88/100 psn|[from] psn
|upkeep
|turn|8
|
|t:|1757925413
|switch|p1a: Whiscash|Whiscash, F|100/100
|-status|p1a: Whiscash|psn
|move|p2a: Garganacl|Recover|p2a: Garganacl
|-heal|p2a: Garganacl|100/100
|
|-damage|p1a: Whiscash|88/100 psn|[from] psn
|upkeep
|turn|9
|
|t:|1757925440
|move|p1a: Whiscash|Liquidation|p2a: Garganacl
|-supereffective|p2a: Garganacl
|-damage|p2a: Garganacl|70/100
|move|p2a: Garganacl|Iron Defense|p2a: Garganacl
|-boost|p2a: Garganacl|def|2
|
|-heal|p1a: Whiscash|94/100 psn|[from] item: Leftovers
|-heal|p2a: Garganacl|76/100|[from] item: Leftovers
|-damage|p1a: Whiscash|82/100 psn|[from] psn
|upkeep
|turn|10
|
|t:|1757925452
|move|p1a: Whiscash|Earthquake|p2a: Garganacl
|-supereffective|p2a: Garganacl
|-damage|p2a: Garganacl|57/100
|move|p2a: Garganacl|Iron Defense|p2a: Garganacl
|-boost|p2a: Garganacl|def|2
|
|-heal|p1a: Whiscash|88/100 psn|[from] item: Leftovers
|-heal|p2a: Garganacl|63/100|[from] item: Leftovers
|-damage|p1a: Whiscash|75/100 psn|[from] psn
|upkeep
|turn|11
|
|t:|1757925469
|move|p1a: Whiscash|Liquidation|p2a: Garganacl
|-supereffective|p2a: Garganacl
|-damage|p2a: Garganacl|51/100
|move|p2a: Garganacl|Iron Defense|p2a: Garganacl
|-boost|p2a: Garganacl|def|2
|
|-heal|p1a: Whiscash|81/100 psn|[from] item: Leftovers
|-heal|p2a: Garganacl|57/100|[from] item: Leftovers
|-damage|p1a: Whiscash|69/100 psn|[from] psn
|upkeep
|turn|12
|
|t:|1757925480
|move|p1a: Whiscash|Liquidation|p2a: Garganacl
|-supereffective|p2a: Garganacl
|-damage|p2a: Garganacl|49/100
|move|p2a: Garganacl|Recover|p2a: Garganacl
|-heal|p2a: Garganacl|99/100
|
|-heal|p1a: Whiscash|75/100 psn|[from] item: Leftovers
|-heal|p2a: Garganacl|100/100|[from] item: Leftovers
|-damage|p1a: Whiscash|63/100 psn|[from] psn
|upkeep
|turn|13
|
|t:|1757925495
|switch|p1a: Hoopa|Hoopa-Unbound|100/100
|-status|p1a: Hoopa|psn
|move|p2a: Garganacl|Salt Cure|p1a: Hoopa
|-damage|p1a: Hoopa|75/100 psn
|-start|p1a: Hoopa|Salt Cure
|
|-damage|p1a: Hoopa|62/100 psn|[from] psn
|-damage|p1a: Hoopa|50/100 psn|[from] Salt Cure
|upkeep
|turn|14
|
|t:|1757925511
|move|p1a: Hoopa|Drain Punch|p2a: Garganacl
|-supereffective|p2a: Garganacl
|-damage|p2a: Garganacl|93/100
|-heal|p1a: Hoopa|55/100 psn|[from] drain|[of] p2a: Garganacl
|move|p2a: Garganacl|Body Press|p1a: Hoopa
|-damage|p1a: Hoopa|0 fnt
|faint|p1a: Hoopa
|
|-heal|p2a: Garganacl|99/100|[from] item: Leftovers
|upkeep
|-message|greenpitter forfeited.
|
|win|AsuraBoi
|raw|greenpitter's rating: 1101 &rarr; <strong>1079</strong><br />(-22 for losing)
|raw|AsuraBoi's rating: 1137 &rarr; <strong>1159</strong><br />(+22 for winning)
|l|☆greenpitter
|player|p1|
|l|☆AsuraBoi
|player|p2|
