|j|☆Pigorilla
|j|☆evin
|t:|1757812338
|gametype|singles
|player|p1|Pigorilla|marlon|1508
|player|p2|evin|170|1499
|gen|9
|tier|[Gen 9] OU
|rated|
|rule|HP Percentage Mod: HP is shown in percentages
|rule|Endless Battle Clause: Forcing endless battles is banned
|rule|Species Clause: Limit one of each Pokémon
|rule|OHKO Clause: OHKO moves are banned
|rule|Evasion Items Clause: Evasion items are banned
|rule|Evasion Moves Clause: Evasion moves are banned
|rule|Evasion Abilities Clause: Evasion abilities are banned
|rule|Sleep Moves Clause: Sleep-inducing moves are banned
|clearpoke
|poke|p1|Primarina, F|
|poke|p1|Kingambit, F|
|poke|p1|Dragapult, F|
|poke|p1|Great Tusk|
|poke|p1|Glimmora, F|
|poke|p1|Enamorus, F|
|poke|p2|Staraptor, F|
|poke|p2|Darkrai|
|poke|p2|Toxapex, F|
|poke|p2|Great Tusk|
|poke|p2|Orthworm, M|
|poke|p2|Gengar, F|
|teampreview
|inactive|Battle timer is ON: inactive players will automatically lose when time's up. (requested by Pigorilla)
|
|t:|1757812360
|teamsize|p1|6
|teamsize|p2|6
|start
|switch|p1a: Primarina|Primarina, F, shiny|100/100
|switch|p2a: Gengar|Gengar, F|100/100
|turn|1
|
|t:|1757812379
|move|p2a: Gengar|Sludge Wave|p1a: Primarina
|-supereffective|p1a: Primarina
|-damage|p1a: Primarina|43/100
|move|p1a: Primarina|Surf|p2a: Gengar
|-damage|p2a: Gengar|20/100
|
|upkeep
|turn|2
|
|t:|1757812388
|switch|p2a: Darkrai|Darkrai, shiny|100/100
|-terastallize|p1a: Primarina|Poison
|move|p1a: Primarina|Surf|p2a: Darkrai
|-damage|p2a: Darkrai|31/100
|
|upkeep
|turn|3
|
|t:|1757812403
|move|p2a: Darkrai|Dark Pulse|p1a: Primarina
|-damage|p1a: Primarina|17/100
|cant|p1a: Primarina|flinch
|
|upkeep
|turn|4
|
|t:|1757812409
|move|p2a: Darkrai|Dark Pulse|p1a: Primarina
|-damage|p1a: Primarina|0 fnt
|faint|p1a: Primarina
|
|upkeep
|
|t:|1757812413
|switch|p1a: Dragapult|Dragapult, F|100/100
|turn|5
|
|t:|1757812418
|switch|p2a: Orthworm|Orthworm, M|100/100
|move|p1a: Dragapult|U-turn|p2a: Orthworm
|-resisted|p2a: Orthworm
|-damage|p2a: Orthworm|93/100
|
|t:|1757812426
|switch|p1a: Glimmora|Glimmora, F, shiny|100/100|[from] U-turn
|
|-heal|p2a: Orthworm|99/100|[from] item: Leftovers
|upkeep
|turn|6
|
|t:|1757812432
|move|p1a: Glimmora|Stealth Rock|p2a: Orthworm
|-sidestart|p2: evin|move: Stealth Rock
|move|p2a: Orthworm|Spikes|p1a: Glimmora
|-sidestart|p1: Pigorilla|Spikes
|
|-heal|p2a: Orthworm|100/100|[from] item: Leftovers
|upkeep
|turn|7
|
|t:|1757812438
|switch|p1a: Dragapult|Dragapult, F|100/100
|-damage|p1a: Dragapult|88/100|[from] Spikes
|move|p2a: Orthworm|Spikes|p1a: Dragapult
|-sidestart|p1: Pigorilla|Spikes
|
|upkeep
|turn|8
|
|t:|1757812443
|move|p1a: Dragapult|Flamethrower|p2a: Orthworm
|-supereffective|p2a: Orthworm
|-damage|p2a: Orthworm|22/100
|move|p2a: Orthworm|Heavy Slam|p1a: Dragapult
|-damage|p1a: Dragapult|41/100
|
|-heal|p2a: Orthworm|28/100|[from] item: Leftovers
|upkeep
|turn|9
|
|t:|1757812452
|switch|p2a: Toxapex|Toxapex, F|100/100
|-damage|p2a: Toxapex|88/100|[from] Stealth Rock
|move|p1a: Dragapult|Flamethrower|p2a: Toxapex
|-resisted|p2a: Toxapex
|-damage|p2a: Toxapex|73/100
|
|upkeep
|turn|10
|
|t:|1757812458
|switch|p1a: Glimmora|Glimmora, F, shiny|100/100
|-damage|p1a: Glimmora|84/100|[from] Spikes
|move|p2a: Toxapex|Infestation|p1a: Glimmora
|-resisted|p1a: Glimmora
|-damage|p1a: Glimmora|83/100
|-activate|p1a: Glimmora|move: Infestation|[of] p2a: Toxapex
|-enditem|p1a: Glimmora|Red Card|[of] p2a: Toxapex
|drag|p2a: Great Tusk|Great Tusk|100/100
|-damage|p2a: Great Tusk|97/100|[from] Stealth Rock
|
|-end|p1a: Glimmora|Infestation|[partiallytrapped]|[silent]
|upkeep
|turn|11
|
|t:|1757812467
|switch|p1a: Enamorus|Enamorus, F|100/100
|move|p2a: Great Tusk|Headlong Rush|p1a: Enamorus
|-immune|p1a: Enamorus
|
|upkeep
|turn|12
|
|t:|1757812472
|move|p1a: Enamorus|Moonblast|p2a: Great Tusk
|-supereffective|p2a: Great Tusk
|-damage|p2a: Great Tusk|0 fnt
|faint|p2a: Great Tusk
|-end|p2a: Great Tusk|Protosynthesis|[silent]
|
|upkeep
|
|t:|1757812479
|switch|p2a: Darkrai|Darkrai, shiny|31/100
|-damage|p2a: Darkrai|19/100|[from] Stealth Rock
|turn|13
|
|t:|1757812485
|move|p1a: Enamorus|Moonblast|p2a: Darkrai
|-supereffective|p2a: Darkrai
|-damage|p2a: Darkrai|0 fnt
|faint|p2a: Darkrai
|
|upkeep
|
|t:|1757812493
|switch|p2a: Toxapex|Toxapex, F|100/100
|-damage|p2a: Toxapex|88/100|[from] Stealth Rock
|turn|14
|
|t:|1757812497
|switch|p1a: Glimmora|Glimmora, F, shiny|83/100
|-damage|p1a: Glimmora|66/100|[from] Spikes
|move|p2a: Toxapex|Infestation|p1a: Glimmora
|-resisted|p1a: Glimmora
|-damage|p1a: Glimmora|65/100
|-activate|p1a: Glimmora|move: Infestation|[of] p2a: Toxapex
|
|-damage|p1a: Glimmora|53/100|[from] move: Infestation|[partiallytrapped]
|upkeep
|turn|15
|
|t:|1757812504
|move|p2a: Toxapex|Baneful Bunker|p2a: Toxapex
|-singleturn|p2a: Toxapex|move: Protect
|move|p1a: Glimmora|Mortal Spin|p2a: Toxapex
|-activate|p2a: Toxapex|move: Protect
|
|-damage|p1a: Glimmora|40/100|[from] move: Infestation|[partiallytrapped]
|upkeep
|turn|16
|
|t:|1757812510
|switch|p2a: Orthworm|Orthworm, M|28/100
|-damage|p2a: Orthworm|22/100|[from] Stealth Rock
|move|p1a: Glimmora|Power Gem|p2a: Orthworm
|-resisted|p2a: Orthworm
|-damage|p2a: Orthworm|5/100
|
|-heal|p2a: Orthworm|11/100|[from] item: Leftovers
|-end|p1a: Glimmora|Infestation|[partiallytrapped]|[silent]
|upkeep
|turn|17
|
|t:|1757812513
|move|p1a: Glimmora|Power Gem|p2a: Orthworm
|-resisted|p2a: Orthworm
|-damage|p2a: Orthworm|0 fnt
|faint|p2a: Orthworm
|
|upkeep
|
|t:|1757812517
|switch|p2a: Gengar|Gengar, F|20/100
|-damage|p2a: Gengar|8/100|[from] Stealth Rock
|turn|18
|
|t:|1757812527
|switch|p1a: Kingambit|Kingambit, F|100/100
|-damage|p1a: Kingambit|84/100|[from] Spikes
|-activate|p1a: Kingambit|ability: Supreme Overlord
|-start|p1a: Kingambit|fallen1|[silent]
|move|p2a: Gengar|Shadow Ball|p1a: Kingambit
|-resisted|p1a: Kingambit
|-damage|p1a: Kingambit|65/100
|
|-heal|p1a: Kingambit|72/100|[from] item: Leftovers
|upkeep
|turn|19
|
|t:|1757812532
|move|p2a: Gengar|Shadow Ball|p1a: Kingambit
|-resisted|p1a: Kingambit
|-damage|p1a: Kingambit|50/100
|move|p1a: Kingambit|Kowtow Cleave|p2a: Gengar
|-supereffective|p2a: Gengar
|-damage|p2a: Gengar|0 fnt
|-start|p1a: Kingambit|Disable|Kowtow Cleave|[from] ability: Cursed Body|[of] p2a: Gengar
|faint|p2a: Gengar
|
|-heal|p1a: Kingambit|56/100|[from] item: Leftovers
|upkeep
|
|t:|1757812536
|switch|p2a: Toxapex|Toxapex, F|100/100
|-damage|p2a: Toxapex|88/100|[from] Stealth Rock
|turn|20
|
|t:|1757812539
|-end|p1a: Kingambit|fallen1|[silent]
|switch|p1a: Glimmora|Glimmora, F, shiny|40/100
|-damage|p1a: Glimmora|24/100|[from] Spikes
|move|p2a: Toxapex|Surf|p1a: Glimmora
|-supereffective|p1a: Glimmora
|-damage|p1a: Glimmora|0 fnt
|faint|p1a: Glimmora
|
|upkeep
|
|t:|1757812543
|switch|p1a: Great Tusk|Great Tusk|100/100
|-damage|p1a: Great Tusk|84/100|[from] Spikes
|-enditem|p1a: Great Tusk|Booster Energy
|-activate|p1a: Great Tusk|ability: Protosynthesis|[fromitem]
|-start|p1a: Great Tusk|protosynthesisspe
|turn|21
|
|t:|1757812550
|-terastallize|p2a: Toxapex|Grass
|move|p1a: Great Tusk|Rapid Spin|p2a: Toxapex
|-damage|p2a: Toxapex|79/100
|-boost|p1a: Great Tusk|spe|1
|-damage|p1a: Great Tusk|67/100|[from] item: Rocky Helmet|[of] p2a: Toxapex
|-sideend|p1: Pigorilla|Spikes|[from] move: Rapid Spin|[of] p1a: Great Tusk
|move|p2a: Toxapex|Surf|p1a: Great Tusk
|-supereffective|p1a: Great Tusk
|-damage|p1a: Great Tusk|18/100
|
|upkeep
|turn|22
|
|t:|1757812559
|move|p2a: Toxapex|Baneful Bunker|p2a: Toxapex
|-singleturn|p2a: Toxapex|move: Protect
|move|p1a: Great Tusk|Ice Spinner|p2a: Toxapex
|-activate|p2a: Toxapex|move: Protect
|-status|p1a: Great Tusk|psn
|
|-damage|p1a: Great Tusk|6/100 psn|[from] psn
|upkeep
|turn|23
|
|t:|1757812564
|move|p1a: Great Tusk|Ice Spinner|p2a: Toxapex
|-supereffective|p2a: Toxapex
|-damage|p2a: Toxapex|52/100
|-damage|p1a: Great Tusk|0 fnt|[from] item: Rocky Helmet|[of] p2a: Toxapex
|faint|p1a: Great Tusk
|-end|p1a: Great Tusk|Protosynthesis|[silent]
|move|p2a: Toxapex|Recover|p2a: Toxapex
|-heal|p2a: Toxapex|100/100
|
|upkeep
|
|t:|1757812574
|switch|p1a: Kingambit|Kingambit, F|56/100
|-activate|p1a: Kingambit|ability: Supreme Overlord
|-start|p1a: Kingambit|fallen3|[silent]
|turn|24
|
|t:|1757812578
|move|p1a: Kingambit|Swords Dance|p1a: Kingambit
|-boost|p1a: Kingambit|atk|2
|move|p2a: Toxapex|Infestation|p1a: Kingambit
|-damage|p1a: Kingambit|53/100
|-activate|p1a: Kingambit|move: Infestation|[of] p2a: Toxapex
|
|-heal|p1a: Kingambit|60/100|[from] item: Leftovers
|-damage|p1a: Kingambit|47/100|[from] move: Infestation|[partiallytrapped]
|upkeep
|turn|25
|
|t:|1757812582
|move|p1a: Kingambit|Kowtow Cleave|p2a: Toxapex
|-damage|p2a: Toxapex|21/100
|-damage|p1a: Kingambit|31/100|[from] item: Rocky Helmet|[of] p2a: Toxapex
|move|p2a: Toxapex|Surf|p1a: Kingambit
|-damage|p1a: Kingambit|12/100
|
|-heal|p1a: Kingambit|18/100|[from] item: Leftovers
|-damage|p1a: Kingambit|6/100|[from] move: Infestation|[partiallytrapped]
|upkeep
|turn|26
|
|t:|1757812588
|move|p2a: Toxapex|Baneful Bunker|p2a: Toxapex
|-singleturn|p2a: Toxapex|move: Protect
|move|p1a: Kingambit|Kowtow Cleave|p2a: Toxapex
|-activate|p2a: Toxapex|move: Protect
|
|-heal|p1a: Kingambit|12/100|[from] item: Leftovers
|-damage|p1a: Kingambit|0 fnt|[from] move: Infestation|[partiallytrapped]
|faint|p1a: Kingambit
|-end|p1a: Kingambit|fallen3|[silent]
|upkeep
|
|t:|1757812593
|switch|p1a: Dragapult|Dragapult, F|41/100
|turn|27
|
|t:|1757812605
|switch|p2a: Staraptor|Staraptor, F|100/100
|-damage|p2a: Staraptor|76/100|[from] Stealth Rock
|move|p1a: Dragapult|Flamethrower|p2a: Staraptor
|-damage|p2a: Staraptor|6/100
|
|upkeep
|turn|28
|
|t:|1757812613
|switch|p1a: Enamorus|Enamorus, F|100/100
|move|p2a: Staraptor|Brave Bird|p1a: Enamorus
|-crit|p1a: Enamorus
|-damage|p1a: Enamorus|0 fnt
|faint|p1a: Enamorus
|-damage|p2a: Staraptor|0 fnt|[from] Recoil
|faint|p2a: Staraptor
|
|upkeep
|
|t:|1757812616
|switch|p2a: Toxapex|Toxapex, F, tera:Grass|54/100
|switch|p1a: Dragapult|Dragapult, F|41/100
|-damage|p2a: Toxapex|42/100|[from] Stealth Rock
|turn|29
|
|t:|1757812621
|move|p2a: Toxapex|Baneful Bunker|p2a: Toxapex
|-singleturn|p2a: Toxapex|move: Protect
|move|p1a: Dragapult|Flamethrower|p2a: Toxapex
|-activate|p2a: Toxapex|move: Protect
|
|upkeep
|turn|30
|
|t:|1757812625
|move|p1a: Dragapult|Flamethrower|p2a: Toxapex
|-supereffective|p2a: Toxapex
|-damage|p2a: Toxapex|0 fnt
|faint|p2a: Toxapex
|
|win|Pigorilla
|raw|Pigorilla's rating: 1508 &rarr; <strong>1527</strong><br />(+19 for winning)
|raw|evin's rating: 1499 &rarr; <strong>1480</strong><br />(-19 for losing)
|l|☆evin
|player|p2|
|l|☆Pigorilla
|player|p1|
