|j|☆iamclouds
|j|☆Jorora
|t:|1757916936
|gametype|singles
|player|p1|iamclouds|pokemaniac|1105
|player|p2|Jorora|lance|1120
|gen|9
|tier|[Gen 9] OU
|rated|
|rule|HP Percentage Mod: HP is shown in percentages
|rule|Endless Battle Clause: Forcing endless battles is banned
|rule|Species Clause: Limit one of each Pokémon
|rule|OHKO Clause: OHKO moves are banned
|rule|Evasion Items Clause: Evasion items are banned
|rule|Evasion Moves Clause: Evasion moves are banned
|rule|Evasion Abilities Clause: Evasion abilities are banned
|rule|Sleep Moves Clause: Sleep-inducing moves are banned
|clearpoke
|poke|p1|Hatterene, F|
|poke|p1|Diancie|
|poke|p1|Kingambit, M|
|poke|p1|Raging Bolt|
|poke|p1|Armarouge, M|
|poke|p1|Sinistcha|
|poke|p2|Garchomp, M|
|poke|p2|Dragonite, F|
|poke|p2|Walking Wake|
|poke|p2|Duraludon, F|
|poke|p2|Goodra-Hisui, M|
|poke|p2|Kingdra, M|
|teampreview
|
|t:|1757916944
|teamsize|p1|6
|teamsize|p2|6
|start
|switch|p1a: slow down|Hatterene, F|100/100
|switch|p2a: Duraludon|Duraludon, F, shiny|100/100
|turn|1
|
|t:|1757916951
|move|p2a: Duraludon|Stealth Rock|p1a: slow down
|move|p1a: slow down|Stealth Rock|p2a: Duraludon|[from] ability: Magic Bounce
|-sidestart|p2: Jorora|move: Stealth Rock
|move|p1a: slow down|Trick Room|p1a: slow down
|-fieldstart|move: Trick Room|[of] p1a: slow down
|
|upkeep
|turn|2
|
|t:|1757916967
|move|p1a: slow down|Mystical Fire|p2a: Duraludon
|-damage|p2a: Duraludon|65/100
|-unboost|p2a: Duraludon|spa|1
|move|p2a: Duraludon|Mirror Coat|p1a: slow down
|-damage|p1a: slow down|24/100
|
|upkeep
|turn|3
|
|t:|1757916983
|move|p1a: slow down|Draining Kiss|p2a: Duraludon
|-damage|p2a: Duraludon|31/100
|-heal|p1a: slow down|51/100|[from] drain|[of] p2a: Duraludon
|move|p2a: Duraludon|Stealth Rock|p1a: slow down
|move|p1a: slow down|Stealth Rock||[from] ability: Magic Bounce|[still]
|-fail|p1a: slow down
|
|upkeep
|turn|4
|
|t:|1757916994
|switch|p2a: Goodra|Goodra-Hisui, M|100/100
|-damage|p2a: Goodra|94/100|[from] Stealth Rock
|-item|p2a: Goodra|Air Balloon
|move|p1a: slow down|Draining Kiss|p2a: Goodra
|-damage|p2a: Goodra|74/100
|-heal|p1a: slow down|69/100|[from] drain|[of] p2a: Goodra
|-ability|p2a: Goodra|Gooey
|-unboost|p1a: slow down|spe|1
|-enditem|p2a: Goodra|Air Balloon
|
|upkeep
|turn|5
|
|t:|1757917008
|-terastallize|p2a: Goodra|Poison
|move|p1a: slow down|Mystical Fire|p2a: Goodra
|-damage|p2a: Goodra|52/100
|-unboost|p2a: Goodra|spa|1
|move|p2a: Goodra|Sludge Bomb|p1a: slow down
|-supereffective|p1a: slow down
|-damage|p1a: slow down|7/100
|
|-fieldend|move: Trick Room
|upkeep
|turn|6
|
|t:|1757917026
|switch|p1a: fire pew pew|Armarouge, M|100/100
|move|p2a: Goodra|Knock Off|p1a: fire pew pew
|-supereffective|p1a: fire pew pew
|-damage|p1a: fire pew pew|63/100
|-enditem|p1a: fire pew pew|Life Orb|[from] move: Knock Off|[of] p2a: Goodra
|
|upkeep
|turn|7
|
|t:|1757917043
|move|p2a: Goodra|Sludge Bomb|p1a: fire pew pew
|-damage|p1a: fire pew pew|32/100
|-status|p1a: fire pew pew|psn
|move|p1a: fire pew pew|Trick Room|p1a: fire pew pew
|-fieldstart|move: Trick Room|[of] p1a: fire pew pew
|
|-damage|p1a: fire pew pew|19/100 psn|[from] psn
|upkeep
|turn|8
|
|t:|1757917059
|switch|p2a: Kingdra|Kingdra, M|100/100
|-damage|p2a: Kingdra|88/100|[from] Stealth Rock
|move|p1a: fire pew pew|Expanding Force|p2a: Kingdra
|-damage|p2a: Kingdra|36/100
|
|-damage|p1a: fire pew pew|7/100 psn|[from] psn
|upkeep
|turn|9
|inactive|Battle timer is ON: inactive players will automatically lose when time's up. (requested by iamclouds)
|
|t:|1757917071
|move|p1a: fire pew pew|Energy Ball|p2a: Kingdra
|-damage|p2a: Kingdra|0 fnt
|faint|p2a: Kingdra
|
|-damage|p1a: fire pew pew|0 fnt|[from] psn
|faint|p1a: fire pew pew
|upkeep
|
|t:|1757917079
|switch|p1a: slow down|Hatterene, F|7/100
|switch|p2a: Goodra|Goodra-Hisui, M, tera:Poison|52/100
|-damage|p2a: Goodra|40/100|[from] Stealth Rock
|turn|10
|
|t:|1757917089
|move|p1a: slow down|Psychic|p2a: Goodra
|-supereffective|p2a: Goodra
|-damage|p2a: Goodra|0 fnt
|faint|p2a: Goodra
|
|upkeep
|
|t:|1757917097
|switch|p2a: Dragonite|Dragonite, F|100/100
|-damage|p2a: Dragonite|76/100|[from] Stealth Rock
|turn|11
|
|t:|1757917102
|move|p2a: Dragonite|Extreme Speed|p1a: slow down
|-crit|p1a: slow down
|-damage|p1a: slow down|0 fnt
|faint|p1a: slow down
|
|-fieldend|move: Trick Room
|upkeep
|
|t:|1757917107
|switch|p1a: trixie mattel|Diancie|100/100
|-item|p1a: trixie mattel|Air Balloon
|turn|12
|
|t:|1757917118
|move|p2a: Dragonite|Brick Break|p1a: trixie mattel
|-damage|p1a: trixie mattel|76/100
|-enditem|p1a: trixie mattel|Air Balloon
|move|p1a: trixie mattel|Trick Room|p1a: trixie mattel
|-fieldstart|move: Trick Room|[of] p1a: trixie mattel
|
|upkeep
|turn|13
|
|t:|1757917127
|switch|p2a: Duraludon|Duraludon, F, shiny|31/100
|-damage|p2a: Duraludon|25/100|[from] Stealth Rock
|move|p1a: trixie mattel|Diamond Storm|p2a: Duraludon
|-resisted|p2a: Duraludon
|-damage|p2a: Duraludon|18/100
|-boost|p1a: trixie mattel|def|2
|
|upkeep
|turn|14
|
|t:|1757917135
|move|p1a: trixie mattel|Moonblast|p2a: Duraludon
|-damage|p2a: Duraludon|0 fnt
|faint|p2a: Duraludon
|
|upkeep
|
|t:|1757917143
|switch|p2a: Garchomp|Garchomp, M, shiny|100/100
|-damage|p2a: Garchomp|94/100|[from] Stealth Rock
|turn|15
|
|t:|1757917158
|switch|p2a: Walking Wake|Walking Wake|100/100
|-damage|p2a: Walking Wake|88/100|[from] Stealth Rock
|-enditem|p2a: Walking Wake|Booster Energy
|-activate|p2a: Walking Wake|ability: Protosynthesis|[fromitem]
|-start|p2a: Walking Wake|protosynthesisspe
|-terastallize|p1a: trixie mattel|Fairy
|move|p1a: trixie mattel|Moonblast|p2a: Walking Wake
|-supereffective|p2a: Walking Wake
|-damage|p2a: Walking Wake|0 fnt
|faint|p2a: Walking Wake
|-end|p2a: Walking Wake|Protosynthesis|[silent]
|
|upkeep
|
|t:|1757917169
|switch|p2a: Dragonite|Dragonite, F|76/100
|-damage|p2a: Dragonite|51/100|[from] Stealth Rock
|turn|16
|
|t:|1757917173
|move|p2a: Dragonite|Extreme Speed|p1a: trixie mattel
|-damage|p1a: trixie mattel|63/100
|move|p1a: trixie mattel|Moonblast|p2a: Dragonite
|-supereffective|p2a: Dragonite
|-damage|p2a: Dragonite|0 fnt
|faint|p2a: Dragonite
|
|-fieldend|move: Trick Room
|upkeep
|
|t:|1757917180
|switch|p2a: Garchomp|Garchomp, M, shiny|94/100
|-damage|p2a: Garchomp|88/100|[from] Stealth Rock
|turn|17
|
|t:|1757917186
|move|p2a: Garchomp|Iron Head|p1a: trixie mattel
|-supereffective|p1a: trixie mattel
|-damage|p1a: trixie mattel|41/100
|move|p1a: trixie mattel|Moonblast|p2a: Garchomp
|-supereffective|p2a: Garchomp
|-crit|p2a: Garchomp
|-damage|p2a: Garchomp|0 fnt
|faint|p2a: Garchomp
|
|win|iamclouds
|raw|iamclouds's rating: 1105 &rarr; <strong>1131</strong><br />(+26 for winning)
|raw|Jorora's rating: 1120 &rarr; <strong>1094</strong><br />(-26 for losing)
|l|☆iamclouds
|player|p1|
|l|☆Jorora
|player|p2|
