|j|☆Dracorex_Craneus
|j|☆Leapon
|t:|1757822973
|gametype|singles
|player|p1|Dracorex_Craneus|clay|1253
|player|p2|Leapon|steven|1232
|gen|9
|tier|[Gen 9] OU
|rated|
|rule|HP Percentage Mod: HP is shown in percentages
|rule|Endless Battle Clause: Forcing endless battles is banned
|rule|Species Clause: Limit one of each Pokémon
|rule|OHKO Clause: OHKO moves are banned
|rule|Evasion Items Clause: Evasion items are banned
|rule|Evasion Moves Clause: Evasion moves are banned
|rule|Evasion Abilities Clause: Evasion abilities are banned
|rule|Sleep Moves Clause: Sleep-inducing moves are banned
|clearpoke
|poke|p1|Alomomola, F|
|poke|p1|Ceruledge, M|
|poke|p1|Darkrai|
|poke|p1|Dragonite, M|
|poke|p1|Garganacl, M|
|poke|p1|Gholdengo|
|poke|p2|Rillaboom, M|
|poke|p2|Swampert, M|
|poke|p2|Clefable, F|
|poke|p2|Slowking-Galar, F|
|poke|p2|Thundurus-Therian, M|
|poke|p2|Glimmora, F|
|teampreview
|inactive|Battle timer is ON: inactive players will automatically lose when time's up. (requested by Dracorex_Craneus)
|
|t:|1757822985
|teamsize|p1|6
|teamsize|p2|6
|start
|switch|p1a: Darkrai|Darkrai|100/100
|switch|p2a: Glimmora|Glimmora, F|100/100
|turn|1
|
|t:|1757822996
|move|p1a: Darkrai|Dark Pulse|p2a: Glimmora
|-damage|p2a: Glimmora|24/100
|-damage|p1a: Darkrai|91/100|[from] item: Life Orb
|move|p2a: Glimmora|Stealth Rock|p1a: Darkrai
|-sidestart|p1: Dracorex_Craneus|move: Stealth Rock
|
|upkeep
|turn|2
|
|t:|1757823010
|switch|p2a: Bola Rosa|Clefable, F|100/100
|move|p1a: Darkrai|Dark Pulse|p2a: Bola Rosa
|-resisted|p2a: Bola Rosa
|-damage|p2a: Bola Rosa|73/100
|-damage|p1a: Darkrai|81/100|[from] item: Life Orb
|
|upkeep
|turn|3
|
|t:|1757823027
|move|p1a: Darkrai|Sludge Bomb|p2a: Bola Rosa
|-supereffective|p2a: Bola Rosa
|-damage|p2a: Bola Rosa|0 fnt
|faint|p2a: Bola Rosa
|-damage|p1a: Darkrai|71/100|[from] item: Life Orb
|
|upkeep
|
|t:|1757823037
|switch|p2a: Super Saiyajin3|Rillaboom, M|100/100
|-fieldstart|move: Grassy Terrain|[from] ability: Grassy Surge|[of] p2a: Super Saiyajin3
|turn|4
|
|t:|1757823043
|move|p2a: Super Saiyajin3|Grassy Glide|p1a: Darkrai
|-damage|p1a: Darkrai|0 fnt
|faint|p1a: Darkrai
|-damage|p2a: Super Saiyajin3|90/100|[from] item: Life Orb
|
|-heal|p2a: Super Saiyajin3|97/100|[from] Grassy Terrain
|upkeep
|
|t:|1757823050
|switch|p1a: Ceruledge|Ceruledge, M|100/100
|-damage|p1a: Ceruledge|76/100|[from] Stealth Rock
|turn|5
|
|t:|1757823056
|-terastallize|p2a: Super Saiyajin3|Fire
|move|p1a: Ceruledge|Bitter Blade|p2a: Super Saiyajin3
|-resisted|p2a: Super Saiyajin3
|-damage|p2a: Super Saiyajin3|75/100
|-heal|p1a: Ceruledge|90/100|[from] drain|[of] p2a: Super Saiyajin3
|move|p2a: Super Saiyajin3|Knock Off|p1a: Ceruledge
|-supereffective|p1a: Ceruledge
|-damage|p1a: Ceruledge|0 fnt
|-enditem|p1a: Ceruledge|Focus Sash|[from] move: Knock Off|[of] p2a: Super Saiyajin3
|faint|p1a: Ceruledge
|-damage|p2a: Super Saiyajin3|65/100|[from] item: Life Orb
|
|-heal|p2a: Super Saiyajin3|72/100|[from] Grassy Terrain
|upkeep
|
|t:|1757823070
|switch|p1a: Alomomola|Alomomola, F|100/100
|turn|6
|
|t:|1757823074
|move|p2a: Super Saiyajin3|Swords Dance|p2a: Super Saiyajin3
|-boost|p2a: Super Saiyajin3|atk|2
|move|p1a: Alomomola|Scald|p2a: Super Saiyajin3
|-supereffective|p2a: Super Saiyajin3
|-damage|p2a: Super Saiyajin3|40/100
|
|-heal|p2a: Super Saiyajin3|46/100|[from] Grassy Terrain
|upkeep
|turn|7
|
|t:|1757823083
|move|p2a: Super Saiyajin3|Grassy Glide|p1a: Alomomola
|-supereffective|p1a: Alomomola
|-damage|p1a: Alomomola|0 fnt
|faint|p1a: Alomomola
|-damage|p2a: Super Saiyajin3|36/100|[from] item: Life Orb
|
|-heal|p2a: Super Saiyajin3|42/100|[from] Grassy Terrain
|upkeep
|
|t:|1757823090
|switch|p1a: Gholdengo|Gholdengo|100/100
|-damage|p1a: Gholdengo|94/100|[from] Stealth Rock
|-item|p1a: Gholdengo|Air Balloon
|turn|8
|
|t:|1757823095
|move|p2a: Super Saiyajin3|Knock Off|p1a: Gholdengo
|-supereffective|p1a: Gholdengo
|-damage|p1a: Gholdengo|0 fnt
|-enditem|p1a: Gholdengo|Air Balloon
|faint|p1a: Gholdengo
|-damage|p2a: Super Saiyajin3|32/100|[from] item: Life Orb
|
|-heal|p2a: Super Saiyajin3|38/100|[from] Grassy Terrain
|-fieldend|move: Grassy Terrain
|upkeep
|
|t:|1757823097
|switch|p1a: Dragonite|Dragonite, M|100/100
|turn|9
|
|t:|1757823105
|move|p1a: Dragonite|Dragon Dance|p1a: Dragonite
|-boost|p1a: Dragonite|atk|1
|-boost|p1a: Dragonite|spe|1
|move|p2a: Super Saiyajin3|Knock Off|p1a: Dragonite
|-damage|p1a: Dragonite|47/100
|-enditem|p1a: Dragonite|Heavy-Duty Boots|[from] move: Knock Off|[of] p2a: Super Saiyajin3
|-damage|p2a: Super Saiyajin3|28/100|[from] item: Life Orb
|
|upkeep
|turn|10
|
|t:|1757823115
|move|p1a: Dragonite|Earthquake|p2a: Super Saiyajin3
|-supereffective|p2a: Super Saiyajin3
|-damage|p2a: Super Saiyajin3|0 fnt
|faint|p2a: Super Saiyajin3
|
|upkeep
|
|t:|1757823120
|switch|p2a: Ajolotote|Swampert, M|100/100
|turn|11
|
|t:|1757823124
|-terastallize|p1a: Dragonite|Normal
|move|p1a: Dragonite|Extreme Speed|p2a: Ajolotote
|-damage|p2a: Ajolotote|39/100
|move|p2a: Ajolotote|Ice Punch|p1a: Dragonite
|-crit|p1a: Dragonite
|-damage|p1a: Dragonite|1/100
|
|-heal|p2a: Ajolotote|45/100|[from] item: Leftovers
|upkeep
|turn|12
|
|t:|1757823140
|switch|p2a: Glimmora|Glimmora, F|24/100
|move|p1a: Dragonite|Extreme Speed|p2a: Glimmora
|-resisted|p2a: Glimmora
|-damage|p2a: Glimmora|0 fnt
|-activate|p2a: Glimmora|ability: Toxic Debris
|-sidestart|p1: Dracorex_Craneus|move: Toxic Spikes
|faint|p2a: Glimmora
|
|upkeep
|
|t:|1757823154
|switch|p2a: Slowking|Slowking-Galar, F|100/100
|turn|13
|
|t:|1757823157
|move|p1a: Dragonite|Earthquake|p2a: Slowking
|-supereffective|p2a: Slowking
|-damage|p2a: Slowking|0 fnt
|faint|p2a: Slowking
|
|upkeep
|
|t:|1757823170
|switch|p2a: Thundurus|Thundurus-Therian, M|100/100
|turn|14
|
|t:|1757823176
|move|p1a: Dragonite|Ice Spinner|p2a: Thundurus
|-supereffective|p2a: Thundurus
|-damage|p2a: Thundurus|0 fnt
|faint|p2a: Thundurus
|
|upkeep
|
|t:|1757823182
|switch|p2a: Ajolotote|Swampert, M|45/100
|turn|15
|
|t:|1757823186
|move|p1a: Dragonite|Extreme Speed|p2a: Ajolotote
|-damage|p2a: Ajolotote|0 fnt
|faint|p2a: Ajolotote
|
|win|Dracorex_Craneus
|raw|Dracorex_Craneus's rating: 1253 &rarr; <strong>1276</strong><br />(+23 for winning)
|raw|Leapon's rating: 1232 &rarr; <strong>1209</strong><br />(-23 for losing)
|l|☆Leapon
|player|p2|
|l|☆Dracorex_Craneus
|player|p1|
