|j|☆acerrillo6970
|j|☆WickedRest
|t:|1757826895
|gametype|singles
|player|p1|acerrillo6970|265|1216
|player|p2|WickedRest|blue|1206
|gen|9
|tier|[Gen 9] OU
|rated|
|rule|HP Percentage Mod: HP is shown in percentages
|rule|Endless Battle Clause: Forcing endless battles is banned
|rule|Species Clause: Limit one of each Pokémon
|rule|OHKO Clause: OHKO moves are banned
|rule|Evasion Items Clause: Evasion items are banned
|rule|Evasion Moves Clause: Evasion moves are banned
|rule|Evasion Abilities Clause: Evasion abilities are banned
|rule|Sleep Moves Clause: Sleep-inducing moves are banned
|clearpoke
|poke|p1|Raikou|
|poke|p1|Comfey, F|
|poke|p1|Tentacruel, M|
|poke|p1|Meowscarada, M|
|poke|p1|Darkrai|
|poke|p1|Flamigo, F|
|poke|p2|Dragapult, F|
|poke|p2|Iron Moth|
|poke|p2|Quaquaval, M|
|poke|p2|Pecharunt|
|poke|p2|Garganacl, M|
|poke|p2|Lokix, F|
|teampreview
|inactive|Battle timer is ON: inactive players will automatically lose when time's up. (requested by WickedRest)
|
|t:|1757826903
|teamsize|p1|6
|teamsize|p2|6
|start
|switch|p1a: Meowscarada|Meowscarada, M|100/100
|switch|p2a: Lokix|Lokix, F|100/100
|turn|1
|
|t:|1757826908
|move|p2a: Lokix|First Impression|p1a: Meowscarada
|-supereffective|p1a: Meowscarada
|-enditem|p1a: Meowscarada|Focus Sash
|-damage|p1a: Meowscarada|1/100
|move|p1a: Meowscarada|Hone Claws|p1a: Meowscarada
|-boost|p1a: Meowscarada|atk|1
|-boost|p1a: Meowscarada|accuracy|1
|
|upkeep
|turn|2
|
|t:|1757826921
|switch|p2a: Dragapult|Dragapult, F|100/100
|move|p1a: Meowscarada|Sucker Punch||[still]
|-fail|p1a: Meowscarada
|
|upkeep
|turn|3
|
|t:|1757826928
|switch|p2a: Terracota|Garganacl, M, shiny|100/100
|move|p1a: Meowscarada|Knock Off|p2a: Terracota
|-damage|p2a: Terracota|68/100
|-enditem|p2a: Terracota|Leftovers|[from] move: Knock Off|[of] p1a: Meowscarada
|
|upkeep
|turn|4
|
|t:|1757826936
|move|p1a: Meowscarada|Flower Trick|p2a: Terracota
|-supereffective|p2a: Terracota
|-crit|p2a: Terracota
|-damage|p2a: Terracota|0 fnt
|faint|p2a: Terracota
|
|upkeep
|
|t:|1757826939
|switch|p2a: Lokix|Lokix, F|100/100
|turn|5
|
|t:|1757826947
|move|p2a: Lokix|First Impression|p1a: Meowscarada
|-supereffective|p1a: Meowscarada
|-damage|p1a: Meowscarada|0 fnt
|faint|p1a: Meowscarada
|
|upkeep
|
|t:|1757826949
|switch|p1a: Comfey|Comfey, F|100/100
|turn|6
|
|t:|1757826955
|switch|p2a: Teardrop|Pecharunt|100/100
|move|p1a: Comfey|Calm Mind|p1a: Comfey
|-boost|p1a: Comfey|spa|1
|-boost|p1a: Comfey|spd|1
|
|upkeep
|turn|7
|
|t:|1757826961
|-terastallize|p1a: Comfey|Ground
|move|p1a: Comfey|Calm Mind|p1a: Comfey
|-boost|p1a: Comfey|spa|1
|-boost|p1a: Comfey|spd|1
|move|p2a: Teardrop|Malignant Chain|p1a: Comfey
|-resisted|p1a: Comfey
|-damage|p1a: Comfey|91/100
|
|upkeep
|turn|8
|
|t:|1757826969
|move|p1a: Comfey|Tera Blast|p2a: Teardrop|[anim] Tera Blast Ground
|-supereffective|p2a: Teardrop
|-damage|p2a: Teardrop|0 fnt
|faint|p2a: Teardrop
|
|upkeep
|
|t:|1757826985
|switch|p2a: Quaquaval|Quaquaval, M|100/100
|turn|9
|
|t:|1757826988
|-terastallize|p2a: Quaquaval|Steel
|move|p1a: Comfey|Draining Kiss|p2a: Quaquaval
|-resisted|p2a: Quaquaval
|-damage|p2a: Quaquaval|77/100
|-heal|p1a: Comfey|100/100|[from] drain|[of] p2a: Quaquaval
|move|p2a: Quaquaval|Aqua Step|p1a: Comfey
|-supereffective|p1a: Comfey
|-damage|p1a: Comfey|0 fnt
|-boost|p2a: Quaquaval|spe|1
|faint|p1a: Comfey
|-ability|p2a: Quaquaval|Moxie|boost
|-boost|p2a: Quaquaval|atk|1
|
|upkeep
|
|t:|1757826994
|switch|p1a: Flamigo|Flamigo, F|100/100
|turn|10
|
|t:|1757826999
|move|p1a: Flamigo|Close Combat|p2a: Quaquaval
|-supereffective|p2a: Quaquaval
|-damage|p2a: Quaquaval|0 fnt
|-unboost|p1a: Flamigo|def|1
|-unboost|p1a: Flamigo|spd|1
|faint|p2a: Quaquaval
|
|upkeep
|
|t:|1757827007
|switch|p2a: Dragapult|Dragapult, F|100/100
|turn|11
|
|t:|1757827009
|move|p1a: Flamigo|Close Combat|p2a: Dragapult
|-damage|p2a: Dragapult|21/100
|-unboost|p1a: Flamigo|def|1
|-unboost|p1a: Flamigo|spd|1
|move|p2a: Dragapult|Draco Meteor|p1a: Flamigo
|-damage|p1a: Flamigo|0 fnt
|-unboost|p2a: Dragapult|spa|2
|faint|p1a: Flamigo
|
|upkeep
|
|t:|1757827029
|switch|p1a: Darkrai|Darkrai|100/100
|turn|12
|
|t:|1757827033
|move|p2a: Dragapult|Draco Meteor|p1a: Darkrai
|-damage|p1a: Darkrai|50/100
|-unboost|p2a: Dragapult|spa|2
|move|p1a: Darkrai|Will-O-Wisp|p2a: Dragapult|[miss]
|-miss|p1a: Darkrai|p2a: Dragapult
|
|upkeep
|turn|13
|
|t:|1757827039
|switch|p2a: Iron Moth|Iron Moth|100/100
|-enditem|p2a: Iron Moth|Booster Energy
|-activate|p2a: Iron Moth|ability: Quark Drive|[fromitem]
|-start|p2a: Iron Moth|quarkdrivespe
|move|p1a: Darkrai|Sludge Bomb|p2a: Iron Moth
|-resisted|p2a: Iron Moth
|-damage|p2a: Iron Moth|87/100
|
|upkeep
|turn|14
|
|t:|1757827048
|move|p2a: Iron Moth|Fiery Dance|p1a: Darkrai
|-damage|p1a: Darkrai|3/100
|move|p1a: Darkrai|Dark Pulse|p2a: Iron Moth
|-damage|p2a: Iron Moth|50/100
|
|upkeep
|turn|15
|
|t:|1757827052
|move|p2a: Iron Moth|Fiery Dance|p1a: Darkrai
|-damage|p1a: Darkrai|0 fnt
|-boost|p2a: Iron Moth|spa|1
|faint|p1a: Darkrai
|
|upkeep
|
|t:|1757827054
|switch|p1a: Tentacruel|Tentacruel, M|100/100
|turn|16
|
|t:|1757827068
|move|p2a: Iron Moth|Fiery Dance|p1a: Tentacruel
|-resisted|p1a: Tentacruel
|-damage|p1a: Tentacruel|77/100
|move|p1a: Tentacruel|Flip Turn|p2a: Iron Moth
|-supereffective|p2a: Iron Moth
|-damage|p2a: Iron Moth|6/100
|
|t:|1757827075
|switch|p1a: Raikou|Raikou|100/100|[from] Flip Turn
|
|upkeep
|turn|17
|
|t:|1757827078
|switch|p1a: Tentacruel|Tentacruel, M|77/100
|move|p2a: Iron Moth|Fiery Dance|p1a: Tentacruel
|-resisted|p1a: Tentacruel
|-damage|p1a: Tentacruel|53/100
|
|-heal|p1a: Tentacruel|59/100|[from] item: Black Sludge
|upkeep
|turn|18
|
|t:|1757827083
|move|p2a: Iron Moth|Fiery Dance|p1a: Tentacruel
|-resisted|p1a: Tentacruel
|-damage|p1a: Tentacruel|33/100
|move|p1a: Tentacruel|Flip Turn|p2a: Iron Moth
|-supereffective|p2a: Iron Moth
|-damage|p2a: Iron Moth|0 fnt
|faint|p2a: Iron Moth
|-end|p2a: Iron Moth|Quark Drive|[silent]
|
|t:|1757827086
|switch|p1a: Raikou|Raikou|100/100|[from] Flip Turn
|
|upkeep
|
|t:|1757827090
|switch|p2a: Dragapult|Dragapult, F|21/100
|turn|19
|
|t:|1757827096
|move|p2a: Dragapult|Draco Meteor|p1a: Raikou
|-damage|p1a: Raikou|17/100
|-unboost|p2a: Dragapult|spa|2
|move|p1a: Raikou|Thunderbolt|p2a: Dragapult
|-resisted|p2a: Dragapult
|-damage|p2a: Dragapult|0 fnt
|faint|p2a: Dragapult
|
|upkeep
|
|t:|1757827102
|switch|p2a: Lokix|Lokix, F|100/100
|turn|20
|
|t:|1757827107
|move|p1a: Raikou|Aura Sphere|p2a: Lokix
|-damage|p2a: Lokix|47/100
|move|p2a: Lokix|Knock Off|p1a: Raikou
|-damage|p1a: Raikou|0 fnt
|-enditem|p1a: Raikou|Magnet|[from] move: Knock Off|[of] p2a: Lokix
|faint|p1a: Raikou
|
|upkeep
|
|t:|1757827112
|switch|p1a: Tentacruel|Tentacruel, M|33/100
|turn|21
|
|t:|1757827118
|move|p2a: Lokix|Knock Off|p1a: Tentacruel
|-damage|p1a: Tentacruel|0 fnt
|-enditem|p1a: Tentacruel|Black Sludge|[from] move: Knock Off|[of] p2a: Lokix
|faint|p1a: Tentacruel
|
|win|WickedRest
|raw|acerrillo6970's rating: 1216 &rarr; <strong>1190</strong><br />(-26 for losing)
|raw|WickedRest's rating: 1206 &rarr; <strong>1232</strong><br />(+26 for winning)
|l|☆acerrillo6970
|player|p1|
|l|☆WickedRest
|player|p2|
