|j|☆Jamel1
|j|☆sdgkjshdkf
|t:|1757790036
|gametype|singles
|player|p1|Jamel1|cyrus|1615
|player|p2|sdgkjshdkf|1|1632
|gen|9
|tier|[Gen 9] OU
|rated|
|rule|HP Percentage Mod: HP is shown in percentages
|rule|Endless Battle Clause: Forcing endless battles is banned
|rule|Species Clause: Limit one of each Pokémon
|rule|OHKO Clause: OHKO moves are banned
|rule|Evasion Items Clause: Evasion items are banned
|rule|Evasion Moves Clause: Evasion moves are banned
|rule|Evasion Abilities Clause: Evasion abilities are banned
|rule|Sleep Moves Clause: Sleep-inducing moves are banned
|clearpoke
|poke|p1|Sandaconda, M|
|poke|p1|Deoxys-Defense|
|poke|p1|Gyarados, F|
|poke|p1|Maushold|
|poke|p1|Serperior, M|
|poke|p1|Kommo-o, M|
|poke|p2|Ribombee, F|
|poke|p2|Gholdengo|
|poke|p2|Dragonite, M|
|poke|p2|Ceruledge, F|
|poke|p2|Great Tusk|
|poke|p2|Comfey, F|
|teampreview
|j| FlyiingHaduken
|
|t:|1757790055
|teamsize|p1|6
|teamsize|p2|6
|start
|switch|p1a: Sandaconda|Sandaconda, M|100/100
|switch|p2a: Ribombee|Ribombee, F|100/100
|turn|1
|l|☆Jamel1
|player|p1|
|j|☆Jamel1
|player|p1|Jamel1|cyrus|
|
|t:|1757790087
|move|p2a: Ribombee|Stun Spore|p1a: Sandaconda|[miss]
|-miss|p2a: Ribombee|p1a: Sandaconda
|move|p1a: Sandaconda|Glare|p2a: Ribombee
|-status|p2a: Ribombee|par
|
|upkeep
|turn|2
|
|t:|1757790097
|move|p1a: Sandaconda|Iron Head|p2a: Ribombee
|-supereffective|p2a: Ribombee
|-damage|p2a: Ribombee|25/100 par
|move|p2a: Ribombee|Stun Spore|p1a: Sandaconda
|-status|p1a: Sandaconda|par
|
|upkeep
|turn|3
|
|t:|1757790103
|cant|p2a: Ribombee|par
|move|p1a: Sandaconda|Stealth Rock|p2a: Ribombee
|-sidestart|p2: sdgkjshdkf|move: Stealth Rock
|
|-activate|p1a: Sandaconda|ability: Shed Skin
|-curestatus|p1a: Sandaconda|par|[msg]
|upkeep
|turn|4
|
|t:|1757790110
|move|p1a: Sandaconda|Iron Head|p2a: Ribombee
|-supereffective|p2a: Ribombee
|-damage|p2a: Ribombee|0 fnt
|faint|p2a: Ribombee
|
|upkeep
|
|t:|1757790118
|switch|p2a: Great Tusk|Great Tusk|100/100
|-damage|p2a: Great Tusk|98/100|[from] Stealth Rock
|turn|5
|inactive|Battle timer is ON: inactive players will automatically lose when time's up. (requested by sdgkjshdkf)
|
|t:|1757790126
|move|p1a: Sandaconda|Glare|p2a: Great Tusk
|-status|p2a: Great Tusk|par
|move|p2a: Great Tusk|Knock Off|p1a: Sandaconda
|-damage|p1a: Sandaconda|72/100
|-enditem|p1a: Sandaconda|Focus Sash|[from] move: Knock Off|[of] p2a: Great Tusk
|
|-heal|p2a: Great Tusk|100/100 par|[from] item: Leftovers
|upkeep
|turn|6
|
|t:|1757790130
|move|p1a: Sandaconda|Earthquake|p2a: Great Tusk
|-damage|p2a: Great Tusk|77/100 par
|move|p2a: Great Tusk|Rapid Spin|p1a: Sandaconda
|-damage|p1a: Sandaconda|59/100
|-boost|p2a: Great Tusk|spe|1
|-sideend|p2: sdgkjshdkf|Stealth Rock|[from] move: Rapid Spin|[of] p2a: Great Tusk
|
|-heal|p2a: Great Tusk|83/100 par|[from] item: Leftovers
|upkeep
|turn|7
|
|t:|1757790133
|move|p1a: Sandaconda|Earthquake|p2a: Great Tusk
|-damage|p2a: Great Tusk|62/100 par
|cant|p2a: Great Tusk|par
|
|-heal|p2a: Great Tusk|68/100 par|[from] item: Leftovers
|upkeep
|turn|8
|
|t:|1757790137
|move|p1a: Sandaconda|Earthquake|p2a: Great Tusk
|-damage|p2a: Great Tusk|48/100 par
|move|p2a: Great Tusk|Stealth Rock|p1a: Sandaconda
|-sidestart|p1: Jamel1|move: Stealth Rock
|
|-heal|p2a: Great Tusk|54/100 par|[from] item: Leftovers
|upkeep
|turn|9
|
|t:|1757790144
|move|p1a: Sandaconda|Earthquake|p2a: Great Tusk
|-damage|p2a: Great Tusk|35/100 par
|cant|p2a: Great Tusk|par
|
|-heal|p2a: Great Tusk|41/100 par|[from] item: Leftovers
|upkeep
|turn|10
|
|t:|1757790147
|move|p1a: Sandaconda|Earthquake|p2a: Great Tusk
|-damage|p2a: Great Tusk|21/100 par
|move|p2a: Great Tusk|Rapid Spin|p1a: Sandaconda
|-damage|p1a: Sandaconda|45/100
|-boost|p2a: Great Tusk|spe|1
|
|-heal|p2a: Great Tusk|27/100 par|[from] item: Leftovers
|upkeep
|turn|11
|
|t:|1757790150
|move|p1a: Sandaconda|Stealth Rock|p2a: Great Tusk
|-sidestart|p2: sdgkjshdkf|move: Stealth Rock
|cant|p2a: Great Tusk|par
|
|-heal|p2a: Great Tusk|33/100 par|[from] item: Leftovers
|upkeep
|turn|12
|
|t:|1757790154
|move|p1a: Sandaconda|Earthquake|p2a: Great Tusk
|-damage|p2a: Great Tusk|11/100 par
|move|p2a: Great Tusk|Rapid Spin|p1a: Sandaconda
|-damage|p1a: Sandaconda|31/100
|-boost|p2a: Great Tusk|spe|1
|-sideend|p2: sdgkjshdkf|Stealth Rock|[from] move: Rapid Spin|[of] p2a: Great Tusk
|
|-heal|p2a: Great Tusk|18/100 par|[from] item: Leftovers
|upkeep
|turn|13
|
|t:|1757790162
|move|p1a: Sandaconda|Iron Head|p2a: Great Tusk
|-damage|p2a: Great Tusk|7/100 par
|move|p2a: Great Tusk|Earthquake|p1a: Sandaconda
|-damage|p1a: Sandaconda|0 fnt
|faint|p1a: Sandaconda
|
|-heal|p2a: Great Tusk|13/100 par|[from] item: Leftovers
|upkeep
|
|t:|1757790166
|switch|p1a: Maushold|Maushold|100/100
|-damage|p1a: Maushold|88/100|[from] Stealth Rock
|turn|14
|
|t:|1757790173
|move|p2a: Great Tusk|Knock Off|p1a: Maushold
|-damage|p1a: Maushold|59/100
|-enditem|p1a: Maushold|Protective Pads|[from] move: Knock Off|[of] p2a: Great Tusk
|move|p1a: Maushold|Tidy Up|p1a: Maushold
|-sideend|p1: Jamel1|Stealth Rock
|-activate|p1a: Maushold|move: Tidy Up
|-boost|p1a: Maushold|atk|1
|-boost|p1a: Maushold|spe|1
|
|-heal|p2a: Great Tusk|19/100 par|[from] item: Leftovers
|upkeep
|turn|15
|
|t:|1757790178
|move|p1a: Maushold|Population Bomb|p2a: Great Tusk
|-damage|p2a: Great Tusk|12/100 par
|-damage|p2a: Great Tusk|4/100 par
|-damage|p2a: Great Tusk|0 fnt
|faint|p2a: Great Tusk
|-end|p2a: Great Tusk|Protosynthesis|[silent]
|-hitcount|p2: Great Tusk|3
|
|upkeep
|
|t:|1757790182
|switch|p2a: Dragonite|Dragonite, M|100/100
|turn|16
|
|t:|1757790185
|move|p1a: Maushold|Thunder Wave|p2a: Dragonite
|-status|p2a: Dragonite|par
|move|p2a: Dragonite|Earthquake|p1a: Maushold
|-damage|p1a: Maushold|18/100
|
|upkeep
|turn|17
|
|t:|1757790188
|move|p2a: Dragonite|Extreme Speed|p1a: Maushold
|-damage|p1a: Maushold|0 fnt
|faint|p1a: Maushold
|
|upkeep
|
|t:|1757790190
|switch|p1a: Serperior|Serperior, M, shiny|100/100
|turn|18
|
|t:|1757790193
|move|p1a: Serperior|Reflect|p1a: Serperior
|-sidestart|p1: Jamel1|Reflect
|cant|p2a: Dragonite|par
|
|upkeep
|turn|19
|
|t:|1757790196
|move|p1a: Serperior|Light Screen|p1a: Serperior
|-sidestart|p1: Jamel1|move: Light Screen
|move|p2a: Dragonite|Dragon Dance|p2a: Dragonite
|-boost|p2a: Dragonite|atk|1
|-boost|p2a: Dragonite|spe|1
|
|upkeep
|turn|20
|
|t:|1757790201
|switch|p1a: Deoxys|Deoxys-Defense|100/100
|-ability|p1a: Deoxys|Pressure
|cant|p2a: Dragonite|par
|
|upkeep
|turn|21
|
|t:|1757790209
|switch|p2a: Gholdengo|Gholdengo|100/100
|-item|p2a: Gholdengo|Air Balloon
|move|p1a: Deoxys|Cosmic Power|p1a: Deoxys
|-boost|p1a: Deoxys|def|1
|-boost|p1a: Deoxys|spd|1
|
|upkeep
|turn|22
|
|t:|1757790214
|switch|p1a: Kommo-o|Kommo-o, M|100/100
|move|p2a: Gholdengo|Nasty Plot|p2a: Gholdengo
|-boost|p2a: Gholdengo|spa|2
|
|upkeep
|turn|23
|
|t:|1757790219
|switch|p1a: Gyarados|Gyarados, F, shiny|100/100
|move|p2a: Gholdengo|Dazzling Gleam|p1a: Gyarados
|-damage|p1a: Gyarados|70/100
|
|-heal|p1a: Gyarados|76/100|[from] item: Leftovers
|upkeep
|turn|24
|
|t:|1757790230
|switch|p2a: Comfey|Comfey, F|100/100
|move|p1a: Gyarados|Waterfall|p2a: Comfey
|-damage|p2a: Comfey|49/100
|
|-heal|p1a: Gyarados|82/100|[from] item: Leftovers
|upkeep
|turn|25
|
|t:|1757790235
|move|p2a: Comfey|Draining Kiss|p1a: Gyarados
|-damage|p1a: Gyarados|68/100
|-heal|p2a: Comfey|60/100|[from] drain|[of] p1a: Gyarados
|-damage|p2a: Comfey|50/100|[from] item: Life Orb
|move|p1a: Gyarados|Dragon Dance|p1a: Gyarados
|-boost|p1a: Gyarados|atk|1
|-boost|p1a: Gyarados|spe|1
|
|-heal|p1a: Gyarados|75/100|[from] item: Leftovers
|-sideend|p1: Jamel1|Reflect
|upkeep
|turn|26
|
|t:|1757790239
|move|p2a: Comfey|Draining Kiss|p1a: Gyarados
|-damage|p1a: Gyarados|60/100
|-heal|p2a: Comfey|61/100|[from] drain|[of] p1a: Gyarados
|-damage|p2a: Comfey|51/100|[from] item: Life Orb
|move|p1a: Gyarados|Waterfall|p2a: Comfey
|-damage|p2a: Comfey|0 fnt
|faint|p2a: Comfey
|-ability|p1a: Gyarados|Moxie|boost
|-boost|p1a: Gyarados|atk|1
|
|-heal|p1a: Gyarados|66/100|[from] item: Leftovers
|-sideend|p1: Jamel1|move: Light Screen
|upkeep
|
|t:|1757790250
|switch|p2a: Dragonite|Dragonite, M|100/100 par
|turn|27
|
|t:|1757790251
|move|p1a: Gyarados|Waterfall|p2a: Dragonite
|-resisted|p2a: Dragonite
|-damage|p2a: Dragonite|83/100 par
|move|p2a: Dragonite|Dragon Dance|p2a: Dragonite
|-boost|p2a: Dragonite|atk|1
|-boost|p2a: Dragonite|spe|1
|
|-heal|p1a: Gyarados|72/100|[from] item: Leftovers
|upkeep
|turn|28
|
|t:|1757790257
|-terastallize|p2a: Dragonite|Normal
|move|p2a: Dragonite|Extreme Speed|p1a: Gyarados
|-damage|p1a: Gyarados|0 fnt
|faint|p1a: Gyarados
|
|upkeep
|
|t:|1757790262
|switch|p1a: Serperior|Serperior, M, shiny|100/100
|turn|29
|
|t:|1757790265
|move|p1a: Serperior|Reflect|p1a: Serperior
|-sidestart|p1: Jamel1|Reflect
|cant|p2a: Dragonite|par
|
|upkeep
|turn|30
|
|t:|1757790271
|move|p1a: Serperior|Leaf Storm|p2a: Dragonite
|-damage|p2a: Dragonite|42/100 par
|-boost|p1a: Serperior|spa|2
|move|p2a: Dragonite|Dragon Dance|p2a: Dragonite
|-boost|p2a: Dragonite|atk|1
|-boost|p2a: Dragonite|spe|1
|
|upkeep
|turn|31
|
|t:|1757790289
|move|p2a: Dragonite|Extreme Speed|p1a: Serperior
|-damage|p1a: Serperior|47/100
|move|p1a: Serperior|Leaf Storm|p2a: Dragonite
|-damage|p2a: Dragonite|0 fnt
|-boost|p1a: Serperior|spa|2
|faint|p2a: Dragonite
|
|upkeep
|
|t:|1757790293
|switch|p2a: Ceruledge|Ceruledge, F|100/100
|turn|32
|
|t:|1757790298
|-terastallize|p1a: Serperior|Fire
|move|p1a: Serperior|Leaf Storm|p2a: Ceruledge
|-resisted|p2a: Ceruledge
|-damage|p2a: Ceruledge|13/100
|-boost|p1a: Serperior|spa|2
|move|p2a: Ceruledge|Bitter Blade|p1a: Serperior
|-resisted|p1a: Serperior
|-damage|p1a: Serperior|32/100
|-heal|p2a: Ceruledge|21/100|[from] drain|[of] p1a: Serperior
|
|upkeep
|turn|33
|
|t:|1757790304
|move|p1a: Serperior|Leaf Storm|p2a: Ceruledge
|-resisted|p2a: Ceruledge
|-damage|p2a: Ceruledge|0 fnt
|faint|p2a: Ceruledge
|
|upkeep
|-message|sdgkjshdkf forfeited.
|
|win|Jamel1
|raw|Jamel1's rating: 1615 &rarr; <strong>1636</strong><br />(+21 for winning)
|raw|sdgkjshdkf's rating: 1632 &rarr; <strong>1611</strong><br />(-21 for losing)
|l|☆sdgkjshdkf
|player|p2|
|l| FlyiingHaduken
|l|☆Jamel1
|player|p1|
|j| FlyiingHaduken
