|j|☆jessies boyfriend
|j|☆sorcier de pipi
|t:|1757852123
|gametype|singles
|player|p1|jessies boyfriend|brock|1288
|player|p2|sorcier de pipi|roxie|1283
|gen|9
|tier|[Gen 9] OU
|rated|
|rule|HP Percentage Mod: HP is shown in percentages
|rule|Endless Battle Clause: Forcing endless battles is banned
|rule|Species Clause: Limit one of each Pokémon
|rule|OHKO Clause: OHKO moves are banned
|rule|Evasion Items Clause: Evasion items are banned
|rule|Evasion Moves Clause: Evasion moves are banned
|rule|Evasion Abilities Clause: Evasion abilities are banned
|rule|Sleep Moves Clause: Sleep-inducing moves are banned
|clearpoke
|poke|p1|Cinderace, M|
|poke|p1|Krookodile, F|
|poke|p1|Tsareena, F|
|poke|p1|Polteageist-Antique|
|poke|p1|Regigigas|
|poke|p1|Slowking, M|
|poke|p2|Walking Wake|
|poke|p2|Ninetales, M|
|poke|p2|Great Tusk|
|poke|p2|Kingambit, M|
|poke|p2|Garganacl, F|
|poke|p2|Raging Bolt|
|teampreview
|inactive|Battle timer is ON: inactive players will automatically lose when time's up. (requested by jessies boyfriend)
|
|t:|1757852133
|teamsize|p1|6
|teamsize|p2|6
|start
|switch|p1a: Krookodile|Krookodile, F|100/100
|switch|p2a: Garganacl|Garganacl, F|100/100
|-ability|p1a: Krookodile|Intimidate|boost
|-unboost|p2a: Garganacl|atk|1
|turn|1
|
|t:|1757852140
|move|p1a: Krookodile|Knock Off|p2a: Garganacl
|-damage|p2a: Garganacl|82/100
|-damage|p1a: Krookodile|84/100|[from] item: Rocky Helmet|[of] p2a: Garganacl
|-enditem|p2a: Garganacl|Rocky Helmet|[from] move: Knock Off|[of] p1a: Krookodile
|move|p2a: Garganacl|Stealth Rock|p1a: Krookodile
|-sidestart|p1: jessies boyfriend|move: Stealth Rock
|
|upkeep
|turn|2
|
|t:|1757852158
|move|p1a: Krookodile|Knock Off|p2a: Garganacl
|-damage|p2a: Garganacl|70/100
|move|p2a: Garganacl|Salt Cure|p1a: Krookodile
|-resisted|p1a: Krookodile
|-damage|p1a: Krookodile|79/100
|-start|p1a: Krookodile|Salt Cure
|-enditem|p1a: Krookodile|Red Card|[of] p2a: Garganacl
|drag|p2a: Ninetales|Ninetales, M|100/100
|-weather|SunnyDay|[from] ability: Drought|[of] p2a: Ninetales
|
|-weather|SunnyDay|[upkeep]
|-damage|p1a: Krookodile|67/100|[from] Salt Cure
|upkeep
|turn|3
|
|t:|1757852170
|move|p1a: Krookodile|Knock Off|p2a: Ninetales
|-damage|p2a: Ninetales|52/100
|-enditem|p2a: Ninetales|Heat Rock|[from] move: Knock Off|[of] p1a: Krookodile
|move|p2a: Ninetales|Will-O-Wisp|p1a: Krookodile
|-status|p1a: Krookodile|brn
|
|-weather|SunnyDay|[upkeep]
|-damage|p1a: Krookodile|61/100 brn|[from] brn
|-damage|p1a: Krookodile|48/100 brn|[from] Salt Cure
|upkeep
|turn|4
|
|t:|1757852181
|move|p2a: Ninetales|Weather Ball|p1a: Krookodile
|-damage|p1a: Krookodile|0 fnt
|faint|p1a: Krookodile
|
|-weather|SunnyDay|[upkeep]
|upkeep
|
|t:|1757852185
|switch|p1a: Cinderace|Cinderace, M|100/100
|turn|5
|
|t:|1757852196
|switch|p2a: Great Tusk|Great Tusk|100/100
|-activate|p2a: Great Tusk|ability: Protosynthesis
|-start|p2a: Great Tusk|protosynthesisatk
|move|p1a: Cinderace|Court Change|p1a: Cinderace
|-start|p1a: Cinderace|typechange|Normal|[from] ability: Libero
|-swapsideconditions
|-activate|p1a: Cinderace|move: Court Change
|
|-weather|SunnyDay|[upkeep]
|upkeep
|turn|6
|
|t:|1757852204
|move|p1a: Cinderace|Will-O-Wisp|p2a: Great Tusk
|-status|p2a: Great Tusk|brn
|move|p2a: Great Tusk|Rapid Spin|p1a: Cinderace
|-damage|p1a: Cinderace|88/100
|-boost|p2a: Great Tusk|spe|1
|-sideend|p2: sorcier de pipi|Stealth Rock|[from] move: Rapid Spin|[of] p2a: Great Tusk
|
|-weather|SunnyDay|[upkeep]
|-damage|p2a: Great Tusk|94/100 brn|[from] brn
|upkeep
|turn|7
|
|t:|1757852212
|switch|p1a: Slowking|Slowking, M|100/100
|move|p2a: Great Tusk|Close Combat|p1a: Slowking
|-resisted|p1a: Slowking
|-damage|p1a: Slowking|81/100
|-unboost|p2a: Great Tusk|def|1
|-unboost|p2a: Great Tusk|spd|1
|
|-weather|SunnyDay|[upkeep]
|-heal|p2a: Great Tusk|100/100 brn|[from] item: Leftovers
|-heal|p1a: Slowking|87/100|[from] item: Leftovers
|-damage|p2a: Great Tusk|94/100 brn|[from] brn
|upkeep
|turn|8
|
|t:|1757852221
|-end|p2a: Great Tusk|Protosynthesis|[silent]
|switch|p2a: Walking Wake|Walking Wake|100/100
|-activate|p2a: Walking Wake|ability: Protosynthesis
|-start|p2a: Walking Wake|protosynthesisspa
|move|p1a: Slowking|Future Sight|p2a: Walking Wake
|-start|p1a: Slowking|move: Future Sight
|
|-weather|SunnyDay|[upkeep]
|-heal|p1a: Slowking|93/100|[from] item: Leftovers
|upkeep
|turn|9
|
|t:|1757852229
|move|p2a: Walking Wake|Draco Meteor|p1a: Slowking
|-damage|p1a: Slowking|0 fnt
|-unboost|p2a: Walking Wake|spa|2
|faint|p1a: Slowking
|
|-weather|none
|-end|p2a: Walking Wake|Protosynthesis
|upkeep
|
|t:|1757852238
|switch|p1a: Regigigas|Regigigas|100/100
|-start|p1a: Regigigas|ability: Slow Start
|turn|10
|
|t:|1757852245
|-end|p2a: Walking Wake|Protosynthesis|[silent]
|switch|p2a: Kingambit|Kingambit, M|100/100
|move|p1a: Regigigas|Substitute|p1a: Regigigas
|-start|p1a: Regigigas|Substitute
|-damage|p1a: Regigigas|76/100
|
|-end|p2a: Kingambit|move: Future Sight
|-immune|p2a: Kingambit
|-heal|p1a: Regigigas|82/100|[from] item: Leftovers
|upkeep
|turn|11
|
|t:|1757852254
|-end|p2a: Kingambit|fallenundefined|[silent]
|switch|p2a: Ninetales|Ninetales, M|52/100
|-weather|SunnyDay|[from] ability: Drought|[of] p2a: Ninetales
|move|p1a: Regigigas|Drain Punch|p2a: Ninetales
|-damage|p2a: Ninetales|33/100
|-heal|p1a: Regigigas|91/100|[from] drain|[of] p2a: Ninetales
|
|-weather|SunnyDay|[upkeep]
|-heal|p1a: Regigigas|97/100|[from] item: Leftovers
|upkeep
|turn|12
|
|t:|1757852265
|move|p2a: Ninetales|Will-O-Wisp||[still]
|-fail|p2a: Ninetales
|move|p1a: Regigigas|Substitute|p1a: Regigigas
|-fail|p1a: Regigigas|move: Substitute
|
|-weather|SunnyDay|[upkeep]
|-heal|p1a: Regigigas|100/100|[from] item: Leftovers
|upkeep
|turn|13
|
|t:|1757852271
|move|p2a: Ninetales|Encore|p1a: Regigigas
|-start|p1a: Regigigas|Encore
|move|p1a: Regigigas|Substitute|p1a: Regigigas
|-fail|p1a: Regigigas|move: Substitute
|
|-weather|SunnyDay|[upkeep]
|upkeep
|turn|14
|
|t:|1757852277
|move|p2a: Ninetales|Weather Ball|p1a: Regigigas
|-end|p1a: Regigigas|Substitute
|move|p1a: Regigigas|Substitute|p1a: Regigigas
|-start|p1a: Regigigas|Substitute
|-damage|p1a: Regigigas|76/100
|
|-weather|SunnyDay|[upkeep]
|-heal|p1a: Regigigas|82/100|[from] item: Leftovers
|-end|p1a: Regigigas|Slow Start
|upkeep
|turn|15
|
|t:|1757852286
|move|p2a: Ninetales|Weather Ball|p1a: Regigigas
|-end|p1a: Regigigas|Substitute
|move|p1a: Regigigas|Substitute|p1a: Regigigas
|-start|p1a: Regigigas|Substitute
|-damage|p1a: Regigigas|57/100
|
|-weather|none
|-heal|p1a: Regigigas|63/100|[from] item: Leftovers
|-end|p1a: Regigigas|Encore
|upkeep
|turn|16
|
|t:|1757852301
|move|p2a: Ninetales|Encore|p1a: Regigigas
|-start|p1a: Regigigas|Encore
|move|p1a: Regigigas|Substitute|p1a: Regigigas
|-fail|p1a: Regigigas|move: Substitute
|
|-heal|p1a: Regigigas|69/100|[from] item: Leftovers
|upkeep
|turn|17
|
|t:|1757852306
|move|p2a: Ninetales|Weather Ball|p1a: Regigigas
|-activate|p1a: Regigigas|move: Substitute|[damage]
|move|p1a: Regigigas|Substitute|p1a: Regigigas
|-fail|p1a: Regigigas|move: Substitute
|
|-heal|p1a: Regigigas|75/100|[from] item: Leftovers
|upkeep
|turn|18
|
|t:|1757852313
|move|p2a: Ninetales|Weather Ball|p1a: Regigigas
|-activate|p1a: Regigigas|move: Substitute|[damage]
|move|p1a: Regigigas|Substitute|p1a: Regigigas
|-fail|p1a: Regigigas|move: Substitute
|
|-heal|p1a: Regigigas|81/100|[from] item: Leftovers
|-end|p1a: Regigigas|Encore
|upkeep
|turn|19
|
|t:|1757852329
|move|p2a: Ninetales|Encore|p1a: Regigigas
|-start|p1a: Regigigas|Encore
|move|p1a: Regigigas|Substitute|p1a: Regigigas
|-fail|p1a: Regigigas|move: Substitute
|
|-heal|p1a: Regigigas|87/100|[from] item: Leftovers
|upkeep
|turn|20
|
|t:|1757852340
|switch|p2a: Raging Bolt|Raging Bolt|100/100
|move|p1a: Regigigas|Substitute|p1a: Regigigas
|-fail|p1a: Regigigas|move: Substitute
|
|-heal|p1a: Regigigas|93/100|[from] item: Leftovers
|upkeep
|turn|21
|
|t:|1757852347
|move|p1a: Regigigas|Substitute|p1a: Regigigas
|-fail|p1a: Regigigas|move: Substitute
|move|p2a: Raging Bolt|Volt Switch|p1a: Regigigas
|-end|p1a: Regigigas|Substitute
|
|t:|1757852352
|-end|p2a: Raging Bolt|Protosynthesis|[silent]
|switch|p2a: Ninetales|Ninetales, M|33/100|[from] Volt Switch
|-weather|SunnyDay|[from] ability: Drought|[of] p2a: Ninetales
|
|-weather|SunnyDay|[upkeep]
|-heal|p1a: Regigigas|99/100|[from] item: Leftovers
|-end|p1a: Regigigas|Encore
|upkeep
|turn|22
|
|t:|1757852358
|move|p2a: Ninetales|Encore|p1a: Regigigas
|-start|p1a: Regigigas|Encore
|move|p1a: Regigigas|Substitute|p1a: Regigigas
|-start|p1a: Regigigas|Substitute
|-damage|p1a: Regigigas|74/100
|
|-weather|SunnyDay|[upkeep]
|-heal|p1a: Regigigas|81/100|[from] item: Leftovers
|upkeep
|turn|23
|
|t:|1757852362
|move|p2a: Ninetales|Weather Ball|p1a: Regigigas
|-end|p1a: Regigigas|Substitute
|move|p1a: Regigigas|Substitute|p1a: Regigigas
|-start|p1a: Regigigas|Substitute
|-damage|p1a: Regigigas|56/100
|
|-weather|SunnyDay|[upkeep]
|-heal|p1a: Regigigas|62/100|[from] item: Leftovers
|upkeep
|turn|24
|
|t:|1757852367
|move|p2a: Ninetales|Weather Ball|p1a: Regigigas
|-end|p1a: Regigigas|Substitute
|move|p1a: Regigigas|Substitute|p1a: Regigigas
|-start|p1a: Regigigas|Substitute
|-damage|p1a: Regigigas|37/100
|
|-weather|SunnyDay|[upkeep]
|-heal|p1a: Regigigas|43/100|[from] item: Leftovers
|-end|p1a: Regigigas|Encore
|upkeep
|turn|25
|
|t:|1757852377
|move|p2a: Ninetales|Encore|p1a: Regigigas
|-start|p1a: Regigigas|Encore
|move|p1a: Regigigas|Substitute|p1a: Regigigas
|-fail|p1a: Regigigas|move: Substitute
|
|-weather|none
|-heal|p1a: Regigigas|49/100|[from] item: Leftovers
|upkeep
|turn|26
|
|t:|1757852382
|switch|p2a: Raging Bolt|Raging Bolt|100/100
|move|p1a: Regigigas|Substitute|p1a: Regigigas
|-fail|p1a: Regigigas|move: Substitute
|
|-heal|p1a: Regigigas|55/100|[from] item: Leftovers
|-end|p1a: Regigigas|Encore
|upkeep
|turn|27
|
|t:|1757852387
|-terastallize|p1a: Regigigas|Fighting
|move|p1a: Regigigas|Drain Punch|p2a: Raging Bolt
|-damage|p2a: Raging Bolt|56/100
|-heal|p1a: Regigigas|83/100|[from] drain|[of] p2a: Raging Bolt
|move|p2a: Raging Bolt|Volt Switch|p1a: Regigigas
|-end|p1a: Regigigas|Substitute
|
|t:|1757852400
|-end|p2a: Raging Bolt|Protosynthesis|[silent]
|switch|p2a: Walking Wake|Walking Wake|100/100|[from] Volt Switch
|
|-heal|p1a: Regigigas|89/100|[from] item: Leftovers
|upkeep
|turn|28
|
|t:|1757852404
|move|p2a: Walking Wake|Draco Meteor|p1a: Regigigas
|-damage|p1a: Regigigas|1/100
|-unboost|p2a: Walking Wake|spa|2
|move|p1a: Regigigas|Drain Punch|p2a: Walking Wake
|-crit|p2a: Walking Wake
|-damage|p2a: Walking Wake|15/100
|-heal|p1a: Regigigas|41/100|[from] drain|[of] p2a: Walking Wake
|
|-heal|p1a: Regigigas|47/100|[from] item: Leftovers
|upkeep
|turn|29
|
|t:|1757852418
|move|p2a: Walking Wake|Draco Meteor|p1a: Regigigas
|-damage|p1a: Regigigas|3/100
|-unboost|p2a: Walking Wake|spa|2
|move|p1a: Regigigas|Drain Punch|p2a: Walking Wake
|-damage|p2a: Walking Wake|0 fnt
|-heal|p1a: Regigigas|10/100|[from] drain|[of] p2a: Walking Wake
|faint|p2a: Walking Wake
|-end|p2a: Walking Wake|Protosynthesis|[silent]
|
|-heal|p1a: Regigigas|16/100|[from] item: Leftovers
|upkeep
|
|t:|1757852425
|switch|p2a: Great Tusk|Great Tusk|94/100 brn
|turn|30
|
|t:|1757852430
|move|p2a: Great Tusk|Earthquake|p1a: Regigigas
|-damage|p1a: Regigigas|0 fnt
|faint|p1a: Regigigas
|
|-heal|p2a: Great Tusk|100/100 brn|[from] item: Leftovers
|-damage|p2a: Great Tusk|94/100 brn|[from] brn
|upkeep
|
|t:|1757852436
|switch|p1a: Polteageist|Polteageist-Antique|100/100
|turn|31
|
|t:|1757852445
|-end|p2a: Great Tusk|Protosynthesis|[silent]
|switch|p2a: Ninetales|Ninetales, M|33/100
|-weather|SunnyDay|[from] ability: Drought|[of] p2a: Ninetales
|move|p1a: Polteageist|Shadow Ball|p2a: Ninetales
|-damage|p2a: Ninetales|0 fnt
|faint|p2a: Ninetales
|
|-weather|SunnyDay|[upkeep]
|upkeep
|
|t:|1757852448
|switch|p2a: Raging Bolt|Raging Bolt|56/100
|-activate|p2a: Raging Bolt|ability: Protosynthesis
|-start|p2a: Raging Bolt|protosynthesisspa
|turn|32
|
|t:|1757852454
|move|p1a: Polteageist|Shadow Ball|p2a: Raging Bolt
|-damage|p2a: Raging Bolt|18/100
|move|p2a: Raging Bolt|Draco Meteor|p1a: Polteageist
|-enditem|p1a: Polteageist|Focus Sash
|-damage|p1a: Polteageist|1/100
|-unboost|p2a: Raging Bolt|spa|2
|
|-weather|SunnyDay|[upkeep]
|-heal|p2a: Raging Bolt|24/100|[from] item: Leftovers
|upkeep
|turn|33
|
|t:|1757852461
|move|p2a: Raging Bolt|Thunderclap||[still]
|-fail|p2a: Raging Bolt
|move|p1a: Polteageist|Strength Sap|p2a: Raging Bolt
|-unboost|p2a: Raging Bolt|atk|1
|-heal|p1a: Polteageist|54/100
|
|-weather|SunnyDay|[upkeep]
|-heal|p2a: Raging Bolt|30/100|[from] item: Leftovers
|upkeep
|turn|34
|
|t:|1757852470
|move|p1a: Polteageist|Shadow Ball|p2a: Raging Bolt
|-damage|p2a: Raging Bolt|0 fnt
|faint|p2a: Raging Bolt
|-end|p2a: Raging Bolt|Protosynthesis|[silent]
|
|-weather|SunnyDay|[upkeep]
|upkeep
|
|t:|1757852478
|switch|p2a: Great Tusk|Great Tusk|94/100 brn
|-activate|p2a: Great Tusk|ability: Protosynthesis
|-start|p2a: Great Tusk|protosynthesisatk
|turn|35
|
|t:|1757852482
|move|p2a: Great Tusk|Earthquake|p1a: Polteageist
|-damage|p1a: Polteageist|0 fnt
|faint|p1a: Polteageist
|
|-weather|none
|-end|p2a: Great Tusk|Protosynthesis
|-heal|p2a: Great Tusk|100/100 brn|[from] item: Leftovers
|-damage|p2a: Great Tusk|94/100 brn|[from] brn
|upkeep
|
|t:|1757852486
|switch|p1a: Tsareena|Tsareena, F, shiny|100/100
|turn|36
|
|t:|1757852492
|move|p2a: Great Tusk|Close Combat|p1a: Tsareena
|-damage|p1a: Tsareena|69/100
|-unboost|p2a: Great Tusk|def|1
|-unboost|p2a: Great Tusk|spd|1
|move|p1a: Tsareena|Play Rough|p2a: Great Tusk|[miss]
|-miss|p1a: Tsareena|p2a: Great Tusk
|
|-heal|p2a: Great Tusk|100/100 brn|[from] item: Leftovers
|-damage|p2a: Great Tusk|94/100 brn|[from] brn
|upkeep
|turn|37
|
|t:|1757852497
|move|p2a: Great Tusk|Ice Spinner|p1a: Tsareena
|-supereffective|p1a: Tsareena
|-damage|p1a: Tsareena|42/100
|move|p1a: Tsareena|Play Rough|p2a: Great Tusk
|-supereffective|p2a: Great Tusk
|-damage|p2a: Great Tusk|38/100 brn
|
|-heal|p2a: Great Tusk|44/100 brn|[from] item: Leftovers
|-damage|p2a: Great Tusk|38/100 brn|[from] brn
|upkeep
|turn|38
|
|t:|1757852503
|switch|p1a: Cinderace|Cinderace, M|88/100
|move|p2a: Great Tusk|Close Combat|p1a: Cinderace
|-damage|p1a: Cinderace|52/100
|-unboost|p2a: Great Tusk|def|1
|-unboost|p2a: Great Tusk|spd|1
|
|-heal|p2a: Great Tusk|44/100 brn|[from] item: Leftovers
|-damage|p2a: Great Tusk|38/100 brn|[from] brn
|upkeep
|turn|39
|
|t:|1757852509
|move|p1a: Cinderace|Pyro Ball|p2a: Great Tusk
|-damage|p2a: Great Tusk|0 fnt
|faint|p2a: Great Tusk
|-end|p2a: Great Tusk|Protosynthesis|[silent]
|
|upkeep
|
|t:|1757852513
|switch|p2a: Garganacl|Garganacl, F|70/100
|turn|40
|
|t:|1757852518
|move|p1a: Cinderace|Taunt|p2a: Garganacl
|-start|p1a: Cinderace|typechange|Dark|[from] ability: Libero
|-start|p2a: Garganacl|move: Taunt
|move|p2a: Garganacl|Salt Cure|p1a: Cinderace
|-damage|p1a: Cinderace|36/100
|-start|p1a: Cinderace|Salt Cure
|
|-damage|p1a: Cinderace|23/100|[from] Salt Cure
|upkeep
|turn|41
|
|t:|1757852526
|move|p1a: Cinderace|Pyro Ball|p2a: Garganacl
|-resisted|p2a: Garganacl
|-damage|p2a: Garganacl|62/100
|move|p2a: Garganacl|Salt Cure|p1a: Cinderace
|-damage|p1a: Cinderace|8/100
|
|-damage|p1a: Cinderace|0 fnt|[from] Salt Cure
|faint|p1a: Cinderace
|upkeep
|
|t:|1757852529
|switch|p1a: Tsareena|Tsareena, F, shiny|42/100
|turn|42
|
|t:|1757852536
|move|p1a: Tsareena|Low Kick|p2a: Garganacl
|-supereffective|p2a: Garganacl
|-damage|p2a: Garganacl|23/100
|move|p2a: Garganacl|Salt Cure|p1a: Tsareena
|-damage|p1a: Tsareena|27/100
|-start|p1a: Tsareena|Salt Cure
|
|-damage|p1a: Tsareena|15/100|[from] Salt Cure
|-end|p2a: Garganacl|move: Taunt
|upkeep
|turn|43
|
|t:|1757852545
|move|p2a: Garganacl|Protect|p2a: Garganacl
|-singleturn|p2a: Garganacl|Protect
|move|p1a: Tsareena|Low Kick|p2a: Garganacl
|-activate|p2a: Garganacl|move: Protect
|
|-damage|p1a: Tsareena|3/100|[from] Salt Cure
|upkeep
|turn|44
|
|t:|1757852552
|move|p2a: Garganacl|Protect||[still]
|-fail|p2a: Garganacl
|move|p1a: Tsareena|Low Kick|p2a: Garganacl
|-supereffective|p2a: Garganacl
|-damage|p2a: Garganacl|0 fnt
|faint|p2a: Garganacl
|
|-damage|p1a: Tsareena|0 fnt|[from] Salt Cure
|faint|p1a: Tsareena
|
|win|sorcier de pipi
|raw|jessies boyfriend's rating: 1307 &rarr; <strong>1286</strong><br />(-21 for losing)
|raw|sorcier de pipi's rating: 1283 &rarr; <strong>1310</strong><br />(+27 for winning)
|l|☆jessies boyfriend
|player|p1|
