|j|☆567crazy
|j|☆Eldeon Bolt
|t:|1757919857
|gametype|singles
|player|p1|567crazy|101|1126
|player|p2|Eldeon Bolt|101|1219
|gen|9
|tier|[Gen 9] OU
|rated|
|rule|HP Percentage Mod: HP is shown in percentages
|rule|Endless Battle Clause: Forcing endless battles is banned
|rule|Species Clause: Limit one of each Pokémon
|rule|OHKO Clause: OHKO moves are banned
|rule|Evasion Items Clause: Evasion items are banned
|rule|Evasion Moves Clause: Evasion moves are banned
|rule|Evasion Abilities Clause: Evasion abilities are banned
|rule|Sleep Moves Clause: Sleep-inducing moves are banned
|clearpoke
|poke|p1|Serperior, M|
|poke|p1|Blissey, F|
|poke|p1|Pineco, L1, M|
|poke|p1|Kingambit, F|
|poke|p1|Toxapex, M|
|poke|p1|Excadrill, F|
|poke|p2|Raging Bolt|
|poke|p2|Ogerpon-Wellspring, F|
|poke|p2|Hatterene, F|
|poke|p2|Landorus-Therian, M|
|poke|p2|Kingambit, M|
|poke|p2|Zamazenta-*|
|teampreview
|
|t:|1757919874
|teamsize|p1|6
|teamsize|p2|6
|start
|switch|p1a: Toxapex|Toxapex, M|100/100
|switch|p2a: Raging Bolt|Raging Bolt|100/100
|turn|1
|inactive|Battle timer is ON: inactive players will automatically lose when time's up. (requested by Eldeon Bolt)
|
|t:|1757919887
|move|p2a: Raging Bolt|Volt Switch|p1a: Toxapex
|-supereffective|p1a: Toxapex
|-damage|p1a: Toxapex|0 fnt
|faint|p1a: Toxapex
|
|t:|1757919899
|-end|p2a: Raging Bolt|Protosynthesis|[silent]
|switch|p2a: Landorus|Landorus-Therian, M|100/100|[from] Volt Switch
|
|upkeep
|
|t:|1757919917
|switch|p1a: Pineco|Pineco, L1, M|100/100
|turn|2
|
|t:|1757919922
|move|p2a: Landorus|Taunt|p1a: Pineco
|-start|p1a: Pineco|move: Taunt
|cant|p1a: Pineco|move: Taunt|Pain Split
|
|upkeep
|turn|3
|
|t:|1757919930
|move|p2a: Landorus|Stealth Rock|p1a: Pineco
|-sidestart|p1: 567crazy|move: Stealth Rock
|move|p1a: Pineco|Counter||[still]
|-fail|p1a: Pineco
|
|upkeep
|turn|4
|
|t:|1757919943
|switch|p1a: Serperior|Serperior, M|100/100
|-damage|p1a: Serperior|88/100|[from] Stealth Rock
|move|p2a: Landorus|U-turn|p1a: Serperior
|-supereffective|p1a: Serperior
|-damage|p1a: Serperior|36/100
|
|t:|1757919961
|switch|p2a: Hatterene|Hatterene, F|100/100|[from] U-turn
|
|-heal|p1a: Serperior|42/100|[from] item: Leftovers
|upkeep
|turn|5
|
|t:|1757919973
|move|p1a: Serperior|Leaf Storm|p2a: Hatterene
|-damage|p2a: Hatterene|73/100
|-boost|p1a: Serperior|spa|2
|move|p2a: Hatterene|Mystical Fire|p1a: Serperior
|-supereffective|p1a: Serperior
|-damage|p1a: Serperior|0 fnt
|faint|p1a: Serperior
|
|upkeep
|
|t:|1757919990
|switch|p1a: Excadrill|Excadrill, F|100/100
|-damage|p1a: Excadrill|97/100|[from] Stealth Rock
|-ability|p1a: Excadrill|Mold Breaker
|-item|p1a: Excadrill|Air Balloon
|turn|6
|
|t:|1757919998
|move|p1a: Excadrill|Iron Head|p2a: Hatterene
|-supereffective|p2a: Hatterene
|-damage|p2a: Hatterene|0 fnt
|faint|p2a: Hatterene
|
|upkeep
|
|t:|1757920004
|switch|p2a: Ogerpon|Ogerpon-Wellspring, F|100/100
|turn|7
|
|t:|1757920007
|move|p2a: Ogerpon|Ivy Cudgel|p1a: Excadrill|[anim] Ivy Cudgel Water
|-supereffective|p1a: Excadrill
|-damage|p1a: Excadrill|0 fnt
|-enditem|p1a: Excadrill|Air Balloon
|faint|p1a: Excadrill
|
|upkeep
|inactive|567crazy has 120 seconds left.
|-message|567crazy forfeited.
|
|win|Eldeon Bolt
|raw|567crazy's rating: 1126 &rarr; <strong>1108</strong><br />(-18 for losing)
|raw|Eldeon Bolt's rating: 1219 &rarr; <strong>1237</strong><br />(+18 for winning)
|l|☆567crazy
|player|p1|
|l|☆Eldeon Bolt
|player|p2|
