|j|☆redfeatherz
|j|☆omin 54
|t:|1757863828
|gametype|singles
|player|p1|redfeatherz|2|1350
|player|p2|omin 54|pokemaniac|1348
|gen|9
|tier|[Gen 9] OU
|rated|
|rule|HP Percentage Mod: HP is shown in percentages
|rule|Endless Battle Clause: Forcing endless battles is banned
|rule|Species Clause: Limit one of each Pokémon
|rule|OHKO Clause: OHKO moves are banned
|rule|Evasion Items Clause: Evasion items are banned
|rule|Evasion Moves Clause: Evasion moves are banned
|rule|Evasion Abilities Clause: Evasion abilities are banned
|rule|Sleep Moves Clause: Sleep-inducing moves are banned
|clearpoke
|poke|p1|Kilowattrel, F|
|poke|p1|Glastrier|
|poke|p1|Slowking, M|
|poke|p1|Salamence, M|
|poke|p1|Mabosstiff, F|
|poke|p1|Kleavor, M|
|poke|p2|Landorus-Therian, M|
|poke|p2|Skeledirge, M|
|poke|p2|Skarmory, M|
|poke|p2|Hydrapple, M|
|poke|p2|Samurott-Hisui, M|
|poke|p2|Fezandipiti, M|
|teampreview
|inactive|Battle timer is ON: inactive players will automatically lose when time's up. (requested by omin 54)
|
|t:|1757863846
|teamsize|p1|6
|teamsize|p2|6
|start
|switch|p1a: Slowking|Slowking, M|100/100
|switch|p2a: Skarmory|Skarmory, M, shiny|100/100
|turn|1
|
|t:|1757863852
|move|p2a: Skarmory|Stealth Rock|p1a: Slowking
|-sidestart|p1: redfeatherz|move: Stealth Rock
|move|p1a: Slowking|Future Sight|p2a: Skarmory
|-start|p1a: Slowking|move: Future Sight
|
|upkeep
|turn|2
|
|t:|1757863858
|move|p2a: Skarmory|Brave Bird|p1a: Slowking
|-damage|p1a: Slowking|75/100
|-damage|p2a: Skarmory|91/100|[from] Recoil
|-prepare|p1a: Slowking|Chilly Reception|[premajor]
|move|p1a: Slowking|Chilly Reception|p1a: Slowking
|-weather|Snowscape
|
|t:|1757863863
|switch|p1a: Kilowattrel|Kilowattrel, F|100/100|[from] Chilly Reception
|-damage|p1a: Kilowattrel|76/100|[from] Stealth Rock
|
|-weather|Snowscape|[upkeep]
|upkeep
|turn|3
|
|t:|1757863873
|switch|p2a: Landorus|Landorus-Therian, M, shiny|100/100
|-ability|p2a: Landorus|Intimidate|boost
|-unboost|p1a: Kilowattrel|atk|1
|-ability|p1a: Kilowattrel|Competitive|boost
|-boost|p1a: Kilowattrel|spa|2
|move|p1a: Kilowattrel|Thunderbolt|p2a: Landorus
|-immune|p2a: Landorus
|
|-weather|Snowscape|[upkeep]
|-end|p2a: Landorus|move: Future Sight
|-damage|p2a: Landorus|41/100
|upkeep
|turn|4
|
|t:|1757863883
|move|p2a: Landorus|Stone Edge|p1a: Kilowattrel
|-supereffective|p1a: Kilowattrel
|-damage|p1a: Kilowattrel|0 fnt
|faint|p1a: Kilowattrel
|
|-weather|Snowscape|[upkeep]
|upkeep
|
|t:|1757863891
|switch|p1a: Slowking|Slowking, M|100/100
|turn|5
|
|t:|1757863897
|switch|p2a: Samurott|Samurott-Hisui, M, shiny|100/100
|move|p1a: Slowking|Trick Room|p1a: Slowking
|-fieldstart|move: Trick Room|[of] p1a: Slowking
|
|-weather|Snowscape|[upkeep]
|upkeep
|turn|6
|
|t:|1757863904
|-prepare|p1a: Slowking|Chilly Reception|[premajor]
|move|p1a: Slowking|Chilly Reception|p1a: Slowking
|
|t:|1757863907
|switch|p1a: Glastrier|Glastrier|100/100|[from] Chilly Reception
|move|p2a: Samurott|Knock Off|p1a: Glastrier
|-damage|p1a: Glastrier|77/100
|-enditem|p1a: Glastrier|Heavy-Duty Boots|[from] move: Knock Off|[of] p2a: Samurott
|
|-weather|none
|upkeep
|turn|7
|
|t:|1757863914
|move|p1a: Glastrier|Close Combat|p2a: Samurott
|-supereffective|p2a: Samurott
|-damage|p2a: Samurott|0 fnt
|-unboost|p1a: Glastrier|def|1
|-unboost|p1a: Glastrier|spd|1
|faint|p2a: Samurott
|-ability|p1a: Glastrier|Chilling Neigh|boost
|-boost|p1a: Glastrier|atk|1
|
|upkeep
|
|t:|1757863929
|switch|p2a: Skeledirge|Skeledirge, M, shiny|100/100
|turn|8
|
|t:|1757863955
|-terastallize|p1a: Glastrier|Ground
|move|p1a: Glastrier|High Horsepower|p2a: Skeledirge
|-supereffective|p2a: Skeledirge
|-damage|p2a: Skeledirge|18/100
|move|p2a: Skeledirge|Torch Song|p1a: Glastrier
|-damage|p1a: Glastrier|53/100
|-boost|p2a: Skeledirge|spa|1
|
|upkeep
|turn|9
|
|t:|1757863964
|move|p1a: Glastrier|High Horsepower|p2a: Skeledirge
|-supereffective|p2a: Skeledirge
|-damage|p2a: Skeledirge|0 fnt
|faint|p2a: Skeledirge
|-ability|p1a: Glastrier|Chilling Neigh|boost
|-boost|p1a: Glastrier|atk|1
|
|-fieldend|move: Trick Room
|upkeep
|
|t:|1757863972
|switch|p2a: Leviatan|Hydrapple, M, shiny|100/100
|turn|10
|
|t:|1757863983
|switch|p1a: Kleavor|Kleavor, M|100/100
|-damage|p1a: Kleavor|76/100|[from] Stealth Rock
|move|p2a: Leviatan|Giga Drain|p1a: Kleavor
|-damage|p1a: Kleavor|5/100
|
|upkeep
|turn|11
|-enditem|p1a: Kleavor|Custap Berry|[eat]
|-activate|p1a: Kleavor|item: Custap Berry|[consumed]
|
|t:|1757863999
|switch|p2a: Landorus|Landorus-Therian, M, shiny|41/100
|-ability|p2a: Landorus|Intimidate|boost
|-unboost|p1a: Kleavor|atk|1
|move|p1a: Kleavor|Defog|p2a: Landorus
|-unboost|p2a: Landorus|evasion|1
|-sideend|p1: redfeatherz|Stealth Rock|[from] move: Defog|[of] p1a: Kleavor
|
|upkeep
|turn|12
|
|t:|1757864013
|move|p2a: Landorus|U-turn|p1a: Kleavor
|-damage|p1a: Kleavor|0 fnt
|faint|p1a: Kleavor
|
|t:|1757864017
|switch|p2a: Skarmory|Skarmory, M, shiny|91/100|[from] U-turn
|
|upkeep
|
|t:|1757864033
|switch|p1a: Salamence|Salamence, M|100/100
|turn|13
|
|t:|1757864037
|move|p1a: Salamence|Dragon Dance|p1a: Salamence
|-boost|p1a: Salamence|atk|1
|-boost|p1a: Salamence|spe|1
|move|p2a: Skarmory|Stealth Rock|p1a: Salamence
|-sidestart|p1: redfeatherz|move: Stealth Rock
|
|upkeep
|turn|14
|
|t:|1757864044
|move|p1a: Salamence|Temper Flare|p2a: Skarmory
|-supereffective|p2a: Skarmory
|-damage|p2a: Skarmory|41/100
|-damage|p1a: Salamence|84/100|[from] item: Rocky Helmet|[of] p2a: Skarmory
|move|p2a: Skarmory|Brave Bird|p1a: Salamence
|-damage|p1a: Salamence|42/100
|-damage|p2a: Skarmory|27/100|[from] Recoil
|
|upkeep
|turn|15
|
|t:|1757864056
|move|p1a: Salamence|Temper Flare|p2a: Skarmory
|-supereffective|p2a: Skarmory
|-damage|p2a: Skarmory|0 fnt
|-damage|p1a: Salamence|26/100|[from] item: Rocky Helmet|[of] p2a: Skarmory
|faint|p2a: Skarmory
|-ability|p1a: Salamence|Moxie|boost
|-boost|p1a: Salamence|atk|1
|
|upkeep
|
|t:|1757864062
|switch|p2a: Landorus|Landorus-Therian, M, shiny|41/100
|-ability|p2a: Landorus|Intimidate|boost
|-unboost|p1a: Salamence|atk|1
|turn|16
|
|t:|1757864080
|move|p1a: Salamence|Dragon Rush|p2a: Landorus
|-crit|p2a: Landorus
|-damage|p2a: Landorus|0 fnt
|faint|p2a: Landorus
|-ability|p1a: Salamence|Moxie|boost
|-boost|p1a: Salamence|atk|1
|
|upkeep
|
|t:|1757864088
|switch|p2a: Fezandipiti|Fezandipiti, M|100/100
|turn|17
|
|t:|1757864091
|move|p1a: Salamence|Earthquake|p2a: Fezandipiti
|-supereffective|p2a: Fezandipiti
|-damage|p2a: Fezandipiti|0 fnt
|faint|p2a: Fezandipiti
|-ability|p1a: Salamence|Moxie|boost
|-boost|p1a: Salamence|atk|1
|
|upkeep
|-message|omin 54 forfeited.
|
|win|redfeatherz
|raw|redfeatherz's rating: 1350 &rarr; <strong>1370</strong><br />(+20 for winning)
|raw|omin 54's rating: 1348 &rarr; <strong>1328</strong><br />(-20 for losing)
|l|☆omin 54
|player|p2|
|l|☆redfeatherz
|player|p1|
