|inactive|Battle timer is ON: inactive players will automatically lose when time's up.
|t:|1757886137
|gametype|singles
|player|p1|xavgb|#puplviiimoomoomilkers|
|player|p2|SOULWIND|#scl5foxes2|
|gen|9
|tier|[Gen 9] OU
|rule|HP Percentage Mod: HP is shown in percentages
|rule|Endless Battle Clause: Forcing endless battles is banned
|rule|Species Clause: Limit one of each Pokémon
|rule|OHKO Clause: OHKO moves are banned
|rule|Evasion Items Clause: Evasion items are banned
|rule|Evasion Moves Clause: Evasion moves are banned
|rule|Evasion Abilities Clause: Evasion abilities are banned
|rule|Sleep Moves Clause: Sleep-inducing moves are banned
|clearpoke
|poke|p1|Dragonite, F|
|poke|p1|Gholdengo|
|poke|p1|Clefable, M|
|poke|p1|Zamazenta-*|
|poke|p1|Skarmory, F|
|poke|p1|Ting-Lu|
|poke|p2|Glimmora, M|
|poke|p2|Dragonite, F|
|poke|p2|Gholdengo|
|poke|p2|Darkrai|
|poke|p2|Samurott-Hisui, F|
|poke|p2|Great Tusk|
|teampreview
|inactive|xavgb has 270 seconds left.
|inactive|SOULWIND has 270 seconds left.
|inactive|SOULWIND has 240 seconds left.
|inactive|xavgb has 240 seconds left.
|inactive|SOULWIND has 210 seconds left.
|inactive|xavgb has 210 seconds left.
|inactive|SOULWIND has 180 seconds left.
|
|t:|1757886269
|teamsize|p1|6
|teamsize|p2|6
|start
|switch|p1a: Zamazenta|Zamazenta|100/100
|switch|p2a: Glimmora|Glimmora, M|100/100
|-ability|p1a: Zamazenta|Dauntless Shield|boost
|-boost|p1a: Zamazenta|def|1
|turn|1
|inactive|xavgb has 270 seconds left.
|
|t:|1757886300
|move|p2a: Glimmora|Stealth Rock|p1a: Zamazenta
|-sidestart|p1: xavgb|move: Stealth Rock
|move|p1a: Zamazenta|Close Combat|p2a: Glimmora
|-damage|p2a: Glimmora|23/100
|-unboost|p1a: Zamazenta|def|1
|-unboost|p1a: Zamazenta|spd|1
|-activate|p2a: Glimmora|ability: Toxic Debris
|-sidestart|p1: xavgb|move: Toxic Spikes
|
|upkeep
|turn|2
|inactive|SOULWIND has 240 seconds left.
|inactive|xavgb has 240 seconds left.
|
|t:|1757886325
|move|p2a: Glimmora|Stealth Rock||[still]
|-fail|p2a: Glimmora
|move|p1a: Zamazenta|Close Combat|p2a: Glimmora
|-damage|p2a: Glimmora|0 fnt
|-unboost|p1a: Zamazenta|def|1
|-unboost|p1a: Zamazenta|spd|1
|-activate|p2a: Glimmora|ability: Toxic Debris
|-sidestart|p1: xavgb|move: Toxic Spikes
|faint|p2a: Glimmora
|
|upkeep
|inactive|SOULWIND has 210 seconds left.
|
|t:|1757886346
|switch|p2a: Great Tusk|Great Tusk|100/100
|-enditem|p2a: Great Tusk|Booster Energy
|-activate|p2a: Great Tusk|ability: Protosynthesis|[fromitem]
|-start|p2a: Great Tusk|protosynthesisspe
|turn|3
|inactive|xavgb has 240 seconds left.
|
|t:|1757886368
|switch|p1a: Clefable|Clefable, M|100/100
|-status|p1a: Clefable|tox
|move|p2a: Great Tusk|Headlong Rush|p1a: Clefable
|-damage|p1a: Clefable|49/100 tox
|-unboost|p2a: Great Tusk|def|1
|-unboost|p2a: Great Tusk|spd|1
|-damage|p2a: Great Tusk|84/100|[from] item: Rocky Helmet|[of] p1a: Clefable
|
|upkeep
|turn|4
|inactive|xavgb has 210 seconds left.
|
|t:|1757886401
|switch|p1a: Skarmory|Skarmory, F|100/100
|-damage|p1a: Skarmory|88/100|[from] Stealth Rock
|move|p2a: Great Tusk|Headlong Rush|p1a: Skarmory
|-immune|p1a: Skarmory
|
|-heal|p1a: Skarmory|94/100|[from] item: Leftovers
|upkeep
|turn|5
|inactive|xavgb has 210 seconds left.
|
|t:|1757886412
|move|p2a: Great Tusk|Taunt|p1a: Skarmory
|-start|p1a: Skarmory|move: Taunt
|move|p1a: Skarmory|Brave Bird|p2a: Great Tusk
|-supereffective|p2a: Great Tusk
|-damage|p2a: Great Tusk|14/100
|-damage|p1a: Skarmory|64/100|[from] Recoil
|
|-heal|p1a: Skarmory|70/100|[from] item: Leftovers
|upkeep
|turn|6
|inactive|xavgb has 210 seconds left.
|
|t:|1757886443
|move|p2a: Great Tusk|Close Combat|p1a: Skarmory
|-damage|p1a: Skarmory|41/100
|-unboost|p2a: Great Tusk|def|1
|-unboost|p2a: Great Tusk|spd|1
|move|p1a: Skarmory|Brave Bird|p2a: Great Tusk
|-supereffective|p2a: Great Tusk
|-damage|p2a: Great Tusk|0 fnt
|faint|p2a: Great Tusk
|-end|p2a: Great Tusk|Protosynthesis|[silent]
|-damage|p1a: Skarmory|35/100|[from] Recoil
|
|-heal|p1a: Skarmory|41/100|[from] item: Leftovers
|upkeep
|inactive|SOULWIND has 210 seconds left.
|
|t:|1757886496
|switch|p2a: Gholdengo|Gholdengo|100/100
|-item|p2a: Gholdengo|Air Balloon
|turn|7
|
|t:|1757886504
|switch|p1a: Ting-Lu|Ting-Lu|100/100
|-damage|p1a: Ting-Lu|94/100|[from] Stealth Rock
|-status|p1a: Ting-Lu|tox
|-ability|p1a: Ting-Lu|Vessel of Ruin
|move|p2a: Gholdengo|Nasty Plot|p2a: Gholdengo
|-boost|p2a: Gholdengo|spa|2
|
|-damage|p1a: Ting-Lu|88/100 tox|[from] psn
|upkeep
|turn|8
|
|t:|1757886509
|move|p2a: Gholdengo|Make It Rain|p1a: Ting-Lu
|-damage|p1a: Ting-Lu|15/100 tox
|-unboost|p2a: Gholdengo|spa|1
|move|p1a: Ting-Lu|Ruination|p2a: Gholdengo
|-damage|p2a: Gholdengo|51/100
|-enditem|p2a: Gholdengo|Air Balloon
|
|-damage|p1a: Ting-Lu|3/100 tox|[from] psn
|upkeep
|turn|9
|inactive|xavgb has 210 seconds left.
|inactive|SOULWIND has 210 seconds left.
|-enditem|p1a: Ting-Lu|Custap Berry|[eat]
|-activate|p1a: Ting-Lu|item: Custap Berry|[consumed]
|
|t:|1757886527
|move|p1a: Ting-Lu|Earthquake|p2a: Gholdengo
|-supereffective|p2a: Gholdengo
|-damage|p2a: Gholdengo|0 fnt
|faint|p2a: Gholdengo
|
|-damage|p1a: Ting-Lu|0 fnt|[from] psn
|faint|p1a: Ting-Lu
|upkeep
|inactive|SOULWIND has 210 seconds left.
|
|t:|1757886537
|switch|p2a: Dragonite|Dragonite, F|100/100
|switch|p1a: Zamazenta|Zamazenta|100/100
|turn|10
|inactive|xavgb has 210 seconds left.
|
|t:|1757886544
|move|p1a: Zamazenta|Ice Fang|p2a: Dragonite
|-supereffective|p2a: Dragonite
|-damage|p2a: Dragonite|51/100
|-status|p2a: Dragonite|frz
|cant|p2a: Dragonite|frz
|
|-heal|p2a: Dragonite|57/100 frz|[from] item: Leftovers
|upkeep
|turn|11
|
|t:|1757886553
|move|p1a: Zamazenta|Ice Fang|p2a: Dragonite
|-supereffective|p2a: Dragonite
|-damage|p2a: Dragonite|0 fnt
|faint|p2a: Dragonite
|
|upkeep
|inactive|SOULWIND has 210 seconds left.
|inactive|SOULWIND has 180 seconds left.
|
|t:|1757886615
|switch|p2a: Darkrai|Darkrai|100/100
|turn|12
|
|t:|1757886629
|move|p2a: Darkrai|Nasty Plot|p2a: Darkrai
|-boost|p2a: Darkrai|spa|2
|move|p1a: Zamazenta|Close Combat|p2a: Darkrai
|-supereffective|p2a: Darkrai
|-damage|p2a: Darkrai|0 fnt
|-unboost|p1a: Zamazenta|def|1
|-unboost|p1a: Zamazenta|spd|1
|faint|p2a: Darkrai
|
|upkeep
|inactive|SOULWIND has 180 seconds left.
|c|☆SOULWIND|that freeze is lame as fuck
|c|☆SOULWIND|gg
|-message|SOULWIND forfeited.
|
|win|xavgb
|c|☆xavgb|gg
