|j|☆Tiger Goat
|j|☆Kaleor
|t:|1757870175
|gametype|singles
|player|p1|Tiger Goat|biker-gen4|1510
|player|p2|Kaleor|swimmer-gen4dp|1498
|gen|9
|tier|[Gen 9] OU
|rated|
|rule|HP Percentage Mod: HP is shown in percentages
|rule|Endless Battle Clause: Forcing endless battles is banned
|rule|Species Clause: Limit one of each Pokémon
|rule|OHKO Clause: OHKO moves are banned
|rule|Evasion Items Clause: Evasion items are banned
|rule|Evasion Moves Clause: Evasion moves are banned
|rule|Evasion Abilities Clause: Evasion abilities are banned
|rule|Sleep Moves Clause: Sleep-inducing moves are banned
|clearpoke
|poke|p1|Indeedee, M|
|poke|p1|Hatterene, F|
|poke|p1|Ursaluna, F|
|poke|p1|Iron Hands|
|poke|p1|Hoopa-Unbound|
|poke|p1|Mimikyu, F|
|poke|p2|Hatterene, F|
|poke|p2|Torkoal, F|
|poke|p2|Ursaluna, F|
|poke|p2|Deoxys-Defense|
|poke|p2|Hoopa-Unbound|
|poke|p2|Cinderace, M|
|teampreview
|inactive|Battle timer is ON: inactive players will automatically lose when time's up. (requested by Tiger Goat)
|inactive|Tiger Goat has 120 seconds left.
|
|t:|1757870210
|teamsize|p1|6
|teamsize|p2|6
|start
|switch|p1a: Indeedee|Indeedee, M, shiny|100/100
|switch|p2a: Deoxys|Deoxys-Defense|100/100
|-fieldstart|move: Psychic Terrain|[from] ability: Psychic Surge|[of] p1a: Indeedee
|-ability|p2a: Deoxys|Pressure
|turn|1
|
|t:|1757870223
|switch|p1a: Hoopa|Hoopa-Unbound|100/100
|-enditem|p1a: Hoopa|Psychic Seed
|-boost|p1a: Hoopa|spd|1|[from] item: Psychic Seed
|move|p2a: Deoxys|Stealth Rock|p1a: Hoopa
|-sidestart|p1: Tiger Goat|move: Stealth Rock
|
|upkeep
|turn|2
|
|t:|1757870232
|move|p2a: Deoxys|Trick Room|p2a: Deoxys
|-fieldstart|move: Trick Room|[of] p2a: Deoxys
|move|p1a: Hoopa|Trick Room|p1a: Hoopa
|-fieldend|move: Trick Room
|
|upkeep
|turn|3
|
|t:|1757870240
|move|p2a: Deoxys|Trick Room|p2a: Deoxys
|-fieldstart|move: Trick Room|[of] p2a: Deoxys
|move|p1a: Hoopa|Trick Room|p1a: Hoopa
|-fieldend|move: Trick Room
|
|upkeep
|turn|4
|
|t:|1757870244
|move|p1a: Hoopa|Hyperspace Fury|p2a: Deoxys
|-supereffective|p2a: Deoxys
|-damage|p2a: Deoxys|21/100
|-unboost|p1a: Hoopa|def|1
|-item|p1a: Hoopa|Mental Herb|[from] ability: Magician|[of] p2a: Deoxys
|move|p2a: Deoxys|Trick Room|p2a: Deoxys
|-fieldstart|move: Trick Room|[of] p2a: Deoxys
|
|upkeep
|turn|5
|
|t:|1757870256
|move|p1a: Hoopa|Expanding Force|p2a: Deoxys
|-resisted|p2a: Deoxys
|-damage|p2a: Deoxys|0 fnt
|faint|p2a: Deoxys
|
|upkeep
|
|t:|1757870261
|switch|p2a: Ursaluna|Ursaluna, F|100/100
|turn|6
|
|t:|1757870272
|move|p2a: Ursaluna|Headlong Rush|p1a: Hoopa
|-damage|p1a: Hoopa|0 fnt
|-unboost|p2a: Ursaluna|def|1
|-unboost|p2a: Ursaluna|spd|1
|faint|p1a: Hoopa
|
|-status|p2a: Ursaluna|brn|[from] item: Flame Orb
|upkeep
|
|t:|1757870294
|switch|p1a: Hatterene|Hatterene, F, shiny|100/100
|-damage|p1a: Hatterene|88/100|[from] Stealth Rock
|turn|7
|
|t:|1757870303
|switch|p2a: Cinderace|Cinderace, M|100/100
|-terastallize|p1a: Hatterene|Stellar
|move|p1a: Hatterene|Draining Kiss|p2a: Cinderace
|-resisted|p2a: Cinderace
|-damage|p2a: Cinderace|53/100
|-heal|p1a: Hatterene|100/100|[from] drain|[of] p2a: Cinderace
|-damage|p1a: Hatterene|91/100|[from] item: Life Orb
|
|upkeep
|turn|8
|
|t:|1757870314
|move|p1a: Hatterene|Expanding Force|p2a: Cinderace
|-damage|p2a: Cinderace|0 fnt
|faint|p2a: Cinderace
|-damage|p1a: Hatterene|81/100|[from] item: Life Orb
|
|-fieldend|move: Trick Room
|-fieldend|move: Psychic Terrain
|upkeep
|
|t:|1757870316
|switch|p2a: Hoopa|Hoopa-Unbound|100/100
|turn|9
|
|t:|1757870326
|move|p2a: Hoopa|Hyperspace Fury|p1a: Hatterene
|-damage|p1a: Hatterene|11/100
|-unboost|p2a: Hoopa|def|1
|-enditem|p2a: Hoopa|Eject Pack
|
|t:|1757870329
|switch|p2a: Hatterene|Hatterene, F|100/100
|move|p1a: Hatterene|Draining Kiss|p2a: Hatterene
|-damage|p2a: Hatterene|55/100
|-heal|p1a: Hatterene|45/100|[from] drain|[of] p2a: Hatterene
|-damage|p1a: Hatterene|36/100|[from] item: Life Orb
|
|upkeep
|turn|10
|
|t:|1757870337
|switch|p1a: Indeedee|Indeedee, M, shiny|100/100
|-damage|p1a: Indeedee|88/100|[from] Stealth Rock
|-fieldstart|move: Psychic Terrain|[from] ability: Psychic Surge|[of] p1a: Indeedee
|move|p2a: Hatterene|Misty Explosion|p1a: Indeedee
|-damage|p1a: Indeedee|22/100
|faint|p2a: Hatterene
|
|upkeep
|
|t:|1757870342
|switch|p2a: Hoopa|Hoopa-Unbound|100/100
|turn|11
|
|t:|1757870348
|move|p1a: Indeedee|Healing Wish|p1a: Indeedee
|faint|p1a: Indeedee
|move|p2a: Hoopa|Trick Room|p2a: Hoopa
|-fieldstart|move: Trick Room|[of] p2a: Hoopa
|
|upkeep
|
|t:|1757870351
|switch|p1a: Hatterene|Hatterene, F, shiny, tera:Stellar|36/100
|-heal|p1a: Hatterene|100/100|[from] move: Healing Wish
|-damage|p1a: Hatterene|88/100|[from] Stealth Rock
|turn|12
|
|t:|1757870370
|move|p1a: Hatterene|Mystical Fire|p2a: Hoopa
|-damage|p2a: Hoopa|67/100
|-unboost|p2a: Hoopa|spa|1
|-damage|p1a: Hatterene|78/100|[from] item: Life Orb
|move|p2a: Hoopa|Psychic Noise|p1a: Hatterene
|-resisted|p1a: Hatterene
|-damage|p1a: Hatterene|61/100
|-start|p1a: Hatterene|move: Heal Block
|-item|p2a: Hoopa|Life Orb|[from] ability: Magician|[of] p1a: Hatterene
|
|upkeep
|turn|13
|
|t:|1757870375
|move|p1a: Hatterene|Mystical Fire|p2a: Hoopa
|-damage|p2a: Hoopa|47/100
|-unboost|p2a: Hoopa|spa|1
|move|p2a: Hoopa|Hyperspace Fury|p1a: Hatterene
|-damage|p1a: Hatterene|0 fnt
|-unboost|p2a: Hoopa|def|1
|faint|p1a: Hatterene
|-damage|p2a: Hoopa|37/100|[from] item: Life Orb
|
|upkeep
|
|t:|1757870390
|switch|p1a: Ursaluna|Ursaluna, F, shiny|100/100
|-damage|p1a: Ursaluna|94/100|[from] Stealth Rock
|turn|14
|
|t:|1757870399
|move|p1a: Ursaluna|Facade|p2a: Hoopa
|-damage|p2a: Hoopa|0 fnt
|faint|p2a: Hoopa
|
|-status|p1a: Ursaluna|brn|[from] item: Flame Orb
|upkeep
|
|t:|1757870402
|switch|p2a: Torkoal|Torkoal, F|100/100
|-weather|SunnyDay|[from] ability: Drought|[of] p2a: Torkoal
|turn|15
|
|t:|1757870410
|move|p2a: Torkoal|Eruption|p1a: Ursaluna
|-damage|p1a: Ursaluna|0 fnt
|faint|p1a: Ursaluna
|
|-weather|SunnyDay|[upkeep]
|-fieldend|move: Trick Room
|upkeep
|
|t:|1757870416
|switch|p1a: Iron Hands|Iron Hands, shiny|100/100
|-damage|p1a: Iron Hands|94/100|[from] Stealth Rock
|-enditem|p1a: Iron Hands|Booster Energy
|-activate|p1a: Iron Hands|ability: Quark Drive|[fromitem]
|-start|p1a: Iron Hands|quarkdriveatk
|turn|16
|
|t:|1757870425
|move|p1a: Iron Hands|Close Combat|p2a: Torkoal
|-damage|p2a: Torkoal|27/100
|-unboost|p1a: Iron Hands|def|1
|-unboost|p1a: Iron Hands|spd|1
|move|p2a: Torkoal|Eruption|p1a: Iron Hands
|-damage|p1a: Iron Hands|49/100
|
|-weather|SunnyDay|[upkeep]
|upkeep
|turn|17
|
|t:|1757870432
|move|p1a: Iron Hands|Close Combat|p2a: Torkoal
|-damage|p2a: Torkoal|0 fnt
|-unboost|p1a: Iron Hands|def|1
|-unboost|p1a: Iron Hands|spd|1
|faint|p2a: Torkoal
|
|-weather|SunnyDay|[upkeep]
|-fieldend|move: Psychic Terrain
|upkeep
|
|t:|1757870433
|switch|p2a: Ursaluna|Ursaluna, F|100/100 brn
|turn|18
|
|t:|1757870443
|-end|p1a: Iron Hands|Quark Drive|[silent]
|switch|p1a: Mimikyu|Mimikyu, F, shiny|100/100
|-damage|p1a: Mimikyu|88/100|[from] Stealth Rock
|move|p2a: Ursaluna|Facade|p1a: Mimikyu
|-immune|p1a: Mimikyu
|
|-weather|SunnyDay|[upkeep]
|-damage|p2a: Ursaluna|94/100 brn|[from] brn
|upkeep
|turn|19
|
|t:|1757870461
|move|p1a: Mimikyu|Curse|p2a: Ursaluna
|-start|p2a: Ursaluna|Curse|[of] p1a: Mimikyu
|-damage|p1a: Mimikyu|38/100
|move|p2a: Ursaluna|Fire Punch|p1a: Mimikyu
|-activate|p1a: Mimikyu|ability: Disguise
|-damage|p1a: Mimikyu|38/100
|-status|p1a: Mimikyu|brn
|detailschange|p1a: Mimikyu|Mimikyu-Busted, F, shiny
|-damage|p1a: Mimikyu|26/100 brn|[from] pokemon: Mimikyu-Busted
|
|-weather|none
|-damage|p1a: Mimikyu|20/100 brn|[from] brn
|-damage|p2a: Ursaluna|88/100 brn|[from] brn
|-damage|p2a: Ursaluna|63/100 brn|[from] Curse
|upkeep
|turn|20
|
|t:|1757870475
|move|p1a: Mimikyu|Destiny Bond|p1a: Mimikyu
|-singlemove|p1a: Mimikyu|Destiny Bond
|move|p2a: Ursaluna|Fire Punch|p1a: Mimikyu
|-damage|p1a: Mimikyu|0 fnt
|faint|p1a: Mimikyu
|-activate|p1a: Mimikyu|move: Destiny Bond
|faint|p2a: Ursaluna
|
|win|Tiger Goat
|raw|Tiger Goat's rating: 1510 &rarr; <strong>1529</strong><br />(+19 for winning)
|raw|Kaleor's rating: 1498 &rarr; <strong>1479</strong><br />(-19 for losing)
|l|☆Kaleor
|player|p2|
|l|☆Tiger Goat
|player|p1|
