|j|☆Calcublast
|j|☆1digo11
|t:|1757893822
|gametype|singles
|player|p1|Calcublast|thorton|1197
|player|p2|1digo11|bellelba|1168
|gen|9
|tier|[Gen 9] OU
|rated|
|rule|HP Percentage Mod: HP is shown in percentages
|rule|Endless Battle Clause: Forcing endless battles is banned
|rule|Species Clause: Limit one of each Pokémon
|rule|OHKO Clause: OHKO moves are banned
|rule|Evasion Items Clause: Evasion items are banned
|rule|Evasion Moves Clause: Evasion moves are banned
|rule|Evasion Abilities Clause: Evasion abilities are banned
|rule|Sleep Moves Clause: Sleep-inducing moves are banned
|clearpoke
|poke|p1|Braviary-Hisui, M|
|poke|p1|Kleavor, F|
|poke|p1|Hydrapple, M|
|poke|p1|Magnezone|
|poke|p1|Granbull, F|
|poke|p1|Cryogonal|
|poke|p2|Landorus-Therian, M|
|poke|p2|Hatterene, F|
|poke|p2|Dragapult, M|
|poke|p2|Ogerpon-Wellspring, F|
|poke|p2|Heatran, F|
|poke|p2|Gholdengo|
|teampreview
|j| snakebirdwaterneck
|c|☆1digo11|pu final boss
|
|t:|1757893837
|teamsize|p1|6
|teamsize|p2|6
|start
|switch|p1a: Stone Age|Kleavor, F|100/100
|switch|p2a: Landorus|Landorus-Therian, M|100/100
|-ability|p2a: Landorus|Intimidate|boost
|-unboost|p1a: Stone Age|atk|1
|turn|1
|
|t:|1757893848
|move|p2a: Landorus|Stone Edge|p1a: Stone Age
|-supereffective|p1a: Stone Age
|-damage|p1a: Stone Age|3/100
|move|p1a: Stone Age|U-turn|p2a: Landorus
|-resisted|p2a: Landorus
|-damage|p2a: Landorus|86/100
|
|t:|1757893855
|switch|p1a: Triclops|Magnezone|100/100|[from] U-turn
|
|upkeep
|turn|2
|
|t:|1757893867
|switch|p2a: Gholdengo|Gholdengo|100/100
|move|p1a: Triclops|Volt Switch|p2a: Gholdengo
|-damage|p2a: Gholdengo|49/100
|
|t:|1757893881
|switch|p1a: Canada|Braviary-Hisui, M|100/100|[from] Volt Switch
|
|upkeep
|turn|3
|
|t:|1757893885
|-terastallize|p1a: Canada|Dark
|move|p2a: Gholdengo|Shadow Ball|p1a: Canada
|-resisted|p1a: Canada
|-damage|p1a: Canada|76/100
|move|p1a: Canada|Heat Wave|p2a: Gholdengo
|-supereffective|p2a: Gholdengo
|-damage|p2a: Gholdengo|0 fnt
|faint|p2a: Gholdengo
|
|upkeep
|
|t:|1757893891
|switch|p2a: Landorus|Landorus-Therian, M|86/100
|-ability|p2a: Landorus|Intimidate|boost
|-unboost|p1a: Canada|atk|1
|turn|4
|
|t:|1757893895
|switch|p1a: Vicktim|Granbull, F|100/100
|-ability|p1a: Vicktim|Intimidate|boost
|-unboost|p2a: Landorus|atk|1
|move|p2a: Landorus|U-turn|p1a: Vicktim
|-resisted|p1a: Vicktim
|-damage|p1a: Vicktim|93/100
|-damage|p2a: Landorus|69/100|[from] item: Rocky Helmet|[of] p1a: Vicktim
|
|t:|1757893899
|switch|p2a: Dragapult|Dragapult, M|100/100|[from] U-turn
|
|upkeep
|turn|5
|
|t:|1757893907
|move|p2a: Dragapult|U-turn|p1a: Vicktim
|-resisted|p1a: Vicktim
|-damage|p1a: Vicktim|80/100
|-damage|p2a: Dragapult|84/100|[from] item: Rocky Helmet|[of] p1a: Vicktim
|
|t:|1757893910
|switch|p2a: Heatran|Heatran, F|100/100|[from] U-turn
|move|p1a: Vicktim|Play Rough|p2a: Heatran
|-resisted|p2a: Heatran
|-damage|p2a: Heatran|94/100
|
|-heal|p2a: Heatran|99/100|[from] item: Leftovers
|upkeep
|turn|6
|
|t:|1757893939
|switch|p1a: Wormy|Hydrapple, M|100/100
|move|p2a: Heatran|Stealth Rock|p1a: Wormy
|-sidestart|p1: Calcublast|move: Stealth Rock
|
|-heal|p2a: Heatran|100/100|[from] item: Leftovers
|upkeep
|turn|7
|
|t:|1757893945
|switch|p2a: Landorus|Landorus-Therian, M|69/100
|-ability|p2a: Landorus|Intimidate|boost
|-unboost|p1a: Wormy|atk|1
|move|p1a: Wormy|Earth Power|p2a: Landorus
|-immune|p2a: Landorus
|
|upkeep
|turn|8
|
|t:|1757893948
|move|p2a: Landorus|U-turn|p1a: Wormy
|-supereffective|p1a: Wormy
|-damage|p1a: Wormy|68/100
|
|t:|1757893958
|switch|p2a: Hatterene|Hatterene, F|100/100|[from] U-turn
|move|p1a: Wormy|Hydro Pump|p2a: Hatterene|[miss]
|-miss|p1a: Wormy|p2a: Hatterene
|
|upkeep
|turn|9
|
|t:|1757893966
|switch|p1a: Snowquake|Cryogonal|100/100
|move|p2a: Hatterene|Calm Mind|p2a: Hatterene
|-boost|p2a: Hatterene|spa|1
|-boost|p2a: Hatterene|spd|1
|
|upkeep
|turn|10
|
|t:|1757893969
|move|p1a: Snowquake|Rapid Spin|p2a: Hatterene
|-damage|p2a: Hatterene|95/100
|-boost|p1a: Snowquake|spe|1
|-sideend|p1: Calcublast|Stealth Rock|[from] move: Rapid Spin|[of] p1a: Snowquake
|move|p2a: Hatterene|Draining Kiss|p1a: Snowquake
|-damage|p1a: Snowquake|77/100
|-heal|p2a: Hatterene|100/100|[from] drain|[of] p1a: Snowquake
|
|upkeep
|turn|11
|
|t:|1757893975
|switch|p1a: Triclops|Magnezone|100/100
|move|p2a: Hatterene|Calm Mind|p2a: Hatterene
|-boost|p2a: Hatterene|spa|1
|-boost|p2a: Hatterene|spd|1
|
|upkeep
|turn|12
|
|t:|1757893983
|move|p1a: Triclops|Volt Switch|p2a: Hatterene
|-damage|p2a: Hatterene|84/100
|
|t:|1757893993
|switch|p1a: Canada|Braviary-Hisui, M, tera:Dark|76/100|[from] Volt Switch
|move|p2a: Hatterene|Mystical Fire|p1a: Canada
|-damage|p1a: Canada|29/100
|-unboost|p1a: Canada|spa|1
|
|-heal|p2a: Hatterene|89/100|[from] item: Leftovers
|upkeep
|turn|13
|
|t:|1757894006
|move|p1a: Canada|Hurricane|p2a: Hatterene|[miss]
|-miss|p1a: Canada|p2a: Hatterene
|move|p2a: Hatterene|Draining Kiss|p1a: Canada
|-supereffective|p1a: Canada
|-damage|p1a: Canada|0 fnt
|-heal|p2a: Hatterene|100/100|[from] drain|[of] p1a: Canada
|faint|p1a: Canada
|
|upkeep
|
|t:|1757894009
|switch|p1a: Stone Age|Kleavor, F|3/100
|turn|14
|
|t:|1757894013
|move|p1a: Stone Age|Stone Axe|p2a: Hatterene
|-crit|p2a: Hatterene
|-damage|p2a: Hatterene|38/100
|-sidestart|p2: 1digo11|move: Stealth Rock
|move|p2a: Hatterene|Draining Kiss|p1a: Stone Age
|-damage|p1a: Stone Age|0 fnt
|-heal|p2a: Hatterene|40/100|[from] drain|[of] p1a: Stone Age
|faint|p1a: Stone Age
|
|-heal|p2a: Hatterene|46/100|[from] item: Leftovers
|upkeep
|
|t:|1757894019
|switch|p1a: Triclops|Magnezone|100/100
|turn|15
|
|t:|1757894024
|move|p1a: Triclops|Flash Cannon|p2a: Hatterene
|-supereffective|p2a: Hatterene
|-damage|p2a: Hatterene|4/100
|move|p2a: Hatterene|Draining Kiss|p1a: Triclops
|-resisted|p1a: Triclops
|-damage|p1a: Triclops|74/100
|-heal|p2a: Hatterene|25/100|[from] drain|[of] p1a: Triclops
|
|-heal|p1a: Triclops|80/100|[from] item: Leftovers
|-heal|p2a: Hatterene|31/100|[from] item: Leftovers
|upkeep
|turn|16
|
|t:|1757894028
|-terastallize|p2a: Hatterene|Water
|move|p1a: Triclops|Flash Cannon|p2a: Hatterene
|-resisted|p2a: Hatterene
|-damage|p2a: Hatterene|22/100
|move|p2a: Hatterene|Draining Kiss|p1a: Triclops
|-resisted|p1a: Triclops
|-damage|p1a: Triclops|57/100
|-heal|p2a: Hatterene|40/100|[from] drain|[of] p1a: Triclops
|
|-heal|p1a: Triclops|63/100|[from] item: Leftovers
|-heal|p2a: Hatterene|46/100|[from] item: Leftovers
|upkeep
|turn|17
|
|t:|1757894034
|switch|p2a: Landorus|Landorus-Therian, M|69/100
|-damage|p2a: Landorus|57/100|[from] Stealth Rock
|-ability|p2a: Landorus|Intimidate|boost
|-unboost|p1a: Triclops|atk|1
|move|p1a: Triclops|Volt Switch|p2a: Landorus
|-immune|p2a: Landorus
|
|-heal|p1a: Triclops|69/100|[from] item: Leftovers
|upkeep
|turn|18
|
|t:|1757894042
|switch|p1a: Snowquake|Cryogonal|77/100
|move|p2a: Landorus|U-turn|p1a: Snowquake
|-damage|p1a: Snowquake|31/100
|
|t:|1757894045
|switch|p2a: Dragapult|Dragapult, M|84/100|[from] U-turn
|-damage|p2a: Dragapult|72/100|[from] Stealth Rock
|
|upkeep
|turn|19
|
|t:|1757894050
|move|p2a: Dragapult|U-turn|p1a: Snowquake
|-damage|p1a: Snowquake|0 fnt
|faint|p1a: Snowquake
|
|t:|1757894053
|switch|p2a: Landorus|Landorus-Therian, M|57/100|[from] U-turn
|-damage|p2a: Landorus|45/100|[from] Stealth Rock
|
|upkeep
|-message|Calcublast forfeited.
|
|win|1digo11
|raw|Calcublast's rating: 1197 &rarr; <strong>1170</strong><br />(-27 for losing)
|raw|1digo11's rating: 1168 &rarr; <strong>1195</strong><br />(+27 for winning)
|l|☆Calcublast
|player|p1|
