|j|☆98k40a
|j|☆wsyw
|t:|1757818340
|gametype|singles
|player|p1|98k40a|lucas|1217
|player|p2|wsyw|101|1213
|gen|9
|tier|[Gen 9] OU
|rated|
|rule|HP Percentage Mod: HP is shown in percentages
|rule|Endless Battle Clause: Forcing endless battles is banned
|rule|Species Clause: Limit one of each Pokémon
|rule|OHKO Clause: OHKO moves are banned
|rule|Evasion Items Clause: Evasion items are banned
|rule|Evasion Moves Clause: Evasion moves are banned
|rule|Evasion Abilities Clause: Evasion abilities are banned
|rule|Sleep Moves Clause: Sleep-inducing moves are banned
|clearpoke
|poke|p1|Araquanid, F|
|poke|p1|Gholdengo|
|poke|p1|Iron Moth|
|poke|p1|Iron Valiant|
|poke|p1|Raging Bolt|
|poke|p1|Kingambit, F|
|poke|p2|Tyranitar, M|
|poke|p2|Excadrill, F|
|poke|p2|Keldeo-Resolute|
|poke|p2|Tornadus-Therian, M|
|poke|p2|Heatran, M|
|poke|p2|Hydrapple, M|
|teampreview
|inactive|Battle timer is ON: inactive players will automatically lose when time's up. (requested by wsyw)
|
|t:|1757818362
|teamsize|p1|6
|teamsize|p2|6
|start
|switch|p1a: QUIL|Araquanid, F|100/100
|switch|p2a: Tyranitar|Tyranitar, M|100/100
|-weather|Sandstorm|[from] ability: Sand Stream|[of] p2a: Tyranitar
|turn|1
|
|t:|1757818368
|move|p2a: Tyranitar|Knock Off|p1a: QUIL
|-damage|p1a: QUIL|17/100
|-enditem|p1a: QUIL|Custap Berry|[from] move: Knock Off|[of] p2a: Tyranitar
|move|p1a: QUIL|Sticky Web|p2a: Tyranitar
|-sidestart|p2: wsyw|move: Sticky Web
|
|-weather|Sandstorm|[upkeep]
|-damage|p1a: QUIL|10/100|[from] Sandstorm
|upkeep
|turn|2
|
|t:|1757818379
|move|p2a: Tyranitar|Knock Off|p1a: QUIL
|-damage|p1a: QUIL|0 fnt
|faint|p1a: QUIL
|
|-weather|Sandstorm|[upkeep]
|upkeep
|inactive|98k40a has 120 seconds left.
|
|t:|1757818426
|switch|p1a: QUZZ|Iron Valiant|100/100
|-enditem|p1a: QUZZ|Booster Energy
|-activate|p1a: QUZZ|ability: Quark Drive|[fromitem]
|-start|p1a: QUZZ|quarkdrivespa
|turn|3
|
|t:|1757818433
|switch|p2a: Tornadus|Tornadus-Therian, M|100/100
|move|p1a: QUZZ|Calm Mind|p1a: QUZZ
|-boost|p1a: QUZZ|spa|1
|-boost|p1a: QUZZ|spd|1
|
|-weather|Sandstorm|[upkeep]
|-damage|p2a: Tornadus|94/100|[from] Sandstorm
|-damage|p1a: QUZZ|94/100|[from] Sandstorm
|upkeep
|turn|4
|
|t:|1757818440
|-terastallize|p1a: QUZZ|Ghost
|move|p2a: Tornadus|Taunt|p1a: QUZZ
|-start|p1a: QUZZ|move: Taunt
|move|p1a: QUZZ|Moonblast|p2a: Tornadus
|-damage|p2a: Tornadus|0 fnt
|faint|p2a: Tornadus
|
|-weather|Sandstorm|[upkeep]
|-damage|p1a: QUZZ|88/100|[from] Sandstorm
|upkeep
|
|t:|1757818453
|switch|p2a: Excadrill|Excadrill, F|100/100
|-item|p2a: Excadrill|Air Balloon
|turn|5
|
|t:|1757818458
|move|p1a: QUZZ|Vacuum Wave|p2a: Excadrill
|-supereffective|p2a: Excadrill
|-damage|p2a: Excadrill|0 fnt
|-enditem|p2a: Excadrill|Air Balloon
|faint|p2a: Excadrill
|
|-weather|none
|upkeep
|-message|wsyw forfeited.
|
|win|98k40a
|raw|98k40a's rating: 1217 &rarr; <strong>1242</strong><br />(+25 for winning)
|raw|wsyw's rating: 1213 &rarr; <strong>1188</strong><br />(-25 for losing)
|l|☆wsyw
|player|p2|
