|j|☆7ayakum
|j|☆Fachemaispasfacho
|t:|1757943592
|gametype|singles
|player|p1|7ayakum|striker|1431
|player|p2|Fachemaispasfacho|backpacker|1340
|gen|9
|tier|[Gen 9] OU
|rated|
|rule|HP Percentage Mod: HP is shown in percentages
|rule|Endless Battle Clause: Forcing endless battles is banned
|rule|Species Clause: Limit one of each Pokémon
|rule|OHKO Clause: OHKO moves are banned
|rule|Evasion Items Clause: Evasion items are banned
|rule|Evasion Moves Clause: Evasion moves are banned
|rule|Evasion Abilities Clause: Evasion abilities are banned
|rule|Sleep Moves Clause: Sleep-inducing moves are banned
|clearpoke
|poke|p1|Hoopa-Unbound|
|poke|p1|Samurott-Hisui, M|
|poke|p1|Darkrai|
|poke|p1|Great Tusk|
|poke|p1|Thundurus-Therian, M|
|poke|p1|Pecharunt|
|poke|p2|Golduck, M|
|poke|p2|Dragapult, M|
|poke|p2|Zapdos|
|poke|p2|Pelipper, M|
|poke|p2|Iron Treads|
|poke|p2|Samurott-Hisui, M|
|teampreview
|inactive|Battle timer is ON: inactive players will automatically lose when time's up. (requested by Fachemaispasfacho)
|
|t:|1757943607
|teamsize|p1|6
|teamsize|p2|6
|start
|switch|p1a: Samurott|Samurott-Hisui, M|100/100
|switch|p2a: WingedRat|Pelipper, M|100/100
|-weather|RainDance|[from] ability: Drizzle|[of] p2a: WingedRat
|turn|1
|
|t:|1757943611
|move|p1a: Samurott|Ceaseless Edge|p2a: WingedRat
|-damage|p2a: WingedRat|39/100
|-sidestart|p2: Fachemaispasfacho|Spikes
|-damage|p1a: Samurott|91/100|[from] item: Life Orb
|move|p2a: WingedRat|U-turn|p1a: Samurott
|-supereffective|p1a: Samurott
|-damage|p1a: Samurott|68/100
|
|t:|1757943622
|switch|p2a: Droideka|Iron Treads|100/100|[from] U-turn
|-damage|p2a: Droideka|88/100|[from] Spikes
|
|-weather|RainDance|[upkeep]
|-heal|p2a: Droideka|94/100|[from] item: Leftovers
|upkeep
|turn|2
|
|t:|1757943630
|move|p1a: Samurott|Aqua Cutter|p2a: Droideka
|-supereffective|p2a: Droideka
|-damage|p2a: Droideka|0 fnt
|faint|p2a: Droideka
|-end|p2a: Droideka|Quark Drive|[silent]
|-damage|p1a: Samurott|58/100|[from] item: Life Orb
|
|-weather|RainDance|[upkeep]
|upkeep
|
|t:|1757943635
|switch|p2a: BigBird|Zapdos|100/100
|turn|3
|
|t:|1757943639
|switch|p1a: Hoopa|Hoopa-Unbound|100/100
|move|p2a: BigBird|Thunder|p1a: Hoopa
|-damage|p1a: Hoopa|72/100
|
|-weather|RainDance|[upkeep]
|upkeep
|turn|4
|
|t:|1757943644
|move|p1a: Hoopa|Knock Off|p2a: BigBird
|-damage|p2a: BigBird|62/100
|-enditem|p2a: BigBird|Heavy-Duty Boots|[from] move: Knock Off|[of] p1a: Hoopa
|move|p2a: BigBird|U-turn|p1a: Hoopa
|-supereffective|p1a: Hoopa
|-damage|p1a: Hoopa|0 fnt
|faint|p1a: Hoopa
|
|t:|1757943652
|switch|p2a: Starboy|Dragapult, M|100/100|[from] U-turn
|-damage|p2a: Starboy|88/100|[from] Spikes
|
|-weather|RainDance|[upkeep]
|upkeep
|
|t:|1757943657
|switch|p1a: Samurott|Samurott-Hisui, M|58/100
|turn|5
|
|t:|1757943663
|move|p2a: Starboy|Draco Meteor|p1a: Samurott
|-damage|p1a: Samurott|0 fnt
|-unboost|p2a: Starboy|spa|2
|faint|p1a: Samurott
|
|-weather|RainDance|[upkeep]
|upkeep
|
|t:|1757943668
|switch|p1a: Darkrai|Darkrai|100/100
|turn|6
|
|t:|1757943671
|move|p2a: Starboy|Draco Meteor|p1a: Darkrai
|-damage|p1a: Darkrai|47/100
|-unboost|p2a: Starboy|spa|2
|move|p1a: Darkrai|Dark Pulse|p2a: Starboy
|-supereffective|p2a: Starboy
|-damage|p2a: Starboy|0 fnt
|faint|p2a: Starboy
|
|-weather|RainDance|[upkeep]
|upkeep
|
|t:|1757943676
|switch|p2a: Dauntless|Samurott-Hisui, M|100/100
|-damage|p2a: Dauntless|88/100|[from] Spikes
|turn|7
|
|t:|1757943684
|move|p1a: Darkrai|Sludge Bomb|p2a: Dauntless
|-damage|p2a: Dauntless|37/100
|move|p2a: Dauntless|Aqua Cutter|p1a: Darkrai
|-damage|p1a: Darkrai|0 fnt
|faint|p1a: Darkrai
|
|-weather|RainDance|[upkeep]
|upkeep
|
|t:|1757943688
|switch|p1a: Thundurus|Thundurus-Therian, M|100/100
|turn|8
|
|t:|1757943695
|switch|p2a: BigBird|Zapdos|62/100
|move|p1a: Thundurus|Thunderbolt|p2a: BigBird
|-damage|p2a: BigBird|0 fnt
|faint|p2a: BigBird
|
|-weather|none
|upkeep
|
|t:|1757943698
|switch|p2a: WingedRat|Pelipper, M|39/100
|-weather|RainDance|[from] ability: Drizzle|[of] p2a: WingedRat
|turn|9
|
|t:|1757943702
|move|p1a: Thundurus|Thunderbolt|p2a: WingedRat
|-supereffective|p2a: WingedRat
|-damage|p2a: WingedRat|0 fnt
|faint|p2a: WingedRat
|
|-weather|RainDance|[upkeep]
|upkeep
|
|t:|1757943704
|switch|p2a: Misty's Psyduck|Golduck, M|100/100
|-damage|p2a: Misty's Psyduck|88/100|[from] Spikes
|turn|10
|
|t:|1757943709
|switch|p1a: Great Tusk|Great Tusk|100/100
|-terastallize|p2a: Misty's Psyduck|Water
|move|p2a: Misty's Psyduck|Surf|p1a: Great Tusk
|-supereffective|p1a: Great Tusk
|-damage|p1a: Great Tusk|0 fnt
|faint|p1a: Great Tusk
|-end|p1a: Great Tusk|Protosynthesis|[silent]
|-damage|p2a: Misty's Psyduck|78/100|[from] item: Life Orb
|
|-weather|RainDance|[upkeep]
|upkeep
|
|t:|1757943711
|switch|p1a: Pecharunt|Pecharunt|100/100
|turn|11
|
|t:|1757943714
|-terastallize|p1a: Pecharunt|Water
|move|p2a: Misty's Psyduck|Surf|p1a: Pecharunt
|-resisted|p1a: Pecharunt
|-damage|p1a: Pecharunt|50/100
|-damage|p2a: Misty's Psyduck|68/100|[from] item: Life Orb
|move|p1a: Pecharunt|Malignant Chain|p2a: Misty's Psyduck
|-damage|p2a: Misty's Psyduck|23/100
|-status|p2a: Misty's Psyduck|tox
|-start|p2a: Misty's Psyduck|confusion|[from] ability: Poison Puppeteer|[of] p1a: Pecharunt
|
|-weather|RainDance|[upkeep]
|-damage|p2a: Misty's Psyduck|17/100 tox|[from] psn
|upkeep
|turn|12
|
|t:|1757943722
|-activate|p2a: Misty's Psyduck|confusion
|move|p2a: Misty's Psyduck|Surf|p1a: Pecharunt
|-resisted|p1a: Pecharunt
|-damage|p1a: Pecharunt|0 fnt
|faint|p1a: Pecharunt
|-damage|p2a: Misty's Psyduck|7/100 tox|[from] item: Life Orb
|
|-weather|RainDance|[upkeep]
|-damage|p2a: Misty's Psyduck|0 fnt|[from] psn
|faint|p2a: Misty's Psyduck
|upkeep
|
|t:|1757943725
|switch|p2a: Dauntless|Samurott-Hisui, M|37/100
|switch|p1a: Thundurus|Thundurus-Therian, M|100/100
|-damage|p2a: Dauntless|25/100|[from] Spikes
|turn|13
|
|t:|1757943730
|move|p2a: Dauntless|Aqua Jet|p1a: Thundurus
|-damage|p1a: Thundurus|33/100
|move|p1a: Thundurus|Thunderbolt|p2a: Dauntless
|-supereffective|p2a: Dauntless
|-damage|p2a: Dauntless|0 fnt
|faint|p2a: Dauntless
|
|win|7ayakum
|raw|7ayakum's rating: 1431 &rarr; <strong>1446</strong><br />(+15 for winning)
|raw|Fachemaispasfacho's rating: 1340 &rarr; <strong>1325</strong><br />(-15 for losing)
|c|☆7ayakum|gg
|l|☆Fachemaispasfacho
|player|p2|
|l|☆7ayakum
|player|p1|
