|j|☆jettwodotcom
|j|☆revezephos
|t:|1757870776
|gametype|singles
|player|p1|jettwodotcom|2|1111
|player|p2|revezephos|hugh|1123
|gen|9
|tier|[Gen 9] OU
|rated|
|rule|HP Percentage Mod: HP is shown in percentages
|rule|Endless Battle Clause: Forcing endless battles is banned
|rule|Species Clause: Limit one of each Pokémon
|rule|OHKO Clause: OHKO moves are banned
|rule|Evasion Items Clause: Evasion items are banned
|rule|Evasion Moves Clause: Evasion moves are banned
|rule|Evasion Abilities Clause: Evasion abilities are banned
|rule|Sleep Moves Clause: Sleep-inducing moves are banned
|clearpoke
|poke|p1|Greninja-*, M|
|poke|p1|Umbreon, M|
|poke|p1|Mamoswine, M|
|poke|p1|Skeledirge, F|
|poke|p1|Slowking-Galar, M|
|poke|p1|Great Tusk|
|poke|p2|Alomomola, F|
|poke|p2|Inteleon, F|
|poke|p2|Corviknight, F|
|poke|p2|Sandaconda, M|
|poke|p2|Tyranitar, M|
|poke|p2|Mimikyu, F|
|teampreview
|
|t:|1757870788
|teamsize|p1|6
|teamsize|p2|6
|start
|switch|p1a: Great Tusk|Great Tusk|100/100
|switch|p2a: Sandaconda|Sandaconda, M|100/100
|-enditem|p1a: Great Tusk|Booster Energy
|-activate|p1a: Great Tusk|ability: Protosynthesis|[fromitem]
|-start|p1a: Great Tusk|protosynthesisatk
|turn|1
|
|t:|1757870799
|move|p1a: Great Tusk|Close Combat|p2a: Sandaconda
|-damage|p2a: Sandaconda|47/100
|-unboost|p1a: Great Tusk|def|1
|-unboost|p1a: Great Tusk|spd|1
|-weather|Sandstorm|[from] ability: Sand Spit|[of] p2a: Sandaconda
|move|p2a: Sandaconda|Coil|p2a: Sandaconda
|-boost|p2a: Sandaconda|atk|1
|-boost|p2a: Sandaconda|def|1
|-boost|p2a: Sandaconda|accuracy|1
|
|-weather|Sandstorm|[upkeep]
|upkeep
|turn|2
|
|t:|1757870814
|move|p1a: Great Tusk|Close Combat|p2a: Sandaconda
|-damage|p2a: Sandaconda|12/100
|-unboost|p1a: Great Tusk|def|1
|-unboost|p1a: Great Tusk|spd|1
|move|p2a: Sandaconda|Scale Shot|p1a: Great Tusk
|-damage|p1a: Great Tusk|87/100
|-damage|p1a: Great Tusk|72/100
|-damage|p1a: Great Tusk|59/100
|-crit|p1a: Great Tusk
|-damage|p1a: Great Tusk|39/100
|-damage|p1a: Great Tusk|25/100
|-hitcount|p1a: Great Tusk|5
|-unboost|p2a: Sandaconda|def|1
|-boost|p2a: Sandaconda|spe|1
|
|-weather|Sandstorm|[upkeep]
|upkeep
|turn|3
|
|t:|1757870830
|move|p1a: Great Tusk|Rapid Spin|p2a: Sandaconda
|-damage|p2a: Sandaconda|0 fnt
|-boost|p1a: Great Tusk|spe|1
|faint|p2a: Sandaconda
|
|-weather|Sandstorm|[upkeep]
|upkeep
|
|t:|1757870838
|switch|p2a: Inteleon|Inteleon, F, shiny|100/100
|turn|4
|
|t:|1757870846
|move|p2a: Inteleon|U-turn|p1a: Great Tusk
|-resisted|p1a: Great Tusk
|-damage|p1a: Great Tusk|16/100
|
|t:|1757870851
|switch|p2a: Corviknight|Corviknight, F, shiny|100/100|[from] U-turn
|move|p1a: Great Tusk|Close Combat|p2a: Corviknight
|-damage|p2a: Corviknight|37/100
|-unboost|p1a: Great Tusk|def|1
|-unboost|p1a: Great Tusk|spd|1
|
|-weather|Sandstorm|[upkeep]
|-heal|p2a: Corviknight|44/100|[from] item: Leftovers
|upkeep
|turn|5
|
|t:|1757870869
|switch|p2a: Mimikyu|Mimikyu, F|100/100
|move|p1a: Great Tusk|Close Combat|p2a: Mimikyu
|-immune|p2a: Mimikyu
|
|-weather|none
|upkeep
|turn|6
|
|t:|1757870887
|move|p1a: Great Tusk|Smack Down|p2a: Mimikyu
|-activate|p2a: Mimikyu|ability: Disguise
|-damage|p2a: Mimikyu|100/100
|detailschange|p2a: Mimikyu|Mimikyu-Busted, F
|-damage|p2a: Mimikyu|88/100|[from] pokemon: Mimikyu-Busted
|move|p2a: Mimikyu|Substitute|p2a: Mimikyu
|-start|p2a: Mimikyu|Substitute
|-damage|p2a: Mimikyu|63/100
|
|upkeep
|turn|7
|
|t:|1757870899
|move|p1a: Great Tusk|Earthquake|p2a: Mimikyu
|-end|p2a: Mimikyu|Substitute
|move|p2a: Mimikyu|Hone Claws|p2a: Mimikyu
|-boost|p2a: Mimikyu|atk|1
|-boost|p2a: Mimikyu|accuracy|1
|
|upkeep
|turn|8
|
|t:|1757870909
|move|p1a: Great Tusk|Earthquake|p2a: Mimikyu
|-damage|p2a: Mimikyu|0 fnt
|faint|p2a: Mimikyu
|
|upkeep
|
|t:|1757870915
|switch|p2a: Corviknight|Corviknight, F, shiny|44/100
|turn|9
|
|t:|1757870922
|move|p1a: Great Tusk|Close Combat|p2a: Corviknight
|-damage|p2a: Corviknight|0 fnt
|-unboost|p1a: Great Tusk|def|1
|-unboost|p1a: Great Tusk|spd|1
|faint|p2a: Corviknight
|
|upkeep
|
|t:|1757870929
|switch|p2a: Inteleon|Inteleon, F, shiny|100/100
|turn|10
|
|t:|1757870933
|move|p2a: Inteleon|Snipe Shot|p1a: Great Tusk
|-supereffective|p1a: Great Tusk
|-damage|p1a: Great Tusk|0 fnt
|faint|p1a: Great Tusk
|-end|p1a: Great Tusk|Protosynthesis|[silent]
|
|upkeep
|
|t:|1757870940
|switch|p1a: wish.com|Umbreon, M|100/100
|turn|11
|
|t:|1757870946
|switch|p2a: Tyranitar|Tyranitar, M|100/100
|-weather|Sandstorm|[from] ability: Sand Stream|[of] p2a: Tyranitar
|move|p1a: wish.com|Toxic|p2a: Tyranitar
|-status|p2a: Tyranitar|tox
|
|-weather|Sandstorm|[upkeep]
|-damage|p1a: wish.com|94/100|[from] Sandstorm
|-heal|p1a: wish.com|100/100|[from] item: Leftovers
|-damage|p2a: Tyranitar|94/100 tox|[from] psn
|upkeep
|turn|12
|
|t:|1757870966
|move|p1a: wish.com|Protect|p1a: wish.com
|-singleturn|p1a: wish.com|Protect
|move|p2a: Tyranitar|Avalanche|p1a: wish.com
|-activate|p1a: wish.com|move: Protect
|
|-weather|Sandstorm|[upkeep]
|-damage|p1a: wish.com|94/100|[from] Sandstorm
|-heal|p1a: wish.com|100/100|[from] item: Leftovers
|-damage|p2a: Tyranitar|82/100 tox|[from] psn
|upkeep
|turn|13
|
|t:|1757870979
|switch|p1a: Shisha|Greninja, M|100/100
|move|p2a: Tyranitar|Avalanche|p1a: Shisha
|-resisted|p1a: Shisha
|-damage|p1a: Shisha|84/100
|
|-weather|Sandstorm|[upkeep]
|-damage|p1a: Shisha|78/100|[from] Sandstorm
|-damage|p2a: Tyranitar|63/100 tox|[from] psn
|upkeep
|turn|14
|
|t:|1757870990
|move|p1a: Shisha|Surf|p2a: Tyranitar
|-supereffective|p2a: Tyranitar
|-damage|p2a: Tyranitar|22/100 tox
|move|p2a: Tyranitar|Dragon Dance|p2a: Tyranitar
|-boost|p2a: Tyranitar|atk|1
|-boost|p2a: Tyranitar|spe|1
|
|-weather|Sandstorm|[upkeep]
|-damage|p1a: Shisha|72/100|[from] Sandstorm
|-damage|p2a: Tyranitar|0 fnt|[from] psn
|faint|p2a: Tyranitar
|upkeep
|
|t:|1757871002
|switch|p2a: Inteleon|Inteleon, F, shiny|100/100
|turn|15
|
|t:|1757871010
|move|p2a: Inteleon|U-turn|p1a: Shisha
|-supereffective|p1a: Shisha
|-damage|p1a: Shisha|30/100
|
|t:|1757871013
|switch|p2a: Alomomola|Alomomola, F, shiny|100/100|[from] U-turn
|move|p1a: Shisha|Grass Knot|p2a: Alomomola
|-supereffective|p2a: Alomomola
|-damage|p2a: Alomomola|62/100
|-damage|p1a: Shisha|14/100|[from] item: Rocky Helmet|[of] p2a: Alomomola
|
|-weather|none
|upkeep
|turn|16
|
|t:|1757871025
|move|p1a: Shisha|Grass Knot|p2a: Alomomola
|-supereffective|p2a: Alomomola
|-damage|p2a: Alomomola|25/100
|-damage|p1a: Shisha|0 fnt|[from] item: Rocky Helmet|[of] p2a: Alomomola
|faint|p1a: Shisha
|move|p2a: Alomomola|Flip Turn|p1: Shisha|[notarget]
|-fail|p2a: Alomomola
|
|upkeep
|
|t:|1757871033
|switch|p1a: Paella|Skeledirge, F|100/100
|turn|17
|
|t:|1757871041
|-terastallize|p1a: Paella|Poison
|move|p1a: Paella|Shadow Ball|p2a: Alomomola
|-damage|p2a: Alomomola|0 fnt
|faint|p2a: Alomomola
|
|upkeep
|
|t:|1757871048
|switch|p2a: Inteleon|Inteleon, F, shiny|100/100
|turn|18
|
|t:|1757871061
|move|p2a: Inteleon|Snipe Shot|p1a: Paella
|-damage|p1a: Paella|65/100
|move|p1a: Paella|Shadow Ball|p2a: Inteleon
|-damage|p2a: Inteleon|52/100
|
|upkeep
|turn|19
|
|t:|1757871069
|move|p2a: Inteleon|Snipe Shot|p1a: Paella
|-damage|p1a: Paella|33/100
|move|p1a: Paella|Shadow Ball|p2a: Inteleon
|-damage|p2a: Inteleon|0 fnt
|faint|p2a: Inteleon
|
|win|jettwodotcom
|raw|jettwodotcom's rating: 1111 &rarr; <strong>1137</strong><br />(+26 for winning)
|raw|revezephos's rating: 1123 &rarr; <strong>1097</strong><br />(-26 for losing)
|l|☆jettwodotcom
|player|p1|
