|j|☆suncyber53
|j|☆wolwing
|t:|1757868631
|gametype|singles
|player|p1|suncyber53|170|1364
|player|p2|wolwing|265|1341
|gen|9
|tier|[Gen 9] OU
|rated|
|rule|HP Percentage Mod: HP is shown in percentages
|rule|Endless Battle Clause: Forcing endless battles is banned
|rule|Species Clause: Limit one of each Pokémon
|rule|OHKO Clause: OHKO moves are banned
|rule|Evasion Items Clause: Evasion items are banned
|rule|Evasion Moves Clause: Evasion moves are banned
|rule|Evasion Abilities Clause: Evasion abilities are banned
|rule|Sleep Moves Clause: Sleep-inducing moves are banned
|clearpoke
|poke|p1|Goodra-Hisui, M|
|poke|p1|Sinistcha-Masterpiece|
|poke|p1|Ting-Lu|
|poke|p1|Great Tusk|
|poke|p1|Darkrai|
|poke|p1|Scizor, F|
|poke|p2|Grimmsnarl, M|
|poke|p2|Iron Treads|
|poke|p2|Ninetales, F|
|poke|p2|Indeedee, M|
|poke|p2|Polteageist-Antique|
|poke|p2|Scovillain, M|
|teampreview
|inactive|Battle timer is ON: inactive players will automatically lose when time's up. (requested by wolwing)
|
|t:|1757868647
|teamsize|p1|6
|teamsize|p2|6
|start
|switch|p1a: Darkrai|Darkrai|100/100
|switch|p2a: Grimmsnarl|Grimmsnarl, M|100/100
|turn|1
|
|t:|1757868660
|move|p2a: Grimmsnarl|Reflect|p2a: Grimmsnarl
|-sidestart|p2: wolwing|Reflect
|move|p1a: Darkrai|Trick|p2a: Grimmsnarl
|-activate|p1a: Darkrai|move: Trick|[of] p2a: Grimmsnarl
|-item|p2a: Grimmsnarl|Choice Scarf|[from] move: Trick
|-item|p1a: Darkrai|Light Clay|[from] move: Trick
|
|upkeep
|turn|2
|
|t:|1757868675
|switch|p2a: Ninetales|Ninetales, F|100/100
|-weather|SunnyDay|[from] ability: Drought|[of] p2a: Ninetales
|move|p1a: Darkrai|Sludge Bomb|p2a: Ninetales
|-damage|p2a: Ninetales|63/100
|
|-weather|SunnyDay|[upkeep]
|upkeep
|turn|3
|
|t:|1757868681
|move|p1a: Darkrai|Dark Pulse|p2a: Ninetales
|-damage|p2a: Ninetales|12/100
|cant|p2a: Ninetales|flinch
|
|-weather|SunnyDay|[upkeep]
|upkeep
|turn|4
|
|t:|1757868689
|move|p1a: Darkrai|Dark Pulse|p2a: Ninetales
|-damage|p2a: Ninetales|0 fnt
|faint|p2a: Ninetales
|
|-weather|SunnyDay|[upkeep]
|upkeep
|
|t:|1757868692
|switch|p2a: Scovillain|Scovillain, M, shiny|100/100
|turn|5
|
|t:|1757868708
|move|p2a: Scovillain|Growth|p2a: Scovillain
|-boost|p2a: Scovillain|atk|2
|-boost|p2a: Scovillain|spa|2
|move|p1a: Darkrai|Sludge Bomb|p2a: Scovillain
|-supereffective|p2a: Scovillain
|-damage|p2a: Scovillain|0 fnt
|faint|p2a: Scovillain
|
|-weather|SunnyDay|[upkeep]
|upkeep
|
|t:|1757868714
|switch|p2a: Iron Treads|Iron Treads|100/100
|-enditem|p2a: Iron Treads|Booster Energy
|-activate|p2a: Iron Treads|ability: Quark Drive|[fromitem]
|-start|p2a: Iron Treads|quarkdrivespe
|turn|6
|
|t:|1757868722
|switch|p1a: Great Tusk|Great Tusk|100/100
|-activate|p1a: Great Tusk|ability: Protosynthesis
|-start|p1a: Great Tusk|protosynthesisatk
|move|p2a: Iron Treads|Stealth Rock|p1a: Great Tusk
|-sidestart|p1: suncyber53|move: Stealth Rock
|
|-weather|SunnyDay|[upkeep]
|upkeep
|turn|7
|
|t:|1757868729
|move|p2a: Iron Treads|Ice Spinner|p1a: Great Tusk
|-supereffective|p1a: Great Tusk
|-damage|p1a: Great Tusk|64/100
|-damage|p2a: Iron Treads|84/100|[from] item: Rocky Helmet|[of] p1a: Great Tusk
|move|p1a: Great Tusk|Rapid Spin|p2a: Iron Treads
|-resisted|p2a: Iron Treads
|-damage|p2a: Iron Treads|79/100
|-boost|p1a: Great Tusk|spe|1
|-sideend|p1: suncyber53|Stealth Rock|[from] move: Rapid Spin|[of] p1a: Great Tusk
|
|-weather|SunnyDay|[upkeep]
|upkeep
|turn|8
|
|t:|1757868741
|move|p2a: Iron Treads|Stealth Rock|p1a: Great Tusk
|-sidestart|p1: suncyber53|move: Stealth Rock
|move|p1a: Great Tusk|Rapid Spin|p2a: Iron Treads
|-resisted|p2a: Iron Treads
|-damage|p2a: Iron Treads|74/100
|-boost|p1a: Great Tusk|spe|1
|-sideend|p1: suncyber53|Stealth Rock|[from] move: Rapid Spin|[of] p1a: Great Tusk
|
|-weather|SunnyDay|[upkeep]
|-sideend|p2: wolwing|Reflect
|upkeep
|turn|9
|
|t:|1757868746
|-end|p2a: Iron Treads|Quark Drive|[silent]
|switch|p2a: Indeedee|Indeedee, M|100/100
|-fieldstart|move: Psychic Terrain|[from] ability: Psychic Surge|[of] p2a: Indeedee
|move|p1a: Great Tusk|Headlong Rush|p2a: Indeedee
|-damage|p2a: Indeedee|0 fnt
|-unboost|p1a: Great Tusk|def|1
|-unboost|p1a: Great Tusk|spd|1
|faint|p2a: Indeedee
|
|-weather|none
|-end|p1a: Great Tusk|Protosynthesis
|upkeep
|
|t:|1757868748
|switch|p2a: Polteageist|Polteageist-Antique|100/100
|turn|10
|
|t:|1757868753
|move|p1a: Great Tusk|Headlong Rush|p2a: Polteageist
|-enditem|p2a: Polteageist|Focus Sash
|-damage|p2a: Polteageist|1/100
|-unboost|p1a: Great Tusk|def|1
|-unboost|p1a: Great Tusk|spd|1
|-ability|p2a: Polteageist|Weak Armor|boost
|-unboost|p2a: Polteageist|def|1
|-boost|p2a: Polteageist|spe|2
|move|p2a: Polteageist|Shell Smash|p2a: Polteageist
|-unboost|p2a: Polteageist|def|1
|-unboost|p2a: Polteageist|spd|1
|-boost|p2a: Polteageist|atk|2
|-boost|p2a: Polteageist|spa|2
|-boost|p2a: Polteageist|spe|2
|
|upkeep
|turn|11
|
|t:|1757868767
|move|p2a: Polteageist|Shell Smash|p2a: Polteageist
|-unboost|p2a: Polteageist|def|1
|-unboost|p2a: Polteageist|spd|1
|-boost|p2a: Polteageist|atk|2
|-boost|p2a: Polteageist|spa|2
|-boost|p2a: Polteageist|spe|2
|move|p1a: Great Tusk|Headlong Rush|p2a: Polteageist
|-damage|p2a: Polteageist|0 fnt
|-unboost|p1a: Great Tusk|def|1
|-unboost|p1a: Great Tusk|spd|1
|faint|p2a: Polteageist
|
|upkeep
|-message|wolwing forfeited.
|
|win|suncyber53
|raw|suncyber53's rating: 1364 &rarr; <strong>1383</strong><br />(+19 for winning)
|raw|wolwing's rating: 1341 &rarr; <strong>1322</strong><br />(-19 for losing)
|l|☆wolwing
|player|p2|
|l|☆suncyber53
|player|p1|
