|j|☆neopaq
|j|☆LousiV
|t:|1757833647
|gametype|singles
|player|p1|neopaq|gambler|1211
|player|p2|LousiV|102|1212
|gen|9
|tier|[Gen 9] OU
|rated|
|rule|HP Percentage Mod: HP is shown in percentages
|rule|Endless Battle Clause: Forcing endless battles is banned
|rule|Species Clause: Limit one of each Pokémon
|rule|OHKO Clause: OHKO moves are banned
|rule|Evasion Items Clause: Evasion items are banned
|rule|Evasion Moves Clause: Evasion moves are banned
|rule|Evasion Abilities Clause: Evasion abilities are banned
|rule|Sleep Moves Clause: Sleep-inducing moves are banned
|clearpoke
|poke|p1|Vespiquen, F|
|poke|p1|Great Tusk|
|poke|p1|Iron Crown|
|poke|p1|Samurott-Hisui, F|
|poke|p1|Indeedee-F, F|
|poke|p1|Gholdengo|
|poke|p2|Hariyama, F|
|poke|p2|Mandibuzz, F|
|poke|p2|Hippowdon, M|
|poke|p2|Reuniclus, M|
|poke|p2|Glalie, F|
|poke|p2|Magnezone|
|teampreview
|inactive|Battle timer is ON: inactive players will automatically lose when time's up. (requested by LousiV)
|
|t:|1757833656
|teamsize|p1|6
|teamsize|p2|6
|start
|switch|p1a: Indeedee|Indeedee-F, F|100/100
|switch|p2a: Hariyama|Hariyama, F|100/100
|-fieldstart|move: Psychic Terrain|[from] ability: Psychic Surge|[of] p1a: Indeedee
|turn|1
|
|t:|1757833665
|switch|p2a: Mandibuzz|Mandibuzz, F|100/100
|move|p1a: Indeedee|Reflect|p1a: Indeedee
|-sidestart|p1: neopaq|Reflect
|
|upkeep
|turn|2
|
|t:|1757833669
|move|p1a: Indeedee|Light Screen|p1a: Indeedee
|-sidestart|p1: neopaq|move: Light Screen
|move|p2a: Mandibuzz|U-turn|p1a: Indeedee
|-supereffective|p1a: Indeedee
|-damage|p1a: Indeedee|83/100
|
|t:|1757833677
|switch|p2a: Hippowdon|Hippowdon, M|100/100|[from] U-turn
|-weather|Sandstorm|[from] ability: Sand Stream|[of] p2a: Hippowdon
|
|-weather|Sandstorm|[upkeep]
|-damage|p1a: Indeedee|77/100|[from] Sandstorm
|upkeep
|turn|3
|
|t:|1757833689
|switch|p1a: Samurott|Samurott-Hisui, F|100/100
|move|p2a: Hippowdon|Stealth Rock|p1a: Samurott
|-sidestart|p1: neopaq|move: Stealth Rock
|
|-weather|Sandstorm|[upkeep]
|-damage|p1a: Samurott|94/100|[from] Sandstorm
|upkeep
|turn|4
|
|t:|1757833695
|move|p1a: Samurott|Razor Shell|p2a: Hippowdon
|-supereffective|p2a: Hippowdon
|-damage|p2a: Hippowdon|43/100
|move|p2a: Hippowdon|Earthquake|p1a: Samurott
|-damage|p1a: Samurott|72/100
|
|-weather|Sandstorm|[upkeep]
|-damage|p1a: Samurott|66/100|[from] Sandstorm
|-heal|p2a: Hippowdon|49/100|[from] item: Leftovers
|upkeep
|turn|5
|
|t:|1757833699
|move|p1a: Samurott|Razor Shell|p2a: Hippowdon
|-supereffective|p2a: Hippowdon
|-damage|p2a: Hippowdon|0 fnt
|faint|p2a: Hippowdon
|
|-weather|Sandstorm|[upkeep]
|-damage|p1a: Samurott|60/100|[from] Sandstorm
|-sideend|p1: neopaq|Reflect
|-fieldend|move: Psychic Terrain
|upkeep
|
|t:|1757833704
|switch|p2a: Hariyama|Hariyama, F|100/100
|turn|6
|
|t:|1757833706
|move|p1a: Samurott|Razor Shell|p2a: Hariyama
|-damage|p2a: Hariyama|47/100
|-unboost|p2a: Hariyama|def|1
|move|p2a: Hariyama|Drain Punch|p1a: Samurott
|-supereffective|p1a: Samurott
|-damage|p1a: Samurott|0 fnt
|-heal|p2a: Hariyama|69/100|[from] drain|[of] p1a: Samurott
|faint|p1a: Samurott
|
|-weather|none
|-sideend|p1: neopaq|move: Light Screen
|-status|p2a: Hariyama|brn|[from] item: Flame Orb
|upkeep
|
|t:|1757833713
|switch|p1a: Indeedee|Indeedee-F, F|77/100
|-damage|p1a: Indeedee|65/100|[from] Stealth Rock
|-fieldstart|move: Psychic Terrain|[from] ability: Psychic Surge|[of] p1a: Indeedee
|turn|7
|
|t:|1757833730
|move|p1a: Indeedee|Reflect|p1a: Indeedee
|-sidestart|p1: neopaq|Reflect
|move|p2a: Hariyama|Headlong Rush|p1a: Indeedee
|-damage|p1a: Indeedee|19/100
|-unboost|p2a: Hariyama|def|1
|-unboost|p2a: Hariyama|spd|1
|
|-damage|p2a: Hariyama|63/100 brn|[from] brn
|upkeep
|turn|8
|
|t:|1757833744
|switch|p2a: Mandibuzz|Mandibuzz, F|100/100
|move|p1a: Indeedee|Psychic|p2a: Mandibuzz
|-immune|p2a: Mandibuzz
|
|upkeep
|turn|9
|
|t:|1757833746
|move|p1a: Indeedee|Light Screen|p1a: Indeedee
|-sidestart|p1: neopaq|move: Light Screen
|move|p2a: Mandibuzz|U-turn|p1a: Indeedee
|-supereffective|p1a: Indeedee
|-damage|p1a: Indeedee|2/100
|
|t:|1757833750
|switch|p2a: Hariyama|Hariyama, F|63/100 brn|[from] U-turn
|
|-damage|p2a: Hariyama|57/100 brn|[from] brn
|upkeep
|turn|10
|
|t:|1757833753
|move|p2a: Hariyama|Bullet Punch|p1a: Indeedee
|-activate|p1a: Indeedee|move: Psychic Terrain
|move|p1a: Indeedee|Psychic|p2a: Hariyama
|-supereffective|p2a: Hariyama
|-damage|p2a: Hariyama|0 fnt
|faint|p2a: Hariyama
|
|upkeep
|
|t:|1757833757
|switch|p2a: Mandibuzz|Mandibuzz, F|100/100
|turn|11
|
|t:|1757833764
|move|p1a: Indeedee|Healing Wish|p1a: Indeedee
|faint|p1a: Indeedee
|move|p2a: Mandibuzz|U-turn|p1: Indeedee|[notarget]
|-fail|p2a: Mandibuzz
|
|-sideend|p1: neopaq|Reflect
|-fieldend|move: Psychic Terrain
|upkeep
|-message|neopaq forfeited.
|
|win|LousiV
|raw|neopaq's rating: 1211 &rarr; <strong>1186</strong><br />(-25 for losing)
|raw|LousiV's rating: 1212 &rarr; <strong>1237</strong><br />(+25 for winning)
|l|☆neopaq
|player|p1|
|l|☆LousiV
|player|p2|
