|j|☆Palafinnieon
|j|☆suprya
|t:|1757948419
|gametype|singles
|player|p1|Palafinnieon|grimsley|1551
|player|p2|suprya|preschooler|1600
|gen|9
|tier|[Gen 9] OU
|rated|
|rule|HP Percentage Mod: HP is shown in percentages
|rule|Endless Battle Clause: Forcing endless battles is banned
|rule|Species Clause: Limit one of each Pokémon
|rule|OHKO Clause: OHKO moves are banned
|rule|Evasion Items Clause: Evasion items are banned
|rule|Evasion Moves Clause: Evasion moves are banned
|rule|Evasion Abilities Clause: Evasion abilities are banned
|rule|Sleep Moves Clause: Sleep-inducing moves are banned
|clearpoke
|poke|p1|Smeargle, M|
|poke|p1|Cinderace, F|
|poke|p1|Zapdos-Galar|
|poke|p1|Gholdengo|
|poke|p1|Polteageist|
|poke|p1|Toxtricity, F|
|poke|p2|Samurott-Hisui, F|
|poke|p2|Fezandipiti, M|
|poke|p2|Zamazenta-*|
|poke|p2|Weavile, F|
|poke|p2|Corviknight, F|
|poke|p2|Palossand, F|
|teampreview
|inactive|Battle timer is ON: inactive players will automatically lose when time's up. (requested by suprya)
|
|t:|1757948430
|teamsize|p1|6
|teamsize|p2|6
|start
|switch|p1a: Smeargle|Smeargle, M|100/100
|switch|p2a: Samurott|Samurott-Hisui, F|100/100
|turn|1
|j| Dionysos
|
|t:|1757948444
|move|p1a: Smeargle|Sticky Web|p2a: Samurott
|-sidestart|p2: suprya|move: Sticky Web
|move|p2a: Samurott|Ceaseless Edge|p1a: Smeargle
|-enditem|p1a: Smeargle|Focus Sash
|-damage|p1a: Smeargle|1/100
|-sidestart|p1: Palafinnieon|Spikes
|
|upkeep
|turn|2
|
|t:|1757948450
|move|p2a: Samurott|Aqua Jet|p1a: Smeargle
|-damage|p1a: Smeargle|0 fnt
|faint|p1a: Smeargle
|
|upkeep
|
|t:|1757948453
|switch|p1a: Zapdos|Zapdos-Galar|100/100
|turn|3
|
|t:|1757948459
|switch|p2a: Corviknight|Corviknight, F|100/100
|-ability|p2a: Corviknight|Pressure
|move|p1a: Zapdos|Thunderous Kick|p2a: Corviknight
|-damage|p2a: Corviknight|68/100
|-unboost|p2a: Corviknight|def|1
|-damage|p1a: Zapdos|84/100|[from] item: Rocky Helmet|[of] p2a: Corviknight
|
|upkeep
|turn|4
|
|t:|1757948464
|switch|p1a: Gholdengo|Gholdengo|100/100
|-item|p1a: Gholdengo|Air Balloon
|move|p2a: Corviknight|Brave Bird|p1a: Gholdengo
|-resisted|p1a: Gholdengo
|-damage|p1a: Gholdengo|80/100
|-enditem|p1a: Gholdengo|Air Balloon
|-damage|p2a: Corviknight|63/100|[from] Recoil
|
|upkeep
|turn|5
|
|t:|1757948470
|move|p1a: Gholdengo|Shadow Ball|p2a: Corviknight
|-damage|p2a: Corviknight|25/100
|move|p2a: Corviknight|U-turn|p1a: Gholdengo
|-resisted|p1a: Gholdengo
|-damage|p1a: Gholdengo|77/100
|
|t:|1757948478
|switch|p2a: Samurott|Samurott-Hisui, F|100/100|[from] U-turn
|
|upkeep
|turn|6
|
|t:|1757948482
|move|p1a: Gholdengo|Dazzling Gleam|p2a: Samurott
|-supereffective|p2a: Samurott
|-damage|p2a: Samurott|21/100
|move|p2a: Samurott|Ceaseless Edge|p1a: Gholdengo
|-supereffective|p1a: Gholdengo
|-damage|p1a: Gholdengo|0 fnt
|-sidestart|p1: Palafinnieon|Spikes
|faint|p1a: Gholdengo
|
|upkeep
|
|t:|1757948492
|switch|p1a: Zapdos|Zapdos-Galar|84/100
|turn|7
|
|t:|1757948499
|move|p2a: Samurott|Aqua Jet|p1a: Zapdos
|-damage|p1a: Zapdos|59/100
|move|p1a: Zapdos|Thunderous Kick|p2a: Samurott
|-supereffective|p2a: Samurott
|-damage|p2a: Samurott|0 fnt
|faint|p2a: Samurott
|
|upkeep
|
|t:|1757948506
|switch|p2a: Weavile|Weavile, F|100/100
|-ability|p2a: Weavile|Pressure
|turn|8
|
|t:|1757948512
|-terastallize|p1a: Zapdos|Steel
|move|p2a: Weavile|Triple Axel|p1a: Zapdos
|-resisted|p1a: Zapdos
|-damage|p1a: Zapdos|53/100
|-resisted|p1a: Zapdos
|-damage|p1a: Zapdos|42/100
|-resisted|p1a: Zapdos
|-damage|p1a: Zapdos|26/100
|-hitcount|p1a: Zapdos|3
|move|p1a: Zapdos|Thunderous Kick|p2a: Weavile
|-supereffective|p2a: Weavile
|-damage|p2a: Weavile|0 fnt
|faint|p2a: Weavile
|
|upkeep
|
|t:|1757948517
|switch|p2a: Palossand|Palossand, F|100/100
|-activate|p2a: Palossand|move: Sticky Web
|-unboost|p2a: Palossand|spe|1
|turn|9
|
|t:|1757948530
|move|p1a: Zapdos|Knock Off|p2a: Palossand
|-supereffective|p2a: Palossand
|-crit|p2a: Palossand
|-damage|p2a: Palossand|42/100
|-damage|p1a: Zapdos|10/100|[from] item: Rocky Helmet|[of] p2a: Palossand
|-enditem|p2a: Palossand|Rocky Helmet|[from] move: Knock Off|[of] p1a: Zapdos
|move|p2a: Palossand|Shadow Ball|p1a: Zapdos
|-damage|p1a: Zapdos|0 fnt
|faint|p1a: Zapdos
|
|upkeep
|
|t:|1757948543
|switch|p1a: Polteageist|Polteageist|100/100
|-damage|p1a: Polteageist|84/100|[from] Spikes
|turn|10
|
|t:|1757948547
|move|p1a: Polteageist|Shadow Ball|p2a: Palossand
|-supereffective|p2a: Palossand
|-damage|p2a: Palossand|0 fnt
|faint|p2a: Palossand
|
|upkeep
|
|t:|1757948551
|switch|p2a: Fezandipiti|Fezandipiti, M|100/100
|-activate|p2a: Fezandipiti|move: Sticky Web
|-unboost|p2a: Fezandipiti|spe|1
|turn|11
|
|t:|1757948554
|move|p2a: Fezandipiti|Nasty Plot|p2a: Fezandipiti
|-boost|p2a: Fezandipiti|spa|2
|move|p1a: Polteageist|Shell Smash|p1a: Polteageist
|-unboost|p1a: Polteageist|def|1
|-unboost|p1a: Polteageist|spd|1
|-boost|p1a: Polteageist|atk|2
|-boost|p1a: Polteageist|spa|2
|-boost|p1a: Polteageist|spe|2
|-enditem|p1a: Polteageist|White Herb
|-clearnegativeboost|p1a: Polteageist|[silent]
|
|upkeep
|turn|12
|
|t:|1757948557
|-terastallize|p2a: Fezandipiti|Dark
|move|p1a: Polteageist|Stored Power|p2a: Fezandipiti
|-immune|p2a: Fezandipiti
|move|p2a: Fezandipiti|Dark Pulse|p1a: Polteageist
|-supereffective|p1a: Polteageist
|-crit|p1a: Polteageist
|-damage|p1a: Polteageist|0 fnt
|faint|p1a: Polteageist
|
|upkeep
|
|t:|1757948563
|switch|p1a: Cinderace|Cinderace, F|100/100
|-damage|p1a: Cinderace|84/100|[from] Spikes
|turn|13
|
|t:|1757948571
|move|p1a: Cinderace|Double-Edge|p2a: Fezandipiti
|-start|p1a: Cinderace|typechange|Normal|[from] ability: Libero
|-damage|p2a: Fezandipiti|7/100
|-damage|p1a: Cinderace|52/100|[from] Recoil
|move|p2a: Fezandipiti|Dark Pulse|p1a: Cinderace
|-damage|p1a: Cinderace|0 fnt
|faint|p1a: Cinderace
|
|-heal|p2a: Fezandipiti|13/100|[from] item: Leftovers
|upkeep
|
|t:|1757948576
|switch|p1a: Toxtricity|Toxtricity, F|100/100
|-damage|p1a: Toxtricity|84/100|[from] Spikes
|turn|14
|
|t:|1757948580
|move|p1a: Toxtricity|Boomburst|p2a: Fezandipiti
|-damage|p2a: Fezandipiti|0 fnt
|faint|p2a: Fezandipiti
|-enditem|p1a: Toxtricity|Throat Spray
|-boost|p1a: Toxtricity|spa|1|[from] item: Throat Spray
|
|upkeep
|
|t:|1757948582
|switch|p2a: Zamazenta|Zamazenta|100/100
|-activate|p2a: Zamazenta|move: Sticky Web
|-unboost|p2a: Zamazenta|spe|1
|-ability|p2a: Zamazenta|Dauntless Shield|boost
|-boost|p2a: Zamazenta|def|1
|turn|15
|
|t:|1757948587
|move|p2a: Zamazenta|Body Press|p1a: Toxtricity
|-resisted|p1a: Toxtricity
|-damage|p1a: Toxtricity|45/100
|move|p1a: Toxtricity|Boomburst|p2a: Zamazenta
|-damage|p2a: Zamazenta|31/100
|
|-heal|p2a: Zamazenta|37/100|[from] item: Leftovers
|upkeep
|turn|16
|
|t:|1757948596
|move|p2a: Zamazenta|Crunch|p1a: Toxtricity
|-damage|p1a: Toxtricity|13/100
|move|p1a: Toxtricity|Boomburst|p2a: Zamazenta
|-damage|p2a: Zamazenta|0 fnt
|faint|p2a: Zamazenta
|
|upkeep
|
|t:|1757948598
|switch|p2a: Corviknight|Corviknight, F|25/100
|-ability|p2a: Corviknight|Pressure
|turn|17
|
|t:|1757948600
|move|p1a: Toxtricity|Overdrive|p2a: Corviknight
|-supereffective|p2a: Corviknight
|-damage|p2a: Corviknight|0 fnt
|faint|p2a: Corviknight
|
|win|Palafinnieon
|raw|Palafinnieon's rating: 1551 &rarr; <strong>1574</strong><br />(+23 for winning)
|raw|suprya's rating: 1600 &rarr; <strong>1577</strong><br />(-23 for losing)
|l|☆suprya
|player|p2|
|l| Dionysos
|l|☆Palafinnieon
|player|p1|
