|j|☆ZeNiN_K1
|j|☆RighteousHideous
|t:|1757890469
|gametype|singles
|player|p1|ZeNiN_K1|acetrainer-gen4|1173
|player|p2|RighteousHideous|170|1232
|gen|9
|tier|[Gen 9] OU
|rated|
|rule|HP Percentage Mod: HP is shown in percentages
|rule|Endless Battle Clause: Forcing endless battles is banned
|rule|Species Clause: Limit one of each Pokémon
|rule|OHKO Clause: OHKO moves are banned
|rule|Evasion Items Clause: Evasion items are banned
|rule|Evasion Moves Clause: Evasion moves are banned
|rule|Evasion Abilities Clause: Evasion abilities are banned
|rule|Sleep Moves Clause: Sleep-inducing moves are banned
|clearpoke
|poke|p1|Zamazenta-*|
|poke|p1|Ninetales-Alola, M|
|poke|p1|Darkrai|
|poke|p1|Ceruledge, F|
|poke|p1|Gliscor, M|
|poke|p1|Hatterene, F|
|poke|p2|Corviknight, M|
|poke|p2|Lycanroc-Dusk, F|
|poke|p2|Slowking-Galar, M|
|poke|p2|Hoopa-Unbound|
|poke|p2|Samurott-Hisui, M|
|poke|p2|Comfey, M|
|teampreview
|
|t:|1757890500
|teamsize|p1|6
|teamsize|p2|6
|start
|switch|p1a: Darkrai|Darkrai|100/100
|switch|p2a: Samurott|Samurott-Hisui, M|100/100
|turn|1
|
|t:|1757890509
|-terastallize|p1a: Darkrai|Poison
|move|p1a: Darkrai|Sludge Bomb|p2a: Samurott
|-damage|p2a: Samurott|67/100
|move|p2a: Samurott|Ceaseless Edge|p1a: Darkrai
|-damage|p1a: Darkrai|44/100
|-sidestart|p1: ZeNiN_K1|Spikes
|
|-heal|p1a: Darkrai|50/100|[from] item: Leftovers
|upkeep
|turn|2
|
|t:|1757890520
|move|p1a: Darkrai|Sludge Bomb|p2a: Samurott
|-damage|p2a: Samurott|30/100
|-status|p2a: Samurott|psn
|move|p2a: Samurott|Razor Shell|p1a: Darkrai
|-damage|p1a: Darkrai|0 fnt
|faint|p1a: Darkrai
|
|-damage|p2a: Samurott|17/100 psn|[from] psn
|upkeep
|
|t:|1757890534
|switch|p1a: Ninetales|Ninetales-Alola, M|100/100
|-damage|p1a: Ninetales|88/100|[from] Spikes
|-weather|Snowscape|[from] ability: Snow Warning|[of] p1a: Ninetales
|turn|3
|
|t:|1757890549
|move|p1a: Ninetales|Aurora Veil|p1a: Ninetales
|-sidestart|p1: ZeNiN_K1|move: Aurora Veil
|move|p2a: Samurott|Ceaseless Edge|p1a: Ninetales
|-resisted|p1a: Ninetales
|-damage|p1a: Ninetales|79/100
|-sidestart|p1: ZeNiN_K1|Spikes
|
|-weather|Snowscape|[upkeep]
|-damage|p2a: Samurott|5/100 psn|[from] psn
|upkeep
|turn|4
|
|t:|1757890553
|move|p2a: Samurott|Sucker Punch|p1a: Ninetales
|-resisted|p1a: Ninetales
|-damage|p1a: Ninetales|73/100
|move|p1a: Ninetales|Freeze-Dry|p2a: Samurott
|-supereffective|p2a: Samurott
|-damage|p2a: Samurott|0 fnt
|faint|p2a: Samurott
|
|-weather|Snowscape|[upkeep]
|upkeep
|inactive|Battle timer is ON: inactive players will automatically lose when time's up. (requested by RighteousHideous)
|
|t:|1757890581
|switch|p2a: Slowking|Slowking-Galar, M|100/100
|turn|5
|
|t:|1757890602
|switch|p1a: Gliscor|Gliscor, M|100/100
|move|p2a: Slowking|Future Sight|p1a: Gliscor
|-start|p2a: Slowking|move: Future Sight
|
|-weather|Snowscape|[upkeep]
|-status|p1a: Gliscor|tox|[from] item: Toxic Orb
|upkeep
|turn|6
|
|t:|1757890614
|switch|p2a: Corviknight|Corviknight, M|100/100
|-ability|p2a: Corviknight|Pressure
|move|p1a: Gliscor|Agility|p1a: Gliscor
|-boost|p1a: Gliscor|spe|2
|
|-weather|Snowscape|[upkeep]
|upkeep
|turn|7
|
|t:|1757890619
|switch|p1a: Ceruledge|Ceruledge, F|100/100
|-damage|p1a: Ceruledge|84/100|[from] Spikes
|move|p2a: Corviknight|Defog|p1a: Ceruledge
|-unboost|p1a: Ceruledge|evasion|1
|-sideend|p1: ZeNiN_K1|move: Aurora Veil
|-sideend|p1: ZeNiN_K1|Spikes|[from] move: Defog|[of] p2a: Corviknight
|
|-weather|none
|-end|p1a: Ceruledge|move: Future Sight
|-damage|p1a: Ceruledge|49/100
|upkeep
|turn|8
|
|t:|1757890638
|move|p1a: Ceruledge|Bitter Blade|p2a: Corviknight
|-supereffective|p2a: Corviknight
|-damage|p2a: Corviknight|58/100
|-heal|p1a: Ceruledge|73/100|[from] drain|[of] p2a: Corviknight
|-damage|p1a: Ceruledge|57/100|[from] item: Rocky Helmet|[of] p2a: Corviknight
|move|p2a: Corviknight|U-turn|p1a: Ceruledge
|-resisted|p1a: Ceruledge
|-damage|p1a: Ceruledge|52/100
|
|t:|1757890649
|switch|p2a: Lycanroc|Lycanroc-Dusk, F|100/100|[from] U-turn
|
|upkeep
|turn|9
|
|t:|1757890665
|switch|p1a: Zamazenta|Zamazenta|100/100
|-ability|p1a: Zamazenta|Dauntless Shield|boost
|-boost|p1a: Zamazenta|def|1
|move|p2a: Lycanroc|Accelerock|p1a: Zamazenta
|-resisted|p1a: Zamazenta
|-damage|p1a: Zamazenta|91/100
|
|upkeep
|turn|10
|
|t:|1757890672
|switch|p2a: Corviknight|Corviknight, M|58/100
|-ability|p2a: Corviknight|Pressure
|move|p1a: Zamazenta|Body Press|p2a: Corviknight
|-damage|p2a: Corviknight|24/100
|-damage|p1a: Zamazenta|74/100|[from] item: Rocky Helmet|[of] p2a: Corviknight
|
|upkeep
|turn|11
|
|t:|1757890679
|move|p1a: Zamazenta|Body Press|p2a: Corviknight
|-damage|p2a: Corviknight|0 fnt
|-damage|p1a: Zamazenta|58/100|[from] item: Rocky Helmet|[of] p2a: Corviknight
|faint|p2a: Corviknight
|
|upkeep
|
|t:|1757890688
|switch|p2a: Comfey|Comfey, M|100/100
|turn|12
|
|t:|1757890705
|switch|p1a: Ceruledge|Ceruledge, F|52/100
|move|p2a: Comfey|Calm Mind|p2a: Comfey
|-boost|p2a: Comfey|spa|1
|-boost|p2a: Comfey|spd|1
|
|upkeep
|turn|13
|
|t:|1757890713
|-terastallize|p2a: Comfey|Ground
|move|p2a: Comfey|Tera Blast|p1a: Ceruledge|[anim] Tera Blast Ground
|-supereffective|p1a: Ceruledge
|-damage|p1a: Ceruledge|0 fnt
|faint|p1a: Ceruledge
|-damage|p2a: Comfey|91/100|[from] item: Life Orb
|
|upkeep
|
|t:|1757890717
|switch|p1a: Ninetales|Ninetales-Alola, M|73/100
|-weather|Snowscape|[from] ability: Snow Warning|[of] p1a: Ninetales
|turn|14
|
|t:|1757890736
|move|p2a: Comfey|Draining Kiss|p1a: Ninetales
|-damage|p1a: Ninetales|37/100
|-heal|p2a: Comfey|100/100|[from] drain|[of] p1a: Ninetales
|-damage|p2a: Comfey|91/100|[from] item: Life Orb
|move|p1a: Ninetales|Roar|p2a: Comfey
|drag|p2a: Lycanroc|Lycanroc-Dusk, F|100/100
|
|-weather|Snowscape|[upkeep]
|upkeep
|turn|15
|
|t:|1757890756
|switch|p1a: Gliscor|Gliscor, M|100/100 tox
|move|p2a: Lycanroc|Accelerock|p1a: Gliscor
|-damage|p1a: Gliscor|70/100 tox
|
|-weather|Snowscape|[upkeep]
|-heal|p1a: Gliscor|82/100 tox|[from] ability: Poison Heal
|upkeep
|turn|16
|
|t:|1757890765
|switch|p2a: Hoopa|Hoopa-Unbound|100/100
|move|p1a: Gliscor|Swords Dance|p1a: Gliscor
|-boost|p1a: Gliscor|atk|2
|
|-weather|Snowscape|[upkeep]
|-heal|p1a: Gliscor|95/100 tox|[from] ability: Poison Heal
|upkeep
|turn|17
|
|t:|1757890774
|move|p1a: Gliscor|Facade|p2a: Hoopa
|-damage|p2a: Hoopa|0 fnt
|faint|p2a: Hoopa
|
|-weather|Snowscape|[upkeep]
|-heal|p1a: Gliscor|100/100 tox|[from] ability: Poison Heal
|upkeep
|-message|RighteousHideous forfeited.
|
|win|ZeNiN_K1
|raw|ZeNiN_K1's rating: 1173 &rarr; <strong>1202</strong><br />(+29 for winning)
|raw|RighteousHideous's rating: 1232 &rarr; <strong>1203</strong><br />(-29 for losing)
|l|☆RighteousHideous
|player|p2|
