|j|☆Ceelodice
|j|☆BrazyBray
|t:|1757873737
|gametype|singles
|player|p1|Ceelodice|102|1226
|player|p2|BrazyBray|170|1220
|gen|9
|tier|[Gen 9] OU
|rated|
|rule|HP Percentage Mod: HP is shown in percentages
|rule|Endless Battle Clause: Forcing endless battles is banned
|rule|Species Clause: Limit one of each Pokémon
|rule|OHKO Clause: OHKO moves are banned
|rule|Evasion Items Clause: Evasion items are banned
|rule|Evasion Moves Clause: Evasion moves are banned
|rule|Evasion Abilities Clause: Evasion abilities are banned
|rule|Sleep Moves Clause: Sleep-inducing moves are banned
|clearpoke
|poke|p1|Tauros-Paldea-Blaze, M|
|poke|p1|Kilowattrel, F|
|poke|p1|Excadrill, F|
|poke|p1|Muk-Alola, F|
|poke|p1|Gyarados, M|
|poke|p1|Goodra-Hisui, M|
|poke|p2|Indeedee, M|
|poke|p2|Hatterene, F|
|poke|p2|Iron Treads|
|poke|p2|Deoxys-Speed|
|poke|p2|Ceruledge, M|
|poke|p2|Walking Wake|
|teampreview
|inactive|Battle timer is ON: inactive players will automatically lose when time's up. (requested by Ceelodice)
|
|t:|1757873767
|teamsize|p1|6
|teamsize|p2|6
|start
|switch|p1a: Excadrill|Excadrill, F|100/100
|switch|p2a: Deoxys|Deoxys-Speed|100/100
|-ability|p2a: Deoxys|Pressure
|-ability|p1a: Excadrill|Mold Breaker
|turn|1
|
|t:|1757873774
|move|p2a: Deoxys|Superpower|p1a: Excadrill
|-supereffective|p1a: Excadrill
|-enditem|p1a: Excadrill|Focus Sash
|-damage|p1a: Excadrill|1/100
|-unboost|p2a: Deoxys|atk|1
|-unboost|p2a: Deoxys|def|1
|-damage|p2a: Deoxys|91/100|[from] item: Life Orb
|move|p1a: Excadrill|Stealth Rock|p2a: Deoxys
|-sidestart|p2: BrazyBray|move: Stealth Rock
|
|upkeep
|turn|2
|
|t:|1757873785
|move|p2a: Deoxys|Knock Off|p1a: Excadrill
|-damage|p1a: Excadrill|0 fnt
|faint|p1a: Excadrill
|-damage|p2a: Deoxys|81/100|[from] item: Life Orb
|
|upkeep
|
|t:|1757873796
|switch|p1a: Gyarados|Gyarados, M|100/100
|turn|3
|
|t:|1757873815
|move|p2a: Deoxys|Expanding Force|p1a: Gyarados
|-damage|p1a: Gyarados|54/100
|-damage|p2a: Deoxys|71/100|[from] item: Life Orb
|move|p1a: Gyarados|Dragon Dance|p1a: Gyarados
|-boost|p1a: Gyarados|atk|1
|-boost|p1a: Gyarados|spe|1
|
|-heal|p1a: Gyarados|60/100|[from] item: Leftovers
|upkeep
|turn|4
|
|t:|1757873820
|move|p2a: Deoxys|Taunt|p1a: Gyarados
|-start|p1a: Gyarados|move: Taunt
|move|p1a: Gyarados|Crunch|p2a: Deoxys
|-supereffective|p2a: Deoxys
|-crit|p2a: Deoxys
|-damage|p2a: Deoxys|0 fnt
|faint|p2a: Deoxys
|-ability|p1a: Gyarados|Moxie|boost
|-boost|p1a: Gyarados|atk|1
|
|-heal|p1a: Gyarados|66/100|[from] item: Leftovers
|upkeep
|
|t:|1757873827
|switch|p2a: Iron Treads|Iron Treads|100/100
|-damage|p2a: Iron Treads|97/100|[from] Stealth Rock
|-enditem|p2a: Iron Treads|Booster Energy
|-activate|p2a: Iron Treads|ability: Quark Drive|[fromitem]
|-start|p2a: Iron Treads|quarkdrivespe
|turn|5
|
|t:|1757873833
|move|p2a: Iron Treads|Rapid Spin|p1a: Gyarados
|-damage|p1a: Gyarados|50/100
|-boost|p2a: Iron Treads|spe|1
|-sideend|p2: BrazyBray|Stealth Rock|[from] move: Rapid Spin|[of] p2a: Iron Treads
|move|p1a: Gyarados|Aqua Tail|p2a: Iron Treads
|-supereffective|p2a: Iron Treads
|-damage|p2a: Iron Treads|0 fnt
|faint|p2a: Iron Treads
|-end|p2a: Iron Treads|Quark Drive|[silent]
|-ability|p1a: Gyarados|Moxie|boost
|-boost|p1a: Gyarados|atk|1
|
|-heal|p1a: Gyarados|56/100|[from] item: Leftovers
|upkeep
|
|t:|1757873841
|switch|p2a: Hatterene|Hatterene, F|100/100
|turn|6
|
|t:|1757873847
|move|p1a: Gyarados|Aqua Tail|p2a: Hatterene|[miss]
|-miss|p1a: Gyarados|p2a: Hatterene
|move|p2a: Hatterene|Nuzzle|p1a: Gyarados
|-supereffective|p1a: Gyarados
|-damage|p1a: Gyarados|35/100
|-status|p1a: Gyarados|par
|
|-heal|p1a: Gyarados|41/100 par|[from] item: Leftovers
|-end|p1a: Gyarados|move: Taunt
|upkeep
|turn|7
|
|t:|1757873852
|switch|p2a: Indeedee|Indeedee, M|100/100
|-fieldstart|move: Psychic Terrain|[from] ability: Psychic Surge|[of] p2a: Indeedee
|move|p1a: Gyarados|Aqua Tail|p2a: Indeedee
|-damage|p2a: Indeedee|0 fnt
|faint|p2a: Indeedee
|-ability|p1a: Gyarados|Moxie|boost
|-boost|p1a: Gyarados|atk|1
|
|-heal|p1a: Gyarados|47/100 par|[from] item: Leftovers
|upkeep
|
|t:|1757873855
|switch|p2a: Ceruledge|Ceruledge, M|100/100
|turn|8
|
|t:|1757873865
|-terastallize|p2a: Ceruledge|Bug
|move|p2a: Ceruledge|Swords Dance|p2a: Ceruledge
|-boost|p2a: Ceruledge|atk|2
|move|p1a: Gyarados|Aqua Tail|p2a: Ceruledge
|-enditem|p2a: Ceruledge|Focus Sash
|-damage|p2a: Ceruledge|1/100
|-ability|p2a: Ceruledge|Weak Armor|boost
|-unboost|p2a: Ceruledge|def|1
|-boost|p2a: Ceruledge|spe|2
|
|-heal|p1a: Gyarados|53/100 par|[from] item: Leftovers
|upkeep
|turn|9
|
|t:|1757873876
|switch|p1a: Tauros|Tauros-Paldea-Blaze, M|100/100
|-ability|p1a: Tauros|Intimidate|boost
|-unboost|p2a: Ceruledge|atk|1
|move|p2a: Ceruledge|Poltergeist|p1a: Tauros
|-activate|p1a: Tauros|move: Poltergeist|Rocky Helmet
|-damage|p1a: Tauros|35/100
|
|upkeep
|turn|10
|
|t:|1757873892
|move|p2a: Ceruledge|Close Combat|p1a: Tauros
|-crit|p1a: Tauros
|-damage|p1a: Tauros|0 fnt
|-unboost|p2a: Ceruledge|def|1
|-unboost|p2a: Ceruledge|spd|1
|-damage|p2a: Ceruledge|0 fnt|[from] item: Rocky Helmet|[of] p1a: Tauros
|faint|p1a: Tauros
|faint|p2a: Ceruledge
|
|upkeep
|
|t:|1757873911
|switch|p2a: Hatterene|Hatterene, F|100/100
|switch|p1a: Muk|Muk-Alola, F|100/100
|turn|11
|inactive|BrazyBray has 120 seconds left.
|
|t:|1757873949
|move|p1a: Muk|Knock Off|p2a: Hatterene
|-damage|p2a: Hatterene|63/100
|-status|p2a: Hatterene|psn|[from] ability: Poison Touch|[of] p1a: Muk
|-enditem|p2a: Hatterene|Custap Berry|[from] move: Knock Off|[of] p1a: Muk
|move|p2a: Hatterene|Nuzzle|p1a: Muk
|-crit|p1a: Muk
|-damage|p1a: Muk|94/100
|-status|p1a: Muk|par
|
|-damage|p2a: Hatterene|50/100 psn|[from] psn
|upkeep
|turn|12
|
|t:|1757873961
|move|p2a: Hatterene|Nuzzle|p1a: Muk
|-damage|p1a: Muk|90/100 par
|move|p1a: Muk|Crunch|p2a: Hatterene
|-damage|p2a: Hatterene|20/100 psn
|
|-damage|p2a: Hatterene|7/100 psn|[from] psn
|upkeep
|turn|13
|
|t:|1757873970
|move|p2a: Hatterene|Draining Kiss|p1a: Muk
|-damage|p1a: Muk|78/100 par
|-heal|p2a: Hatterene|19/100 psn|[from] drain|[of] p1a: Muk
|move|p1a: Muk|Poison Jab|p2a: Hatterene
|-supereffective|p2a: Hatterene
|-damage|p2a: Hatterene|0 fnt
|faint|p2a: Hatterene
|
|upkeep
|
|t:|1757873972
|switch|p2a: Walking Wake|Walking Wake|100/100
|-enditem|p2a: Walking Wake|Booster Energy
|-activate|p2a: Walking Wake|ability: Protosynthesis|[fromitem]
|-start|p2a: Walking Wake|protosynthesisspa
|turn|14
|
|t:|1757873982
|move|p2a: Walking Wake|Dragon Pulse|p1a: Muk
|-damage|p1a: Muk|54/100 par
|move|p1a: Muk|Poison Jab|p2a: Walking Wake
|-damage|p2a: Walking Wake|66/100
|-status|p2a: Walking Wake|psn|[from] ability: Poison Touch|[of] p1a: Muk
|
|-damage|p2a: Walking Wake|54/100 psn|[from] psn
|-fieldend|move: Psychic Terrain
|upkeep
|turn|15
|
|t:|1757873992
|move|p2a: Walking Wake|Draco Meteor|p1a: Muk|[miss]
|-miss|p2a: Walking Wake|p1a: Muk
|move|p1a: Muk|Poison Jab|p2a: Walking Wake
|-damage|p2a: Walking Wake|19/100 psn
|
|-damage|p2a: Walking Wake|6/100 psn|[from] psn
|upkeep
|turn|16
|-message|BrazyBray forfeited.
|
|win|Ceelodice
|raw|Ceelodice's rating: 1226 &rarr; <strong>1251</strong><br />(+25 for winning)
|raw|BrazyBray's rating: 1220 &rarr; <strong>1195</strong><br />(-25 for losing)
|l|☆BrazyBray
|player|p2|
