|j|☆skibidi but swole
|j|☆JJTEPIGBOSS
|t:|1757794894
|gametype|singles
|player|p1|skibidi but swole|swimmer-gen4|1189
|player|p2|JJTEPIGBOSS|101|1146
|gen|9
|tier|[Gen 9] OU
|rated|
|rule|HP Percentage Mod: HP is shown in percentages
|rule|Endless Battle Clause: Forcing endless battles is banned
|rule|Species Clause: Limit one of each Pokémon
|rule|OHKO Clause: OHKO moves are banned
|rule|Evasion Items Clause: Evasion items are banned
|rule|Evasion Moves Clause: Evasion moves are banned
|rule|Evasion Abilities Clause: Evasion abilities are banned
|rule|Sleep Moves Clause: Sleep-inducing moves are banned
|clearpoke
|poke|p1|Arcanine-Hisui, F|
|poke|p1|Frosmoth, M|
|poke|p1|Quaquaval, F|
|poke|p1|Landorus-Therian, M|
|poke|p1|Alomomola, F|
|poke|p1|Iron Valiant|
|poke|p2|Raichu, M|
|poke|p2|Bastiodon, M|
|poke|p2|Calyrex|
|poke|p2|Glastrier|
|poke|p2|Drifblim, F|
|poke|p2|Ariados, F|
|teampreview
|inactive|Battle timer is ON: inactive players will automatically lose when time's up. (requested by JJTEPIGBOSS)
|
|t:|1757794907
|teamsize|p1|6
|teamsize|p2|6
|start
|switch|p1a: Landorus|Landorus-Therian, M|100/100
|switch|p2a: Drifblim|Drifblim, F|100/100
|-ability|p1a: Landorus|Intimidate|boost
|-unboost|p2a: Drifblim|atk|1
|turn|1
|
|t:|1757794918
|move|p1a: Landorus|Taunt|p2a: Drifblim
|-start|p2a: Drifblim|move: Taunt
|move|p2a: Drifblim|Air Slash|p1a: Landorus
|-damage|p1a: Landorus|69/100
|
|-status|p2a: Drifblim|brn|[from] item: Flame Orb
|upkeep
|turn|2
|
|t:|1757794931
|move|p1a: Landorus|U-turn|p2a: Drifblim
|-resisted|p2a: Drifblim
|-damage|p2a: Drifblim|92/100 brn
|
|t:|1757794933
|switch|p1a: Alomomola|Alomomola, F|100/100|[from] U-turn
|move|p2a: Drifblim|Air Slash|p1a: Alomomola
|-damage|p1a: Alomomola|75/100
|
|-damage|p2a: Drifblim|86/100 brn|[from] brn
|upkeep
|turn|3
|
|t:|1757794942
|move|p2a: Drifblim|Air Slash|p1a: Alomomola
|-damage|p1a: Alomomola|49/100
|move|p1a: Alomomola|Mirror Coat|p2a: Drifblim
|-damage|p2a: Drifblim|30/100 brn
|
|-damage|p2a: Drifblim|23/100 brn|[from] brn
|-end|p2a: Drifblim|move: Taunt
|upkeep
|turn|4
|
|t:|1757794954
|move|p1a: Alomomola|Aqua Jet|p2a: Drifblim
|-crit|p2a: Drifblim
|-damage|p2a: Drifblim|0 fnt
|faint|p2a: Drifblim
|
|upkeep
|
|t:|1757794965
|switch|p2a: Raichu|Raichu, M|100/100
|turn|5
|
|t:|1757794973
|switch|p1a: Landorus|Landorus-Therian, M|69/100
|-ability|p1a: Landorus|Intimidate|boost
|-unboost|p2a: Raichu|atk|1
|move|p2a: Raichu|Volt Tackle|p1a: Landorus
|-immune|p1a: Landorus
|
|upkeep
|turn|6
|
|t:|1757794983
|switch|p2a: Calyrex|Calyrex|100/100
|-ability|p2a: Calyrex|Unnerve
|move|p1a: Landorus|Stealth Rock|p2a: Calyrex
|-sidestart|p2: JJTEPIGBOSS|move: Stealth Rock
|
|upkeep
|turn|7
|
|t:|1757794991
|-terastallize|p2a: Calyrex|Fairy
|move|p1a: Landorus|U-turn|p2a: Calyrex
|-resisted|p2a: Calyrex
|-damage|p2a: Calyrex|88/100
|
|t:|1757795002
|switch|p1a: Arcanine|Arcanine-Hisui, F|100/100|[from] U-turn
|move|p2a: Calyrex|Calm Mind|p2a: Calyrex
|-boost|p2a: Calyrex|spa|1
|-boost|p2a: Calyrex|spd|1
|
|upkeep
|turn|8
|
|t:|1757795012
|move|p1a: Arcanine|Head Smash|p2a: Calyrex
|-damage|p2a: Calyrex|0 fnt
|faint|p2a: Calyrex
|
|upkeep
|
|t:|1757795018
|switch|p2a: Bastiodon|Bastiodon, M|100/100
|-damage|p2a: Bastiodon|94/100|[from] Stealth Rock
|turn|9
|
|t:|1757795025
|switch|p1a: Quaquaval|Quaquaval, F|100/100
|move|p2a: Bastiodon|Earthquake|p1a: Quaquaval
|-damage|p1a: Quaquaval|83/100
|
|upkeep
|turn|10
|
|t:|1757795035
|switch|p2a: Ariados|Ariados, F|100/100
|move|p1a: Quaquaval|Aqua Step|p2a: Ariados
|-damage|p2a: Ariados|38/100
|-boost|p1a: Quaquaval|spe|1
|
|upkeep
|turn|11
|
|t:|1757795045
|move|p1a: Quaquaval|Aqua Step|p2a: Ariados
|-damage|p2a: Ariados|0 fnt
|-boost|p1a: Quaquaval|spe|1
|faint|p2a: Ariados
|
|upkeep
|-message|JJTEPIGBOSS forfeited.
|
|win|skibidi but swole
|raw|skibidi but swole's rating: 1189 &rarr; <strong>1211</strong><br />(+22 for winning)
|raw|JJTEPIGBOSS's rating: 1146 &rarr; <strong>1124</strong><br />(-22 for losing)
|l|☆JJTEPIGBOSS
|player|p2|
