|j|☆unguslybungusly
|j|☆jeet9999
|t:|1757819633
|gametype|singles
|player|p1|unguslybungusly|giovanni|1587
|player|p2|jeet9999|cynthia-masters|1584
|gen|9
|tier|[Gen 9] OU
|rated|
|rule|HP Percentage Mod: HP is shown in percentages
|rule|Endless Battle Clause: Forcing endless battles is banned
|rule|Species Clause: Limit one of each Pokémon
|rule|OHKO Clause: OHKO moves are banned
|rule|Evasion Items Clause: Evasion items are banned
|rule|Evasion Moves Clause: Evasion moves are banned
|rule|Evasion Abilities Clause: Evasion abilities are banned
|rule|Sleep Moves Clause: Sleep-inducing moves are banned
|clearpoke
|poke|p1|Zarude|
|poke|p1|Weezing-Galar, F|
|poke|p1|Kyurem|
|poke|p1|Iron Treads|
|poke|p1|Enamorus, F|
|poke|p1|Slowking-Galar, F|
|poke|p2|Indeedee, M|
|poke|p2|Hatterene, F|
|poke|p2|Ursaluna, F|
|poke|p2|Iron Hands|
|poke|p2|Hoopa-Unbound|
|poke|p2|Mimikyu, F|
|teampreview
|inactive|Battle timer is ON: inactive players will automatically lose when time's up. (requested by jeet9999)
|inactive|unguslybungusly also wants the timer to be on.
|inactive|jeet9999 has 120 seconds left.
|
|t:|1757819669
|teamsize|p1|6
|teamsize|p2|6
|start
|switch|p1a: Slowking|Slowking-Galar, F|100/100
|switch|p2a: LEBRON|Iron Hands, shiny|100/100
|-enditem|p2a: LEBRON|Booster Energy
|-activate|p2a: LEBRON|ability: Quark Drive|[fromitem]
|-start|p2a: LEBRON|quarkdriveatk
|turn|1
|
|t:|1757819685
|switch|p1a: Weezing|Weezing-Galar, F|100/100
|-ability|p1a: Weezing|Neutralizing Gas
|move|p2a: LEBRON|Supercell Slam|p1a: Weezing
|-damage|p1a: Weezing|65/100
|
|-heal|p1a: Weezing|71/100|[from] item: Leftovers
|upkeep
|turn|2
|
|t:|1757819695
|-end|p2a: LEBRON|Quark Drive|[silent]
|switch|p2a: Subaru|Indeedee, M, shiny|100/100
|move|p1a: Weezing|Will-O-Wisp|p2a: Subaru
|-status|p2a: Subaru|brn
|
|-heal|p1a: Weezing|77/100|[from] item: Leftovers
|-damage|p2a: Subaru|94/100 brn|[from] brn
|upkeep
|turn|3
|
|t:|1757819704
|-end|p1a: Weezing|ability: Neutralizing Gas
|-fieldstart|move: Psychic Terrain|[from] ability: Psychic Surge|[of] p2a: Subaru
|switch|p1a: Iron Treads|Iron Treads|100/100
|move|p2a: Subaru|Trick Room|p2a: Subaru
|-fieldstart|move: Trick Room|[of] p2a: Subaru
|
|-damage|p2a: Subaru|88/100 brn|[from] brn
|upkeep
|turn|4
|
|t:|1757819717
|switch|p2a: Crashout YN|Ursaluna, F, shiny|100/100
|move|p1a: Iron Treads|Earthquake|p2a: Crashout YN
|-damage|p2a: Crashout YN|67/100
|
|-status|p2a: Crashout YN|brn|[from] item: Flame Orb
|upkeep
|turn|5
|
|t:|1757819729
|-end|p1a: Iron Treads|Quark Drive|[silent]
|switch|p1a: Enamorus|Enamorus, F|100/100
|move|p2a: Crashout YN|Headlong Rush|p1a: Enamorus
|-immune|p1a: Enamorus
|
|-damage|p2a: Crashout YN|61/100 brn|[from] brn
|upkeep
|turn|6
|
|t:|1757819738
|switch|p1a: Weezing|Weezing-Galar, F|77/100
|-ability|p1a: Weezing|Neutralizing Gas
|move|p2a: Crashout YN|Facade|p1a: Weezing
|-damage|p1a: Weezing|22/100
|
|-heal|p1a: Weezing|28/100|[from] item: Leftovers
|-damage|p2a: Crashout YN|55/100 brn|[from] brn
|upkeep
|turn|7
|
|t:|1757819748
|move|p2a: Crashout YN|Facade|p1a: Weezing
|-crit|p1a: Weezing
|-damage|p1a: Weezing|0 fnt
|faint|p1a: Weezing
|-end|p1a: Weezing|ability: Neutralizing Gas
|
|-damage|p2a: Crashout YN|49/100 brn|[from] brn
|-fieldend|move: Trick Room
|upkeep
|
|t:|1757819754
|switch|p1a: Kyurem|Kyurem|100/100
|-ability|p1a: Kyurem|Pressure
|turn|8
|
|t:|1757819760
|switch|p2a: Mimi|Mimikyu, F, shiny|100/100
|move|p1a: Kyurem|Ice Beam|p2a: Mimi
|-activate|p2a: Mimi|ability: Disguise
|-damage|p2a: Mimi|100/100
|detailschange|p2a: Mimi|Mimikyu-Busted, F, shiny
|-damage|p2a: Mimi|88/100|[from] pokemon: Mimikyu-Busted
|-enditem|p2a: Mimi|Red Card|[of] p1a: Kyurem
|drag|p1a: Slowking|Slowking-Galar, F|100/100
|
|upkeep
|turn|9
|
|t:|1757819771
|move|p1a: Slowking|Psychic Noise|p2a: Mimi
|-damage|p2a: Mimi|51/100
|-start|p2a: Mimi|move: Heal Block
|move|p2a: Mimi|Trick Room|p2a: Mimi
|-fieldstart|move: Trick Room|[of] p2a: Mimi
|
|upkeep
|turn|10
|
|t:|1757819783
|move|p1a: Slowking|Sludge Bomb|p2a: Mimi
|-damage|p2a: Mimi|17/100
|move|p2a: Mimi|Curse|p1a: Slowking
|-start|p1a: Slowking|Curse|[of] p2a: Mimi
|-damage|p2a: Mimi|0 fnt
|faint|p2a: Mimi
|
|-damage|p1a: Slowking|76/100|[from] Curse
|-fieldend|move: Psychic Terrain
|upkeep
|
|t:|1757819791
|switch|p2a: Crashout YN|Ursaluna, F, shiny|49/100 brn
|turn|11
|
|t:|1757819806
|move|p1a: Slowking|Sludge Bomb|p2a: Crashout YN
|-resisted|p2a: Crashout YN
|-damage|p2a: Crashout YN|35/100 brn
|move|p2a: Crashout YN|Facade|p1a: Slowking
|-damage|p1a: Slowking|0 fnt
|faint|p1a: Slowking
|
|-damage|p2a: Crashout YN|29/100 brn|[from] brn
|upkeep
|
|t:|1757819814
|switch|p1a: Enamorus|Enamorus, F|100/100
|turn|12
|
|t:|1757819818
|switch|p1a: Iron Treads|Iron Treads|100/100
|move|p2a: Crashout YN|Facade|p1a: Iron Treads
|-resisted|p1a: Iron Treads
|-damage|p1a: Iron Treads|48/100
|
|-heal|p1a: Iron Treads|54/100|[from] item: Leftovers
|-damage|p2a: Crashout YN|23/100 brn|[from] brn
|upkeep
|turn|13
|
|t:|1757819827
|-end|p1a: Iron Treads|Quark Drive|[silent]
|switch|p1a: Enamorus|Enamorus, F|100/100
|move|p2a: Crashout YN|Facade|p1a: Enamorus
|-damage|p1a: Enamorus|0 fnt
|faint|p1a: Enamorus
|
|-damage|p2a: Crashout YN|17/100 brn|[from] brn
|-fieldend|move: Trick Room
|upkeep
|
|t:|1757819835
|switch|p1a: Iron Treads|Iron Treads|54/100
|turn|14
|
|t:|1757819845
|switch|p2a: LEBRON|Iron Hands, shiny|100/100
|move|p1a: Iron Treads|Earthquake|p2a: LEBRON
|-supereffective|p2a: LEBRON
|-damage|p2a: LEBRON|38/100
|
|-heal|p1a: Iron Treads|60/100|[from] item: Leftovers
|upkeep
|turn|15
|
|t:|1757819852
|move|p1a: Iron Treads|Earthquake|p2a: LEBRON
|-supereffective|p2a: LEBRON
|-damage|p2a: LEBRON|0 fnt
|faint|p2a: LEBRON
|-end|p2a: LEBRON|Quark Drive|[silent]
|
|-heal|p1a: Iron Treads|67/100|[from] item: Leftovers
|upkeep
|
|t:|1757819858
|switch|p2a: Subaru|Indeedee, M, shiny|88/100 brn
|-fieldstart|move: Psychic Terrain|[from] ability: Psychic Surge|[of] p2a: Subaru
|turn|16
|
|t:|1757819864
|-end|p1a: Iron Treads|Quark Drive|[silent]
|switch|p1a: Zarude|Zarude|100/100
|move|p2a: Subaru|Trick Room|p2a: Subaru
|-fieldstart|move: Trick Room|[of] p2a: Subaru
|
|-damage|p2a: Subaru|82/100 brn|[from] brn
|upkeep
|turn|17
|
|t:|1757819874
|move|p2a: Subaru|Healing Wish|p2a: Subaru
|faint|p2a: Subaru
|move|p1a: Zarude|Bulk Up|p1a: Zarude
|-boost|p1a: Zarude|atk|1
|-boost|p1a: Zarude|def|1
|
|upkeep
|
|t:|1757819883
|switch|p2a: Satella|Hatterene, F, shiny|100/100
|turn|18
|
|t:|1757819893
|switch|p1a: Iron Treads|Iron Treads|67/100
|-terastallize|p2a: Satella|Stellar
|move|p2a: Satella|Draining Kiss|p1a: Iron Treads
|-resisted|p1a: Iron Treads
|-damage|p1a: Iron Treads|25/100
|-damage|p2a: Satella|91/100|[from] item: Life Orb
|
|-heal|p1a: Iron Treads|31/100|[from] item: Leftovers
|upkeep
|turn|19
|
|t:|1757819902
|move|p2a: Satella|Mystical Fire|p1a: Iron Treads
|-supereffective|p1a: Iron Treads
|-damage|p1a: Iron Treads|0 fnt
|faint|p1a: Iron Treads
|-end|p1a: Iron Treads|Quark Drive|[silent]
|-damage|p2a: Satella|81/100|[from] item: Life Orb
|
|upkeep
|
|t:|1757819904
|switch|p1a: Kyurem|Kyurem|100/100
|-ability|p1a: Kyurem|Pressure
|turn|20
|
|t:|1757819912
|move|p2a: Satella|Draining Kiss|p1a: Kyurem
|-supereffective|p1a: Kyurem
|-damage|p1a: Kyurem|47/100
|-heal|p2a: Satella|100/100|[from] drain|[of] p1a: Kyurem
|-damage|p2a: Satella|91/100|[from] item: Life Orb
|move|p1a: Kyurem|Ice Beam|p2a: Satella
|-damage|p2a: Satella|41/100
|
|-fieldend|move: Trick Room
|upkeep
|turn|21
|
|t:|1757819923
|move|p1a: Kyurem|Ice Beam|p2a: Satella
|-damage|p2a: Satella|0 fnt
|faint|p2a: Satella
|
|upkeep
|
|t:|1757819927
|switch|p2a: King Von|Hoopa-Unbound|100/100
|-enditem|p2a: King Von|Psychic Seed
|-boost|p2a: King Von|spd|1|[from] item: Psychic Seed
|turn|22
|
|t:|1757819934
|move|p1a: Kyurem|Ice Beam|p2a: King Von
|-damage|p2a: King Von|77/100
|move|p2a: King Von|Trick Room|p2a: King Von
|-fieldstart|move: Trick Room|[of] p2a: King Von
|
|upkeep
|turn|23
|
|t:|1757819941
|move|p2a: King Von|Focus Blast|p1a: Kyurem|[miss]
|-miss|p2a: King Von|p1a: Kyurem
|move|p1a: Kyurem|Dragon Tail|p2a: King Von
|-damage|p2a: King Von|51/100
|drag|p2a: Crashout YN|Ursaluna, F, shiny|17/100 brn
|-heal|p2a: Crashout YN|100/100|[from] move: Healing Wish
|
|-fieldend|move: Psychic Terrain
|-status|p2a: Crashout YN|brn|[from] item: Flame Orb
|upkeep
|turn|24
|
|t:|1757819952
|-terastallize|p1a: Kyurem|Steel
|move|p2a: Crashout YN|Facade|p1a: Kyurem
|-resisted|p1a: Kyurem
|-crit|p1a: Kyurem
|-damage|p1a: Kyurem|0 fnt
|faint|p1a: Kyurem
|
|-damage|p2a: Crashout YN|94/100 brn|[from] brn
|upkeep
|
|t:|1757819955
|switch|p1a: Zarude|Zarude|100/100
|turn|25
|
|t:|1757819961
|move|p2a: Crashout YN|Facade|p1a: Zarude
|-damage|p1a: Zarude|0 fnt
|faint|p1a: Zarude
|
|win|jeet9999
|raw|unguslybungusly's rating: 1587 &rarr; <strong>1567</strong><br />(-20 for losing)
|raw|jeet9999's rating: 1584 &rarr; <strong>1604</strong><br />(+20 for winning)
|l|☆unguslybungusly
|player|p1|
|l|☆jeet9999
|player|p2|
