|badge|p1|silver|gen9ru|30-6
|uhtml|medal-msg|<div class="broadcast-blue">Curious what those medals under the avatar are? PS now has Ladder Seasons! For more information, check out the <a href="https://www.smogon.com/forums/threads/3740067/">thread on Smogon.</a></div>
|j|☆Nature's Conqueror
|j|‽DiceyRice
|t:|1757832996
|gametype|singles
|player|p1|Nature's Conqueror|dancer|1726
|player|p2|DiceyRice|hilda-wonderlauncher|1734
|gen|9
|tier|[Gen 9] OU
|rated|
|rule|HP Percentage Mod: HP is shown in percentages
|rule|Endless Battle Clause: Forcing endless battles is banned
|rule|Species Clause: Limit one of each Pokémon
|rule|OHKO Clause: OHKO moves are banned
|rule|Evasion Items Clause: Evasion items are banned
|rule|Evasion Moves Clause: Evasion moves are banned
|rule|Evasion Abilities Clause: Evasion abilities are banned
|rule|Sleep Moves Clause: Sleep-inducing moves are banned
|clearpoke
|poke|p1|Indeedee, M|
|poke|p1|Hatterene, F|
|poke|p1|Ursaluna, F|
|poke|p1|Iron Hands|
|poke|p1|Hoopa-Unbound|
|poke|p1|Mimikyu, M|
|poke|p2|Indeedee, M|
|poke|p2|Hatterene, F|
|poke|p2|Armarouge, M|
|poke|p2|Cinderace, F|
|poke|p2|Ursaluna, M|
|poke|p2|Porygon2|
|teampreview
|j| 1337 Giygas
|j| heatraniac
|
|t:|1757833089
|teamsize|p1|6
|teamsize|p2|6
|start
|switch|p1a: LEBRON 🏀|Iron Hands, shiny|100/100
|switch|p2a: Cinderace|Cinderace, F|100/100
|-enditem|p1a: LEBRON 🏀|Booster Energy
|-activate|p1a: LEBRON 🏀|ability: Quark Drive|[fromitem]
|-start|p1a: LEBRON 🏀|quarkdriveatk
|turn|1
|
|t:|1757833097
|move|p2a: Cinderace|U-turn|p1a: LEBRON 🏀
|-start|p2a: Cinderace|typechange|Bug|[from] ability: Libero
|-resisted|p1a: LEBRON 🏀
|-damage|p1a: LEBRON 🏀|89/100
|
|t:|1757833099
|switch|p2a: Hatterene|Hatterene, F|100/100|[from] U-turn
|move|p1a: LEBRON 🏀|Supercell Slam|p2a: Hatterene
|-damage|p2a: Hatterene|39/100
|-damage|p1a: LEBRON 🏀|72/100|[from] item: Rocky Helmet|[of] p2a: Hatterene
|
|upkeep
|turn|2
|
|t:|1757833107
|move|p1a: LEBRON 🏀|Heavy Slam|p2a: Hatterene
|-supereffective|p2a: Hatterene
|-damage|p2a: Hatterene|0 fnt
|-damage|p1a: LEBRON 🏀|55/100|[from] item: Rocky Helmet|[of] p2a: Hatterene
|faint|p2a: Hatterene
|
|upkeep
|
|t:|1757833115
|switch|p2a: Armarouge|Armarouge, M|100/100
|turn|3
|
|t:|1757833119
|move|p2a: Armarouge|Expanding Force|p1a: LEBRON 🏀
|-supereffective|p1a: LEBRON 🏀
|-damage|p1a: LEBRON 🏀|0 fnt
|faint|p1a: LEBRON 🏀
|-end|p1a: LEBRON 🏀|Quark Drive|[silent]
|
|upkeep
|
|t:|1757833128
|switch|p1a: Dark Magician☥|Hoopa-Unbound|100/100
|turn|4
|
|t:|1757833136
|move|p2a: Armarouge|Endure|p2a: Armarouge
|-singleturn|p2a: Armarouge|move: Endure
|move|p1a: Dark Magician☥|Hyperspace Fury|p2a: Armarouge
|-supereffective|p2a: Armarouge
|-activate|p2a: Armarouge|move: Endure
|-damage|p2a: Armarouge|1/100
|-unboost|p1a: Dark Magician☥|def|1
|-ability|p2a: Armarouge|Weak Armor|boost
|-unboost|p2a: Armarouge|def|1
|-boost|p2a: Armarouge|spe|2
|-enditem|p2a: Armarouge|Weakness Policy
|-boost|p2a: Armarouge|atk|2|[from] item: Weakness Policy
|-boost|p2a: Armarouge|spa|2|[from] item: Weakness Policy
|
|upkeep
|turn|5
|c| 1337 Giygas|hoopa is built more like Endymion instead of dark magician
|n|‽DiceyRice|diceyrice
|
|t:|1757833205
|switch|p1a: Childs Play 🎭|Mimikyu, M|100/100
|move|p2a: Armarouge|Armor Cannon|p1a: Childs Play 🎭
|-activate|p1a: Childs Play 🎭|ability: Disguise
|-damage|p1a: Childs Play 🎭|100/100
|-unboost|p2a: Armarouge|def|1
|-unboost|p2a: Armarouge|spd|1
|detailschange|p1a: Childs Play 🎭|Mimikyu-Busted, M
|-damage|p1a: Childs Play 🎭|88/100|[from] pokemon: Mimikyu-Busted
|-enditem|p1a: Childs Play 🎭|Red Card|[of] p2a: Armarouge
|drag|p2a: Indeedee|Indeedee, M|100/100
|-fieldstart|move: Psychic Terrain|[from] ability: Psychic Surge|[of] p2a: Indeedee
|
|upkeep
|turn|6
|
|t:|1757833218
|switch|p1a: Dark Magician☥|Hoopa-Unbound|100/100
|-enditem|p1a: Dark Magician☥|Psychic Seed
|-boost|p1a: Dark Magician☥|spd|1|[from] item: Psychic Seed
|move|p2a: Indeedee|Expanding Force|p1a: Dark Magician☥
|-immune|p1a: Dark Magician☥
|
|upkeep
|turn|7
|
|t:|1757833225
|switch|p2a: Armarouge|Armarouge, M|1/100
|move|p1a: Dark Magician☥|Trick Room|p1a: Dark Magician☥
|-fieldstart|move: Trick Room|[of] p1a: Dark Magician☥
|
|upkeep
|turn|8
|
|t:|1757833228
|move|p2a: Armarouge|Endure|p2a: Armarouge
|-singleturn|p2a: Armarouge|move: Endure
|move|p1a: Dark Magician☥|Expanding Force|p2a: Armarouge
|-resisted|p2a: Armarouge
|-activate|p2a: Armarouge|move: Endure
|-damage|p2a: Armarouge|1/100
|
|upkeep
|turn|9
|
|t:|1757833233
|move|p1a: Dark Magician☥|Expanding Force|p2a: Armarouge
|-resisted|p2a: Armarouge
|-damage|p2a: Armarouge|0 fnt
|faint|p2a: Armarouge
|
|upkeep
|
|t:|1757833234
|switch|p2a: Ursaluna|Ursaluna, M|100/100
|turn|10
|
|t:|1757833238
|move|p2a: Ursaluna|Headlong Rush|p1a: Dark Magician☥
|-damage|p1a: Dark Magician☥|11/100
|-unboost|p2a: Ursaluna|def|1
|-unboost|p2a: Ursaluna|spd|1
|move|p1a: Dark Magician☥|Expanding Force|p2a: Ursaluna
|-damage|p2a: Ursaluna|0 fnt
|faint|p2a: Ursaluna
|-item|p1a: Dark Magician☥|Flame Orb|[from] ability: Magician|[of] p2: Ursaluna
|
|-status|p1a: Dark Magician☥|brn|[from] item: Flame Orb
|upkeep
|
|t:|1757833245
|switch|p2a: Porygon2|Porygon2|100/100
|-ability|p2a: Porygon2|Download|boost
|-boost|p2a: Porygon2|atk|1
|turn|11
|
|t:|1757833250
|move|p2a: Porygon2|Tera Blast|p1a: Dark Magician☥
|-damage|p1a: Dark Magician☥|0 fnt
|faint|p1a: Dark Magician☥
|
|-fieldend|move: Trick Room
|upkeep
|
|t:|1757833260
|switch|p1a: Blood & Honey 🍯|Ursaluna, F, shiny|100/100
|turn|12
|
|t:|1757833263
|move|p1a: Blood & Honey 🍯|Facade|p2a: Porygon2
|-damage|p2a: Porygon2|72/100
|move|p2a: Porygon2|Ice Beam|p1a: Blood & Honey 🍯
|-supereffective|p1a: Blood & Honey 🍯
|-damage|p1a: Blood & Honey 🍯|45/100
|-status|p1a: Blood & Honey 🍯|frz
|
|-fieldend|move: Psychic Terrain
|upkeep
|turn|13
|
|t:|1757833270
|switch|p1a: Alfred 🦇|Indeedee, M|100/100
|-fieldstart|move: Psychic Terrain|[from] ability: Psychic Surge|[of] p1a: Alfred 🦇
|move|p2a: Porygon2|Trick Room|p2a: Porygon2
|-fieldstart|move: Trick Room|[of] p2a: Porygon2
|
|upkeep
|turn|14
|
|t:|1757833280
|switch|p2a: Indeedee|Indeedee, M|100/100
|move|p1a: Alfred 🦇|Healing Wish|p1a: Alfred 🦇
|faint|p1a: Alfred 🦇
|
|upkeep
|
|t:|1757833287
|switch|p1a: Blood & Honey 🍯|Ursaluna, F, shiny|45/100 frz
|-heal|p1a: Blood & Honey 🍯|100/100|[from] move: Healing Wish
|turn|15
|
|t:|1757833291
|-terastallize|p1a: Blood & Honey 🍯|Normal
|move|p1a: Blood & Honey 🍯|Facade|p2a: Indeedee
|-damage|p2a: Indeedee|0 fnt
|faint|p2a: Indeedee
|
|-status|p1a: Blood & Honey 🍯|brn|[from] item: Flame Orb
|upkeep
|
|t:|1757833293
|switch|p2a: Porygon2|Porygon2|72/100
|-ability|p2a: Porygon2|Download|boost
|-boost|p2a: Porygon2|spa|1
|turn|16
|
|t:|1757833298
|move|p2a: Porygon2|Tera Blast|p1a: Blood & Honey 🍯
|-damage|p1a: Blood & Honey 🍯|49/100 brn
|move|p1a: Blood & Honey 🍯|Facade|p2a: Porygon2
|-damage|p2a: Porygon2|0 fnt
|faint|p2a: Porygon2
|
|-damage|p1a: Blood & Honey 🍯|43/100 brn|[from] brn
|upkeep
|
|t:|1757833301
|switch|p2a: Cinderace|Cinderace, F|100/100
|turn|17
|
|t:|1757833303
|-terastallize|p2a: Cinderace|Fire
|move|p1a: Blood & Honey 🍯|Facade|p2a: Cinderace
|-damage|p2a: Cinderace|0 fnt
|faint|p2a: Cinderace
|
|win|Nature's Conqueror
|raw|Nature&apos;s Conqueror's rating: 1726 &rarr; <strong>1748</strong><br />(+22 for winning)
|raw|DiceyRice's rating: 1754 &rarr; <strong>1732</strong><br />(-22 for losing)
|l| 1337 Giygas
|l| heatraniac
|j| heatraniac
