|j|☆ABraviousTinkaton
|j|☆lzc123456
|t:|1757940371
|gametype|singles
|player|p1|ABraviousTinkaton|miku-ice|1570
|player|p2|lzc123456|cynthia-gen4|1609
|gen|9
|tier|[Gen 9] OU
|rated|
|rule|HP Percentage Mod: HP is shown in percentages
|rule|Endless Battle Clause: Forcing endless battles is banned
|rule|Species Clause: Limit one of each Pokémon
|rule|OHKO Clause: OHKO moves are banned
|rule|Evasion Items Clause: Evasion items are banned
|rule|Evasion Moves Clause: Evasion moves are banned
|rule|Evasion Abilities Clause: Evasion abilities are banned
|rule|Sleep Moves Clause: Sleep-inducing moves are banned
|clearpoke
|poke|p1|Moltres|
|poke|p1|Zamazenta-*|
|poke|p1|Darkrai|
|poke|p1|Hydrapple, M|
|poke|p1|Ting-Lu|
|poke|p1|Tinkaton, F|
|poke|p2|Iron Treads|
|poke|p2|Alomomola, F|
|poke|p2|Tornadus-Therian, M|
|poke|p2|Garganacl, F|
|poke|p2|Weezing-Galar, M|
|poke|p2|Lokix, F|
|teampreview
|inactive|Battle timer is ON: inactive players will automatically lose when time's up. (requested by lzc123456)
|inactive|lzc123456 has 120 seconds left.
|
|t:|1757940409
|teamsize|p1|6
|teamsize|p2|6
|start
|switch|p1a: Tinkaton|Tinkaton, F|100/100
|switch|p2a: Alomomola|Alomomola, F|100/100
|-ability|p1a: Tinkaton|Mold Breaker
|-item|p1a: Tinkaton|Air Balloon
|turn|1
|inactive|ABraviousTinkaton has 120 seconds left.
|
|t:|1757940468
|move|p1a: Tinkaton|Stealth Rock|p2a: Alomomola
|-sidestart|p2: lzc123456|move: Stealth Rock
|move|p2a: Alomomola|Flip Turn|p1a: Tinkaton
|-damage|p1a: Tinkaton|82/100
|-enditem|p1a: Tinkaton|Air Balloon
|
|t:|1757940475
|switch|p2a: Iron Treads|Iron Treads|100/100|[from] Flip Turn
|-damage|p2a: Iron Treads|98/100|[from] Stealth Rock
|
|upkeep
|turn|2
|
|t:|1757940484
|switch|p1a: Moltres|Moltres|100/100
|move|p2a: Iron Treads|Rapid Spin|p1a: Moltres
|-damage|p1a: Moltres|91/100
|-boost|p2a: Iron Treads|spe|1
|-status|p2a: Iron Treads|brn|[from] ability: Flame Body|[of] p1a: Moltres
|-sideend|p2: lzc123456|Stealth Rock|[from] move: Rapid Spin|[of] p2a: Iron Treads
|
|-damage|p2a: Iron Treads|92/100 brn|[from] brn
|upkeep
|turn|3
|
|t:|1757940491
|move|p2a: Iron Treads|Volt Switch|p1a: Moltres
|-supereffective|p1a: Moltres
|-damage|p1a: Moltres|67/100
|
|t:|1757940494
|-end|p2a: Iron Treads|Quark Drive|[silent]
|switch|p2a: Alomomola|Alomomola, F|100/100|[from] Volt Switch
|move|p1a: Moltres|U-turn|p2a: Alomomola
|-damage|p2a: Alomomola|92/100
|-damage|p1a: Moltres|50/100|[from] item: Rocky Helmet|[of] p2a: Alomomola
|inactive|ABraviousTinkaton has 120 seconds left.
|
|t:|1757940506
|switch|p1a: Tinkaton|Tinkaton, F|82/100|[from] U-turn
|-ability|p1a: Tinkaton|Mold Breaker
|
|upkeep
|turn|4
|
|t:|1757940511
|switch|p2a: Iron Treads|Iron Treads|92/100 brn
|move|p1a: Tinkaton|Stealth Rock|p2a: Iron Treads
|-sidestart|p2: lzc123456|move: Stealth Rock
|
|-damage|p2a: Iron Treads|86/100 brn|[from] brn
|upkeep
|turn|5
|inactive|ABraviousTinkaton has 120 seconds left.
|
|t:|1757940531
|move|p2a: Iron Treads|Rapid Spin|p1a: Tinkaton
|-resisted|p1a: Tinkaton
|-damage|p1a: Tinkaton|79/100
|-boost|p2a: Iron Treads|spe|1
|-sideend|p2: lzc123456|Stealth Rock|[from] move: Rapid Spin|[of] p2a: Iron Treads
|move|p1a: Tinkaton|Encore|p2a: Iron Treads
|-start|p2a: Iron Treads|Encore
|
|-damage|p2a: Iron Treads|80/100 brn|[from] brn
|upkeep
|turn|6
|
|t:|1757940538
|-end|p2a: Iron Treads|Quark Drive|[silent]
|switch|p2a: Tornadus|Tornadus-Therian, M, shiny|100/100
|move|p1a: Tinkaton|Stealth Rock|p2a: Tornadus
|-sidestart|p2: lzc123456|move: Stealth Rock
|
|upkeep
|turn|7
|
|t:|1757940547
|switch|p2a: Iron Treads|Iron Treads|80/100 brn
|-damage|p2a: Iron Treads|77/100 brn|[from] Stealth Rock
|move|p1a: Tinkaton|Thunder Wave|p2a: Iron Treads
|-immune|p2a: Iron Treads
|
|-damage|p2a: Iron Treads|71/100 brn|[from] brn
|upkeep
|turn|8
|
|t:|1757940550
|move|p2a: Iron Treads|Rapid Spin|p1a: Tinkaton
|-resisted|p1a: Tinkaton
|-damage|p1a: Tinkaton|75/100
|-boost|p2a: Iron Treads|spe|1
|-sideend|p2: lzc123456|Stealth Rock|[from] move: Rapid Spin|[of] p2a: Iron Treads
|move|p1a: Tinkaton|Encore|p2a: Iron Treads
|-start|p2a: Iron Treads|Encore
|
|-damage|p2a: Iron Treads|65/100 brn|[from] brn
|upkeep
|turn|9
|
|t:|1757940555
|move|p2a: Iron Treads|Rapid Spin|p1a: Tinkaton
|-resisted|p1a: Tinkaton
|-damage|p1a: Tinkaton|71/100
|-boost|p2a: Iron Treads|spe|1
|move|p1a: Tinkaton|Thunder Wave|p2a: Iron Treads
|-immune|p2a: Iron Treads
|
|-damage|p2a: Iron Treads|59/100 brn|[from] brn
|upkeep
|turn|10
|
|t:|1757940557
|move|p2a: Iron Treads|Rapid Spin|p1a: Tinkaton
|-resisted|p1a: Tinkaton
|-damage|p1a: Tinkaton|68/100
|-boost|p2a: Iron Treads|spe|1
|move|p1a: Tinkaton|Stealth Rock|p2a: Iron Treads
|-sidestart|p2: lzc123456|move: Stealth Rock
|
|-damage|p2a: Iron Treads|53/100 brn|[from] brn
|upkeep
|turn|11
|
|t:|1757940562
|move|p2a: Iron Treads|Rapid Spin|p1a: Tinkaton
|-resisted|p1a: Tinkaton
|-damage|p1a: Tinkaton|64/100
|-boost|p2a: Iron Treads|spe|1
|-sideend|p2: lzc123456|Stealth Rock|[from] move: Rapid Spin|[of] p2a: Iron Treads
|move|p1a: Tinkaton|Gigaton Hammer|p2a: Iron Treads
|-resisted|p2a: Iron Treads
|-crit|p2a: Iron Treads
|-damage|p2a: Iron Treads|25/100 brn
|
|-damage|p2a: Iron Treads|19/100 brn|[from] brn
|-end|p2a: Iron Treads|Encore
|upkeep
|turn|12
|
|t:|1757940566
|move|p2a: Iron Treads|Volt Switch|p1a: Tinkaton
|-damage|p1a: Tinkaton|54/100
|
|t:|1757940570
|-end|p2a: Iron Treads|Quark Drive|[silent]
|switch|p2a: Garganacl|Garganacl, F, shiny|100/100|[from] Volt Switch
|move|p1a: Tinkaton|Stealth Rock|p2a: Garganacl
|-sidestart|p2: lzc123456|move: Stealth Rock
|
|upkeep
|turn|13
|
|t:|1757940574
|switch|p1a: Ting-Lu|Ting-Lu|100/100
|-ability|p1a: Ting-Lu|Vessel of Ruin
|move|p2a: Garganacl|Stealth Rock|p1a: Ting-Lu
|-sidestart|p1: ABraviousTinkaton|move: Stealth Rock
|
|upkeep
|turn|14
|
|t:|1757940579
|switch|p2a: Tornadus|Tornadus-Therian, M, shiny|100/100
|-damage|p2a: Tornadus|76/100|[from] Stealth Rock
|move|p1a: Ting-Lu|Spikes|p2a: Tornadus
|-sidestart|p2: lzc123456|Spikes
|
|upkeep
|turn|15
|
|t:|1757940584
|switch|p1a: Tinkaton|Tinkaton, F|54/100
|-damage|p1a: Tinkaton|47/100|[from] Stealth Rock
|-ability|p1a: Tinkaton|Mold Breaker
|move|p2a: Tornadus|Grass Knot|p1a: Tinkaton
|-resisted|p1a: Tinkaton
|-damage|p1a: Tinkaton|31/100
|-damage|p2a: Tornadus|66/100|[from] item: Life Orb
|
|upkeep
|turn|16
|
|t:|1757940591
|move|p2a: Tornadus|Heat Wave|p1a: Tinkaton
|-supereffective|p1a: Tinkaton
|-damage|p1a: Tinkaton|0 fnt
|faint|p1a: Tinkaton
|-damage|p2a: Tornadus|56/100|[from] item: Life Orb
|
|upkeep
|
|t:|1757940593
|switch|p1a: Darkrai|Darkrai, shiny|100/100
|turn|17
|
|t:|1757940599
|switch|p2a: Iron Treads|Iron Treads|19/100 brn
|-damage|p2a: Iron Treads|16/100 brn|[from] Stealth Rock
|-damage|p2a: Iron Treads|3/100 brn|[from] Spikes
|move|p1a: Darkrai|Dark Pulse|p2a: Iron Treads
|-damage|p2a: Iron Treads|0 fnt
|faint|p2a: Iron Treads
|-end|p2a: Iron Treads|Quark Drive|[silent]
|
|upkeep
|
|t:|1757940601
|switch|p2a: Weezing|Weezing-Galar, M|100/100
|-ability|p2a: Weezing|Neutralizing Gas
|-damage|p2a: Weezing|88/100|[from] Stealth Rock
|-damage|p2a: Weezing|76/100|[from] Spikes
|turn|18
|
|t:|1757940605
|move|p1a: Darkrai|Sludge Bomb|p2a: Weezing
|-damage|p2a: Weezing|34/100
|move|p2a: Weezing|Defog|p1a: Darkrai
|-unboost|p1a: Darkrai|evasion|1
|-sideend|p1: ABraviousTinkaton|Stealth Rock|[from] move: Defog|[of] p2a: Weezing
|-sideend|p2: lzc123456|Spikes|[from] move: Defog|[of] p2a: Weezing
|-sideend|p2: lzc123456|Stealth Rock|[from] move: Defog|[of] p2a: Weezing
|
|-heal|p2a: Weezing|40/100|[from] item: Leftovers
|upkeep
|turn|19
|
|t:|1757940610
|move|p2a: Weezing|Protect|p2a: Weezing
|-singleturn|p2a: Weezing|Protect
|move|p1a: Darkrai|Sludge Bomb|p2a: Weezing
|-activate|p2a: Weezing|move: Protect
|
|-heal|p2a: Weezing|46/100|[from] item: Leftovers
|upkeep
|turn|20
|
|t:|1757940623
|-end|p2a: Weezing|ability: Neutralizing Gas
|switch|p2a: Alomomola|Alomomola, F|100/100
|-terastallize|p1a: Darkrai|Poison
|move|p1a: Darkrai|Sludge Bomb|p2a: Alomomola
|-damage|p2a: Alomomola|55/100
|
|upkeep
|turn|21
|
|t:|1757940627
|move|p1a: Darkrai|Dark Pulse|p2a: Alomomola
|-damage|p2a: Alomomola|15/100
|move|p2a: Alomomola|Wish|p2a: Alomomola
|
|upkeep
|turn|22
|
|t:|1757940630
|move|p2a: Alomomola|Protect|p2a: Alomomola
|-singleturn|p2a: Alomomola|Protect
|move|p1a: Darkrai|Sludge Bomb|p2a: Alomomola
|-activate|p2a: Alomomola|move: Protect
|
|-heal|p2a: Alomomola|65/100|[from] move: Wish|[wisher] Alomomola
|upkeep
|turn|23
|
|t:|1757940634
|move|p1a: Darkrai|Sludge Bomb|p2a: Alomomola
|-damage|p2a: Alomomola|19/100
|move|p2a: Alomomola|Wish|p2a: Alomomola
|
|upkeep
|turn|24
|
|t:|1757940637
|move|p2a: Alomomola|Protect|p2a: Alomomola
|-singleturn|p2a: Alomomola|Protect
|move|p1a: Darkrai|Sludge Bomb|p2a: Alomomola
|-activate|p2a: Alomomola|move: Protect
|
|-heal|p2a: Alomomola|69/100|[from] move: Wish|[wisher] Alomomola
|upkeep
|turn|25
|
|t:|1757940643
|switch|p2a: Garganacl|Garganacl, F, shiny|100/100
|move|p1a: Darkrai|Sludge Bomb|p2a: Garganacl
|-resisted|p2a: Garganacl
|-damage|p2a: Garganacl|84/100
|
|-heal|p2a: Garganacl|90/100|[from] item: Leftovers
|upkeep
|turn|26
|
|t:|1757940656
|move|p1a: Darkrai|Knock Off|p2a: Garganacl
|-damage|p2a: Garganacl|71/100
|-enditem|p2a: Garganacl|Leftovers|[from] move: Knock Off|[of] p1a: Darkrai
|move|p2a: Garganacl|Salt Cure|p1a: Darkrai
|-crit|p1a: Darkrai
|-damage|p1a: Darkrai|71/100
|-start|p1a: Darkrai|Salt Cure
|
|-damage|p1a: Darkrai|58/100|[from] Salt Cure
|upkeep
|turn|27
|
|t:|1757940661
|switch|p1a: Ting-Lu|Ting-Lu|100/100
|-ability|p1a: Ting-Lu|Vessel of Ruin
|move|p2a: Garganacl|Stealth Rock|p1a: Ting-Lu
|-sidestart|p1: ABraviousTinkaton|move: Stealth Rock
|
|upkeep
|turn|28
|
|t:|1757940666
|switch|p2a: Alomomola|Alomomola, F|100/100
|move|p1a: Ting-Lu|Spikes|p2a: Alomomola
|-sidestart|p2: lzc123456|Spikes
|
|upkeep
|turn|29
|
|t:|1757940669
|move|p2a: Alomomola|Wish|p2a: Alomomola
|move|p1a: Ting-Lu|Spikes|p2a: Alomomola
|-sidestart|p2: lzc123456|Spikes
|
|upkeep
|turn|30
|
|t:|1757940671
|move|p2a: Alomomola|Flip Turn|p1a: Ting-Lu
|-supereffective|p1a: Ting-Lu
|-damage|p1a: Ting-Lu|84/100
|
|t:|1757940682
|switch|p2a: Tornadus|Tornadus-Therian, M, shiny|89/100|[from] Flip Turn
|move|p1a: Ting-Lu|Spikes|p2a: Tornadus
|-sidestart|p2: lzc123456|Spikes
|
|-heal|p2a: Tornadus|100/100|[from] move: Wish|[wisher] Alomomola
|-heal|p1a: Ting-Lu|90/100|[from] item: Leftovers
|upkeep
|turn|31
|
|t:|1757940696
|switch|p1a: Moltres|Moltres|50/100
|move|p2a: Tornadus|Nasty Plot|p2a: Tornadus
|-boost|p2a: Tornadus|spa|2
|
|upkeep
|turn|32
|
|t:|1757940700
|move|p2a: Tornadus|Bleakwind Storm|p1a: Moltres
|-damage|p1a: Moltres|0 fnt
|faint|p1a: Moltres
|-damage|p2a: Tornadus|91/100|[from] item: Life Orb
|
|upkeep
|
|t:|1757940702
|switch|p1a: Darkrai|Darkrai, shiny, tera:Poison|58/100
|turn|33
|
|t:|1757940707
|move|p1a: Darkrai|Dark Pulse|p2a: Tornadus
|-damage|p2a: Tornadus|34/100
|cant|p2a: Tornadus|flinch
|
|upkeep
|turn|34
|
|t:|1757940714
|switch|p2a: Garganacl|Garganacl, F, shiny|71/100
|-damage|p2a: Garganacl|46/100|[from] Spikes
|move|p1a: Darkrai|Sludge Bomb|p2a: Garganacl
|-resisted|p2a: Garganacl
|-damage|p2a: Garganacl|29/100
|
|upkeep
|turn|35
|
|t:|1757940719
|move|p1a: Darkrai|Dark Pulse|p2a: Garganacl
|-damage|p2a: Garganacl|3/100
|move|p2a: Garganacl|Recover|p2a: Garganacl
|-heal|p2a: Garganacl|53/100
|
|upkeep
|turn|36
|
|t:|1757940723
|switch|p1a: Zamazenta|Zamazenta|100/100
|-ability|p1a: Zamazenta|Dauntless Shield|boost
|-boost|p1a: Zamazenta|def|1
|move|p2a: Garganacl|Recover|p2a: Garganacl
|-heal|p2a: Garganacl|100/100
|
|upkeep
|turn|37
|
|t:|1757940730
|switch|p2a: Alomomola|Alomomola, F|100/100
|-damage|p2a: Alomomola|75/100|[from] Spikes
|move|p1a: Zamazenta|Close Combat|p2a: Alomomola
|-damage|p2a: Alomomola|41/100
|-unboost|p1a: Zamazenta|def|1
|-unboost|p1a: Zamazenta|spd|1
|-damage|p1a: Zamazenta|84/100|[from] item: Rocky Helmet|[of] p2a: Alomomola
|
|upkeep
|turn|38
|
|t:|1757940734
|switch|p1a: Ting-Lu|Ting-Lu|90/100
|-damage|p1a: Ting-Lu|84/100|[from] Stealth Rock
|-ability|p1a: Ting-Lu|Vessel of Ruin
|move|p2a: Alomomola|Wish|p2a: Alomomola
|
|-heal|p1a: Ting-Lu|90/100|[from] item: Leftovers
|upkeep
|turn|39
|
|t:|1757940736
|move|p2a: Alomomola|Flip Turn|p1a: Ting-Lu
|-supereffective|p1a: Ting-Lu
|-damage|p1a: Ting-Lu|71/100
|
|t:|1757940739
|switch|p2a: Weezing|Weezing-Galar, M|46/100|[from] Flip Turn
|-ability|p2a: Weezing|Neutralizing Gas
|-damage|p2a: Weezing|21/100|[from] Spikes
|move|p1a: Ting-Lu|Whirlwind|p2a: Weezing
|-end|p2a: Weezing|ability: Neutralizing Gas
|-ability|p1a: Ting-Lu|Vessel of Ruin
|drag|p2a: Lokix|Lokix, F|100/100
|-damage|p2a: Lokix|76/100|[from] Spikes
|
|-heal|p2a: Lokix|100/100|[from] move: Wish|[wisher] Alomomola
|-heal|p1a: Ting-Lu|77/100|[from] item: Leftovers
|upkeep
|turn|40
|
|t:|1757940763
|move|p2a: Lokix|U-turn|p1a: Ting-Lu
|-supereffective|p1a: Ting-Lu
|-damage|p1a: Ting-Lu|25/100
|
|t:|1757940766
|switch|p2a: Tornadus|Tornadus-Therian, M, shiny|67/100|[from] U-turn
|move|p1a: Ting-Lu|Ruination|p2a: Tornadus
|-damage|p2a: Tornadus|34/100
|
|-heal|p1a: Ting-Lu|31/100|[from] item: Leftovers
|upkeep
|turn|41
|
|t:|1757940777
|move|p2a: Tornadus|Bleakwind Storm|p1a: Ting-Lu
|-damage|p1a: Ting-Lu|8/100
|-damage|p2a: Tornadus|24/100|[from] item: Life Orb
|move|p1a: Ting-Lu|Ruination|p2a: Tornadus
|-damage|p2a: Tornadus|13/100
|
|-heal|p1a: Ting-Lu|14/100|[from] item: Leftovers
|upkeep
|turn|42
|
|t:|1757940785
|move|p2a: Tornadus|Grass Knot|p1a: Ting-Lu
|-supereffective|p1a: Ting-Lu
|-damage|p1a: Ting-Lu|0 fnt
|faint|p1a: Ting-Lu
|-damage|p2a: Tornadus|3/100|[from] item: Life Orb
|
|upkeep
|
|t:|1757940787
|switch|p1a: Darkrai|Darkrai, shiny, tera:Poison|58/100
|turn|43
|
|t:|1757940791
|switch|p2a: Garganacl|Garganacl, F, shiny|100/100
|-damage|p2a: Garganacl|75/100|[from] Spikes
|move|p1a: Darkrai|Dark Pulse|p2a: Garganacl
|-damage|p2a: Garganacl|47/100
|
|upkeep
|turn|44
|
|t:|1757940794
|move|p1a: Darkrai|Dark Pulse|p2a: Garganacl
|-damage|p2a: Garganacl|16/100
|move|p2a: Garganacl|Recover|p2a: Garganacl
|-heal|p2a: Garganacl|66/100
|
|upkeep
|turn|45
|
|t:|1757940797
|switch|p1a: Hydrapple|Hydrapple, M|100/100
|move|p2a: Garganacl|Recover|p2a: Garganacl
|-heal|p2a: Garganacl|100/100
|
|upkeep
|turn|46
|
|t:|1757940800
|move|p1a: Hydrapple|Nasty Plot|p1a: Hydrapple
|-boost|p1a: Hydrapple|spa|2
|move|p2a: Garganacl|Ice Punch|p1a: Hydrapple
|-supereffective|p1a: Hydrapple
|-crit|p1a: Hydrapple
|-damage|p1a: Hydrapple|34/100
|
|upkeep
|turn|47
|
|t:|1757940808
|move|p1a: Hydrapple|Giga Drain|p2a: Garganacl
|-supereffective|p2a: Garganacl
|-damage|p2a: Garganacl|17/100
|-heal|p1a: Hydrapple|75/100|[from] drain|[of] p2a: Garganacl
|move|p2a: Garganacl|Ice Punch|p1a: Hydrapple
|-supereffective|p1a: Hydrapple
|-damage|p1a: Hydrapple|31/100
|
|upkeep
|turn|48
|
|t:|1757940817
|switch|p2a: Lokix|Lokix, F|100/100
|-damage|p2a: Lokix|76/100|[from] Spikes
|move|p1a: Hydrapple|Giga Drain|p2a: Lokix
|-resisted|p2a: Lokix
|-damage|p2a: Lokix|14/100
|-heal|p1a: Hydrapple|52/100|[from] drain|[of] p2a: Lokix
|
|upkeep
|turn|49
|
|t:|1757940824
|move|p2a: Lokix|U-turn|p1a: Hydrapple
|-supereffective|p1a: Hydrapple
|-damage|p1a: Hydrapple|0 fnt
|faint|p1a: Hydrapple
|
|t:|1757940830
|switch|p2a: Alomomola|Alomomola, F|74/100|[from] U-turn
|-damage|p2a: Alomomola|49/100|[from] Spikes
|
|upkeep
|
|t:|1757940832
|switch|p1a: Darkrai|Darkrai, shiny, tera:Poison|58/100
|turn|50
|
|t:|1757940835
|move|p1a: Darkrai|Dark Pulse|p2a: Alomomola
|-damage|p2a: Alomomola|14/100
|move|p2a: Alomomola|Wish|p2a: Alomomola
|
|upkeep
|turn|51
|
|t:|1757940840
|move|p2a: Alomomola|Protect|p2a: Alomomola
|-singleturn|p2a: Alomomola|Protect
|move|p1a: Darkrai|Dark Pulse|p2a: Alomomola
|-activate|p2a: Alomomola|move: Protect
|
|-heal|p2a: Alomomola|64/100|[from] move: Wish|[wisher] Alomomola
|upkeep
|turn|52
|
|t:|1757940842
|move|p1a: Darkrai|Dark Pulse|p2a: Alomomola
|-damage|p2a: Alomomola|25/100
|move|p2a: Alomomola|Wish|p2a: Alomomola
|
|upkeep
|turn|53
|
|t:|1757940845
|move|p2a: Alomomola|Protect|p2a: Alomomola
|-singleturn|p2a: Alomomola|Protect
|move|p1a: Darkrai|Dark Pulse|p2a: Alomomola
|-activate|p2a: Alomomola|move: Protect
|
|-heal|p2a: Alomomola|75/100|[from] move: Wish|[wisher] Alomomola
|upkeep
|turn|54
|
|t:|1757940861
|move|p1a: Darkrai|Dark Pulse|p2a: Alomomola
|-damage|p2a: Alomomola|34/100
|move|p2a: Alomomola|Wish|p2a: Alomomola
|
|upkeep
|turn|55
|
|t:|1757940865
|move|p2a: Alomomola|Protect|p2a: Alomomola
|-singleturn|p2a: Alomomola|Protect
|move|p1a: Darkrai|Dark Pulse|p2a: Alomomola
|-activate|p2a: Alomomola|move: Protect
|
|-heal|p2a: Alomomola|84/100|[from] move: Wish|[wisher] Alomomola
|upkeep
|turn|56
|
|t:|1757940871
|move|p1a: Darkrai|Dark Pulse|p2a: Alomomola
|-damage|p2a: Alomomola|45/100
|move|p2a: Alomomola|Wish|p2a: Alomomola
|
|upkeep
|turn|57
|
|t:|1757940874
|move|p1a: Darkrai|Sludge Bomb|p2a: Alomomola
|-damage|p2a: Alomomola|1/100
|move|p2a: Alomomola|Flip Turn|p1a: Darkrai
|-damage|p1a: Darkrai|38/100
|
|t:|1757940887
|switch|p2a: Tornadus|Tornadus-Therian, M, shiny|36/100|[from] Flip Turn
|
|-heal|p2a: Tornadus|100/100|[from] move: Wish|[wisher] Alomomola
|upkeep
|turn|58
|
|t:|1757940891
|move|p1a: Darkrai|Dark Pulse|p2a: Tornadus
|-damage|p2a: Tornadus|43/100
|move|p2a: Tornadus|Heat Wave|p1a: Darkrai
|-damage|p1a: Darkrai|0 fnt
|faint|p1a: Darkrai
|-damage|p2a: Tornadus|34/100|[from] item: Life Orb
|
|upkeep
|
|t:|1757940893
|switch|p1a: Zamazenta|Zamazenta|84/100
|turn|59
|
|t:|1757940899
|switch|p2a: Weezing|Weezing-Galar, M|21/100
|-ability|p2a: Weezing|Neutralizing Gas
|-damage|p2a: Weezing|0 fnt|[from] Spikes
|faint|p2a: Weezing
|-end|p2a: Weezing|ability: Neutralizing Gas
|move|p1a: Zamazenta|Crunch|p2: Weezing|[notarget]
|-fail|p1a: Zamazenta
|
|upkeep
|
|t:|1757940901
|switch|p2a: Alomomola|Alomomola, F|34/100
|-damage|p2a: Alomomola|9/100|[from] Spikes
|turn|60
|
|t:|1757940906
|switch|p2a: Garganacl|Garganacl, F, shiny|17/100
|-damage|p2a: Garganacl|0 fnt|[from] Spikes
|faint|p2a: Garganacl
|move|p1a: Zamazenta|Crunch|p2: Garganacl|[notarget]
|-fail|p1a: Zamazenta
|
|upkeep
|
|t:|1757940911
|switch|p2a: Tornadus|Tornadus-Therian, M, shiny|67/100
|turn|61
|
|t:|1757940914
|move|p1a: Zamazenta|Close Combat|p2a: Tornadus
|-resisted|p2a: Tornadus
|-damage|p2a: Tornadus|25/100
|-unboost|p1a: Zamazenta|def|1
|-unboost|p1a: Zamazenta|spd|1
|move|p2a: Tornadus|Bleakwind Storm|p1a: Zamazenta|[miss]
|-miss|p2a: Tornadus|p1a: Zamazenta
|
|upkeep
|turn|62
|
|t:|1757940920
|switch|p2a: Lokix|Lokix, F|14/100
|-damage|p2a: Lokix|0 fnt|[from] Spikes
|faint|p2a: Lokix
|move|p1a: Zamazenta|Crunch|p2: Lokix|[notarget]
|-fail|p1a: Zamazenta
|
|upkeep
|
|t:|1757940928
|switch|p2a: Tornadus|Tornadus-Therian, M, shiny|58/100
|turn|63
|
|t:|1757940930
|switch|p2a: Alomomola|Alomomola, F|42/100
|-damage|p2a: Alomomola|17/100|[from] Spikes
|move|p1a: Zamazenta|Stone Edge|p2a: Alomomola|[miss]
|-miss|p1a: Zamazenta|p2a: Alomomola
|
|upkeep
|turn|64
|
|t:|1757940939
|move|p1a: Zamazenta|Close Combat|p2a: Alomomola
|-damage|p2a: Alomomola|0 fnt
|-unboost|p1a: Zamazenta|def|1
|-unboost|p1a: Zamazenta|spd|1
|-damage|p1a: Zamazenta|67/100|[from] item: Rocky Helmet|[of] p2a: Alomomola
|faint|p2a: Alomomola
|
|upkeep
|
|t:|1757940942
|switch|p2a: Tornadus|Tornadus-Therian, M, shiny|91/100
|turn|65
|
|t:|1757940944
|move|p1a: Zamazenta|Stone Edge|p2a: Tornadus|[miss]
|-miss|p1a: Zamazenta|p2a: Tornadus
|move|p2a: Tornadus|Bleakwind Storm|p1a: Zamazenta|[miss]
|-miss|p2a: Tornadus|p1a: Zamazenta
|
|upkeep
|turn|66
|
|t:|1757940947
|move|p1a: Zamazenta|Close Combat|p2a: Tornadus
|-resisted|p2a: Tornadus
|-damage|p2a: Tornadus|53/100
|-unboost|p1a: Zamazenta|def|1
|-unboost|p1a: Zamazenta|spd|1
|move|p2a: Tornadus|Bleakwind Storm|p1a: Zamazenta
|-supereffective|p1a: Zamazenta
|-damage|p1a: Zamazenta|0 fnt
|faint|p1a: Zamazenta
|-damage|p2a: Tornadus|44/100|[from] item: Life Orb
|
|win|lzc123456
|raw|ABraviousTinkaton's rating: 1570 &rarr; <strong>1552</strong><br />(-18 for losing)
|raw|lzc123456's rating: 1609 &rarr; <strong>1627</strong><br />(+18 for winning)
|l|☆ABraviousTinkaton
|player|p1|
