|j|☆Armed_L
|j|☆tejasvi_v.22
|t:|1757952335
|gametype|singles
|player|p1|Armed_L|red|1251
|player|p2|tejasvi_v.22|102|1233
|gen|9
|tier|[Gen 9] OU
|rated|
|rule|HP Percentage Mod: HP is shown in percentages
|rule|Endless Battle Clause: Forcing endless battles is banned
|rule|Species Clause: Limit one of each Pokémon
|rule|OHKO Clause: OHKO moves are banned
|rule|Evasion Items Clause: Evasion items are banned
|rule|Evasion Moves Clause: Evasion moves are banned
|rule|Evasion Abilities Clause: Evasion abilities are banned
|rule|Sleep Moves Clause: Sleep-inducing moves are banned
|clearpoke
|poke|p1|Cacturne, M|
|poke|p1|Garganacl, M|
|poke|p1|Gholdengo|
|poke|p1|Zamazenta-*|
|poke|p1|Hatterene, F|
|poke|p1|Great Tusk|
|poke|p2|Dragapult, M|
|poke|p2|Deoxys-Speed|
|poke|p2|Landorus-Therian, M|
|poke|p2|Kingambit, M|
|poke|p2|Iron Moth|
|poke|p2|Zamazenta-*|
|teampreview
|inactive|Battle timer is ON: inactive players will automatically lose when time's up. (requested by Armed_L)
|
|t:|1757952355
|teamsize|p1|6
|teamsize|p2|6
|start
|switch|p1a: Cacturne|Cacturne, M|100/100
|switch|p2a: Deoxys|Deoxys-Speed|100/100
|-ability|p2a: Deoxys|Pressure
|turn|1
|
|t:|1757952372
|switch|p2a: Iron Moth|Iron Moth|100/100
|-enditem|p2a: Iron Moth|Booster Energy
|-activate|p2a: Iron Moth|ability: Quark Drive|[fromitem]
|-start|p2a: Iron Moth|quarkdrivespe
|switch|p1a: Hatterene|Hatterene, F|100/100
|
|upkeep
|turn|2
|
|t:|1757952386
|switch|p1a: Garganacl|Garganacl, M|100/100
|move|p2a: Iron Moth|Fiery Dance|p1a: Garganacl
|-resisted|p1a: Garganacl
|-damage|p1a: Garganacl|86/100
|-boost|p2a: Iron Moth|spa|1
|
|-heal|p1a: Garganacl|93/100|[from] item: Leftovers
|upkeep
|turn|3
|
|t:|1757952398
|move|p1a: Garganacl|Protect|p1a: Garganacl
|-singleturn|p1a: Garganacl|Protect
|move|p2a: Iron Moth|Energy Ball|p1a: Garganacl
|-activate|p1a: Garganacl|move: Protect
|
|-heal|p1a: Garganacl|99/100|[from] item: Leftovers
|upkeep
|turn|4
|
|t:|1757952405
|move|p2a: Iron Moth|Toxic|p1a: Garganacl
|-immune|p1a: Garganacl|[from] ability: Purifying Salt
|move|p1a: Garganacl|Salt Cure|p2a: Iron Moth
|-supereffective|p2a: Iron Moth
|-damage|p2a: Iron Moth|57/100
|-start|p2a: Iron Moth|Salt Cure
|
|-heal|p1a: Garganacl|100/100|[from] item: Leftovers
|-damage|p2a: Iron Moth|45/100|[from] Salt Cure
|upkeep
|turn|5
|
|t:|1757952417
|move|p1a: Garganacl|Protect|p1a: Garganacl
|-singleturn|p1a: Garganacl|Protect
|move|p2a: Iron Moth|Energy Ball|p1a: Garganacl
|-activate|p1a: Garganacl|move: Protect
|
|-damage|p2a: Iron Moth|32/100|[from] Salt Cure
|upkeep
|turn|6
|
|t:|1757952427
|move|p2a: Iron Moth|Energy Ball|p1a: Garganacl
|-supereffective|p1a: Garganacl
|-damage|p1a: Garganacl|36/100
|move|p1a: Garganacl|Salt Cure|p2a: Iron Moth
|-supereffective|p2a: Iron Moth
|-damage|p2a: Iron Moth|0 fnt
|faint|p2a: Iron Moth
|-end|p2a: Iron Moth|Quark Drive|[silent]
|
|-heal|p1a: Garganacl|42/100|[from] item: Leftovers
|upkeep
|
|t:|1757952442
|switch|p2a: Dragapult|Dragapult, M|100/100
|turn|7
|
|t:|1757952457
|move|p2a: Dragapult|Dragon Dance|p2a: Dragapult
|-boost|p2a: Dragapult|atk|1
|-boost|p2a: Dragapult|spe|1
|move|p1a: Garganacl|Recover|p1a: Garganacl
|-heal|p1a: Garganacl|92/100
|
|-heal|p1a: Garganacl|98/100|[from] item: Leftovers
|upkeep
|turn|8
|
|t:|1757952470
|move|p2a: Dragapult|Dragon Dance|p2a: Dragapult
|-boost|p2a: Dragapult|atk|1
|-boost|p2a: Dragapult|spe|1
|move|p1a: Garganacl|Salt Cure|p2a: Dragapult
|-damage|p2a: Dragapult|81/100
|-start|p2a: Dragapult|Salt Cure
|
|-heal|p1a: Garganacl|100/100|[from] item: Leftovers
|-damage|p2a: Dragapult|68/100|[from] Salt Cure
|upkeep
|turn|9
|
|t:|1757952476
|-terastallize|p2a: Dragapult|Fighting
|move|p2a: Dragapult|Dragon Darts|p1a: Garganacl
|-damage|p1a: Garganacl|53/100
|-anim|p2a: Dragapult|Dragon Darts|p1a: Garganacl
|-damage|p1a: Garganacl|7/100
|-damage|p2a: Dragapult|59/100|[from] item: Life Orb
|move|p1a: Garganacl|Stealth Rock|p2a: Dragapult
|-sidestart|p2: tejasvi_v.22|move: Stealth Rock
|
|-heal|p1a: Garganacl|13/100|[from] item: Leftovers
|-damage|p2a: Dragapult|46/100|[from] Salt Cure
|upkeep
|turn|10
|
|t:|1757952485
|move|p1a: Garganacl|Protect|p1a: Garganacl
|-singleturn|p1a: Garganacl|Protect
|move|p2a: Dragapult|Phantom Force||[still]
|-prepare|p2a: Dragapult|Phantom Force
|
|-heal|p1a: Garganacl|20/100|[from] item: Leftovers
|-damage|p2a: Dragapult|34/100|[from] Salt Cure
|upkeep
|turn|11
|
|t:|1757952491
|switch|p1a: Cacturne|Cacturne, M|100/100
|move|p2a: Dragapult|Phantom Force|p1a: Cacturne|[from] lockedmove
|-resisted|p1a: Cacturne
|-damage|p1a: Cacturne|9/100
|-damage|p2a: Dragapult|24/100|[from] item: Life Orb
|
|-damage|p2a: Dragapult|12/100|[from] Salt Cure
|upkeep
|turn|12
|
|t:|1757952500
|move|p1a: Cacturne|Sucker Punch|p2a: Dragapult
|-resisted|p2a: Dragapult
|-damage|p2a: Dragapult|0 fnt
|faint|p2a: Dragapult
|
|upkeep
|
|t:|1757952514
|switch|p2a: Landorus|Landorus-Therian, M|100/100
|-damage|p2a: Landorus|88/100|[from] Stealth Rock
|-ability|p2a: Landorus|Intimidate|boost
|-unboost|p1a: Cacturne|atk|1
|turn|13
|
|t:|1757952520
|switch|p1a: Hatterene|Hatterene, F|100/100
|move|p2a: Landorus|Substitute|p2a: Landorus
|-start|p2a: Landorus|Substitute
|-damage|p2a: Landorus|64/100
|
|-heal|p2a: Landorus|69/100|[from] item: Leftovers
|upkeep
|turn|14
|
|t:|1757952525
|move|p2a: Landorus|Swords Dance|p2a: Landorus
|-boost|p2a: Landorus|atk|2
|move|p1a: Hatterene|Psychic Noise|p2a: Landorus
|-damage|p2a: Landorus|28/100
|-start|p2a: Landorus|move: Heal Block
|
|upkeep
|turn|15
|inactive|tejasvi_v.22 has 120 seconds left.
|
|t:|1757952560
|move|p2a: Landorus|Earthquake|p1a: Hatterene
|-damage|p1a: Hatterene|16/100
|-enditem|p1a: Hatterene|Red Card|[of] p2a: Landorus
|drag|p2a: Kingambit|Kingambit, M|100/100
|-damage|p2a: Kingambit|94/100|[from] Stealth Rock
|-activate|p2a: Kingambit|ability: Supreme Overlord
|-start|p2a: Kingambit|fallen2|[silent]
|move|p1a: Hatterene|Healing Wish|p1a: Hatterene
|faint|p1a: Hatterene
|
|upkeep
|
|t:|1757952571
|switch|p1a: Garganacl|Garganacl, M|20/100
|-heal|p1a: Garganacl|100/100|[from] move: Healing Wish
|turn|16
|
|t:|1757952583
|move|p2a: Kingambit|Swords Dance|p2a: Kingambit
|-boost|p2a: Kingambit|atk|2
|move|p1a: Garganacl|Salt Cure|p2a: Kingambit
|-resisted|p2a: Kingambit
|-damage|p2a: Kingambit|89/100
|-start|p2a: Kingambit|Salt Cure
|
|-damage|p2a: Kingambit|64/100|[from] Salt Cure
|upkeep
|turn|17
|
|t:|1757952589
|switch|p1a: Cacturne|Cacturne, M|9/100
|move|p2a: Kingambit|Iron Head|p1a: Cacturne
|-damage|p1a: Cacturne|0 fnt
|faint|p1a: Cacturne
|
|-damage|p2a: Kingambit|39/100|[from] Salt Cure
|upkeep
|
|t:|1757952595
|switch|p1a: Great Tusk|Great Tusk|100/100
|turn|18
|
|t:|1757952604
|move|p1a: Great Tusk|Knock Off|p2a: Kingambit
|-resisted|p2a: Kingambit
|-damage|p2a: Kingambit|27/100
|-enditem|p2a: Kingambit|Expert Belt|[from] move: Knock Off|[of] p1a: Great Tusk
|move|p2a: Kingambit|Zen Headbutt|p1a: Great Tusk
|-supereffective|p1a: Great Tusk
|-damage|p1a: Great Tusk|0 fnt
|faint|p1a: Great Tusk
|-end|p1a: Great Tusk|Protosynthesis|[silent]
|
|-damage|p2a: Kingambit|2/100|[from] Salt Cure
|upkeep
|
|t:|1757952615
|switch|p1a: Zamazenta|Zamazenta|100/100
|-ability|p1a: Zamazenta|Dauntless Shield|boost
|-boost|p1a: Zamazenta|def|1
|turn|19
|
|t:|1757952626
|move|p1a: Zamazenta|Crunch|p2a: Kingambit
|-resisted|p2a: Kingambit
|-damage|p2a: Kingambit|0 fnt
|faint|p2a: Kingambit
|-end|p2a: Kingambit|fallen2|[silent]
|
|upkeep
|
|t:|1757952635
|switch|p2a: Deoxys|Deoxys-Speed|100/100
|-damage|p2a: Deoxys|88/100|[from] Stealth Rock
|-ability|p2a: Deoxys|Pressure
|turn|20
|
|t:|1757952654
|switch|p1a: Gholdengo|Gholdengo|100/100
|move|p2a: Deoxys|Psycho Boost|p1a: Gholdengo
|-resisted|p1a: Gholdengo
|-damage|p1a: Gholdengo|77/100
|-unboost|p2a: Deoxys|spa|2
|
|upkeep
|turn|21
|
|t:|1757952660
|move|p2a: Deoxys|Knock Off|p1a: Gholdengo
|-supereffective|p1a: Gholdengo
|-damage|p1a: Gholdengo|34/100
|-enditem|p1a: Gholdengo|Metal Coat|[from] move: Knock Off|[of] p2a: Deoxys
|move|p1a: Gholdengo|Nasty Plot|p1a: Gholdengo
|-boost|p1a: Gholdengo|spa|2
|
|upkeep
|turn|22
|
|t:|1757952670
|move|p2a: Deoxys|Knock Off|p1a: Gholdengo
|-supereffective|p1a: Gholdengo
|-damage|p1a: Gholdengo|8/100
|move|p1a: Gholdengo|Recover|p1a: Gholdengo
|-heal|p1a: Gholdengo|58/100
|
|upkeep
|turn|23
|
|t:|1757952675
|move|p2a: Deoxys|Knock Off|p1a: Gholdengo
|-supereffective|p1a: Gholdengo
|-damage|p1a: Gholdengo|28/100
|move|p1a: Gholdengo|Recover|p1a: Gholdengo
|-heal|p1a: Gholdengo|78/100
|
|upkeep
|turn|24
|
|t:|1757952681
|move|p2a: Deoxys|Knock Off|p1a: Gholdengo
|-supereffective|p1a: Gholdengo
|-damage|p1a: Gholdengo|47/100
|move|p1a: Gholdengo|Recover|p1a: Gholdengo
|-heal|p1a: Gholdengo|97/100
|
|upkeep
|turn|25
|
|t:|1757952684
|move|p2a: Deoxys|Knock Off|p1a: Gholdengo
|-supereffective|p1a: Gholdengo
|-crit|p1a: Gholdengo
|-damage|p1a: Gholdengo|53/100
|move|p1a: Gholdengo|Make It Rain|p2a: Deoxys
|-damage|p2a: Deoxys|0 fnt
|-unboost|p1a: Gholdengo|spa|1
|faint|p2a: Deoxys
|
|upkeep
|
|t:|1757952689
|switch|p2a: Landorus|Landorus-Therian, M|28/100
|-damage|p2a: Landorus|16/100|[from] Stealth Rock
|-ability|p2a: Landorus|Intimidate|boost
|-unboost|p1a: Gholdengo|atk|1
|turn|26
|
|t:|1757952708
|move|p2a: Landorus|Earthquake|p1a: Gholdengo
|-supereffective|p1a: Gholdengo
|-damage|p1a: Gholdengo|0 fnt
|faint|p1a: Gholdengo
|
|-heal|p2a: Landorus|22/100|[from] item: Leftovers
|upkeep
|
|t:|1757952710
|switch|p1a: Garganacl|Garganacl, M|100/100
|turn|27
|
|t:|1757952718
|move|p2a: Landorus|Substitute|p2a: Landorus
|-fail|p2a: Landorus|move: Substitute|[weak]
|move|p1a: Garganacl|Salt Cure|p2a: Landorus
|-damage|p2a: Landorus|6/100
|-start|p2a: Landorus|Salt Cure
|
|-heal|p2a: Landorus|12/100|[from] item: Leftovers
|-damage|p2a: Landorus|0 fnt|[from] Salt Cure
|faint|p2a: Landorus
|upkeep
|
|t:|1757952727
|switch|p2a: Zamazenta|Zamazenta|100/100
|-damage|p2a: Zamazenta|94/100|[from] Stealth Rock
|-ability|p2a: Zamazenta|Dauntless Shield|boost
|-boost|p2a: Zamazenta|def|1
|turn|28
|
|t:|1757952733
|move|p2a: Zamazenta|Close Combat|p1a: Garganacl
|-supereffective|p1a: Garganacl
|-damage|p1a: Garganacl|20/100
|-unboost|p2a: Zamazenta|def|1
|-unboost|p2a: Zamazenta|spd|1
|move|p1a: Garganacl|Salt Cure|p2a: Zamazenta
|-resisted|p2a: Zamazenta
|-damage|p2a: Zamazenta|88/100
|-start|p2a: Zamazenta|Salt Cure
|
|-heal|p2a: Zamazenta|94/100|[from] item: Leftovers
|-heal|p1a: Garganacl|26/100|[from] item: Leftovers
|-damage|p2a: Zamazenta|81/100|[from] Salt Cure
|upkeep
|turn|29
|
|t:|1757952743
|move|p1a: Garganacl|Salt Cure|p2a: Zamazenta
|-resisted|p2a: Zamazenta
|-damage|p2a: Zamazenta|75/100
|move|p2a: Zamazenta|Roar|p1a: Garganacl
|drag|p1a: Zamazenta|Zamazenta|100/100
|
|-heal|p2a: Zamazenta|81/100|[from] item: Leftovers
|-damage|p2a: Zamazenta|69/100|[from] Salt Cure
|upkeep
|turn|30
|
|t:|1757952748
|-terastallize|p1a: Zamazenta|Fairy
|move|p2a: Zamazenta|Close Combat|p1a: Zamazenta
|-resisted|p1a: Zamazenta
|-damage|p1a: Zamazenta|74/100
|-unboost|p2a: Zamazenta|def|1
|-unboost|p2a: Zamazenta|spd|1
|move|p1a: Zamazenta|Iron Defense|p1a: Zamazenta
|-boost|p1a: Zamazenta|def|2
|
|-heal|p2a: Zamazenta|75/100|[from] item: Leftovers
|-heal|p1a: Zamazenta|80/100|[from] item: Leftovers
|-damage|p2a: Zamazenta|63/100|[from] Salt Cure
|upkeep
|turn|31
|
|t:|1757952754
|move|p2a: Zamazenta|Stone Edge|p1a: Zamazenta|[miss]
|-miss|p2a: Zamazenta|p1a: Zamazenta
|move|p1a: Zamazenta|Body Press|p2a: Zamazenta
|-damage|p2a: Zamazenta|0 fnt
|faint|p2a: Zamazenta
|
|win|Armed_L
|raw|Armed_L's rating: 1251 &rarr; <strong>1275</strong><br />(+24 for winning)
|raw|tejasvi_v.22's rating: 1233 &rarr; <strong>1209</strong><br />(-24 for losing)
|c|☆Armed_L|gg
|l|☆tejasvi_v.22
|player|p2|
|l|☆Armed_L
|player|p1|
