|j|☆Djorz01
|j|☆Firebreathe
|t:|1757851275
|gametype|singles
|player|p1|Djorz01|gambler|1216
|player|p2|Firebreathe|gambler|1253
|gen|9
|tier|[Gen 9] OU
|rated|
|rule|HP Percentage Mod: HP is shown in percentages
|rule|Endless Battle Clause: Forcing endless battles is banned
|rule|Species Clause: Limit one of each Pokémon
|rule|OHKO Clause: OHKO moves are banned
|rule|Evasion Items Clause: Evasion items are banned
|rule|Evasion Moves Clause: Evasion moves are banned
|rule|Evasion Abilities Clause: Evasion abilities are banned
|rule|Sleep Moves Clause: Sleep-inducing moves are banned
|clearpoke
|poke|p1|Slaking, M|
|poke|p1|Slowking-Galar, M|
|poke|p1|Hoopa-Unbound|
|poke|p1|Great Tusk|
|poke|p1|Kingambit, F|
|poke|p1|Latios, M|
|poke|p2|Sawsbuck-Winter, F|
|poke|p2|Torkoal, F|
|poke|p2|Lilligant-Hisui, F|
|poke|p2|Cinderace, M|
|poke|p2|Zamazenta-*|
|poke|p2|Walking Wake|
|teampreview
|inactive|Battle timer is ON: inactive players will automatically lose when time's up. (requested by Firebreathe)
|
|t:|1757851289
|teamsize|p1|6
|teamsize|p2|6
|start
|switch|p1a: Great Tusk|Great Tusk|100/100
|switch|p2a: Torkoal|Torkoal, F|100/100
|-weather|SunnyDay|[from] ability: Drought|[of] p2a: Torkoal
|-activate|p1a: Great Tusk|ability: Protosynthesis
|-start|p1a: Great Tusk|protosynthesisspe
|turn|1
|
|t:|1757851299
|move|p1a: Great Tusk|Headlong Rush|p2a: Torkoal
|-supereffective|p2a: Torkoal
|-damage|p2a: Torkoal|34/100
|-unboost|p1a: Great Tusk|def|1
|-unboost|p1a: Great Tusk|spd|1
|move|p2a: Torkoal|Stealth Rock|p1a: Great Tusk
|-sidestart|p1: Djorz01|move: Stealth Rock
|
|-weather|SunnyDay|[upkeep]
|upkeep
|turn|2
|
|t:|1757851307
|switch|p2a: Lilligant|Lilligant-Hisui, F|100/100
|move|p1a: Great Tusk|Stealth Rock|p2a: Lilligant
|-sidestart|p2: Firebreathe|move: Stealth Rock
|
|-weather|SunnyDay|[upkeep]
|upkeep
|turn|3
|c|☆Firebreathe|Wow I lowkey buff you twin
|inactive|Djorz01 has 120 seconds left.
|
|t:|1757851342
|-end|p1a: Great Tusk|Protosynthesis|[silent]
|switch|p1a: Latios|Latios, M|100/100
|-damage|p1a: Latios|88/100|[from] Stealth Rock
|move|p2a: Lilligant|Victory Dance|p2a: Lilligant
|-boost|p2a: Lilligant|atk|1
|-boost|p2a: Lilligant|def|1
|-boost|p2a: Lilligant|spe|1
|
|-weather|SunnyDay|[upkeep]
|upkeep
|turn|4
|inactive|Djorz01 has 120 seconds left.
|
|t:|1757851350
|move|p2a: Lilligant|Ice Spinner|p1a: Latios
|-supereffective|p1a: Latios
|-damage|p1a: Latios|0 fnt
|faint|p1a: Latios
|-damage|p2a: Lilligant|91/100|[from] item: Life Orb
|
|-weather|SunnyDay|[upkeep]
|upkeep
|inactive|Djorz01 has 120 seconds left.
|
|t:|1757851358
|switch|p1a: Slowking|Slowking-Galar, M|100/100
|turn|5
|inactive|Firebreathe has 120 seconds left.
|
|t:|1757851404
|move|p2a: Lilligant|Ice Spinner|p1a: Slowking
|-damage|p1a: Slowking|47/100
|-damage|p2a: Lilligant|81/100|[from] item: Life Orb
|move|p1a: Slowking|Sludge Bomb|p2a: Lilligant
|-supereffective|p2a: Lilligant
|-damage|p2a: Lilligant|0 fnt
|faint|p2a: Lilligant
|
|-weather|SunnyDay|[upkeep]
|upkeep
|
|t:|1757851408
|switch|p2a: Sawsbuck|Sawsbuck-Winter, F|100/100
|-damage|p2a: Sawsbuck|88/100|[from] Stealth Rock
|turn|6
|
|t:|1757851416
|switch|p1a: Slaking|Slaking, M|100/100
|-damage|p1a: Slaking|88/100|[from] Stealth Rock
|move|p2a: Sawsbuck|High Horsepower|p1a: Slaking
|-damage|p1a: Slaking|68/100
|-damage|p2a: Sawsbuck|72/100|[from] item: Rocky Helmet|[of] p1a: Slaking
|-damage|p2a: Sawsbuck|62/100|[from] item: Life Orb
|
|-weather|SunnyDay|[upkeep]
|upkeep
|turn|7
|
|t:|1757851425
|move|p2a: Sawsbuck|Double-Edge|p1a: Slaking
|-damage|p1a: Slaking|32/100
|-damage|p2a: Sawsbuck|45/100|[from] item: Rocky Helmet|[of] p1a: Slaking
|-damage|p2a: Sawsbuck|25/100|[from] Recoil
|-damage|p2a: Sawsbuck|15/100|[from] item: Life Orb
|move|p1a: Slaking|Slack Off|p1a: Slaking
|-heal|p1a: Slaking|82/100
|
|-weather|SunnyDay|[upkeep]
|upkeep
|turn|8
|
|t:|1757851434
|switch|p2a: Walking Wake|Walking Wake|100/100
|-damage|p2a: Walking Wake|88/100|[from] Stealth Rock
|-activate|p2a: Walking Wake|ability: Protosynthesis
|-start|p2a: Walking Wake|protosynthesisspe
|cant|p1a: Slaking|ability: Truant
|
|-weather|none
|-end|p2a: Walking Wake|Protosynthesis
|upkeep
|turn|9
|
|t:|1757851438
|switch|p1a: Slowking|Slowking-Galar, M|81/100
|move|p2a: Walking Wake|Hydro Steam|p1a: Slowking
|-damage|p1a: Slowking|42/100
|
|upkeep
|turn|10
|
|t:|1757851450
|-terastallize|p2a: Walking Wake|Water
|-terastallize|p1a: Slowking|Water
|move|p2a: Walking Wake|Hydro Steam|p1a: Slowking
|-resisted|p1a: Slowking
|-damage|p1a: Slowking|17/100
|move|p1a: Slowking|Thunder Wave|p2a: Walking Wake
|-status|p2a: Walking Wake|par
|
|upkeep
|turn|11
|
|t:|1757851468
|switch|p1a: Kingambit|Kingambit, F|100/100
|-damage|p1a: Kingambit|94/100|[from] Stealth Rock
|-activate|p1a: Kingambit|ability: Supreme Overlord
|-start|p1a: Kingambit|fallen1|[silent]
|move|p2a: Walking Wake|Hydro Steam|p1a: Kingambit
|-damage|p1a: Kingambit|5/100
|
|-heal|p1a: Kingambit|11/100|[from] item: Leftovers
|upkeep
|turn|12
|
|t:|1757851476
|move|p1a: Kingambit|Sucker Punch|p2a: Walking Wake
|-damage|p2a: Walking Wake|42/100 par
|move|p2a: Walking Wake|Hydro Steam|p1a: Kingambit
|-crit|p1a: Kingambit
|-damage|p1a: Kingambit|0 fnt
|faint|p1a: Kingambit
|-end|p1a: Kingambit|fallen1|[silent]
|
|upkeep
|
|t:|1757851483
|switch|p1a: Great Tusk|Great Tusk|100/100
|turn|13
|
|t:|1757851487
|move|p1a: Great Tusk|Headlong Rush|p2a: Walking Wake
|-damage|p2a: Walking Wake|0 fnt
|-unboost|p1a: Great Tusk|def|1
|-unboost|p1a: Great Tusk|spd|1
|faint|p2a: Walking Wake
|-end|p2a: Walking Wake|Protosynthesis|[silent]
|
|upkeep
|
|t:|1757851489
|switch|p2a: Torkoal|Torkoal, F|34/100
|-damage|p2a: Torkoal|9/100|[from] Stealth Rock
|-weather|SunnyDay|[from] ability: Drought|[of] p2a: Torkoal
|-activate|p1a: Great Tusk|ability: Protosynthesis
|-start|p1a: Great Tusk|protosynthesisspe
|turn|14
|
|t:|1757851501
|move|p1a: Great Tusk|Rapid Spin|p2a: Torkoal
|-damage|p2a: Torkoal|0 fnt
|-boost|p1a: Great Tusk|spe|1
|-sideend|p1: Djorz01|Stealth Rock|[from] move: Rapid Spin|[of] p1a: Great Tusk
|faint|p2a: Torkoal
|
|-weather|SunnyDay|[upkeep]
|upkeep
|
|t:|1757851503
|switch|p2a: Sawsbuck|Sawsbuck-Winter, F|15/100
|-damage|p2a: Sawsbuck|3/100|[from] Stealth Rock
|turn|15
|
|t:|1757851511
|move|p1a: Great Tusk|Rapid Spin|p2a: Sawsbuck
|-damage|p2a: Sawsbuck|0 fnt
|-boost|p1a: Great Tusk|spe|1
|faint|p2a: Sawsbuck
|
|-weather|SunnyDay|[upkeep]
|upkeep
|
|t:|1757851514
|switch|p2a: Cinderace|Cinderace, M|100/100
|-damage|p2a: Cinderace|76/100|[from] Stealth Rock
|turn|16
|
|t:|1757851518
|move|p1a: Great Tusk|Headlong Rush|p2a: Cinderace
|-supereffective|p2a: Cinderace
|-damage|p2a: Cinderace|0 fnt
|-unboost|p1a: Great Tusk|def|1
|-unboost|p1a: Great Tusk|spd|1
|faint|p2a: Cinderace
|
|-weather|SunnyDay|[upkeep]
|upkeep
|-message|Firebreathe forfeited.
|
|win|Djorz01
|raw|Djorz01's rating: 1216 &rarr; <strong>1244</strong><br />(+28 for winning)
|raw|Firebreathe's rating: 1253 &rarr; <strong>1225</strong><br />(-28 for losing)
|l|☆Firebreathe
|player|p2|
|c|☆Djorz01|gg
|l|☆Djorz01
|player|p1|
