|j|☆weiweihu
|j|☆go b3yond
|t:|1757845640
|gametype|singles
|player|p1|weiweihu|cynthia|1457
|player|p2|go b3yond|bruno|1463
|gen|9
|tier|[Gen 9] OU
|rated|
|rule|HP Percentage Mod: HP is shown in percentages
|rule|Endless Battle Clause: Forcing endless battles is banned
|rule|Species Clause: Limit one of each Pokémon
|rule|OHKO Clause: OHKO moves are banned
|rule|Evasion Items Clause: Evasion items are banned
|rule|Evasion Moves Clause: Evasion moves are banned
|rule|Evasion Abilities Clause: Evasion abilities are banned
|rule|Sleep Moves Clause: Sleep-inducing moves are banned
|clearpoke
|poke|p1|Toedscruel, F|
|poke|p1|Skeledirge, M|
|poke|p1|Tyranitar, F|
|poke|p1|Ninetales-Alola, M|
|poke|p1|Ogerpon, F|
|poke|p1|Hydreigon, M|
|poke|p2|Torkoal, F|
|poke|p2|Brute Bonnet|
|poke|p2|Hatterene, F|
|poke|p2|Walking Wake|
|poke|p2|Thundurus-Therian, M|
|poke|p2|Ceruledge, F|
|teampreview
|inactive|Battle timer is ON: inactive players will automatically lose when time's up. (requested by go b3yond)
|
|t:|1757845647
|teamsize|p1|6
|teamsize|p2|6
|start
|switch|p1a: Tyranitar|Tyranitar, F, shiny|100/100
|switch|p2a: GREAT Bait|Torkoal, F, shiny|100/100
|-weather|Sandstorm|[from] ability: Sand Stream|[of] p1a: Tyranitar
|-weather|SunnyDay|[from] ability: Drought|[of] p2a: GREAT Bait
|turn|1
|
|t:|1757845652
|switch|p2a: Hatterene|Hatterene, F|100/100
|move|p1a: Tyranitar|Stone Edge|p2a: Hatterene
|-crit|p2a: Hatterene
|-damage|p2a: Hatterene|32/100
|-enditem|p2a: Hatterene|Eject Button
|
|t:|1757845658
|switch|p2a: Brute Bonnet|Brute Bonnet|100/100
|-activate|p2a: Brute Bonnet|ability: Protosynthesis
|-start|p2a: Brute Bonnet|protosynthesisatk
|
|-weather|SunnyDay|[upkeep]
|upkeep
|turn|2
|
|t:|1757845665
|switch|p1a: Toedscruel|Toedscruel, F, shiny|100/100
|move|p2a: Brute Bonnet|Growth|p2a: Brute Bonnet
|-boost|p2a: Brute Bonnet|atk|2
|-boost|p2a: Brute Bonnet|spa|2
|
|-weather|SunnyDay|[upkeep]
|upkeep
|turn|3
|
|t:|1757845676
|move|p1a: Toedscruel|Earth Power|p2a: Brute Bonnet
|-resisted|p2a: Brute Bonnet
|-damage|p2a: Brute Bonnet|89/100
|move|p2a: Brute Bonnet|Bullet Seed|p1a: Toedscruel
|-damage|p1a: Toedscruel|52/100
|-damage|p1a: Toedscruel|0 fnt
|faint|p1a: Toedscruel
|-hitcount|p1: Toedscruel|2
|
|-weather|SunnyDay|[upkeep]
|upkeep
|
|t:|1757845680
|switch|p1a: Ninetales|Ninetales-Alola, M, shiny|100/100
|-weather|Snowscape|[from] ability: Snow Warning|[of] p1a: Ninetales
|-end|p2a: Brute Bonnet|Protosynthesis
|turn|4
|
|t:|1757845683
|-end|p2a: Brute Bonnet|Protosynthesis|[silent]
|switch|p2a: GREAT Bait|Torkoal, F, shiny|100/100
|-weather|SunnyDay|[from] ability: Drought|[of] p2a: GREAT Bait
|move|p1a: Ninetales|Aurora Veil||[still]
|-fail|p1a: Ninetales
|
|-weather|SunnyDay|[upkeep]
|upkeep
|turn|5
|
|t:|1757845693
|switch|p1a: Skeledirge|Skeledirge, M, shiny|100/100
|switch|p2a: Brute Bonnet|Brute Bonnet|89/100
|-activate|p2a: Brute Bonnet|ability: Protosynthesis
|-start|p2a: Brute Bonnet|protosynthesisatk
|
|-weather|SunnyDay|[upkeep]
|upkeep
|turn|6
|
|t:|1757845700
|-end|p2a: Brute Bonnet|Protosynthesis|[silent]
|switch|p2a: Walking Wake|Walking Wake|100/100
|-activate|p2a: Walking Wake|ability: Protosynthesis
|-start|p2a: Walking Wake|protosynthesisspe
|move|p1a: Skeledirge|Will-O-Wisp|p2a: Walking Wake
|-status|p2a: Walking Wake|brn
|
|-weather|SunnyDay|[upkeep]
|-damage|p2a: Walking Wake|94/100 brn|[from] brn
|upkeep
|turn|7
|
|t:|1757845730
|switch|p1a: Ninetales|Ninetales-Alola, M, shiny|100/100
|-weather|Snowscape|[from] ability: Snow Warning|[of] p1a: Ninetales
|-end|p2a: Walking Wake|Protosynthesis
|move|p2a: Walking Wake|Hydro Steam|p1a: Ninetales
|-damage|p1a: Ninetales|54/100
|
|-weather|Snowscape|[upkeep]
|-damage|p2a: Walking Wake|88/100 brn|[from] brn
|upkeep
|turn|8
|
|t:|1757845738
|-end|p2a: Walking Wake|Protosynthesis|[silent]
|switch|p2a: GREAT Bait|Torkoal, F, shiny|100/100
|-weather|SunnyDay|[from] ability: Drought|[of] p2a: GREAT Bait
|switch|p1a: Hydreigon|Hydreigon, M, shiny|100/100
|
|-weather|SunnyDay|[upkeep]
|upkeep
|turn|9
|
|t:|1757845742
|switch|p2a: Thundurus|Thundurus-Therian, M|100/100
|move|p1a: Hydreigon|Dark Pulse|p2a: Thundurus
|-damage|p2a: Thundurus|48/100
|
|-weather|SunnyDay|[upkeep]
|upkeep
|turn|10
|
|t:|1757845752
|move|p2a: Thundurus|Volt Switch|p1a: Hydreigon
|-resisted|p1a: Hydreigon
|-crit|p1a: Hydreigon
|-damage|p1a: Hydreigon|55/100
|
|t:|1757845758
|switch|p2a: Brute Bonnet|Brute Bonnet|89/100|[from] Volt Switch
|-activate|p2a: Brute Bonnet|ability: Protosynthesis
|-start|p2a: Brute Bonnet|protosynthesisatk
|move|p1a: Hydreigon|Dark Pulse|p2a: Brute Bonnet
|-resisted|p2a: Brute Bonnet
|-damage|p2a: Brute Bonnet|71/100
|
|-weather|SunnyDay|[upkeep]
|upkeep
|turn|11
|
|t:|1757845763
|move|p1a: Hydreigon|Flamethrower|p2a: Brute Bonnet
|-supereffective|p2a: Brute Bonnet
|-damage|p2a: Brute Bonnet|0 fnt
|faint|p2a: Brute Bonnet
|-end|p2a: Brute Bonnet|Protosynthesis|[silent]
|
|-weather|SunnyDay|[upkeep]
|upkeep
|
|t:|1757845769
|switch|p2a: Walking Wake|Walking Wake|88/100 brn
|-activate|p2a: Walking Wake|ability: Protosynthesis
|-start|p2a: Walking Wake|protosynthesisspe
|turn|12
|
|t:|1757845774
|switch|p1a: Skeledirge|Skeledirge, M, shiny|100/100
|move|p2a: Walking Wake|Flamethrower|p1a: Skeledirge
|-resisted|p1a: Skeledirge
|-damage|p1a: Skeledirge|75/100
|
|-weather|SunnyDay|[upkeep]
|-damage|p2a: Walking Wake|82/100 brn|[from] brn
|upkeep
|turn|13
|
|t:|1757845778
|switch|p1a: Tyranitar|Tyranitar, F, shiny|100/100
|-weather|Sandstorm|[from] ability: Sand Stream|[of] p1a: Tyranitar
|-end|p2a: Walking Wake|Protosynthesis
|move|p2a: Walking Wake|Hydro Steam|p1a: Tyranitar
|-supereffective|p1a: Tyranitar
|-damage|p1a: Tyranitar|48/100
|-enditem|p1a: Tyranitar|Weakness Policy
|-boost|p1a: Tyranitar|atk|2|[from] item: Weakness Policy
|-boost|p1a: Tyranitar|spa|2|[from] item: Weakness Policy
|
|-weather|Sandstorm|[upkeep]
|-damage|p2a: Walking Wake|76/100 brn|[from] Sandstorm
|-damage|p2a: Walking Wake|70/100 brn|[from] brn
|upkeep
|turn|14
|
|t:|1757845789
|move|p2a: Walking Wake|Hydro Steam|p1a: Tyranitar
|-supereffective|p1a: Tyranitar
|-damage|p1a: Tyranitar|0 fnt
|faint|p1a: Tyranitar
|
|-weather|Sandstorm|[upkeep]
|-damage|p2a: Walking Wake|64/100 brn|[from] Sandstorm
|-damage|p2a: Walking Wake|58/100 brn|[from] brn
|upkeep
|
|t:|1757845793
|switch|p1a: Ogerpon|Ogerpon, F|100/100
|turn|15
|
|t:|1757845800
|-end|p2a: Walking Wake|Protosynthesis|[silent]
|switch|p2a: Hatterene|Hatterene, F|32/100
|-terastallize|p1a: Ogerpon|Grass
|detailschange|p1a: Ogerpon|Ogerpon-Teal-Tera, F, tera:Grass
|-ability|p1a: Ogerpon|Embody Aspect (Teal)|boost
|-boost|p1a: Ogerpon|spe|1
|move|p1a: Ogerpon|Ivy Cudgel|p2a: Hatterene
|-damage|p2a: Hatterene|0 fnt
|faint|p2a: Hatterene
|
|-weather|Sandstorm|[upkeep]
|-damage|p1a: Ogerpon|95/100|[from] Sandstorm
|upkeep
|
|t:|1757845808
|switch|p2a: GREAT Bait|Torkoal, F, shiny|100/100
|-weather|SunnyDay|[from] ability: Drought|[of] p2a: GREAT Bait
|turn|16
|
|t:|1757845812
|switch|p1a: Hydreigon|Hydreigon, M, shiny|55/100
|move|p2a: GREAT Bait|Overheat|p1a: Hydreigon
|-resisted|p1a: Hydreigon
|-damage|p1a: Hydreigon|8/100
|-unboost|p2a: GREAT Bait|spa|2
|-enditem|p1a: Hydreigon|Sitrus Berry|[eat]
|-heal|p1a: Hydreigon|33/100|[from] item: Sitrus Berry
|
|-weather|SunnyDay|[upkeep]
|upkeep
|turn|17
|
|t:|1757845819
|switch|p2a: Thundurus|Thundurus-Therian, M|48/100
|move|p1a: Hydreigon|Dark Pulse|p2a: Thundurus
|-damage|p2a: Thundurus|0 fnt
|faint|p2a: Thundurus
|
|-weather|SunnyDay|[upkeep]
|upkeep
|
|t:|1757845821
|switch|p2a: Walking Wake|Walking Wake|58/100 brn
|-activate|p2a: Walking Wake|ability: Protosynthesis
|-start|p2a: Walking Wake|protosynthesisspe
|turn|18
|
|t:|1757845828
|move|p2a: Walking Wake|Hydro Steam|p1a: Hydreigon
|-resisted|p1a: Hydreigon
|-crit|p1a: Hydreigon
|-damage|p1a: Hydreigon|0 fnt
|faint|p1a: Hydreigon
|
|-weather|SunnyDay|[upkeep]
|-damage|p2a: Walking Wake|51/100 brn|[from] brn
|upkeep
|
|t:|1757845831
|switch|p1a: Ninetales|Ninetales-Alola, M, shiny|54/100
|-weather|Snowscape|[from] ability: Snow Warning|[of] p1a: Ninetales
|-end|p2a: Walking Wake|Protosynthesis
|turn|19
|
|t:|1757845839
|move|p1a: Ninetales|Freeze-Dry|p2a: Walking Wake
|-supereffective|p2a: Walking Wake
|-damage|p2a: Walking Wake|0 fnt
|faint|p2a: Walking Wake
|-end|p2a: Walking Wake|Protosynthesis|[silent]
|
|-weather|Snowscape|[upkeep]
|upkeep
|
|t:|1757845841
|switch|p2a: GREAT Bait|Torkoal, F, shiny|100/100
|-weather|SunnyDay|[from] ability: Drought|[of] p2a: GREAT Bait
|turn|20
|
|t:|1757845844
|switch|p1a: Skeledirge|Skeledirge, M, shiny|75/100
|move|p2a: GREAT Bait|Eruption|p1a: Skeledirge
|-resisted|p1a: Skeledirge
|-damage|p1a: Skeledirge|26/100
|
|-weather|SunnyDay|[upkeep]
|upkeep
|turn|21
|
|t:|1757845851
|move|p1a: Skeledirge|Slack Off|p1a: Skeledirge
|-heal|p1a: Skeledirge|76/100
|move|p2a: GREAT Bait|Eruption|p1a: Skeledirge
|-resisted|p1a: Skeledirge
|-damage|p1a: Skeledirge|24/100
|
|-weather|SunnyDay|[upkeep]
|upkeep
|turn|22
|
|t:|1757845859
|move|p1a: Skeledirge|Slack Off|p1a: Skeledirge
|-heal|p1a: Skeledirge|74/100
|move|p2a: GREAT Bait|Eruption|p1a: Skeledirge
|-resisted|p1a: Skeledirge
|-damage|p1a: Skeledirge|22/100
|
|-weather|SunnyDay|[upkeep]
|upkeep
|turn|23
|
|t:|1757845865
|switch|p1a: Ninetales|Ninetales-Alola, M, shiny|54/100
|-weather|Snowscape|[from] ability: Snow Warning|[of] p1a: Ninetales
|switch|p2a: Ceruledge|Ceruledge, F|100/100
|
|-weather|Snowscape|[upkeep]
|upkeep
|turn|24
|
|t:|1757845872
|switch|p2a: GREAT Bait|Torkoal, F, shiny|100/100
|-weather|SunnyDay|[from] ability: Drought|[of] p2a: GREAT Bait
|move|p1a: Ninetales|Aurora Veil||[still]
|-fail|p1a: Ninetales
|
|-weather|SunnyDay|[upkeep]
|upkeep
|turn|25
|
|t:|1757845876
|move|p1a: Ninetales|Freeze-Dry|p2a: GREAT Bait
|-resisted|p2a: GREAT Bait
|-damage|p2a: GREAT Bait|85/100
|move|p2a: GREAT Bait|Eruption|p1a: Ninetales
|-supereffective|p1a: Ninetales
|-damage|p1a: Ninetales|0 fnt
|faint|p1a: Ninetales
|
|-weather|SunnyDay|[upkeep]
|upkeep
|
|t:|1757845879
|switch|p1a: Ogerpon|Ogerpon-Teal-Tera, F, tera:Grass|95/100
|-ability|p1a: Ogerpon|Embody Aspect (Teal)|boost
|-boost|p1a: Ogerpon|spe|1
|turn|26
|
|t:|1757845882
|move|p1a: Ogerpon|Knock Off|p2a: GREAT Bait
|-damage|p2a: GREAT Bait|41/100
|-enditem|p2a: GREAT Bait|Heat Rock|[from] move: Knock Off|[of] p1a: Ogerpon
|move|p2a: GREAT Bait|Overheat|p1a: Ogerpon
|-supereffective|p1a: Ogerpon
|-damage|p1a: Ogerpon|0 fnt
|-unboost|p2a: GREAT Bait|spa|2
|faint|p1a: Ogerpon
|detailschange|p1: Ogerpon|Ogerpon, F|[silent]
|
|-weather|SunnyDay|[upkeep]
|upkeep
|-message|weiweihu forfeited.
|
|win|go b3yond
|raw|weiweihu's rating: 1457 &rarr; <strong>1437</strong><br />(-20 for losing)
|raw|go b3yond's rating: 1463 &rarr; <strong>1483</strong><br />(+20 for winning)
|l|☆weiweihu
|player|p1|
|c|☆go b3yond|Gg
|j|☆weiweihu
|player|p1|weiweihu|cynthia|
|l|☆weiweihu
|player|p1|
|l|☆go b3yond
|player|p2|
