|j|☆Pokerimestari
|j|☆The impimp
|inactive|Battle timer is ON: inactive players will automatically lose when time's up.
|t:|1757861078
|gametype|singles
|player|p1|Pokerimestari|2|
|player|p2|The impimp|170|
|gen|9
|tier|[Gen 9] OU
|rated|Tournament battle
|rule|HP Percentage Mod: HP is shown in percentages
|rule|Endless Battle Clause: Forcing endless battles is banned
|rule|Species Clause: Limit one of each Pokémon
|rule|OHKO Clause: OHKO moves are banned
|rule|Evasion Items Clause: Evasion items are banned
|rule|Evasion Moves Clause: Evasion moves are banned
|rule|Evasion Abilities Clause: Evasion abilities are banned
|rule|Sleep Moves Clause: Sleep-inducing moves are banned
|raw|<div class="infobox"><details class="readmore"><summary><strong>15 custom rules:</strong></summary> -burmy, -caterpie, -combee, -kricketot, -magikarp, -scatterbug, -sunkern, -tynamo, -typenull, -weedle, -wurmple, -cosmog, -blipbug, -snom, -wynaut</details></div>
|clearpoke
|poke|p1|Gloom, F|
|poke|p1|Porygon|
|poke|p2|Marill, M|
|poke|p2|Silicobra, M|
|teampreview
|j|*Lady Monita ☀
|
|t:|1757861086
|teamsize|p1|2
|teamsize|p2|2
|start
|switch|p1a: Gloom|Gloom, F|100/100
|switch|p2a: Silicobra|Silicobra, M|100/100
|turn|1
|c|☆The impimp|I will lose
|
|t:|1757861093
|switch|p1a: Porygon|Porygon|100/100
|-ability|p1a: Porygon|Shed Skin|Trace|[from] ability: Trace|[of] p2a: Silicobra
|move|p2a: Silicobra|Glare|p1a: Porygon
|-status|p1a: Porygon|par
|
|upkeep
|turn|2
|c|☆Pokerimestari|You just might
|c|☆The impimp|100%
|
|t:|1757861101
|move|p2a: Silicobra|Earthquake|p1a: Porygon
|-damage|p1a: Porygon|70/100 par
|move|p1a: Porygon|Tri Attack|p2a: Silicobra
|-damage|p2a: Silicobra|72/100
|-status|p2a: Silicobra|par
|
|-activate|p1a: Porygon|ability: Shed Skin
|-curestatus|p1a: Porygon|par|[msg]
|upkeep
|turn|3
|
|t:|1757861110
|move|p1a: Porygon|Tri Attack|p2a: Silicobra
|-damage|p2a: Silicobra|43/100 par
|move|p2a: Silicobra|Earthquake|p1a: Porygon
|-damage|p1a: Porygon|40/100
|
|-activate|p2a: Silicobra|ability: Shed Skin
|-curestatus|p2a: Silicobra|par|[msg]
|upkeep
|turn|4
|
|t:|1757861114
|move|p2a: Silicobra|Earthquake|p1a: Porygon
|-damage|p1a: Porygon|9/100
|move|p1a: Porygon|Recover|p1a: Porygon
|-heal|p1a: Porygon|59/100
|
|upkeep
|turn|5
|
|t:|1757861121
|move|p2a: Silicobra|Earthquake|p1a: Porygon
|-damage|p1a: Porygon|27/100
|move|p1a: Porygon|Recover|p1a: Porygon
|-heal|p1a: Porygon|77/100
|
|upkeep
|turn|6
|
|t:|1757861124
|move|p2a: Silicobra|Earthquake|p1a: Porygon
|-damage|p1a: Porygon|45/100
|move|p1a: Porygon|Tri Attack|p2a: Silicobra
|-damage|p2a: Silicobra|12/100
|
|upkeep
|turn|7
|
|t:|1757861127
|move|p2a: Silicobra|Earthquake|p1a: Porygon
|-damage|p1a: Porygon|16/100
|move|p1a: Porygon|Recover|p1a: Porygon
|-heal|p1a: Porygon|66/100
|
|upkeep
|turn|8
|
|t:|1757861131
|move|p2a: Silicobra|Earthquake|p1a: Porygon
|-damage|p1a: Porygon|35/100
|move|p1a: Porygon|Tri Attack|p2a: Silicobra
|-damage|p2a: Silicobra|0 fnt
|faint|p2a: Silicobra
|
|upkeep
|
|t:|1757861133
|switch|p2a: Marill|Marill, M|100/100
|turn|9
|
|t:|1757861136
|-terastallize|p2a: Marill|Water
|move|p2a: Marill|Belly Drum|p2a: Marill
|-damage|p2a: Marill|50/100
|-setboost|p2a: Marill|atk|6|[from] move: Belly Drum
|-enditem|p2a: Marill|Sitrus Berry|[eat]
|-heal|p2a: Marill|75/100|[from] item: Sitrus Berry
|move|p1a: Porygon|Thunder Wave|p2a: Marill
|-status|p2a: Marill|par
|
|upkeep
|turn|10
|
|t:|1757861142
|move|p2a: Marill|Aqua Jet|p1a: Porygon
|-damage|p1a: Porygon|0 fnt
|faint|p1a: Porygon
|
|upkeep
|
|t:|1757861145
|switch|p1a: Gloom|Gloom, F|100/100
|turn|11
|
|t:|1757861152
|move|p1a: Gloom|Giga Drain|p2a: Marill
|-supereffective|p2a: Marill
|-damage|p2a: Marill|3/100 par
|move|p2a: Marill|Play Rough|p1a: Gloom
|-resisted|p1a: Gloom
|-damage|p1a: Gloom|52/100
|
|upkeep
|turn|12
|
|t:|1757861156
|cant|p2a: Marill|par
|move|p1a: Gloom|Giga Drain|p2a: Marill
|-supereffective|p2a: Marill
|-damage|p2a: Marill|0 fnt
|-heal|p1a: Gloom|54/100|[from] drain|[of] p2a: Marill
|faint|p2a: Marill
|
|win|Pokerimestari
|n|☆Pokerimestari|pokerimestari
|n|☆The impimp|theimpimp
|n|*Lady Monita ☀|ladymonita
|l|*Lady Monita ☀
|c|☆Pokerimestari|gg
|c|☆The impimp|Wow
|c|☆The impimp|no
