|j|☆axoubibou
|j|☆abigweeb
|t:|1757941145
|gametype|singles
|player|p1|axoubibou|bellelba|1202
|player|p2|abigweeb|iris-gen5bw2|1151
|gen|9
|tier|[Gen 9] OU
|rated|
|rule|HP Percentage Mod: HP is shown in percentages
|rule|Endless Battle Clause: Forcing endless battles is banned
|rule|Species Clause: Limit one of each Pokémon
|rule|OHKO Clause: OHKO moves are banned
|rule|Evasion Items Clause: Evasion items are banned
|rule|Evasion Moves Clause: Evasion moves are banned
|rule|Evasion Abilities Clause: Evasion abilities are banned
|rule|Sleep Moves Clause: Sleep-inducing moves are banned
|clearpoke
|poke|p1|Clodsire, F|
|poke|p1|Dondozo, F|
|poke|p1|Gliscor, F|
|poke|p1|Alomomola, L99, F|
|poke|p1|Corviknight, M|
|poke|p1|Azumarill, F|
|poke|p2|Pelipper, F|
|poke|p2|Glimmora, M|
|poke|p2|Goodra-Hisui, M|
|poke|p2|Enamorus, F|
|poke|p2|Darkrai|
|poke|p2|Inteleon, F|
|teampreview
|inactive|Battle timer is ON: inactive players will automatically lose when time's up. (requested by axoubibou)
|
|t:|1757941159
|teamsize|p1|6
|teamsize|p2|6
|start
|switch|p1a: Cancer|Gliscor, F|100/100
|switch|p2a: Pelipper|Pelipper, F|100/100
|-weather|RainDance|[from] ability: Drizzle|[of] p2a: Pelipper
|turn|1
|
|t:|1757941162
|move|p1a: Cancer|Protect|p1a: Cancer
|-singleturn|p1a: Cancer|Protect
|move|p2a: Pelipper|Tailwind|p2a: Pelipper
|-sidestart|p2: abigweeb|move: Tailwind
|
|-weather|RainDance|[upkeep]
|-status|p1a: Cancer|tox|[from] item: Toxic Orb
|upkeep
|turn|2
|
|t:|1757941170
|switch|p1a: Kant|Alomomola, L99, F, shiny|100/100
|move|p2a: Pelipper|Weather Ball|p1a: Kant
|-resisted|p1a: Kant
|-damage|p1a: Kant|75/100
|
|-weather|RainDance|[upkeep]
|upkeep
|turn|3
|
|t:|1757941175
|move|p2a: Pelipper|Hurricane|p1a: Kant
|-damage|p1a: Kant|37/100
|move|p1a: Kant|Scald|p2a: Pelipper
|-resisted|p2a: Pelipper
|-damage|p2a: Pelipper|86/100
|
|-weather|RainDance|[upkeep]
|upkeep
|turn|4
|
|t:|1757941182
|switch|p1a: Golden shower|Azumarill, F, shiny|100/100
|move|p2a: Pelipper|Hurricane|p1a: Golden shower
|-damage|p1a: Golden shower|50/100
|-start|p1a: Golden shower|confusion
|
|-weather|RainDance|[upkeep]
|-sideend|p2: abigweeb|move: Tailwind
|upkeep
|turn|5
|
|t:|1757941190
|switch|p1a: Kant|Alomomola, L99, F, shiny|71/100
|move|p2a: Pelipper|Tailwind|p2a: Pelipper
|-sidestart|p2: abigweeb|move: Tailwind
|
|-weather|RainDance|[upkeep]
|upkeep
|turn|6
|
|t:|1757941192
|move|p2a: Pelipper|Hurricane|p1a: Kant
|-damage|p1a: Kant|32/100
|move|p1a: Kant|Wish|p1a: Kant
|
|-weather|RainDance|[upkeep]
|upkeep
|turn|7
|
|t:|1757941197
|move|p1a: Kant|Protect|p1a: Kant
|-singleturn|p1a: Kant|Protect
|move|p2a: Pelipper|Hurricane|p1a: Kant
|-activate|p1a: Kant|move: Protect
|
|-weather|RainDance|[upkeep]
|-heal|p1a: Kant|82/100|[from] move: Wish|[wisher] Kant
|upkeep
|turn|8
|
|t:|1757941204
|move|p2a: Pelipper|Hurricane|p1a: Kant
|-damage|p1a: Kant|42/100
|move|p1a: Kant|Wish|p1a: Kant
|
|-weather|none
|-sideend|p2: abigweeb|move: Tailwind
|upkeep
|turn|9
|
|t:|1757941209
|switch|p1a: Golden shower|Azumarill, F, shiny|50/100
|move|p2a: Pelipper|U-turn|p1a: Golden shower
|-resisted|p1a: Golden shower
|-damage|p1a: Golden shower|47/100
|
|t:|1757941213
|switch|p2a: Enamorus|Enamorus, F|100/100|[from] U-turn
|
|-heal|p1a: Golden shower|100/100|[from] move: Wish|[wisher] Kant
|upkeep
|turn|10
|
|t:|1757941216
|move|p2a: Enamorus|Sludge Bomb|p1a: Golden shower
|-supereffective|p1a: Golden shower
|-damage|p1a: Golden shower|35/100
|move|p1a: Golden shower|Whirlpool|p2a: Enamorus
|-damage|p2a: Enamorus|89/100
|-activate|p2a: Enamorus|move: Whirlpool|[of] p1a: Golden shower
|
|-damage|p2a: Enamorus|77/100|[from] move: Whirlpool|[partiallytrapped]
|upkeep
|turn|11
|
|t:|1757941224
|switch|p1a: Slurp|Corviknight, M, shiny|100/100
|-ability|p1a: Slurp|Pressure
|move|p2a: Enamorus|Sludge Bomb|p1a: Slurp
|-immune|p1a: Slurp
|
|-end|p2a: Enamorus|Whirlpool|[partiallytrapped]|[silent]
|upkeep
|turn|12
|
|t:|1757941231
|switch|p2a: Pelipper|Pelipper, F|86/100
|-weather|RainDance|[from] ability: Drizzle|[of] p2a: Pelipper
|move|p1a: Slurp|Substitute|p1a: Slurp
|-start|p1a: Slurp|Substitute
|-damage|p1a: Slurp|76/100
|
|-weather|RainDance|[upkeep]
|-heal|p1a: Slurp|82/100|[from] item: Leftovers
|upkeep
|turn|13
|
|t:|1757941234
|move|p1a: Slurp|Protect|p1a: Slurp
|-singleturn|p1a: Slurp|Protect
|move|p2a: Pelipper|Weather Ball|p1a: Slurp
|-activate|p1a: Slurp|move: Protect
|
|-weather|RainDance|[upkeep]
|-heal|p1a: Slurp|88/100|[from] item: Leftovers
|upkeep
|turn|14
|
|t:|1757941248
|move|p1a: Slurp|Spite|p2a: Pelipper
|-activate|p2a: Pelipper|move: Spite|Weather Ball|4
|move|p2a: Pelipper|Weather Ball|p1a: Slurp
|-end|p1a: Slurp|Substitute
|
|-weather|RainDance|[upkeep]
|-heal|p1a: Slurp|94/100|[from] item: Leftovers
|upkeep
|turn|15
|c|☆abigweeb|playing this way can not be fun holy shit stall is lame
|
|t:|1757941256
|move|p1a: Slurp|Protect|p1a: Slurp
|-singleturn|p1a: Slurp|Protect
|move|p2a: Pelipper|Tailwind|p2a: Pelipper
|-sidestart|p2: abigweeb|move: Tailwind
|
|-weather|RainDance|[upkeep]
|-heal|p1a: Slurp|99/100|[from] item: Leftovers
|upkeep
|turn|16
|
|t:|1757941265
|switch|p1a: Kant|Alomomola, L99, F, shiny|75/100
|move|p2a: Pelipper|Weather Ball|p1a: Kant
|-resisted|p1a: Kant
|-damage|p1a: Kant|47/100
|
|-weather|RainDance|[upkeep]
|upkeep
|turn|17
|
|t:|1757941273
|switch|p2a: Darkrai|Darkrai|100/100
|move|p1a: Kant|Wish|p1a: Kant
|
|-weather|RainDance|[upkeep]
|upkeep
|turn|18
|
|t:|1757941282
|move|p2a: Darkrai|Thunder|p1a: Kant
|-supereffective|p1a: Kant
|-damage|p1a: Kant|0 fnt
|faint|p1a: Kant
|
|-weather|RainDance|[upkeep]
|-sideend|p2: abigweeb|move: Tailwind
|upkeep
|
|t:|1757941286
|switch|p1a: Cancer|Gliscor, F|100/100 tox
|turn|19
|
|t:|1757941292
|switch|p2a: Pelipper|Pelipper, F|86/100
|move|p1a: Cancer|Toxic|p2a: Pelipper
|-status|p2a: Pelipper|tox
|
|-weather|none
|-damage|p2a: Pelipper|80/100 tox|[from] psn
|upkeep
|turn|20
|
|t:|1757941303
|switch|p2a: Glimmora|Glimmora, M|100/100
|move|p1a: Cancer|Spikes|p2a: Glimmora
|-sidestart|p2: abigweeb|Spikes
|
|upkeep
|turn|21
|
|t:|1757941310
|move|p2a: Glimmora|Meteor Beam||[still]
|-prepare|p2a: Glimmora|Meteor Beam
|-boost|p2a: Glimmora|spa|1
|-enditem|p2a: Glimmora|Power Herb
|-anim|p2a: Glimmora|Meteor Beam|p1a: Cancer|[miss]
|-miss|p2a: Glimmora|p1a: Cancer
|move|p1a: Cancer|Spikes|p2a: Glimmora
|-sidestart|p2: abigweeb|Spikes
|
|upkeep
|turn|22
|
|t:|1757941314
|switch|p1a: Bebou|Clodsire, F|100/100
|move|p2a: Glimmora|Meteor Beam||[still]
|-prepare|p2a: Glimmora|Meteor Beam
|-boost|p2a: Glimmora|spa|1
|
|upkeep
|turn|23
|
|t:|1757941318
|move|p2a: Glimmora|Meteor Beam|p1a: Bebou|[from] lockedmove
|-resisted|p1a: Bebou
|-damage|p1a: Bebou|83/100
|move|p1a: Bebou|Bulldoze|p2a: Glimmora
|-supereffective|p2a: Glimmora
|-damage|p2a: Glimmora|26/100
|-unboost|p2a: Glimmora|spe|1
|-activate|p2a: Glimmora|ability: Toxic Debris
|-sidestart|p1: axoubibou|move: Toxic Spikes
|
|upkeep
|turn|24
|
|t:|1757941325
|move|p2a: Glimmora|Earth Power|p1a: Bebou
|-supereffective|p1a: Bebou
|-damage|p1a: Bebou|45/100
|move|p1a: Bebou|Toxic|p2a: Glimmora
|-immune|p2a: Glimmora
|
|upkeep
|turn|25
|
|t:|1757941331
|move|p2a: Glimmora|Mortal Spin|p1a: Bebou
|-resisted|p1a: Bebou
|-damage|p1a: Bebou|44/100
|-sideend|p2: abigweeb|Spikes|[from] move: Mortal Spin|[of] p2a: Glimmora
|move|p1a: Bebou|Recover|p1a: Bebou
|-heal|p1a: Bebou|94/100
|
|upkeep
|turn|26
|
|t:|1757941334
|move|p2a: Glimmora|Earth Power|p1a: Bebou
|-supereffective|p1a: Bebou
|-damage|p1a: Bebou|60/100
|move|p1a: Bebou|Bulldoze|p2a: Glimmora
|-supereffective|p2a: Glimmora
|-damage|p2a: Glimmora|0 fnt
|-activate|p2a: Glimmora|ability: Toxic Debris
|-sidestart|p1: axoubibou|move: Toxic Spikes
|faint|p2a: Glimmora
|
|upkeep
|
|t:|1757941343
|switch|p2a: Inteleon|Inteleon, F|100/100
|turn|27
|
|t:|1757941348
|switch|p1a: Slurp|Corviknight, M, shiny|99/100
|-ability|p1a: Slurp|Pressure
|move|p2a: Inteleon|Liquidation|p1a: Slurp
|-damage|p1a: Slurp|74/100
|
|-heal|p1a: Slurp|80/100|[from] item: Leftovers
|upkeep
|turn|28
|
|t:|1757941353
|move|p1a: Slurp|Protect|p1a: Slurp
|-singleturn|p1a: Slurp|Protect
|move|p2a: Inteleon|Liquidation|p1a: Slurp
|-activate|p1a: Slurp|move: Protect
|
|-heal|p1a: Slurp|86/100|[from] item: Leftovers
|upkeep
|turn|29
|
|t:|1757941359
|move|p2a: Inteleon|Swords Dance|p2a: Inteleon
|-boost|p2a: Inteleon|atk|2
|move|p1a: Slurp|Substitute|p1a: Slurp
|-start|p1a: Slurp|Substitute
|-damage|p1a: Slurp|61/100
|
|-heal|p1a: Slurp|67/100|[from] item: Leftovers
|upkeep
|turn|30
|
|t:|1757941366
|move|p1a: Slurp|Protect|p1a: Slurp
|-singleturn|p1a: Slurp|Protect
|move|p2a: Inteleon|Liquidation|p1a: Slurp
|-activate|p1a: Slurp|move: Protect
|
|-heal|p1a: Slurp|73/100|[from] item: Leftovers
|upkeep
|turn|31
|
|t:|1757941375
|move|p2a: Inteleon|Liquidation|p1a: Slurp
|-end|p1a: Slurp|Substitute
|move|p1a: Slurp|Spite|p2a: Inteleon
|-activate|p2a: Inteleon|move: Spite|Liquidation|4
|
|-heal|p1a: Slurp|79/100|[from] item: Leftovers
|upkeep
|turn|32
|
|t:|1757941382
|move|p1a: Slurp|Protect|p1a: Slurp
|-singleturn|p1a: Slurp|Protect
|move|p2a: Inteleon|Liquidation|p1a: Slurp
|-activate|p1a: Slurp|move: Protect
|
|-heal|p1a: Slurp|85/100|[from] item: Leftovers
|upkeep
|turn|33
|
|t:|1757941389
|move|p2a: Inteleon|Liquidation|p1a: Slurp
|-damage|p1a: Slurp|29/100
|move|p1a: Slurp|Roost|p1a: Slurp
|-heal|p1a: Slurp|79/100
|-singleturn|p1a: Slurp|move: Roost
|
|-heal|p1a: Slurp|85/100|[from] item: Leftovers
|upkeep
|turn|34
|
|t:|1757941395
|move|p2a: Inteleon|Swords Dance|p2a: Inteleon
|-boost|p2a: Inteleon|atk|2
|move|p1a: Slurp|Substitute|p1a: Slurp
|-start|p1a: Slurp|Substitute
|-damage|p1a: Slurp|60/100
|
|-heal|p1a: Slurp|66/100|[from] item: Leftovers
|upkeep
|turn|35
|
|t:|1757941413
|switch|p2a: Goodra|Goodra-Hisui, M|100/100
|move|p1a: Slurp|Protect||[still]
|-fail|p1a: Slurp
|
|-heal|p1a: Slurp|72/100|[from] item: Leftovers
|upkeep
|turn|36
|
|t:|1757941419
|move|p1a: Slurp|Protect|p1a: Slurp
|-singleturn|p1a: Slurp|Protect
|move|p2a: Goodra|Curse|p2a: Goodra
|-unboost|p2a: Goodra|spe|1
|-boost|p2a: Goodra|atk|1
|-boost|p2a: Goodra|def|1
|
|-heal|p1a: Slurp|78/100|[from] item: Leftovers
|upkeep
|turn|37
|
|t:|1757941425
|switch|p1a: Bebou|Clodsire, F|60/100
|-sideend|p1: axoubibou|move: Toxic Spikes|[of] p1a: Bebou
|move|p2a: Goodra|Curse|p2a: Goodra
|-unboost|p2a: Goodra|spe|1
|-boost|p2a: Goodra|atk|1
|-boost|p2a: Goodra|def|1
|
|upkeep
|turn|38
|
|t:|1757941432
|switch|p1a: Fat fish|Dondozo, F|100/100
|move|p2a: Goodra|Dragon Tail|p1a: Fat fish
|-damage|p1a: Fat fish|88/100
|drag|p1a: Bebou|Clodsire, F|60/100
|
|upkeep
|turn|39
|
|t:|1757941440
|move|p1a: Bebou|Recover|p1a: Bebou
|-heal|p1a: Bebou|100/100
|move|p2a: Goodra|Curse|p2a: Goodra
|-unboost|p2a: Goodra|spe|1
|-boost|p2a: Goodra|atk|1
|-boost|p2a: Goodra|def|1
|
|upkeep
|turn|40
|
|t:|1757941443
|switch|p1a: Fat fish|Dondozo, F|88/100
|move|p2a: Goodra|Dragon Tail|p1a: Fat fish
|-damage|p1a: Fat fish|74/100
|drag|p1a: Slurp|Corviknight, M, shiny|78/100
|-ability|p1a: Slurp|Pressure
|
|-heal|p1a: Slurp|84/100|[from] item: Leftovers
|upkeep
|turn|41
|
|t:|1757941451
|switch|p1a: Golden shower|Azumarill, F, shiny|35/100
|move|p2a: Goodra|Curse|p2a: Goodra
|-unboost|p2a: Goodra|spe|1
|-boost|p2a: Goodra|atk|1
|-boost|p2a: Goodra|def|1
|
|upkeep
|turn|42
|
|t:|1757941454
|move|p1a: Golden shower|Rest|p1a: Golden shower
|-status|p1a: Golden shower|slp|[from] move: Rest
|-heal|p1a: Golden shower|100/100 slp|[silent]
|move|p2a: Goodra|Gyro Ball|p1a: Golden shower
|-damage|p1a: Golden shower|31/100 slp
|
|upkeep
|turn|43
|
|t:|1757941457
|switch|p1a: Fat fish|Dondozo, F|74/100
|move|p2a: Goodra|Gyro Ball|p1a: Fat fish
|-resisted|p1a: Fat fish
|-damage|p1a: Fat fish|69/100
|
|upkeep
|turn|44
|
|t:|1757941462
|move|p1a: Fat fish|Body Press|p2a: Goodra
|-supereffective|p2a: Goodra
|-damage|p2a: Goodra|47/100
|move|p2a: Goodra|Dragon Tail|p1a: Fat fish
|-damage|p1a: Fat fish|56/100
|drag|p1a: Slurp|Corviknight, M, shiny|84/100
|-ability|p1a: Slurp|Pressure
|
|-heal|p1a: Slurp|90/100|[from] item: Leftovers
|-heal|p2a: Goodra|53/100|[from] item: Leftovers
|upkeep
|turn|45
|
|t:|1757941470
|move|p1a: Slurp|Spite|p2a: Goodra
|-activate|p2a: Goodra|move: Spite|Dragon Tail|4
|move|p2a: Goodra|Curse|p2a: Goodra
|-unboost|p2a: Goodra|spe|1
|-boost|p2a: Goodra|atk|1
|-boost|p2a: Goodra|def|1
|
|-heal|p1a: Slurp|96/100|[from] item: Leftovers
|-heal|p2a: Goodra|59/100|[from] item: Leftovers
|upkeep
|turn|46
|
|t:|1757941478
|switch|p1a: Bebou|Clodsire, F|100/100
|move|p2a: Goodra|Curse|p2a: Goodra
|-unboost|p2a: Goodra|spe|1
|-boost|p2a: Goodra|atk|1
|-boost|p2a: Goodra|def|1
|
|-heal|p2a: Goodra|65/100|[from] item: Leftovers
|upkeep
|turn|47
|
|t:|1757941481
|move|p1a: Bebou|Bulldoze|p2a: Goodra
|-supereffective|p2a: Goodra
|-damage|p2a: Goodra|35/100
|move|p2a: Goodra|Gyro Ball|p1a: Bebou
|-damage|p1a: Bebou|78/100
|
|-heal|p2a: Goodra|41/100|[from] item: Leftovers
|upkeep
|turn|48
|
|t:|1757941487
|move|p1a: Bebou|Bulldoze|p2a: Goodra
|-supereffective|p2a: Goodra
|-damage|p2a: Goodra|8/100
|move|p2a: Goodra|Dragon Tail|p1a: Bebou
|-damage|p1a: Bebou|48/100
|drag|p1a: Golden shower|Azumarill, F, shiny|31/100 slp
|
|-heal|p2a: Goodra|14/100|[from] item: Leftovers
|upkeep
|turn|49
|
|t:|1757941493
|switch|p1a: Slurp|Corviknight, M, shiny|96/100
|-ability|p1a: Slurp|Pressure
|move|p2a: Goodra|Gyro Ball|p1a: Slurp
|-resisted|p1a: Slurp
|-damage|p1a: Slurp|0 fnt
|faint|p1a: Slurp
|
|-heal|p2a: Goodra|20/100|[from] item: Leftovers
|upkeep
|
|t:|1757941496
|switch|p1a: Fat fish|Dondozo, F|56/100
|turn|50
|
|t:|1757941499
|move|p1a: Fat fish|Body Press|p2a: Goodra
|-supereffective|p2a: Goodra
|-damage|p2a: Goodra|0 fnt
|faint|p2a: Goodra
|
|upkeep
|
|t:|1757941502
|switch|p2a: Enamorus|Enamorus, F|77/100
|turn|51
|
|t:|1757941508
|switch|p1a: Bebou|Clodsire, F|48/100
|-terastallize|p2a: Enamorus|Fairy
|move|p2a: Enamorus|Moonblast|p1a: Bebou
|-resisted|p1a: Bebou
|-damage|p1a: Bebou|28/100
|
|upkeep
|turn|52
|
|t:|1757941513
|move|p2a: Enamorus|Moonblast|p1a: Bebou
|-resisted|p1a: Bebou
|-damage|p1a: Bebou|7/100
|-unboost|p1a: Bebou|spa|1
|move|p1a: Bebou|Recover|p1a: Bebou
|-heal|p1a: Bebou|57/100
|
|upkeep
|turn|53
|
|t:|1757941519
|switch|p2a: Pelipper|Pelipper, F|80/100 tox
|-weather|RainDance|[from] ability: Drizzle|[of] p2a: Pelipper
|move|p1a: Bebou|Recover|p1a: Bebou
|-heal|p1a: Bebou|100/100
|
|-weather|RainDance|[upkeep]
|-damage|p2a: Pelipper|74/100 tox|[from] psn
|upkeep
|turn|54
|
|t:|1757941524
|-terastallize|p1a: Bebou|Steel
|move|p2a: Pelipper|Hurricane|p1a: Bebou
|-resisted|p1a: Bebou
|-damage|p1a: Bebou|86/100
|-start|p1a: Bebou|confusion
|-activate|p1a: Bebou|confusion
|-damage|p1a: Bebou|79/100|[from] confusion
|
|-weather|RainDance|[upkeep]
|-damage|p2a: Pelipper|61/100 tox|[from] psn
|upkeep
|turn|55
|
|t:|1757941534
|switch|p2a: Inteleon|Inteleon, F|100/100
|-activate|p1a: Bebou|confusion
|move|p1a: Bebou|Amnesia|p1a: Bebou
|-boost|p1a: Bebou|spd|2
|
|-weather|RainDance|[upkeep]
|upkeep
|turn|56
|c|☆abigweeb|holy shit
|c|☆abigweeb|this is legit the most insufferable battle i have ever done on showdown
|
|t:|1757941561
|switch|p2a: Darkrai|Darkrai|100/100
|switch|p1a: Golden shower|Azumarill, F, shiny|31/100 slp
|
|-weather|RainDance|[upkeep]
|-damage|p1a: Golden shower|19/100 slp|[from] ability: Bad Dreams|[of] p2a: Darkrai
|upkeep
|turn|57
|
|t:|1757941567
|move|p2a: Darkrai|Dark Pulse|p1a: Golden shower
|-resisted|p1a: Golden shower
|-damage|p1a: Golden shower|0 fnt
|faint|p1a: Golden shower
|
|-weather|RainDance|[upkeep]
|upkeep
|
|t:|1757941574
|switch|p1a: Bebou|Clodsire, F, tera:Steel|79/100
|turn|58
|
|t:|1757941576
|move|p2a: Darkrai|Dark Pulse|p1a: Bebou
|-damage|p1a: Bebou|44/100
|move|p1a: Bebou|Amnesia|p1a: Bebou
|-boost|p1a: Bebou|spd|2
|
|-weather|RainDance|[upkeep]
|upkeep
|turn|59
|
|t:|1757941585
|move|p2a: Darkrai|Dark Pulse|p1a: Bebou
|-damage|p1a: Bebou|24/100
|move|p1a: Bebou|Recover|p1a: Bebou
|-heal|p1a: Bebou|74/100
|
|-weather|RainDance|[upkeep]
|upkeep
|turn|60
|
|t:|1757941589
|move|p2a: Darkrai|Dark Pulse|p1a: Bebou
|-damage|p1a: Bebou|55/100
|move|p1a: Bebou|Amnesia|p1a: Bebou
|-boost|p1a: Bebou|spd|2
|
|-weather|none
|upkeep
|turn|61
|
|t:|1757941591
|move|p2a: Darkrai|Dark Pulse|p1a: Bebou
|-damage|p1a: Bebou|42/100
|move|p1a: Bebou|Recover|p1a: Bebou
|-heal|p1a: Bebou|92/100
|
|upkeep
|turn|62
|
|t:|1757941593
|switch|p2a: Enamorus|Enamorus, F, tera:Fairy|77/100
|move|p1a: Bebou|Toxic|p2a: Enamorus
|-status|p2a: Enamorus|tox
|
|-damage|p2a: Enamorus|70/100 tox|[from] psn
|upkeep
|turn|63
|
|t:|1757941602
|move|p2a: Enamorus|Earth Power|p1a: Bebou
|-supereffective|p1a: Bebou
|-damage|p1a: Bebou|80/100
|-unboost|p1a: Bebou|spd|1
|move|p1a: Bebou|Recover|p1a: Bebou
|-heal|p1a: Bebou|100/100
|
|-damage|p2a: Enamorus|58/100 tox|[from] psn
|upkeep
|turn|64
|
|t:|1757941607
|move|p2a: Enamorus|Earth Power|p1a: Bebou
|-supereffective|p1a: Bebou
|-damage|p1a: Bebou|86/100
|move|p1a: Bebou|Amnesia|p1a: Bebou
|-boost|p1a: Bebou|spd|2
|
|-damage|p2a: Enamorus|39/100 tox|[from] psn
|upkeep
|turn|65
|c|☆axoubibou|I know but maybe I can win
|inactive|abigweeb has 120 seconds left.
|c|☆abigweeb|if you have to win by playing a 100 turn battle you shouldnt be playing the game at that point
|
|t:|1757941659
|move|p2a: Enamorus|Earth Power|p1a: Bebou
|-supereffective|p1a: Bebou
|-damage|p1a: Bebou|74/100
|move|p1a: Bebou|Amnesia|p1a: Bebou
|-boost|p1a: Bebou|spd|1
|
|-damage|p2a: Enamorus|14/100 tox|[from] psn
|upkeep
|turn|66
|c|☆axoubibou|I don't think like you, I think is fun
|
|t:|1757941680
|move|p2a: Enamorus|Earth Power|p1a: Bebou
|-supereffective|p1a: Bebou
|-damage|p1a: Bebou|63/100
|move|p1a: Bebou|Recover|p1a: Bebou
|-heal|p1a: Bebou|100/100
|
|-damage|p2a: Enamorus|0 fnt|[from] psn
|faint|p2a: Enamorus
|upkeep
|c|☆abigweeb|you need mental or psychiatric help, that is onjectively not fun and you are just wrong
|
|t:|1757941704
|switch|p2a: Darkrai|Darkrai|100/100
|turn|67
|c|☆axoubibou|nope
|
|t:|1757941711
|move|p2a: Darkrai|Focus Blast|p1a: Bebou
|-supereffective|p1a: Bebou
|-damage|p1a: Bebou|81/100
|move|p1a: Bebou|Toxic|p2a: Darkrai|[miss]
|-miss|p1a: Bebou|p2a: Darkrai
|
|upkeep
|turn|68
|
|t:|1757941715
|move|p2a: Darkrai|Focus Blast|p1a: Bebou
|-supereffective|p1a: Bebou
|-damage|p1a: Bebou|61/100
|move|p1a: Bebou|Toxic|p2a: Darkrai
|-status|p2a: Darkrai|tox
|
|-damage|p2a: Darkrai|94/100 tox|[from] psn
|upkeep
|turn|69
|
|t:|1757941720
|move|p2a: Darkrai|Focus Blast|p1a: Bebou|[miss]
|-miss|p2a: Darkrai|p1a: Bebou
|move|p1a: Bebou|Bulldoze|p2a: Darkrai
|-damage|p2a: Darkrai|73/100 tox
|-unboost|p2a: Darkrai|spe|1
|
|-damage|p2a: Darkrai|61/100 tox|[from] psn
|upkeep
|turn|70
|c|☆abigweeb|no gg, learn to play a fun way freak
|-message|abigweeb forfeited.
|
|win|axoubibou
|raw|axoubibou's rating: 1202 &rarr; <strong>1223</strong><br />(+21 for winning)
|raw|abigweeb's rating: 1151 &rarr; <strong>1130</strong><br />(-21 for losing)
|l|☆abigweeb
|player|p2|
|c|☆axoubibou|everyone can have is own fun
