|j|☆findmyhair
|j|☆Neggets
|t:|1757812765
|gametype|singles
|player|p1|findmyhair|acetrainercouple|1245
|player|p2|Neggets|ninjaboy|1158
|gen|9
|tier|[Gen 9] OU
|rated|
|rule|HP Percentage Mod: HP is shown in percentages
|rule|Endless Battle Clause: Forcing endless battles is banned
|rule|Species Clause: Limit one of each Pokémon
|rule|OHKO Clause: OHKO moves are banned
|rule|Evasion Items Clause: Evasion items are banned
|rule|Evasion Moves Clause: Evasion moves are banned
|rule|Evasion Abilities Clause: Evasion abilities are banned
|rule|Sleep Moves Clause: Sleep-inducing moves are banned
|clearpoke
|poke|p1|Cresselia, F|
|poke|p1|Slowking-Galar, F|
|poke|p1|Iron Hands|
|poke|p1|Ursaluna, F|
|poke|p1|Crawdaunt, M|
|poke|p1|Klefki, F|
|poke|p2|Moltres|
|poke|p2|Great Tusk|
|poke|p2|Torkoal, M|
|poke|p2|Heatran, F|
|poke|p2|Walking Wake|
|poke|p2|Leavanny, F|
|teampreview
|inactive|Battle timer is ON: inactive players will automatically lose when time's up. (requested by findmyhair)
|
|t:|1757812778
|teamsize|p1|6
|teamsize|p2|6
|start
|switch|p1a: Klefki|Klefki, F|100/100
|switch|p2a: Torkoal|Torkoal, M|100/100
|-weather|SunnyDay|[from] ability: Drought|[of] p2a: Torkoal
|turn|1
|
|t:|1757812806
|switch|p1a: Crawdaunt|Crawdaunt, M|100/100
|move|p2a: Torkoal|Shell Smash|p2a: Torkoal
|-unboost|p2a: Torkoal|def|1
|-unboost|p2a: Torkoal|spd|1
|-boost|p2a: Torkoal|atk|2
|-boost|p2a: Torkoal|spa|2
|-boost|p2a: Torkoal|spe|2
|
|-weather|SunnyDay|[upkeep]
|upkeep
|turn|2
|inactive|Neggets has 120 seconds left.
|
|t:|1757812823
|switch|p2a: Leavanny|Leavanny, F, shiny|100/100
|move|p1a: Crawdaunt|Aqua Jet|p2a: Leavanny
|-resisted|p2a: Leavanny
|-damage|p2a: Leavanny|86/100
|-damage|p1a: Crawdaunt|90/100|[from] item: Life Orb
|
|-weather|SunnyDay|[upkeep]
|upkeep
|turn|3
|inactive|Neggets has 120 seconds left.
|
|t:|1757812835
|switch|p1a: Klefki|Klefki, F|100/100
|move|p2a: Leavanny|Solar Beam||[still]
|-prepare|p2a: Leavanny|Solar Beam
|-anim|p2a: Leavanny|Solar Beam|p1a: Klefki
|-resisted|p1a: Klefki
|-damage|p1a: Klefki|72/100
|
|-weather|SunnyDay|[upkeep]
|upkeep
|turn|4
|
|t:|1757812843
|move|p1a: Klefki|Spikes|p2a: Leavanny
|-sidestart|p2: Neggets|Spikes
|move|p2a: Leavanny|Calm Mind|p2a: Leavanny
|-boost|p2a: Leavanny|spa|1
|-boost|p2a: Leavanny|spd|1
|
|-weather|SunnyDay|[upkeep]
|upkeep
|turn|5
|
|t:|1757812854
|move|p1a: Klefki|Light Screen|p1a: Klefki
|-sidestart|p1: findmyhair|move: Light Screen
|move|p2a: Leavanny|Sticky Web|p1a: Klefki
|-sidestart|p1: findmyhair|move: Sticky Web
|
|-weather|SunnyDay|[upkeep]
|upkeep
|turn|6
|
|t:|1757812860
|move|p1a: Klefki|Spikes|p2a: Leavanny
|-sidestart|p2: Neggets|Spikes
|move|p2a: Leavanny|Synthesis|p2a: Leavanny
|-heal|p2a: Leavanny|100/100
|
|-weather|SunnyDay|[upkeep]
|upkeep
|turn|7
|
|t:|1757812866
|move|p1a: Klefki|Spikes|p2a: Leavanny
|-sidestart|p2: Neggets|Spikes
|move|p2a: Leavanny|Calm Mind|p2a: Leavanny
|-boost|p2a: Leavanny|spa|1
|-boost|p2a: Leavanny|spd|1
|
|-weather|SunnyDay|[upkeep]
|upkeep
|turn|8
|
|t:|1757812874
|switch|p1a: Slowking|Slowking-Galar, F|100/100
|-activate|p1a: Slowking|move: Sticky Web
|-unboost|p1a: Slowking|spe|1
|move|p2a: Leavanny|Solar Beam||[still]
|-prepare|p2a: Leavanny|Solar Beam
|-anim|p2a: Leavanny|Solar Beam|p1a: Slowking
|-resisted|p1a: Slowking
|-damage|p1a: Slowking|83/100
|
|-weather|none
|-heal|p1a: Slowking|89/100|[from] item: Black Sludge
|upkeep
|turn|9
|inactive|Neggets has 120 seconds left.
|
|t:|1757812914
|move|p2a: Leavanny|Calm Mind|p2a: Leavanny
|-boost|p2a: Leavanny|spa|1
|-boost|p2a: Leavanny|spd|1
|move|p1a: Slowking|Trick Room|p1a: Slowking
|-fieldstart|move: Trick Room|[of] p1a: Slowking
|
|-heal|p1a: Slowking|95/100|[from] item: Black Sludge
|upkeep
|turn|10
|inactive|Neggets has 120 seconds left.
|
|t:|1757812937
|move|p1a: Slowking|Nasty Plot|p1a: Slowking
|-boost|p1a: Slowking|spa|2
|move|p2a: Leavanny|Synthesis|p2a: Leavanny
|-fail|p2a: Leavanny|heal
|
|-heal|p1a: Slowking|100/100|[from] item: Black Sludge
|upkeep
|turn|11
|
|t:|1757812943
|move|p1a: Slowking|Sludge Bomb|p2a: Leavanny
|-supereffective|p2a: Leavanny
|-damage|p2a: Leavanny|2/100
|move|p2a: Leavanny|Calm Mind|p2a: Leavanny
|-boost|p2a: Leavanny|spa|1
|-boost|p2a: Leavanny|spd|1
|
|upkeep
|turn|12
|inactive|Neggets has 90 seconds left.
|
|t:|1757812983
|switch|p2a: Heatran|Heatran, F|100/100
|-damage|p2a: Heatran|76/100|[from] Spikes
|move|p1a: Slowking|Sludge Bomb|p2a: Heatran
|-immune|p2a: Heatran
|
|-sideend|p1: findmyhair|move: Light Screen
|upkeep
|turn|13
|inactive|Neggets has 90 seconds left.
|
|t:|1757813008
|switch|p2a: Great Tusk|Great Tusk|100/100
|move|p1a: Slowking|Fire Blast|p2a: Great Tusk
|-damage|p2a: Great Tusk|0 fnt
|faint|p2a: Great Tusk
|-end|p2a: Great Tusk|Protosynthesis|[silent]
|
|-fieldend|move: Trick Room
|upkeep
|-message|Neggets forfeited.
|
|win|findmyhair
|raw|findmyhair's rating: 1245 &rarr; <strong>1264</strong><br />(+19 for winning)
|raw|Neggets's rating: 1158 &rarr; <strong>1139</strong><br />(-19 for losing)
|l|☆Neggets
|player|p2|
|c|☆findmyhair|gg
