|j|☆Sadnessi
|j|☆riceyyyy
|t:|1757842154
|gametype|singles
|player|p1|Sadnessi|leon-tower|1514
|player|p2|riceyyyy|firebreather|1590
|gen|9
|tier|[Gen 9] OU
|rated|
|rule|HP Percentage Mod: HP is shown in percentages
|rule|Endless Battle Clause: Forcing endless battles is banned
|rule|Species Clause: Limit one of each Pokémon
|rule|OHKO Clause: OHKO moves are banned
|rule|Evasion Items Clause: Evasion items are banned
|rule|Evasion Moves Clause: Evasion moves are banned
|rule|Evasion Abilities Clause: Evasion abilities are banned
|rule|Sleep Moves Clause: Sleep-inducing moves are banned
|clearpoke
|poke|p1|Zapdos|
|poke|p1|Zamazenta-*|
|poke|p1|Hoopa-Unbound|
|poke|p1|Clodsire, F|
|poke|p1|Clefable, M|
|poke|p1|Cinderace, M|
|poke|p2|Conkeldurr, M|
|poke|p2|Ogerpon-Wellspring, F|
|poke|p2|Ting-Lu|
|poke|p2|Corviknight, M|
|poke|p2|Great Tusk|
|poke|p2|Iron Moth|
|teampreview
|inactive|Battle timer is ON: inactive players will automatically lose when time's up. (requested by riceyyyy)
|inactive|riceyyyy has 120 seconds left.
|inactive|Sadnessi has 120 seconds left.
|inactive|riceyyyy has 90 seconds left.
|inactive|riceyyyy has 60 seconds left.
|inactive|Sadnessi has 90 seconds left.
|
|t:|1757842254
|teamsize|p1|6
|teamsize|p2|6
|start
|switch|p1a: 野心勃勃的灯火，瞬间吞没黑暗的富豪|Cinderace, M|100/100
|switch|p2a: Iron Moth|Iron Moth|100/100
|turn|1
|
|t:|1757842264
|switch|p1a: 在剧毒和钉都不能安抚的夜晚|Clodsire, F|100/100
|move|p2a: Iron Moth|U-turn|p1a: 在剧毒和钉都不能安抚的夜晚
|-resisted|p1a: 在剧毒和钉都不能安抚的夜晚
|-damage|p1a: 在剧毒和钉都不能安抚的夜晚|94/100
|
|t:|1757842266
|-end|p2a: Iron Moth|Quark Drive|[silent]
|switch|p2a: Lizzy V Woman|Ogerpon-Wellspring, F|100/100|[from] U-turn
|
|-heal|p1a: 在剧毒和钉都不能安抚的夜晚|100/100|[from] item: Leftovers
|upkeep
|turn|2
|
|t:|1757842270
|move|p2a: Lizzy V Woman|Ivy Cudgel|p1a: 在剧毒和钉都不能安抚的夜晚|[anim] Ivy Cudgel Water
|-immune|p1a: 在剧毒和钉都不能安抚的夜晚|[from] ability: Water Absorb
|move|p1a: 在剧毒和钉都不能安抚的夜晚|Toxic|p2a: Lizzy V Woman
|-status|p2a: Lizzy V Woman|tox
|
|-damage|p2a: Lizzy V Woman|95/100 tox|[from] psn
|upkeep
|turn|3
|
|t:|1757842277
|switch|p1a: 自认为熟悉了云和闪电的脾气|Zapdos|100/100
|move|p2a: Lizzy V Woman|Power Whip|p1a: 自认为熟悉了云和闪电的脾气
|-resisted|p1a: 自认为熟悉了云和闪电的脾气
|-damage|p1a: 自认为熟悉了云和闪电的脾气|75/100
|
|-damage|p2a: Lizzy V Woman|83/100 tox|[from] psn
|upkeep
|turn|4
|
|t:|1757842303
|switch|p2a: Ting-Lu|Ting-Lu|100/100
|-ability|p2a: Ting-Lu|Vessel of Ruin
|move|p1a: 自认为熟悉了云和闪电的脾气|Hurricane|p2a: Ting-Lu
|-damage|p2a: Ting-Lu|81/100
|-start|p2a: Ting-Lu|confusion
|
|-heal|p2a: Ting-Lu|87/100|[from] item: Leftovers
|upkeep
|turn|5
|
|t:|1757842313
|move|p1a: 自认为熟悉了云和闪电的脾气|U-turn|p2a: Ting-Lu
|-supereffective|p2a: Ting-Lu
|-damage|p2a: Ting-Lu|71/100
|
|t:|1757842315
|switch|p1a: 把一切交付给近战，和重磅的冲撞|Zamazenta|100/100|[from] U-turn
|-ability|p1a: 把一切交付给近战，和重磅的冲撞|Dauntless Shield|boost
|-boost|p1a: 把一切交付给近战，和重磅的冲撞|def|1
|-activate|p2a: Ting-Lu|confusion
|-damage|p2a: Ting-Lu|65/100|[from] confusion
|
|-heal|p2a: Ting-Lu|72/100|[from] item: Leftovers
|upkeep
|turn|6
|
|t:|1757842324
|move|p1a: 把一切交付给近战，和重磅的冲撞|Close Combat|p2a: Ting-Lu
|-supereffective|p2a: Ting-Lu
|-damage|p2a: Ting-Lu|0 fnt
|-unboost|p1a: 把一切交付给近战，和重磅的冲撞|def|1
|-unboost|p1a: 把一切交付给近战，和重磅的冲撞|spd|1
|faint|p2a: Ting-Lu
|
|upkeep
|
|t:|1757842331
|switch|p2a: Corviknight|Corviknight, M|100/100
|turn|7
|
|t:|1757842336
|switch|p1a: 自认为熟悉了云和闪电的脾气|Zapdos|75/100
|switch|p2a: Conkeldurr|Conkeldurr, M, shiny|100/100
|
|-status|p2a: Conkeldurr|brn|[from] item: Flame Orb
|upkeep
|turn|8
|
|t:|1757842347
|switch|p2a: Iron Moth|Iron Moth|100/100
|move|p1a: 自认为熟悉了云和闪电的脾气|U-turn|p2a: Iron Moth
|-resisted|p2a: Iron Moth
|-damage|p2a: Iron Moth|95/100
|
|t:|1757842352
|switch|p1a: 面向预知的未来，只打UT看不到胡帕|Hoopa-Unbound|100/100|[from] U-turn
|
|upkeep
|turn|9
|
|t:|1757842355
|move|p2a: Iron Moth|U-turn|p1a: 面向预知的未来，只打UT看不到胡帕
|-supereffective|p1a: 面向预知的未来，只打UT看不到胡帕
|-damage|p1a: 面向预知的未来，只打UT看不到胡帕|27/100
|
|t:|1757842357
|-end|p2a: Iron Moth|Quark Drive|[silent]
|switch|p2a: Corviknight|Corviknight, M|100/100|[from] U-turn
|move|p1a: 面向预知的未来，只打UT看不到胡帕|Psychic|p2a: Corviknight
|-resisted|p2a: Corviknight
|-damage|p2a: Corviknight|73/100
|
|upkeep
|turn|10
|
|t:|1757842363
|switch|p1a: 自认为熟悉了云和闪电的脾气|Zapdos|75/100
|switch|p2a: Iron Moth|Iron Moth|95/100
|
|upkeep
|turn|11
|
|t:|1757842373
|switch|p1a: 面向预知的未来，只打UT看不到胡帕|Hoopa-Unbound|27/100
|move|p2a: Iron Moth|Fiery Dance|p1a: 面向预知的未来，只打UT看不到胡帕
|-damage|p1a: 面向预知的未来，只打UT看不到胡帕|0 fnt
|faint|p1a: 面向预知的未来，只打UT看不到胡帕
|
|upkeep
|
|t:|1757842382
|switch|p1a: 把一切交付给近战，和重磅的冲撞|Zamazenta|100/100
|turn|12
|inactive|riceyyyy has 120 seconds left.
|inactive|riceyyyy has 90 seconds left.
|
|t:|1757842443
|-end|p2a: Iron Moth|Quark Drive|[silent]
|switch|p2a: Corviknight|Corviknight, M|73/100
|move|p1a: 把一切交付给近战，和重磅的冲撞|Stone Edge|p2a: Corviknight|[miss]
|-miss|p1a: 把一切交付给近战，和重磅的冲撞|p2a: Corviknight
|
|upkeep
|turn|13
|inactive|riceyyyy has 90 seconds left.
|
|t:|1757842458
|switch|p1a: 自认为熟悉了云和闪电的脾气|Zapdos|75/100
|switch|p2a: Conkeldurr|Conkeldurr, M, shiny|100/100 brn
|
|-damage|p2a: Conkeldurr|94/100 brn|[from] brn
|upkeep
|turn|14
|inactive|riceyyyy has 90 seconds left.
|
|t:|1757842488
|switch|p2a: Iron Moth|Iron Moth|95/100
|move|p1a: 自认为熟悉了云和闪电的脾气|Hurricane|p2a: Iron Moth
|-damage|p2a: Iron Moth|50/100
|-start|p2a: Iron Moth|confusion
|
|upkeep
|turn|15
|
|t:|1757842504
|switch|p1a: 在剧毒和钉都不能安抚的夜晚|Clodsire, F|100/100
|-activate|p2a: Iron Moth|confusion
|move|p2a: Iron Moth|U-turn|p1a: 在剧毒和钉都不能安抚的夜晚
|-resisted|p1a: 在剧毒和钉都不能安抚的夜晚
|-damage|p1a: 在剧毒和钉都不能安抚的夜晚|94/100
|
|t:|1757842507
|-end|p2a: Iron Moth|Quark Drive|[silent]
|switch|p2a: Conkeldurr|Conkeldurr, M, shiny|94/100 brn|[from] U-turn
|
|-heal|p1a: 在剧毒和钉都不能安抚的夜晚|100/100|[from] item: Leftovers
|-damage|p2a: Conkeldurr|88/100 brn|[from] brn
|upkeep
|turn|16
|
|t:|1757842521
|switch|p1a: 这颗cosmic所有的power|Clefable, M|100/100
|move|p2a: Conkeldurr|Facade|p1a: 这颗cosmic所有的power
|-damage|p1a: 这颗cosmic所有的power|42/100
|
|-heal|p1a: 这颗cosmic所有的power|48/100|[from] item: Leftovers
|-damage|p2a: Conkeldurr|82/100 brn|[from] brn
|upkeep
|turn|17
|
|t:|1757842546
|move|p1a: 这颗cosmic所有的power|Cosmic Power|p1a: 这颗cosmic所有的power
|-boost|p1a: 这颗cosmic所有的power|def|1
|-boost|p1a: 这颗cosmic所有的power|spd|1
|move|p2a: Conkeldurr|Facade|p1a: 这颗cosmic所有的power
|-damage|p1a: 这颗cosmic所有的power|2/100
|
|-heal|p1a: 这颗cosmic所有的power|8/100|[from] item: Leftovers
|-damage|p2a: Conkeldurr|76/100 brn|[from] brn
|upkeep
|turn|18
|
|t:|1757842550
|move|p2a: Conkeldurr|Mach Punch|p1a: 这颗cosmic所有的power
|-resisted|p1a: 这颗cosmic所有的power
|-damage|p1a: 这颗cosmic所有的power|0 fnt
|faint|p1a: 这颗cosmic所有的power
|
|-damage|p2a: Conkeldurr|70/100 brn|[from] brn
|upkeep
|
|t:|1757842554
|switch|p1a: 自认为熟悉了云和闪电的脾气|Zapdos|75/100
|turn|19
|
|t:|1757842564
|-terastallize|p2a: Conkeldurr|Normal
|move|p1a: 自认为熟悉了云和闪电的脾气|U-turn|p2a: Conkeldurr
|-damage|p2a: Conkeldurr|59/100 brn
|
|t:|1757842579
|switch|p1a: 野心勃勃的灯火，瞬间吞没黑暗的富豪|Cinderace, M|100/100|[from] U-turn
|move|p2a: Conkeldurr|Facade|p1a: 野心勃勃的灯火，瞬间吞没黑暗的富豪
|-damage|p1a: 野心勃勃的灯火，瞬间吞没黑暗的富豪|0 fnt
|faint|p1a: 野心勃勃的灯火，瞬间吞没黑暗的富豪
|
|-damage|p2a: Conkeldurr|53/100 brn|[from] brn
|upkeep
|
|t:|1757842582
|switch|p1a: 把一切交付给近战，和重磅的冲撞|Zamazenta|100/100
|turn|20
|
|t:|1757842602
|-terastallize|p1a: 把一切交付给近战，和重磅的冲撞|Fighting
|move|p2a: Conkeldurr|Mach Punch|p1a: 把一切交付给近战，和重磅的冲撞
|-damage|p1a: 把一切交付给近战，和重磅的冲撞|64/100
|move|p1a: 把一切交付给近战，和重磅的冲撞|Close Combat|p2a: Conkeldurr
|-supereffective|p2a: Conkeldurr
|-damage|p2a: Conkeldurr|0 fnt
|-unboost|p1a: 把一切交付给近战，和重磅的冲撞|def|1
|-unboost|p1a: 把一切交付给近战，和重磅的冲撞|spd|1
|faint|p2a: Conkeldurr
|
|upkeep
|
|t:|1757842611
|switch|p2a: Corviknight|Corviknight, M|73/100
|turn|21
|
|t:|1757842616
|switch|p1a: 自认为熟悉了云和闪电的脾气|Zapdos|75/100
|move|p2a: Corviknight|Roost|p2a: Corviknight
|-heal|p2a: Corviknight|100/100
|-singleturn|p2a: Corviknight|move: Roost
|
|upkeep
|turn|22
|
|t:|1757842636
|move|p1a: 自认为熟悉了云和闪电的脾气|Roost|p1a: 自认为熟悉了云和闪电的脾气
|-heal|p1a: 自认为熟悉了云和闪电的脾气|100/100
|-singleturn|p1a: 自认为熟悉了云和闪电的脾气|move: Roost
|move|p2a: Corviknight|Body Press|p1a: 自认为熟悉了云和闪电的脾气
|-damage|p1a: 自认为熟悉了云和闪电的脾气|81/100
|
|upkeep
|turn|23
|
|t:|1757842640
|switch|p2a: Iron Moth|Iron Moth|50/100
|move|p1a: 自认为熟悉了云和闪电的脾气|Thunderbolt|p2a: Iron Moth
|-damage|p2a: Iron Moth|14/100
|
|upkeep
|turn|24
|
|t:|1757842657
|switch|p1a: 在剧毒和钉都不能安抚的夜晚|Clodsire, F|100/100
|move|p2a: Iron Moth|Fiery Dance|p1a: 在剧毒和钉都不能安抚的夜晚
|-damage|p1a: 在剧毒和钉都不能安抚的夜晚|66/100
|-boost|p2a: Iron Moth|spa|1
|
|-heal|p1a: 在剧毒和钉都不能安抚的夜晚|72/100|[from] item: Leftovers
|upkeep
|turn|25
|inactive|riceyyyy has 120 seconds left.
|
|t:|1757842678
|move|p2a: Iron Moth|Fiery Dance|p1a: 在剧毒和钉都不能安抚的夜晚
|-damage|p1a: 在剧毒和钉都不能安抚的夜晚|18/100
|-boost|p2a: Iron Moth|spa|1
|move|p1a: 在剧毒和钉都不能安抚的夜晚|Poison Jab|p2a: Iron Moth
|-resisted|p2a: Iron Moth
|-damage|p2a: Iron Moth|0 fnt
|faint|p2a: Iron Moth
|-end|p2a: Iron Moth|Quark Drive|[silent]
|
|-heal|p1a: 在剧毒和钉都不能安抚的夜晚|24/100|[from] item: Leftovers
|upkeep
|inactive|riceyyyy has 90 seconds left.
|
|t:|1757842708
|switch|p2a: Lizzy V Woman|Ogerpon-Wellspring, F|83/100 tox
|turn|26
|inactive|riceyyyy has 90 seconds left.
|
|t:|1757842724
|move|p2a: Lizzy V Woman|Swords Dance|p2a: Lizzy V Woman
|-boost|p2a: Lizzy V Woman|atk|2
|move|p1a: 在剧毒和钉都不能安抚的夜晚|Recover|p1a: 在剧毒和钉都不能安抚的夜晚
|-heal|p1a: 在剧毒和钉都不能安抚的夜晚|74/100
|
|-heal|p1a: 在剧毒和钉都不能安抚的夜晚|80/100|[from] item: Leftovers
|-damage|p2a: Lizzy V Woman|77/100 tox|[from] psn
|upkeep
|turn|27
|
|t:|1757842733
|move|p2a: Lizzy V Woman|Power Whip|p1a: 在剧毒和钉都不能安抚的夜晚
|-damage|p1a: 在剧毒和钉都不能安抚的夜晚|0 fnt
|faint|p1a: 在剧毒和钉都不能安抚的夜晚
|
|-damage|p2a: Lizzy V Woman|65/100 tox|[from] psn
|upkeep
|
|t:|1757842736
|switch|p1a: 把一切交付给近战，和重磅的冲撞|Zamazenta, tera:Fighting|64/100
|turn|28
|
|t:|1757842744
|switch|p2a: Corviknight|Corviknight, M|100/100
|move|p1a: 把一切交付给近战，和重磅的冲撞|Close Combat|p2a: Corviknight
|-damage|p2a: Corviknight|28/100
|-unboost|p1a: 把一切交付给近战，和重磅的冲撞|def|1
|-unboost|p1a: 把一切交付给近战，和重磅的冲撞|spd|1
|-damage|p1a: 把一切交付给近战，和重磅的冲撞|48/100|[from] item: Rocky Helmet|[of] p2a: Corviknight
|
|upkeep
|turn|29
|
|t:|1757842759
|move|p1a: 把一切交付给近战，和重磅的冲撞|Close Combat|p2a: Corviknight
|-damage|p2a: Corviknight|0 fnt
|-unboost|p1a: 把一切交付给近战，和重磅的冲撞|def|1
|-unboost|p1a: 把一切交付给近战，和重磅的冲撞|spd|1
|-damage|p1a: 把一切交付给近战，和重磅的冲撞|31/100|[from] item: Rocky Helmet|[of] p2a: Corviknight
|faint|p2a: Corviknight
|
|upkeep
|inactive|riceyyyy has 90 seconds left.
|inactive|riceyyyy has 60 seconds left.
|inactive|riceyyyy has 30 seconds left.
|inactive|riceyyyy has 20 seconds left.
|inactive|riceyyyy has 15 seconds left.
|inactive|riceyyyy has 10 seconds left.
|inactive|riceyyyy has 5 seconds left.
|
|t:|1757842867
|switch|p2a: Great Tusk|Great Tusk|100/100
|-enditem|p2a: Great Tusk|Booster Energy
|-activate|p2a: Great Tusk|ability: Protosynthesis|[fromitem]
|-start|p2a: Great Tusk|protosynthesisspe
|turn|30
|inactive|riceyyyy has 15 seconds left this turn.
|inactive|riceyyyy has 10 seconds left.
|inactive|riceyyyy has 5 seconds left.
|
|t:|1757842880
|move|p2a: Great Tusk|Ice Spinner|p1a: 把一切交付给近战，和重磅的冲撞
|-damage|p1a: 把一切交付给近战，和重磅的冲撞|0 fnt
|faint|p1a: 把一切交付给近战，和重磅的冲撞
|
|upkeep
|
|t:|1757842883
|switch|p1a: 自认为熟悉了云和闪电的脾气|Zapdos|81/100
|turn|31
|inactive|riceyyyy has 20 seconds left this turn.
|
|t:|1757842889
|move|p2a: Great Tusk|Ice Spinner|p1a: 自认为熟悉了云和闪电的脾气
|-supereffective|p1a: 自认为熟悉了云和闪电的脾气
|-damage|p1a: 自认为熟悉了云和闪电的脾气|45/100
|-status|p2a: Great Tusk|par|[from] ability: Static|[of] p1a: 自认为熟悉了云和闪电的脾气
|move|p1a: 自认为熟悉了云和闪电的脾气|Roost|p1a: 自认为熟悉了云和闪电的脾气
|-heal|p1a: 自认为熟悉了云和闪电的脾气|95/100
|-singleturn|p1a: 自认为熟悉了云和闪电的脾气|move: Roost
|
|upkeep
|turn|32
|inactive|riceyyyy has 30 seconds left this turn.
|
|t:|1757842896
|move|p1a: 自认为熟悉了云和闪电的脾气|Hurricane|p2a: Great Tusk
|-supereffective|p2a: Great Tusk
|-crit|p2a: Great Tusk
|-damage|p2a: Great Tusk|0 fnt
|faint|p2a: Great Tusk
|-end|p2a: Great Tusk|Protosynthesis|[silent]
|
|upkeep
|inactive|riceyyyy has 30 seconds left this turn.
|
|t:|1757842898
|switch|p2a: Lizzy V Woman|Ogerpon-Wellspring, F|65/100 tox
|turn|33
|c|☆Sadnessi|gg
|
|t:|1757842906
|move|p2a: Lizzy V Woman|Swords Dance|p2a: Lizzy V Woman
|-boost|p2a: Lizzy V Woman|atk|2
|move|p1a: 自认为熟悉了云和闪电的脾气|Hurricane|p2a: Lizzy V Woman|[miss]
|-miss|p1a: 自认为熟悉了云和闪电的脾气|p2a: Lizzy V Woman
|
|-damage|p2a: Lizzy V Woman|59/100 tox|[from] psn
|upkeep
|turn|34
|
|t:|1757842909
|move|p2a: Lizzy V Woman|Ivy Cudgel|p1a: 自认为熟悉了云和闪电的脾气|[anim] Ivy Cudgel Water
|-damage|p1a: 自认为熟悉了云和闪电的脾气|4/100
|move|p1a: 自认为熟悉了云和闪电的脾气|Hurricane|p2a: Lizzy V Woman
|-supereffective|p2a: Lizzy V Woman
|-damage|p2a: Lizzy V Woman|0 fnt
|faint|p2a: Lizzy V Woman
|
|win|Sadnessi
|raw|Sadnessi's rating: 1514 &rarr; <strong>1538</strong><br />(+24 for winning)
|raw|riceyyyy's rating: 1590 &rarr; <strong>1566</strong><br />(-24 for losing)
|c|☆riceyyyy|gg
|l|☆riceyyyy
|player|p2|
