|j|☆chonkyybb
|j|☆singaman69
|t:|1757826128
|gametype|singles
|player|p1|chonkyybb|elesa|1106
|player|p2|singaman69|2|1147
|gen|9
|tier|[Gen 9] OU
|rated|
|rule|HP Percentage Mod: HP is shown in percentages
|rule|Endless Battle Clause: Forcing endless battles is banned
|rule|Species Clause: Limit one of each Pokémon
|rule|OHKO Clause: OHKO moves are banned
|rule|Evasion Items Clause: Evasion items are banned
|rule|Evasion Moves Clause: Evasion moves are banned
|rule|Evasion Abilities Clause: Evasion abilities are banned
|rule|Sleep Moves Clause: Sleep-inducing moves are banned
|clearpoke
|poke|p1|Milotic, F|
|poke|p1|Clodsire, M|
|poke|p1|Pelipper, F|
|poke|p1|Garganacl, M|
|poke|p1|Weezing-Galar, F|
|poke|p1|Tinkaton, F|
|poke|p2|Great Tusk|
|poke|p2|Kingambit, M|
|poke|p2|Krookodile, M|
|poke|p2|Gholdengo|
|poke|p2|Ting-Lu|
|poke|p2|Ogerpon-Wellspring, F|
|teampreview
|
|t:|1757826134
|teamsize|p1|6
|teamsize|p2|6
|start
|switch|p1a: Pelipper|Pelipper, F|100/100
|switch|p2a: Ting-Lu|Ting-Lu, shiny|100/100
|-weather|RainDance|[from] ability: Drizzle|[of] p1a: Pelipper
|-ability|p2a: Ting-Lu|Vessel of Ruin
|turn|1
|
|t:|1757826144
|switch|p1a: Milotic|Milotic, F|100/100
|move|p2a: Ting-Lu|Stealth Rock|p1a: Milotic
|-sidestart|p1: chonkyybb|move: Stealth Rock
|
|-weather|RainDance|[upkeep]
|-status|p1a: Milotic|brn|[from] item: Flame Orb
|upkeep
|turn|2
|
|t:|1757826154
|move|p1a: Milotic|Scald|p2a: Ting-Lu
|-supereffective|p2a: Ting-Lu
|-damage|p2a: Ting-Lu|60/100
|move|p2a: Ting-Lu|Ruination|p1a: Milotic
|-damage|p1a: Milotic|50/100 brn
|
|-weather|RainDance|[upkeep]
|-heal|p2a: Ting-Lu|66/100|[from] item: Leftovers
|-damage|p1a: Milotic|44/100 brn|[from] brn
|upkeep
|turn|3
|
|t:|1757826173
|switch|p1a: Weezing|Weezing-Galar, F|100/100
|-damage|p1a: Weezing|88/100|[from] Stealth Rock
|move|p2a: Ting-Lu|Whirlwind|p1a: Weezing
|drag|p1a: Tinkaton|Tinkaton, F|100/100
|-damage|p1a: Tinkaton|94/100|[from] Stealth Rock
|-ability|p1a: Tinkaton|Mold Breaker
|
|-weather|RainDance|[upkeep]
|-heal|p1a: Tinkaton|100/100|[from] item: Leftovers
|-heal|p2a: Ting-Lu|72/100|[from] item: Leftovers
|upkeep
|turn|4
|
|t:|1757826189
|move|p1a: Tinkaton|Knock Off|p2a: Ting-Lu
|-resisted|p2a: Ting-Lu
|-damage|p2a: Ting-Lu|66/100
|-enditem|p2a: Ting-Lu|Leftovers|[from] move: Knock Off|[of] p1a: Tinkaton
|move|p2a: Ting-Lu|Earthquake|p1a: Tinkaton
|-supereffective|p1a: Tinkaton
|-damage|p1a: Tinkaton|0 fnt
|faint|p1a: Tinkaton
|
|-weather|RainDance|[upkeep]
|upkeep
|
|t:|1757826201
|switch|p1a: Weezing|Weezing-Galar, F|88/100
|-damage|p1a: Weezing|76/100|[from] Stealth Rock
|turn|5
|
|t:|1757826208
|move|p1a: Weezing|Toxic|p2a: Ting-Lu
|-status|p2a: Ting-Lu|tox
|move|p2a: Ting-Lu|Whirlwind|p1a: Weezing
|drag|p1a: Pelipper|Pelipper, F|100/100
|-damage|p1a: Pelipper|75/100|[from] Stealth Rock
|
|-weather|none
|-heal|p1a: Pelipper|82/100|[from] item: Leftovers
|-damage|p2a: Ting-Lu|60/100 tox|[from] psn
|upkeep
|turn|6
|
|t:|1757826225
|move|p1a: Pelipper|Ice Beam|p2a: Ting-Lu
|-supereffective|p2a: Ting-Lu
|-damage|p2a: Ting-Lu|41/100 tox
|move|p2a: Ting-Lu|Whirlwind|p1a: Pelipper
|drag|p1a: Clodsire|Clodsire, M|100/100
|-damage|p1a: Clodsire|94/100|[from] Stealth Rock
|
|-heal|p1a: Clodsire|100/100|[from] item: Leftovers
|-damage|p2a: Ting-Lu|28/100 tox|[from] psn
|upkeep
|turn|7
|
|t:|1757826237
|move|p1a: Clodsire|Protect|p1a: Clodsire
|-singleturn|p1a: Clodsire|Protect
|move|p2a: Ting-Lu|Earthquake|p1a: Clodsire
|-activate|p1a: Clodsire|move: Protect
|
|-damage|p2a: Ting-Lu|10/100 tox|[from] psn
|upkeep
|turn|8
|
|t:|1757826247
|switch|p1a: Weezing|Weezing-Galar, F|76/100
|-damage|p1a: Weezing|64/100|[from] Stealth Rock
|move|p2a: Ting-Lu|Earthquake|p1a: Weezing
|-immune|p1a: Weezing|[from] ability: Levitate
|
|-heal|p1a: Weezing|70/100|[from] item: Leftovers
|-damage|p2a: Ting-Lu|0 fnt|[from] psn
|faint|p2a: Ting-Lu
|upkeep
|
|t:|1757826258
|switch|p2a: Gholdengo|Gholdengo, shiny|100/100
|-item|p2a: Gholdengo|Air Balloon
|turn|9
|
|t:|1757826264
|move|p2a: Gholdengo|Nasty Plot|p2a: Gholdengo
|-boost|p2a: Gholdengo|spa|2
|move|p1a: Weezing|Strange Steam|p2a: Gholdengo
|-resisted|p2a: Gholdengo
|-damage|p2a: Gholdengo|85/100
|-enditem|p2a: Gholdengo|Air Balloon
|
|-heal|p1a: Weezing|76/100|[from] item: Leftovers
|upkeep
|turn|10
|
|t:|1757826277
|switch|p1a: Clodsire|Clodsire, M|100/100
|-damage|p1a: Clodsire|94/100|[from] Stealth Rock
|move|p2a: Gholdengo|Make It Rain|p1a: Clodsire
|-damage|p1a: Clodsire|32/100
|-unboost|p2a: Gholdengo|spa|1
|
|-heal|p1a: Clodsire|38/100|[from] item: Leftovers
|upkeep
|turn|11
|
|t:|1757826293
|move|p1a: Clodsire|Protect|p1a: Clodsire
|-singleturn|p1a: Clodsire|Protect
|move|p2a: Gholdengo|Shadow Ball|p1a: Clodsire
|-activate|p1a: Clodsire|move: Protect
|
|-heal|p1a: Clodsire|45/100|[from] item: Leftovers
|upkeep
|turn|12
|
|t:|1757826311
|switch|p1a: Garganacl|Garganacl, M|100/100
|-damage|p1a: Garganacl|88/100|[from] Stealth Rock
|move|p2a: Gholdengo|Shadow Ball|p1a: Garganacl
|-damage|p1a: Garganacl|57/100
|
|-heal|p1a: Garganacl|63/100|[from] item: Leftovers
|upkeep
|turn|13
|
|t:|1757826322
|move|p2a: Gholdengo|Nasty Plot|p2a: Gholdengo
|-boost|p2a: Gholdengo|spa|2
|move|p1a: Garganacl|Salt Cure|p2a: Gholdengo
|-resisted|p2a: Gholdengo
|-damage|p2a: Gholdengo|78/100
|-start|p2a: Gholdengo|Salt Cure
|
|-heal|p1a: Garganacl|69/100|[from] item: Leftovers
|-damage|p2a: Gholdengo|53/100|[from] Salt Cure
|upkeep
|turn|14
|
|t:|1757826333
|move|p2a: Gholdengo|Make It Rain|p1a: Garganacl
|-supereffective|p1a: Garganacl
|-damage|p1a: Garganacl|0 fnt
|-unboost|p2a: Gholdengo|spa|1
|faint|p1a: Garganacl
|
|-damage|p2a: Gholdengo|28/100|[from] Salt Cure
|upkeep
|
|t:|1757826342
|switch|p1a: Milotic|Milotic, F|44/100 brn
|-damage|p1a: Milotic|32/100 brn|[from] Stealth Rock
|turn|15
|
|t:|1757826358
|move|p2a: Gholdengo|Shadow Ball|p1a: Milotic
|-damage|p1a: Milotic|0 fnt
|faint|p1a: Milotic
|
|-damage|p2a: Gholdengo|4/100|[from] Salt Cure
|upkeep
|
|t:|1757826367
|switch|p1a: Clodsire|Clodsire, M|45/100
|-damage|p1a: Clodsire|38/100|[from] Stealth Rock
|turn|16
|
|t:|1757826373
|move|p2a: Gholdengo|Recover|p2a: Gholdengo
|-heal|p2a: Gholdengo|54/100
|move|p1a: Clodsire|Recover|p1a: Clodsire
|-heal|p1a: Clodsire|88/100
|
|-heal|p1a: Clodsire|95/100|[from] item: Leftovers
|-damage|p2a: Gholdengo|29/100|[from] Salt Cure
|upkeep
|turn|17
|
|t:|1757826383
|move|p1a: Clodsire|Protect|p1a: Clodsire
|-singleturn|p1a: Clodsire|Protect
|move|p2a: Gholdengo|Recover|p2a: Gholdengo
|-heal|p2a: Gholdengo|79/100
|
|-heal|p1a: Clodsire|100/100|[from] item: Leftovers
|-damage|p2a: Gholdengo|54/100|[from] Salt Cure
|upkeep
|turn|18
|
|t:|1757826392
|move|p2a: Gholdengo|Recover|p2a: Gholdengo
|-heal|p2a: Gholdengo|100/100
|move|p1a: Clodsire|Earthquake|p2a: Gholdengo
|-supereffective|p2a: Gholdengo
|-damage|p2a: Gholdengo|36/100
|
|-damage|p2a: Gholdengo|11/100|[from] Salt Cure
|upkeep
|turn|19
|
|t:|1757826403
|move|p2a: Gholdengo|Recover|p2a: Gholdengo
|-heal|p2a: Gholdengo|61/100
|move|p1a: Clodsire|Earthquake|p2a: Gholdengo
|-supereffective|p2a: Gholdengo
|-damage|p2a: Gholdengo|1/100
|
|-damage|p2a: Gholdengo|0 fnt|[from] Salt Cure
|faint|p2a: Gholdengo
|upkeep
|
|t:|1757826412
|switch|p2a: KrookoGOD|Krookodile, M|100/100
|-ability|p2a: KrookoGOD|Intimidate|boost
|-unboost|p1a: Clodsire|atk|1
|turn|20
|
|t:|1757826419
|-terastallize|p1a: Clodsire|Flying
|move|p2a: KrookoGOD|Bulk Up|p2a: KrookoGOD
|-boost|p2a: KrookoGOD|atk|1
|-boost|p2a: KrookoGOD|def|1
|move|p1a: Clodsire|Toxic|p2a: KrookoGOD
|-status|p2a: KrookoGOD|tox
|
|-damage|p2a: KrookoGOD|94/100 tox|[from] psn
|upkeep
|turn|21
|
|t:|1757826436
|switch|p1a: Weezing|Weezing-Galar, F|76/100
|-damage|p1a: Weezing|63/100|[from] Stealth Rock
|move|p2a: KrookoGOD|Bulk Up|p2a: KrookoGOD
|-boost|p2a: KrookoGOD|atk|1
|-boost|p2a: KrookoGOD|def|1
|
|-heal|p2a: KrookoGOD|100/100 tox|[from] item: Leftovers
|-heal|p1a: Weezing|69/100|[from] item: Leftovers
|-damage|p2a: KrookoGOD|88/100 tox|[from] psn
|upkeep
|turn|22
|
|t:|1757826449
|move|p2a: KrookoGOD|Stone Edge|p1a: Weezing
|-damage|p1a: Weezing|30/100
|move|p1a: Weezing|Clear Smog|p2a: KrookoGOD
|-resisted|p2a: KrookoGOD
|-damage|p2a: KrookoGOD|79/100 tox
|-clearboost|p2a: KrookoGOD
|
|-heal|p2a: KrookoGOD|85/100 tox|[from] item: Leftovers
|-heal|p1a: Weezing|36/100|[from] item: Leftovers
|-damage|p2a: KrookoGOD|67/100 tox|[from] psn
|upkeep
|turn|23
|
|t:|1757826465
|move|p1a: Weezing|Protect|p1a: Weezing
|-singleturn|p1a: Weezing|Protect
|move|p2a: KrookoGOD|Stone Edge|p1a: Weezing
|-activate|p1a: Weezing|move: Protect
|
|-heal|p2a: KrookoGOD|73/100 tox|[from] item: Leftovers
|-heal|p1a: Weezing|42/100|[from] item: Leftovers
|-damage|p2a: KrookoGOD|48/100 tox|[from] psn
|upkeep
|turn|24
|
|t:|1757826475
|move|p2a: KrookoGOD|Stone Edge|p1a: Weezing
|-damage|p1a: Weezing|22/100
|move|p1a: Weezing|Strange Steam|p2a: KrookoGOD
|-supereffective|p2a: KrookoGOD
|-damage|p2a: KrookoGOD|0 fnt
|faint|p2a: KrookoGOD
|
|-heal|p1a: Weezing|28/100|[from] item: Leftovers
|upkeep
|
|t:|1757826483
|switch|p2a: Great Tusk|Great Tusk|100/100
|turn|25
|
|t:|1757826489
|move|p2a: Great Tusk|Stealth Rock||[still]
|-fail|p2a: Great Tusk
|move|p1a: Weezing|Toxic|p2a: Great Tusk
|-status|p2a: Great Tusk|tox
|
|-heal|p1a: Weezing|34/100|[from] item: Leftovers
|-damage|p2a: Great Tusk|94/100 tox|[from] psn
|upkeep
|turn|26
|
|t:|1757826499
|move|p1a: Weezing|Protect|p1a: Weezing
|-singleturn|p1a: Weezing|Protect
|move|p2a: Great Tusk|Knock Off|p1a: Weezing
|-activate|p1a: Weezing|move: Protect
|
|-heal|p1a: Weezing|40/100|[from] item: Leftovers
|-damage|p2a: Great Tusk|82/100 tox|[from] psn
|upkeep
|turn|27
|
|t:|1757826509
|move|p2a: Great Tusk|Knock Off|p1a: Weezing
|-resisted|p1a: Weezing
|-damage|p1a: Weezing|31/100
|-enditem|p1a: Weezing|Leftovers|[from] move: Knock Off|[of] p2a: Great Tusk
|move|p1a: Weezing|Strange Steam|p2a: Great Tusk
|-supereffective|p2a: Great Tusk
|-damage|p2a: Great Tusk|14/100 tox
|
|-damage|p2a: Great Tusk|0 fnt|[from] psn
|faint|p2a: Great Tusk
|-end|p2a: Great Tusk|Protosynthesis|[silent]
|upkeep
|
|t:|1757826521
|switch|p2a: Ogerpon|Ogerpon-Wellspring, F|100/100
|turn|28
|
|t:|1757826529
|-terastallize|p2a: Ogerpon|Water
|detailschange|p2a: Ogerpon|Ogerpon-Wellspring-Tera, F, tera:Water
|-ability|p2a: Ogerpon|Embody Aspect (Wellspring)|boost
|-boost|p2a: Ogerpon|spd|1
|move|p2a: Ogerpon|Horn Leech|p1a: Weezing
|-resisted|p1a: Weezing
|-damage|p1a: Weezing|17/100
|move|p1a: Weezing|Toxic|p2a: Ogerpon
|-status|p2a: Ogerpon|tox
|
|-damage|p2a: Ogerpon|95/100 tox|[from] psn
|upkeep
|turn|29
|
|t:|1757826543
|move|p2a: Ogerpon|Ivy Cudgel|p1a: Weezing|[anim] Ivy Cudgel Water
|-damage|p1a: Weezing|0 fnt
|faint|p1a: Weezing
|
|-damage|p2a: Ogerpon|83/100 tox|[from] psn
|upkeep
|
|t:|1757826553
|switch|p1a: Pelipper|Pelipper, F|82/100
|-damage|p1a: Pelipper|57/100|[from] Stealth Rock
|-weather|RainDance|[from] ability: Drizzle|[of] p1a: Pelipper
|turn|30
|
|t:|1757826559
|move|p1a: Pelipper|Protect|p1a: Pelipper
|-singleturn|p1a: Pelipper|Protect
|move|p2a: Ogerpon|Swords Dance|p2a: Ogerpon
|-boost|p2a: Ogerpon|atk|2
|
|-weather|RainDance|[upkeep]
|-heal|p1a: Pelipper|63/100|[from] item: Leftovers
|-damage|p2a: Ogerpon|65/100 tox|[from] psn
|upkeep
|turn|31
|
|t:|1757826572
|move|p2a: Ogerpon|Horn Leech|p1a: Pelipper
|-damage|p1a: Pelipper|0 fnt
|-heal|p2a: Ogerpon|98/100 tox|[from] drain|[of] p1a: Pelipper
|faint|p1a: Pelipper
|
|-weather|RainDance|[upkeep]
|-damage|p2a: Ogerpon|74/100 tox|[from] psn
|upkeep
|
|t:|1757826580
|switch|p1a: Clodsire|Clodsire, M, tera:Flying|100/100
|-damage|p1a: Clodsire|75/100|[from] Stealth Rock
|turn|32
|
|t:|1757826596
|move|p2a: Ogerpon|Knock Off|p1a: Clodsire
|-damage|p1a: Clodsire|0 fnt
|-enditem|p1a: Clodsire|Leftovers|[from] move: Knock Off|[of] p2a: Ogerpon
|faint|p1a: Clodsire
|
|win|singaman69
|raw|chonkyybb's rating: 1106 &rarr; <strong>1084</strong><br />(-22 for losing)
|raw|singaman69's rating: 1147 &rarr; <strong>1169</strong><br />(+22 for winning)
|l|☆singaman69
|player|p2|
|l|☆chonkyybb
|player|p1|
