|j|☆ABraviousTinkaton
|j|☆mkyn
|t:|1757843482
|gametype|singles
|player|p1|ABraviousTinkaton|miku-ice|1626
|player|p2|mkyn|265|1640
|gen|9
|tier|[Gen 9] OU
|rated|
|rule|HP Percentage Mod: HP is shown in percentages
|rule|Endless Battle Clause: Forcing endless battles is banned
|rule|Species Clause: Limit one of each Pokémon
|rule|OHKO Clause: OHKO moves are banned
|rule|Evasion Items Clause: Evasion items are banned
|rule|Evasion Moves Clause: Evasion moves are banned
|rule|Evasion Abilities Clause: Evasion abilities are banned
|rule|Sleep Moves Clause: Sleep-inducing moves are banned
|clearpoke
|poke|p1|Iron Moth|
|poke|p1|Ting-Lu|
|poke|p1|Torkoal, M|
|poke|p1|Walking Wake|
|poke|p1|Great Tusk|
|poke|p1|Slither Wing|
|poke|p2|Tyranitar, F|
|poke|p2|Excadrill, F|
|poke|p2|Pecharunt|
|poke|p2|Alomomola, F|
|poke|p2|Ogerpon, F|
|poke|p2|Iron Valiant|
|teampreview
|
|t:|1757843493
|teamsize|p1|6
|teamsize|p2|6
|start
|switch|p1a: Slither Wing|Slither Wing|100/100
|switch|p2a: Pecharunt|Pecharunt|100/100
|turn|1
|
|t:|1757843501
|move|p2a: Pecharunt|Malignant Chain|p1a: Slither Wing
|-damage|p1a: Slither Wing|67/100
|move|p1a: Slither Wing|U-turn|p2a: Pecharunt
|-resisted|p2a: Pecharunt
|-damage|p2a: Pecharunt|92/100
|-damage|p1a: Slither Wing|51/100|[from] item: Rocky Helmet|[of] p2a: Pecharunt
|
|t:|1757843503
|-end|p1a: Slither Wing|Protosynthesis|[silent]
|switch|p1a: Walking Wake|Walking Wake|100/100|[from] U-turn
|
|upkeep
|turn|2
|
|t:|1757843507
|switch|p2a: Alomomola|Alomomola, F|100/100
|move|p1a: Walking Wake|Draco Meteor|p2a: Alomomola
|-damage|p2a: Alomomola|0 fnt
|-unboost|p1a: Walking Wake|spa|2
|faint|p2a: Alomomola
|
|upkeep
|
|t:|1757843516
|switch|p2a: Tyranitar|Tyranitar, F|100/100
|-weather|Sandstorm|[from] ability: Sand Stream|[of] p2a: Tyranitar
|turn|3
|
|t:|1757843519
|-end|p1a: Walking Wake|Protosynthesis|[silent]
|switch|p1a: Great Tusk|Great Tusk|100/100
|move|p2a: Tyranitar|Stealth Rock|p1a: Great Tusk
|-sidestart|p1: ABraviousTinkaton|move: Stealth Rock
|
|-weather|Sandstorm|[upkeep]
|upkeep
|turn|4
|
|t:|1757843522
|switch|p2a: Pecharunt|Pecharunt|92/100
|move|p1a: Great Tusk|Bulk Up|p1a: Great Tusk
|-boost|p1a: Great Tusk|atk|1
|-boost|p1a: Great Tusk|def|1
|
|-weather|Sandstorm|[upkeep]
|-damage|p2a: Pecharunt|86/100|[from] Sandstorm
|upkeep
|turn|5
|j| just-jaype
|
|t:|1757843525
|-end|p1a: Great Tusk|Protosynthesis|[silent]
|switch|p1a: Ting-Lu|Ting-Lu|100/100
|-damage|p1a: Ting-Lu|94/100|[from] Stealth Rock
|-ability|p1a: Ting-Lu|Vessel of Ruin
|move|p2a: Pecharunt|Malignant Chain|p1a: Ting-Lu
|-resisted|p1a: Ting-Lu
|-damage|p1a: Ting-Lu|87/100
|-status|p1a: Ting-Lu|tox
|-start|p1a: Ting-Lu|confusion|[from] ability: Poison Puppeteer|[of] p2a: Pecharunt
|
|-weather|Sandstorm|[upkeep]
|-damage|p2a: Pecharunt|80/100|[from] Sandstorm
|-damage|p1a: Ting-Lu|81/100 tox|[from] psn
|upkeep
|turn|6
|
|t:|1757843528
|move|p2a: Pecharunt|Parting Shot|p1a: Ting-Lu
|-unboost|p1a: Ting-Lu|atk|1
|-unboost|p1a: Ting-Lu|spa|1
|
|t:|1757843530
|switch|p2a: Excadrill|Excadrill, F|100/100|[from] Parting Shot
|-item|p2a: Excadrill|Air Balloon
|-activate|p1a: Ting-Lu|confusion
|-damage|p1a: Ting-Lu|77/100 tox|[from] confusion
|
|-weather|Sandstorm|[upkeep]
|-damage|p1a: Ting-Lu|65/100 tox|[from] psn
|upkeep
|turn|7
|
|t:|1757843533
|move|p2a: Excadrill|Swords Dance|p2a: Excadrill
|-boost|p2a: Excadrill|atk|2
|-end|p1a: Ting-Lu|confusion
|move|p1a: Ting-Lu|Ruination|p2a: Excadrill
|-damage|p2a: Excadrill|51/100
|-enditem|p2a: Excadrill|Air Balloon
|
|-weather|Sandstorm|[upkeep]
|-damage|p1a: Ting-Lu|46/100 tox|[from] psn
|upkeep
|turn|8
|
|t:|1757843536
|move|p2a: Excadrill|Earthquake|p1a: Ting-Lu
|-damage|p1a: Ting-Lu|0 fnt
|faint|p1a: Ting-Lu
|
|-weather|Sandstorm|[upkeep]
|upkeep
|
|t:|1757843538
|switch|p1a: Great Tusk|Great Tusk|100/100
|turn|9
|l| just-jaype
|
|t:|1757843545
|switch|p2a: Ogerpon|Ogerpon, F|100/100
|move|p1a: Great Tusk|Headlong Rush|p2a: Ogerpon
|-resisted|p2a: Ogerpon
|-crit|p2a: Ogerpon
|-damage|p2a: Ogerpon|46/100
|-unboost|p1a: Great Tusk|def|1
|-unboost|p1a: Great Tusk|spd|1
|
|-weather|Sandstorm|[upkeep]
|-damage|p2a: Ogerpon|40/100|[from] Sandstorm
|upkeep
|turn|10
|
|t:|1757843549
|-end|p1a: Great Tusk|Protosynthesis|[silent]
|switch|p1a: Slither Wing|Slither Wing|51/100
|-damage|p1a: Slither Wing|39/100|[from] Stealth Rock
|-terastallize|p2a: Ogerpon|Grass
|detailschange|p2a: Ogerpon|Ogerpon-Teal-Tera, F, tera:Grass
|-ability|p2a: Ogerpon|Embody Aspect (Teal)|boost
|-boost|p2a: Ogerpon|spe|1
|move|p2a: Ogerpon|Ivy Cudgel|p1a: Slither Wing
|-resisted|p1a: Slither Wing
|-damage|p1a: Slither Wing|0 fnt
|faint|p1a: Slither Wing
|-end|p1a: Slither Wing|Protosynthesis|[silent]
|
|-weather|none
|upkeep
|
|t:|1757843553
|switch|p1a: Torkoal|Torkoal, M|100/100
|-damage|p1a: Torkoal|76/100|[from] Stealth Rock
|-weather|SunnyDay|[from] ability: Drought|[of] p1a: Torkoal
|turn|11
|
|t:|1757843556
|move|p2a: Ogerpon|U-turn|p1a: Torkoal
|-resisted|p1a: Torkoal
|-damage|p1a: Torkoal|69/100
|
|t:|1757843557
|switch|p2a: Tyranitar|Tyranitar, F|100/100|[from] U-turn
|-weather|Sandstorm|[from] ability: Sand Stream|[of] p2a: Tyranitar
|move|p1a: Torkoal|Rapid Spin|p2a: Tyranitar
|-resisted|p2a: Tyranitar
|-damage|p2a: Tyranitar|96/100
|-boost|p1a: Torkoal|spe|1
|-sideend|p1: ABraviousTinkaton|Stealth Rock|[from] move: Rapid Spin|[of] p1a: Torkoal
|
|-weather|Sandstorm|[upkeep]
|-damage|p1a: Torkoal|63/100|[from] Sandstorm
|upkeep
|turn|12
|
|t:|1757843562
|switch|p1a: Great Tusk|Great Tusk|100/100
|move|p2a: Tyranitar|Stone Edge|p1a: Great Tusk
|-resisted|p1a: Great Tusk
|-damage|p1a: Great Tusk|91/100
|
|-weather|Sandstorm|[upkeep]
|upkeep
|turn|13
|
|t:|1757843565
|switch|p2a: Pecharunt|Pecharunt|80/100
|move|p1a: Great Tusk|Headlong Rush|p2a: Pecharunt
|-supereffective|p2a: Pecharunt
|-damage|p2a: Pecharunt|15/100
|-unboost|p1a: Great Tusk|def|1
|-unboost|p1a: Great Tusk|spd|1
|-damage|p1a: Great Tusk|74/100|[from] item: Rocky Helmet|[of] p2a: Pecharunt
|
|-weather|Sandstorm|[upkeep]
|-damage|p2a: Pecharunt|9/100|[from] Sandstorm
|upkeep
|turn|14
|
|t:|1757843571
|-end|p1a: Great Tusk|Protosynthesis|[silent]
|switch|p1a: Iron Moth|Iron Moth|100/100
|move|p2a: Pecharunt|Shadow Ball|p1a: Iron Moth
|-damage|p1a: Iron Moth|76/100
|
|-weather|Sandstorm|[upkeep]
|-damage|p1a: Iron Moth|70/100|[from] Sandstorm
|-damage|p2a: Pecharunt|3/100|[from] Sandstorm
|upkeep
|turn|15
|
|t:|1757843575
|move|p1a: Iron Moth|Fiery Dance|p2a: Pecharunt
|-damage|p2a: Pecharunt|0 fnt
|-boost|p1a: Iron Moth|spa|1
|faint|p2a: Pecharunt
|
|-weather|Sandstorm|[upkeep]
|-damage|p1a: Iron Moth|64/100|[from] Sandstorm
|upkeep
|
|t:|1757843578
|switch|p2a: Excadrill|Excadrill, F|51/100
|turn|16
|
|t:|1757843581
|move|p2a: Excadrill|Earthquake|p1a: Iron Moth
|-supereffective|p1a: Iron Moth
|-damage|p1a: Iron Moth|0 fnt
|faint|p1a: Iron Moth
|-end|p1a: Iron Moth|Quark Drive|[silent]
|
|-weather|Sandstorm|[upkeep]
|upkeep
|
|t:|1757843583
|switch|p1a: Walking Wake|Walking Wake|100/100
|turn|17
|
|t:|1757843590
|move|p2a: Excadrill|Earthquake|p1a: Walking Wake
|-damage|p1a: Walking Wake|39/100
|move|p1a: Walking Wake|Hydro Steam|p2a: Excadrill
|-supereffective|p2a: Excadrill
|-damage|p2a: Excadrill|0 fnt
|faint|p2a: Excadrill
|
|-weather|Sandstorm|[upkeep]
|-damage|p1a: Walking Wake|33/100|[from] Sandstorm
|upkeep
|
|t:|1757843592
|switch|p2a: Ogerpon|Ogerpon-Teal-Tera, F, tera:Grass|40/100
|-ability|p2a: Ogerpon|Embody Aspect (Teal)|boost
|-boost|p2a: Ogerpon|spe|1
|turn|18
|
|t:|1757843595
|-end|p1a: Walking Wake|Protosynthesis|[silent]
|switch|p1a: Torkoal|Torkoal, M|63/100
|-weather|SunnyDay|[from] ability: Drought|[of] p1a: Torkoal
|move|p2a: Ogerpon|Ivy Cudgel|p1a: Torkoal
|-resisted|p1a: Torkoal
|-damage|p1a: Torkoal|42/100
|
|-weather|SunnyDay|[upkeep]
|upkeep
|turn|19
|
|t:|1757843600
|move|p2a: Ogerpon|U-turn|p1a: Torkoal
|-resisted|p1a: Torkoal
|-damage|p1a: Torkoal|35/100
|
|t:|1757843602
|switch|p2a: Tyranitar|Tyranitar, F|96/100|[from] U-turn
|-weather|Sandstorm|[from] ability: Sand Stream|[of] p2a: Tyranitar
|move|p1a: Torkoal|Will-O-Wisp|p2a: Tyranitar|[miss]
|-miss|p1a: Torkoal|p2a: Tyranitar
|
|-weather|Sandstorm|[upkeep]
|-damage|p1a: Torkoal|29/100|[from] Sandstorm
|upkeep
|turn|20
|
|t:|1757843605
|switch|p2a: Ogerpon|Ogerpon-Teal-Tera, F, tera:Grass|40/100
|-ability|p2a: Ogerpon|Embody Aspect (Teal)|boost
|-boost|p2a: Ogerpon|spe|1
|switch|p1a: Great Tusk|Great Tusk|74/100
|
|-weather|Sandstorm|[upkeep]
|-damage|p2a: Ogerpon|34/100|[from] Sandstorm
|upkeep
|turn|21
|
|t:|1757843609
|-terastallize|p1a: Great Tusk|Ghost
|move|p2a: Ogerpon|Ivy Cudgel|p1a: Great Tusk
|-damage|p1a: Great Tusk|35/100
|move|p1a: Great Tusk|Headlong Rush|p2a: Ogerpon
|-resisted|p2a: Ogerpon
|-damage|p2a: Ogerpon|0 fnt
|-unboost|p1a: Great Tusk|def|1
|-unboost|p1a: Great Tusk|spd|1
|faint|p2a: Ogerpon
|detailschange|p2: Ogerpon|Ogerpon, F|[silent]
|
|-weather|Sandstorm|[upkeep]
|-damage|p1a: Great Tusk|29/100|[from] Sandstorm
|upkeep
|
|t:|1757843612
|switch|p2a: Iron Valiant|Iron Valiant|100/100
|-enditem|p2a: Iron Valiant|Booster Energy
|-activate|p2a: Iron Valiant|ability: Quark Drive|[fromitem]
|-start|p2a: Iron Valiant|quarkdrivespe
|turn|22
|
|t:|1757843614
|-end|p1a: Great Tusk|Protosynthesis|[silent]
|switch|p1a: Torkoal|Torkoal, M|29/100
|-weather|SunnyDay|[from] ability: Drought|[of] p1a: Torkoal
|move|p2a: Iron Valiant|Moonblast|p1a: Torkoal
|-resisted|p1a: Torkoal
|-damage|p1a: Torkoal|2/100
|
|-weather|SunnyDay|[upkeep]
|upkeep
|turn|23
|
|t:|1757843618
|switch|p1a: Great Tusk|Great Tusk, tera:Ghost|29/100
|-activate|p1a: Great Tusk|ability: Protosynthesis
|-start|p1a: Great Tusk|protosynthesisspe
|move|p2a: Iron Valiant|Moonblast|p1a: Great Tusk
|-damage|p1a: Great Tusk|0 fnt
|faint|p1a: Great Tusk
|-end|p1a: Great Tusk|Protosynthesis|[silent]
|
|-weather|SunnyDay|[upkeep]
|upkeep
|
|t:|1757843619
|switch|p1a: Walking Wake|Walking Wake|33/100
|-activate|p1a: Walking Wake|ability: Protosynthesis
|-start|p1a: Walking Wake|protosynthesisspe
|turn|24
|
|t:|1757843621
|move|p2a: Iron Valiant|Moonblast|p1a: Walking Wake
|-supereffective|p1a: Walking Wake
|-damage|p1a: Walking Wake|0 fnt
|faint|p1a: Walking Wake
|-end|p1a: Walking Wake|Protosynthesis|[silent]
|
|-weather|SunnyDay|[upkeep]
|upkeep
|-message|ABraviousTinkaton forfeited.
|
|win|mkyn
|raw|ABraviousTinkaton's rating: 1626 &rarr; <strong>1607</strong><br />(-19 for losing)
|raw|mkyn's rating: 1640 &rarr; <strong>1659</strong><br />(+19 for winning)
|l|☆ABraviousTinkaton
|player|p1|
|j|☆ABraviousTinkaton
|player|p1|ABraviousTinkaton|miku-ice|
|l| abravioustinkaton
