|j|☆RomanSionis666
|j|☆SSStyl1sh
|t:|1757912514
|gametype|singles
|player|p1|RomanSionis666|n|1110
|player|p2|SSStyl1sh|giovanni|1189
|gen|9
|tier|[Gen 9] OU
|rated|
|rule|HP Percentage Mod: HP is shown in percentages
|rule|Endless Battle Clause: Forcing endless battles is banned
|rule|Species Clause: Limit one of each Pokémon
|rule|OHKO Clause: OHKO moves are banned
|rule|Evasion Items Clause: Evasion items are banned
|rule|Evasion Moves Clause: Evasion moves are banned
|rule|Evasion Abilities Clause: Evasion abilities are banned
|rule|Sleep Moves Clause: Sleep-inducing moves are banned
|clearpoke
|poke|p1|Grimmsnarl, M|
|poke|p1|Corviknight, M|
|poke|p1|Garganacl, M|
|poke|p1|Cinderace, M|
|poke|p1|Greninja-*, M|
|poke|p1|Meowscarada, F|
|poke|p2|Araquanid, F|
|poke|p2|Crawdaunt, M|
|poke|p2|Tornadus-Therian, M|
|poke|p2|Ting-Lu|
|poke|p2|Gholdengo|
|poke|p2|Great Tusk|
|teampreview
|inactive|Battle timer is ON: inactive players will automatically lose when time's up. (requested by RomanSionis666)
|
|t:|1757912520
|teamsize|p1|6
|teamsize|p2|6
|start
|switch|p1a: Grimmsnarl|Grimmsnarl, M, shiny|100/100
|switch|p2a: Araquanid|Araquanid, F|100/100
|turn|1
|
|t:|1757912528
|move|p1a: Grimmsnarl|Taunt|p2a: Araquanid
|-start|p2a: Araquanid|move: Taunt
|cant|p2a: Araquanid|move: Taunt|Sticky Web
|
|upkeep
|turn|2
|
|t:|1757912536
|move|p1a: Grimmsnarl|Thunder Wave|p2a: Araquanid
|-status|p2a: Araquanid|par
|move|p2a: Araquanid|Surf|p1a: Grimmsnarl
|-damage|p1a: Grimmsnarl|62/100
|
|upkeep
|turn|3
|
|t:|1757912545
|move|p1a: Grimmsnarl|Trick|p2a: Araquanid
|-activate|p1a: Grimmsnarl|move: Trick|[of] p2a: Araquanid
|-item|p2a: Araquanid|Lagging Tail|[from] move: Trick
|-item|p1a: Grimmsnarl|Custap Berry|[from] move: Trick
|move|p2a: Araquanid|Surf|p1a: Grimmsnarl
|-damage|p1a: Grimmsnarl|19/100
|
|-end|p2a: Araquanid|move: Taunt
|upkeep
|turn|4
|-enditem|p1a: Grimmsnarl|Custap Berry|[eat]
|-activate|p1a: Grimmsnarl|item: Custap Berry|[consumed]
|
|t:|1757912556
|move|p1a: Grimmsnarl|Taunt|p2a: Araquanid
|-start|p2a: Araquanid|move: Taunt
|move|p2a: Araquanid|Surf|p1a: Grimmsnarl
|-damage|p1a: Grimmsnarl|0 fnt
|faint|p1a: Grimmsnarl
|
|upkeep
|
|t:|1757912566
|switch|p1a: Garganacl|Garganacl, M, shiny|100/100
|turn|5
|
|t:|1757912570
|move|p1a: Garganacl|Salt Cure|p2a: Araquanid
|-supereffective|p2a: Araquanid
|-crit|p2a: Araquanid
|-damage|p2a: Araquanid|56/100 par
|-start|p2a: Araquanid|Salt Cure
|move|p2a: Araquanid|Surf|p1a: Garganacl
|-supereffective|p1a: Garganacl
|-damage|p1a: Garganacl|32/100
|
|-heal|p1a: Garganacl|38/100|[from] item: Leftovers
|-damage|p2a: Araquanid|31/100 par|[from] Salt Cure
|upkeep
|turn|6
|
|t:|1757912581
|-terastallize|p1a: Garganacl|Water
|move|p1a: Garganacl|Recover|p1a: Garganacl
|-heal|p1a: Garganacl|88/100
|move|p2a: Araquanid|Surf|p1a: Garganacl
|-resisted|p1a: Garganacl
|-damage|p1a: Garganacl|72/100
|
|-heal|p1a: Garganacl|78/100|[from] item: Leftovers
|-damage|p2a: Araquanid|6/100 par|[from] Salt Cure
|-end|p2a: Araquanid|move: Taunt
|upkeep
|turn|7
|
|t:|1757912590
|move|p1a: Garganacl|Stealth Rock|p2a: Araquanid
|-sidestart|p2: SSStyl1sh|move: Stealth Rock
|move|p2a: Araquanid|Endeavor|p1a: Garganacl
|-damage|p1a: Garganacl|5/100
|
|-heal|p1a: Garganacl|11/100|[from] item: Leftovers
|-damage|p2a: Araquanid|0 fnt|[from] Salt Cure
|faint|p2a: Araquanid
|upkeep
|
|t:|1757912608
|switch|p2a: Great Tusk|Great Tusk|100/100
|-damage|p2a: Great Tusk|98/100|[from] Stealth Rock
|turn|8
|
|t:|1757912613
|switch|p1a: Corviknight|Corviknight, M, shiny|100/100
|move|p2a: Great Tusk|Rapid Spin|p1a: Corviknight
|-resisted|p1a: Corviknight
|-crit|p1a: Corviknight
|-damage|p1a: Corviknight|93/100
|-boost|p2a: Great Tusk|spe|1
|-damage|p2a: Great Tusk|81/100|[from] item: Rocky Helmet|[of] p1a: Corviknight
|-sideend|p2: SSStyl1sh|Stealth Rock|[from] move: Rapid Spin|[of] p2a: Great Tusk
|
|upkeep
|turn|9
|
|t:|1757912627
|move|p2a: Great Tusk|Knock Off|p1a: Corviknight
|-crit|p1a: Corviknight
|-damage|p1a: Corviknight|68/100
|-damage|p2a: Great Tusk|64/100|[from] item: Rocky Helmet|[of] p1a: Corviknight
|-enditem|p1a: Corviknight|Rocky Helmet|[from] move: Knock Off|[of] p2a: Great Tusk
|move|p1a: Corviknight|Body Press|p2a: Great Tusk
|-damage|p2a: Great Tusk|48/100
|-damage|p1a: Corviknight|51/100|[from] item: Rocky Helmet|[of] p2a: Great Tusk
|
|upkeep
|turn|10
|
|t:|1757912637
|-end|p2a: Great Tusk|Protosynthesis|[silent]
|switch|p2a: Gholdengo|Gholdengo|100/100
|-item|p2a: Gholdengo|Air Balloon
|move|p1a: Corviknight|Roost|p1a: Corviknight
|-heal|p1a: Corviknight|100/100
|-singleturn|p1a: Corviknight|move: Roost
|
|upkeep
|turn|11
|
|t:|1757912650
|switch|p1a: Garganacl|Garganacl, M, shiny, tera:Water|11/100
|move|p2a: Gholdengo|Nasty Plot|p2a: Gholdengo
|-boost|p2a: Gholdengo|spa|2
|
|-heal|p1a: Garganacl|17/100|[from] item: Leftovers
|upkeep
|turn|12
|
|t:|1757912657
|move|p2a: Gholdengo|Shadow Ball|p1a: Garganacl
|-damage|p1a: Garganacl|0 fnt
|faint|p1a: Garganacl
|
|upkeep
|
|t:|1757912662
|switch|p1a: Cinderace|Cinderace, M, shiny|100/100
|turn|13
|
|t:|1757912680
|switch|p2a: Great Tusk|Great Tusk|48/100
|move|p1a: Cinderace|Flare Blitz|p2a: Great Tusk
|-damage|p2a: Great Tusk|11/100
|-damage|p1a: Cinderace|84/100|[from] item: Rocky Helmet|[of] p2a: Great Tusk
|-damage|p1a: Cinderace|67/100|[from] Recoil
|
|upkeep
|turn|14
|
|t:|1757912695
|move|p1a: Cinderace|Iron Head|p2a: Great Tusk
|-start|p1a: Cinderace|typechange|Steel|[from] ability: Libero
|-damage|p2a: Great Tusk|0 fnt
|-damage|p1a: Cinderace|50/100|[from] item: Rocky Helmet|[of] p2a: Great Tusk
|faint|p2a: Great Tusk
|-end|p2a: Great Tusk|Protosynthesis|[silent]
|
|upkeep
|
|t:|1757912713
|switch|p2a: Ting-Lu|Ting-Lu|100/100
|-ability|p2a: Ting-Lu|Vessel of Ruin
|turn|15
|
|t:|1757912720
|move|p1a: Cinderace|U-turn|p2a: Ting-Lu
|-supereffective|p2a: Ting-Lu
|-damage|p2a: Ting-Lu|77/100
|
|t:|1757912722
|switch|p1a: Corviknight|Corviknight, M, shiny|100/100|[from] U-turn
|move|p2a: Ting-Lu|Ruination|p1a: Corviknight|[miss]
|-miss|p2a: Ting-Lu|p1a: Corviknight
|
|-heal|p2a: Ting-Lu|83/100|[from] item: Leftovers
|upkeep
|turn|16
|
|t:|1757912729
|move|p1a: Corviknight|Body Press|p2a: Ting-Lu
|-supereffective|p2a: Ting-Lu
|-damage|p2a: Ting-Lu|57/100
|move|p2a: Ting-Lu|Ruination|p1a: Corviknight|[miss]
|-miss|p2a: Ting-Lu|p1a: Corviknight
|
|-heal|p2a: Ting-Lu|64/100|[from] item: Leftovers
|upkeep
|turn|17
|
|t:|1757912738
|switch|p2a: Gholdengo|Gholdengo|100/100
|-item|p2a: Gholdengo|Air Balloon
|move|p1a: Corviknight|Body Press|p2a: Gholdengo
|-immune|p2a: Gholdengo
|
|upkeep
|turn|18
|
|t:|1757912747
|switch|p1a: Cinderace|Cinderace, M, shiny|50/100
|move|p2a: Gholdengo|Shadow Ball|p1a: Cinderace
|-damage|p1a: Cinderace|0 fnt
|faint|p1a: Cinderace
|
|upkeep
|
|t:|1757912751
|switch|p1a: Meowscarada|Meowscarada, F, shiny|100/100
|turn|19
|
|t:|1757912769
|switch|p2a: Ting-Lu|Ting-Lu|64/100
|-ability|p2a: Ting-Lu|Vessel of Ruin
|move|p1a: Meowscarada|Knock Off|p2a: Ting-Lu
|-start|p1a: Meowscarada|typechange|Dark|[from] ability: Protean
|-resisted|p2a: Ting-Lu
|-damage|p2a: Ting-Lu|46/100
|-enditem|p2a: Ting-Lu|Leftovers|[from] move: Knock Off|[of] p1a: Meowscarada
|
|upkeep
|turn|20
|
|t:|1757912776
|switch|p1a: Corviknight|Corviknight, M, shiny|100/100
|move|p2a: Ting-Lu|Stealth Rock|p1a: Corviknight
|-sidestart|p1: RomanSionis666|move: Stealth Rock
|
|upkeep
|turn|21
|
|t:|1757912790
|move|p1a: Corviknight|U-turn|p2a: Ting-Lu
|-supereffective|p2a: Ting-Lu
|-damage|p2a: Ting-Lu|29/100
|
|t:|1757912795
|switch|p1a: Meowscarada|Meowscarada, F, shiny|100/100|[from] U-turn
|-damage|p1a: Meowscarada|88/100|[from] Stealth Rock
|move|p2a: Ting-Lu|Ruination|p1a: Meowscarada|[miss]
|-miss|p2a: Ting-Lu|p1a: Meowscarada
|
|upkeep
|turn|22
|
|t:|1757912801
|move|p1a: Meowscarada|Flower Trick|p2a: Ting-Lu
|-start|p1a: Meowscarada|typechange|Grass|[from] ability: Protean
|-supereffective|p2a: Ting-Lu
|-crit|p2a: Ting-Lu
|-damage|p2a: Ting-Lu|0 fnt
|faint|p2a: Ting-Lu
|
|upkeep
|
|t:|1757912806
|switch|p2a: Tornadus|Tornadus-Therian, M|100/100
|turn|23
|
|t:|1757912818
|move|p1a: Meowscarada|Flower Trick|p2a: Tornadus
|-resisted|p2a: Tornadus
|-crit|p2a: Tornadus
|-damage|p2a: Tornadus|51/100
|move|p2a: Tornadus|Nasty Plot|p2a: Tornadus
|-boost|p2a: Tornadus|spa|2
|
|upkeep
|turn|24
|
|t:|1757912823
|move|p1a: Meowscarada|Flower Trick|p2a: Tornadus
|-resisted|p2a: Tornadus
|-crit|p2a: Tornadus
|-damage|p2a: Tornadus|7/100
|move|p2a: Tornadus|Bleakwind Storm|p1a: Meowscarada
|-supereffective|p1a: Meowscarada
|-damage|p1a: Meowscarada|0 fnt
|faint|p1a: Meowscarada
|
|upkeep
|
|t:|1757912828
|switch|p1a: Corviknight|Corviknight, M, shiny|100/100
|-damage|p1a: Corviknight|88/100|[from] Stealth Rock
|turn|25
|
|t:|1757912831
|move|p2a: Tornadus|Focus Blast|p1a: Corviknight
|-damage|p1a: Corviknight|20/100
|move|p1a: Corviknight|Body Press|p2a: Tornadus
|-resisted|p2a: Tornadus
|-damage|p2a: Tornadus|0 fnt
|faint|p2a: Tornadus
|
|upkeep
|
|t:|1757912841
|switch|p2a: Gholdengo|Gholdengo|100/100
|-item|p2a: Gholdengo|Air Balloon
|turn|26
|
|t:|1757912851
|move|p2a: Gholdengo|Focus Blast|p1a: Corviknight
|-damage|p1a: Corviknight|0 fnt
|faint|p1a: Corviknight
|
|upkeep
|
|t:|1757912852
|switch|p1a: Greninja|Greninja, M, shiny|100/100
|-damage|p1a: Greninja|88/100|[from] Stealth Rock
|turn|27
|
|t:|1757912857
|-terastallize|p2a: Gholdengo|Fairy
|move|p1a: Greninja|Ice Beam|p2a: Gholdengo
|-start|p1a: Greninja|typechange|Ice|[from] ability: Protean
|-crit|p2a: Gholdengo
|-damage|p2a: Gholdengo|28/100
|-status|p2a: Gholdengo|frz
|-enditem|p2a: Gholdengo|Air Balloon
|cant|p2a: Gholdengo|frz
|
|upkeep
|turn|28
|
|t:|1757912864
|move|p1a: Greninja|Ice Beam|p2a: Gholdengo
|-crit|p2a: Gholdengo
|-damage|p2a: Gholdengo|0 fnt
|faint|p2a: Gholdengo
|
|upkeep
|
|t:|1757912868
|switch|p2a: Crawdaunt|Crawdaunt, M|100/100
|turn|29
|
|t:|1757912875
|move|p2a: Crawdaunt|Crabhammer|p1a: Greninja
|-damage|p1a: Greninja|0 fnt
|faint|p1a: Greninja
|
|win|SSStyl1sh
|raw|RomanSionis666's rating: 1110 &rarr; <strong>1091</strong><br />(-19 for losing)
|raw|SSStyl1sh's rating: 1189 &rarr; <strong>1208</strong><br />(+19 for winning)
|l|☆RomanSionis666
|player|p1|
