|j|☆theguycalledben
|j|☆LucyLikePizza
|t:|1757839633
|gametype|singles
|player|p1|theguycalledben|265|1418
|player|p2|LucyLikePizza|2|1516
|gen|9
|tier|[Gen 9] OU
|rated|
|rule|HP Percentage Mod: HP is shown in percentages
|rule|Endless Battle Clause: Forcing endless battles is banned
|rule|Species Clause: Limit one of each Pokémon
|rule|OHKO Clause: OHKO moves are banned
|rule|Evasion Items Clause: Evasion items are banned
|rule|Evasion Moves Clause: Evasion moves are banned
|rule|Evasion Abilities Clause: Evasion abilities are banned
|rule|Sleep Moves Clause: Sleep-inducing moves are banned
|clearpoke
|poke|p1|Toxapex, M|
|poke|p1|Gholdengo|
|poke|p1|Great Tusk|
|poke|p1|Goodra-Hisui, F|
|poke|p1|Dragonite, F|
|poke|p1|Ditto|
|poke|p2|Greninja-*, F|
|poke|p2|Zarude-Dada|
|poke|p2|Moltres|
|poke|p2|Great Tusk|
|poke|p2|Goodra-Hisui, M|
|poke|p2|Gholdengo|
|teampreview
|
|t:|1757839650
|teamsize|p1|6
|teamsize|p2|6
|start
|switch|p1a: Toxapex|Toxapex, M|100/100
|switch|p2a: Gholdengo|Gholdengo|100/100
|turn|1
|
|t:|1757839657
|move|p2a: Gholdengo|Thunder Wave|p1a: Toxapex
|-status|p1a: Toxapex|par
|move|p1a: Toxapex|Infestation|p2a: Gholdengo
|-resisted|p2a: Gholdengo
|-damage|p2a: Gholdengo|99/100
|-activate|p2a: Gholdengo|move: Infestation|[of] p1a: Toxapex
|
|-heal|p2a: Gholdengo|100/100|[from] item: Leftovers
|-damage|p2a: Gholdengo|88/100|[from] move: Infestation|[partiallytrapped]
|upkeep
|turn|2
|
|t:|1757839663
|move|p1a: Toxapex|Baneful Bunker|p1a: Toxapex
|-singleturn|p1a: Toxapex|move: Protect
|move|p2a: Gholdengo|Nasty Plot|p2a: Gholdengo
|-boost|p2a: Gholdengo|spa|2
|
|-heal|p2a: Gholdengo|94/100|[from] item: Leftovers
|-damage|p2a: Gholdengo|82/100|[from] move: Infestation|[partiallytrapped]
|upkeep
|turn|3
|
|t:|1757839672
|move|p2a: Gholdengo|Hex|p1a: Toxapex
|-damage|p1a: Toxapex|12/100 par
|move|p1a: Toxapex|Infestation|p2a: Gholdengo
|-resisted|p2a: Gholdengo
|-damage|p2a: Gholdengo|81/100
|
|-heal|p2a: Gholdengo|87/100|[from] item: Leftovers
|-damage|p2a: Gholdengo|75/100|[from] move: Infestation|[partiallytrapped]
|upkeep
|turn|4
|
|t:|1757839677
|move|p2a: Gholdengo|Hex|p1a: Toxapex
|-damage|p1a: Toxapex|0 fnt
|faint|p1a: Toxapex
|
|-heal|p2a: Gholdengo|81/100|[from] item: Leftovers
|-end|p2a: Gholdengo|Infestation|[partiallytrapped]|[silent]
|upkeep
|l|☆theguycalledben
|player|p1|
|j|☆theguycalledben
|player|p1|theguycalledben|265|
|
|t:|1757839702
|switch|p1a: Ditto|Ditto|100/100
|-transform|p1a: Ditto|p2a: Gholdengo|[from] ability: Imposter
|turn|5
|
|t:|1757839712
|-terastallize|p2a: Gholdengo|Dark
|move|p1a: Ditto|Thunder Wave|p2a: Gholdengo
|-immune|p2a: Gholdengo|[from] ability: Good as Gold
|move|p2a: Gholdengo|Hex|p1a: Ditto
|-supereffective|p1a: Ditto
|-damage|p1a: Ditto|0 fnt
|faint|p1a: Ditto
|
|-heal|p2a: Gholdengo|87/100|[from] item: Leftovers
|upkeep
|-message|theguycalledben forfeited.
|
|win|LucyLikePizza
|raw|theguycalledben's rating: 1418 &rarr; <strong>1403</strong><br />(-15 for losing)
|raw|LucyLikePizza's rating: 1516 &rarr; <strong>1531</strong><br />(+15 for winning)
|l|☆theguycalledben
|player|p1|
