|j|☆BozoticMeister
|j|☆bladesatoshix
|t:|1757949922
|gametype|singles
|player|p1|BozoticMeister|hiker-gen4|1263
|player|p2|bladesatoshix|drayden|1233
|gen|9
|tier|[Gen 9] OU
|rated|
|rule|HP Percentage Mod: HP is shown in percentages
|rule|Endless Battle Clause: Forcing endless battles is banned
|rule|Species Clause: Limit one of each Pokémon
|rule|OHKO Clause: OHKO moves are banned
|rule|Evasion Items Clause: Evasion items are banned
|rule|Evasion Moves Clause: Evasion moves are banned
|rule|Evasion Abilities Clause: Evasion abilities are banned
|rule|Sleep Moves Clause: Sleep-inducing moves are banned
|clearpoke
|poke|p1|Iron Valiant|
|poke|p1|Scizor, M|
|poke|p1|Corviknight, F|
|poke|p1|Ceruledge, F|
|poke|p1|Great Tusk|
|poke|p1|Dragapult, M|
|poke|p2|Swampert, M|
|poke|p2|Clefable, F|
|poke|p2|Ogerpon-Cornerstone, F|
|poke|p2|Lokix, M|
|poke|p2|Iron Treads|
|poke|p2|Gholdengo|
|teampreview
|inactive|Battle timer is ON: inactive players will automatically lose when time's up. (requested by bladesatoshix)
|
|t:|1757949940
|teamsize|p1|6
|teamsize|p2|6
|start
|switch|p1a: Batman|Corviknight, F|100/100
|switch|p2a: issho|Swampert, M|100/100
|turn|1
|c|☆bladesatoshix|glhf :)
|
|t:|1757949953
|move|p1a: Batman|Iron Defense|p1a: Batman
|-boost|p1a: Batman|def|2
|move|p2a: issho|Knock Off|p1a: Batman
|-damage|p1a: Batman|92/100
|-damage|p2a: issho|84/100|[from] item: Rocky Helmet|[of] p1a: Batman
|-enditem|p1a: Batman|Rocky Helmet|[from] move: Knock Off|[of] p2a: issho
|
|-heal|p2a: issho|90/100|[from] item: Leftovers
|upkeep
|turn|2
|
|t:|1757949960
|move|p1a: Batman|Iron Defense|p1a: Batman
|-boost|p1a: Batman|def|2
|move|p2a: issho|Stealth Rock|p1a: Batman
|-sidestart|p1: BozoticMeister|move: Stealth Rock
|
|-heal|p2a: issho|96/100|[from] item: Leftovers
|upkeep
|turn|3
|
|t:|1757949976
|switch|p1a: Getter Hawk|Dragapult, M|100/100
|-damage|p1a: Getter Hawk|88/100|[from] Stealth Rock
|switch|p2a: chocho|Gholdengo|100/100
|-item|p2a: chocho|Air Balloon
|
|upkeep
|turn|4
|
|t:|1757949981
|switch|p2a: issho|Swampert, M|96/100
|move|p1a: Getter Hawk|Shadow Ball|p2a: issho
|-damage|p2a: issho|60/100
|
|-heal|p2a: issho|66/100|[from] item: Leftovers
|upkeep
|turn|5
|
|t:|1757949985
|move|p1a: Getter Hawk|Shadow Ball|p2a: issho
|-damage|p2a: issho|29/100
|-unboost|p2a: issho|spd|1
|move|p2a: issho|Knock Off|p1a: Getter Hawk
|-supereffective|p1a: Getter Hawk
|-damage|p1a: Getter Hawk|18/100
|-enditem|p1a: Getter Hawk|Choice Specs|[from] move: Knock Off|[of] p2a: issho
|
|-heal|p2a: issho|35/100|[from] item: Leftovers
|upkeep
|turn|6
|
|t:|1757949993
|move|p1a: Getter Hawk|Shadow Ball|p2a: issho
|-damage|p2a: issho|0 fnt
|faint|p2a: issho
|
|upkeep
|
|t:|1757949995
|switch|p2a: karashi|Lokix, M, shiny|100/100
|turn|7
|
|t:|1757950006
|switch|p1a: Batman|Corviknight, F|92/100
|-damage|p1a: Batman|79/100|[from] Stealth Rock
|move|p2a: karashi|First Impression|p1a: Batman
|-resisted|p1a: Batman
|-damage|p1a: Batman|61/100
|
|upkeep
|turn|8
|
|t:|1757950016
|switch|p2a: chocho|Gholdengo|100/100
|-item|p2a: chocho|Air Balloon
|move|p1a: Batman|Roost|p1a: Batman
|-heal|p1a: Batman|100/100
|-singleturn|p1a: Batman|move: Roost
|
|upkeep
|turn|9
|
|t:|1757950041
|move|p1a: Batman|Iron Defense|p1a: Batman
|-boost|p1a: Batman|def|2
|move|p2a: chocho|Shadow Ball|p1a: Batman
|-damage|p1a: Batman|50/100
|-ability|p1a: Batman|Mirror Armor
|-unboost|p2a: chocho|spd|1
|
|upkeep
|turn|10
|
|t:|1757950064
|move|p1a: Batman|Roost|p1a: Batman
|-heal|p1a: Batman|99/100
|-singleturn|p1a: Batman|move: Roost
|move|p2a: chocho|Shadow Ball|p1a: Batman
|-damage|p1a: Batman|43/100
|
|upkeep
|turn|11
|
|t:|1757950073
|move|p1a: Batman|Roost|p1a: Batman
|-heal|p1a: Batman|93/100
|-singleturn|p1a: Batman|move: Roost
|move|p2a: chocho|Nasty Plot|p2a: chocho
|-boost|p2a: chocho|spa|2
|
|upkeep
|turn|12
|inactive|BozoticMeister has 120 seconds left.
|
|t:|1757950094
|move|p1a: Batman|Iron Defense|p1a: Batman
|-boost|p1a: Batman|def|2
|move|p2a: chocho|Shadow Ball|p1a: Batman
|-damage|p1a: Batman|0 fnt
|faint|p1a: Batman
|
|upkeep
|
|t:|1757950096
|switch|p1a: Getter Hawk|Dragapult, M|18/100
|-damage|p1a: Getter Hawk|6/100|[from] Stealth Rock
|turn|13
|
|t:|1757950111
|switch|p2a: akane|Clefable, F|100/100
|move|p1a: Getter Hawk|Shadow Ball|p2a: akane
|-damage|p2a: akane|69/100
|
|-heal|p2a: akane|75/100|[from] item: Leftovers
|upkeep
|turn|14
|
|t:|1757950114
|move|p1a: Getter Hawk|U-turn|p2a: akane
|-resisted|p2a: akane
|-damage|p2a: akane|69/100
|
|t:|1757950117
|switch|p1a: Wreck-It Ralph|Great Tusk|100/100|[from] U-turn
|-damage|p1a: Wreck-It Ralph|98/100|[from] Stealth Rock
|-enditem|p1a: Wreck-It Ralph|Booster Energy
|-activate|p1a: Wreck-It Ralph|ability: Protosynthesis|[fromitem]
|-start|p1a: Wreck-It Ralph|protosynthesisatk
|move|p2a: akane|Wish|p2a: akane
|
|-heal|p2a: akane|75/100|[from] item: Leftovers
|upkeep
|turn|15
|
|t:|1757950123
|switch|p2a: chocho|Gholdengo|100/100
|-item|p2a: chocho|Air Balloon
|move|p1a: Wreck-It Ralph|Rapid Spin|p2a: chocho
|-immune|p2a: chocho
|
|upkeep
|turn|16
|
|t:|1757950129
|-terastallize|p1a: Wreck-It Ralph|Dark
|move|p1a: Wreck-It Ralph|Knock Off|p2a: chocho
|-supereffective|p2a: chocho
|-damage|p2a: chocho|0 fnt
|-enditem|p2a: chocho|Air Balloon
|faint|p2a: chocho
|
|upkeep
|c|☆bladesatoshix|nice
|
|t:|1757950140
|switch|p2a: akane|Clefable, F|75/100
|turn|17
|
|t:|1757950145
|move|p1a: Wreck-It Ralph|Rapid Spin|p2a: akane
|-damage|p2a: akane|59/100
|-boost|p1a: Wreck-It Ralph|spe|1
|-sideend|p1: BozoticMeister|Stealth Rock|[from] move: Rapid Spin|[of] p1a: Wreck-It Ralph
|move|p2a: akane|Moonblast|p1a: Wreck-It Ralph
|-supereffective|p1a: Wreck-It Ralph
|-damage|p1a: Wreck-It Ralph|0 fnt
|faint|p1a: Wreck-It Ralph
|-end|p1a: Wreck-It Ralph|Protosynthesis|[silent]
|
|-heal|p2a: akane|65/100|[from] item: Leftovers
|upkeep
|
|t:|1757950148
|switch|p1a: Zero (Hair)|Scizor, M|100/100
|turn|18
|
|t:|1757950156
|switch|p2a: michael|Iron Treads|100/100
|-item|p2a: michael|Air Balloon
|move|p1a: Zero (Hair)|Protect||[still]
|-fail|p1a: Zero (Hair)
|
|upkeep
|turn|19
|
|t:|1757950171
|move|p2a: michael|Stealth Rock|p1a: Zero (Hair)
|-sidestart|p1: BozoticMeister|move: Stealth Rock
|move|p1a: Zero (Hair)|Bug Bite|p2a: michael
|-resisted|p2a: michael
|-damage|p2a: michael|77/100
|-enditem|p2a: michael|Air Balloon
|
|upkeep
|turn|20
|
|t:|1757950180
|move|p2a: michael|Earthquake|p1a: Zero (Hair)
|-damage|p1a: Zero (Hair)|49/100
|move|p1a: Zero (Hair)|Swords Dance|p1a: Zero (Hair)
|-boost|p1a: Zero (Hair)|atk|2
|
|-heal|p1a: Zero (Hair)|54/100|[from] item: Leftovers
|upkeep
|turn|21
|
|t:|1757950184
|move|p1a: Zero (Hair)|Protect|p1a: Zero (Hair)
|-singleturn|p1a: Zero (Hair)|Protect
|move|p2a: michael|Earthquake|p1a: Zero (Hair)
|-activate|p1a: Zero (Hair)|move: Protect
|
|-heal|p1a: Zero (Hair)|60/100|[from] item: Leftovers
|upkeep
|turn|22
|
|t:|1757950189
|move|p2a: michael|Earthquake|p1a: Zero (Hair)
|-damage|p1a: Zero (Hair)|8/100
|move|p1a: Zero (Hair)|Swords Dance|p1a: Zero (Hair)
|-boost|p1a: Zero (Hair)|atk|2
|
|-heal|p1a: Zero (Hair)|14/100|[from] item: Leftovers
|upkeep
|turn|23
|
|t:|1757950193
|move|p1a: Zero (Hair)|Protect|p1a: Zero (Hair)
|-singleturn|p1a: Zero (Hair)|Protect
|move|p2a: michael|Knock Off|p1a: Zero (Hair)
|-activate|p1a: Zero (Hair)|move: Protect
|
|-heal|p1a: Zero (Hair)|20/100|[from] item: Leftovers
|upkeep
|turn|24
|
|t:|1757950197
|move|p1a: Zero (Hair)|Bullet Punch|p2a: michael
|-resisted|p2a: michael
|-damage|p2a: michael|28/100
|move|p2a: michael|Earthquake|p1a: Zero (Hair)
|-damage|p1a: Zero (Hair)|0 fnt
|faint|p1a: Zero (Hair)
|
|upkeep
|
|t:|1757950203
|switch|p1a: Strange isn't it|Iron Valiant|100/100
|-damage|p1a: Strange isn't it|94/100|[from] Stealth Rock
|-enditem|p1a: Strange isn't it|Booster Energy
|-activate|p1a: Strange isn't it|ability: Quark Drive|[fromitem]
|-start|p1a: Strange isn't it|quarkdrivespe
|turn|25
|
|t:|1757950210
|move|p1a: Strange isn't it|Aura Sphere|p2a: michael
|-supereffective|p2a: michael
|-damage|p2a: michael|0 fnt
|faint|p2a: michael
|-end|p2a: michael|Quark Drive|[silent]
|
|upkeep
|
|t:|1757950212
|switch|p2a: hikaru|Ogerpon-Cornerstone, F|100/100
|turn|26
|
|t:|1757950215
|move|p1a: Strange isn't it|Thunder Wave|p2a: hikaru
|-status|p2a: hikaru|par
|move|p2a: hikaru|Horn Leech|p1a: Strange isn't it
|-damage|p1a: Strange isn't it|38/100
|
|upkeep
|turn|27
|
|t:|1757950222
|move|p1a: Strange isn't it|Aura Sphere|p2a: hikaru
|-supereffective|p2a: hikaru
|-damage|p2a: hikaru|6/100 par
|move|p2a: hikaru|Horn Leech|p1a: Strange isn't it
|-damage|p1a: Strange isn't it|0 fnt
|-heal|p2a: hikaru|24/100 par|[from] drain|[of] p1a: Strange isn't it
|faint|p1a: Strange isn't it
|-end|p1a: Strange isn't it|Quark Drive|[silent]
|
|upkeep
|c|☆bladesatoshix|nice good twave
|
|t:|1757950231
|switch|p1a: Princess Trunks|Ceruledge, F, shiny|100/100
|-damage|p1a: Princess Trunks|76/100|[from] Stealth Rock
|turn|28
|c|☆bladesatoshix|whew was scared of first turn para lol
|
|t:|1757950241
|move|p1a: Princess Trunks|Flame Charge|p2a: hikaru
|-damage|p2a: hikaru|0 fnt
|-boost|p1a: Princess Trunks|spe|1
|faint|p2a: hikaru
|
|upkeep
|
|t:|1757950244
|switch|p2a: karashi|Lokix, M, shiny|100/100
|turn|29
|
|t:|1757950247
|move|p1a: Princess Trunks|Shadow Sneak|p2a: karashi
|-resisted|p2a: karashi
|-damage|p2a: karashi|83/100
|move|p2a: karashi|Sucker Punch||[still]
|-fail|p2a: karashi
|
|upkeep
|turn|30
|
|t:|1757950255
|switch|p2a: akane|Clefable, F|65/100
|move|p1a: Princess Trunks|Bitter Blade|p2a: akane
|-damage|p2a: akane|28/100
|-heal|p1a: Princess Trunks|100/100|[from] drain|[of] p2a: akane
|
|-heal|p2a: akane|34/100|[from] item: Leftovers
|upkeep
|turn|31
|
|t:|1757950259
|move|p2a: akane|Protect|p2a: akane
|-singleturn|p2a: akane|Protect
|move|p1a: Princess Trunks|Bitter Blade|p2a: akane
|-activate|p2a: akane|move: Protect
|
|-heal|p2a: akane|40/100|[from] item: Leftovers
|upkeep
|turn|32
|
|t:|1757950265
|move|p1a: Princess Trunks|Bitter Blade|p2a: akane
|-damage|p2a: akane|3/100
|move|p2a: akane|Wish|p2a: akane
|
|-heal|p2a: akane|9/100|[from] item: Leftovers
|upkeep
|turn|33
|
|t:|1757950268
|move|p2a: akane|Protect|p2a: akane
|-singleturn|p2a: akane|Protect
|move|p1a: Princess Trunks|Bitter Blade|p2a: akane
|-activate|p2a: akane|move: Protect
|
|-heal|p2a: akane|59/100|[from] move: Wish|[wisher] akane
|-heal|p2a: akane|65/100|[from] item: Leftovers
|upkeep
|turn|34
|
|t:|1757950272
|move|p1a: Princess Trunks|Poltergeist|p2a: akane
|-activate|p2a: akane|move: Poltergeist|Leftovers
|-damage|p2a: akane|16/100
|move|p2a: akane|Wish|p2a: akane
|
|-heal|p2a: akane|22/100|[from] item: Leftovers
|upkeep
|turn|35
|
|t:|1757950277
|move|p2a: akane|Protect|p2a: akane
|-singleturn|p2a: akane|Protect
|move|p1a: Princess Trunks|Bitter Blade|p2a: akane
|-activate|p2a: akane|move: Protect
|
|-heal|p2a: akane|72/100|[from] move: Wish|[wisher] akane
|-heal|p2a: akane|78/100|[from] item: Leftovers
|upkeep
|turn|36
|
|t:|1757950283
|move|p1a: Princess Trunks|Flame Charge|p2a: akane
|-damage|p2a: akane|57/100
|-boost|p1a: Princess Trunks|spe|1
|move|p2a: akane|Wish|p2a: akane
|
|-heal|p2a: akane|63/100|[from] item: Leftovers
|upkeep
|turn|37
|
|t:|1757950289
|move|p1a: Princess Trunks|Flame Charge|p2a: akane
|-damage|p2a: akane|41/100
|-boost|p1a: Princess Trunks|spe|1
|move|p2a: akane|Calm Mind|p2a: akane
|-boost|p2a: akane|spa|1
|-boost|p2a: akane|spd|1
|
|-heal|p2a: akane|91/100|[from] move: Wish|[wisher] akane
|-heal|p2a: akane|97/100|[from] item: Leftovers
|upkeep
|turn|38
|
|t:|1757950295
|move|p1a: Princess Trunks|Flame Charge|p2a: akane
|-damage|p2a: akane|77/100
|-boost|p1a: Princess Trunks|spe|1
|move|p2a: akane|Wish|p2a: akane
|
|-heal|p2a: akane|83/100|[from] item: Leftovers
|upkeep
|turn|39
|
|t:|1757950297
|move|p1a: Princess Trunks|Poltergeist|p2a: akane
|-activate|p2a: akane|move: Poltergeist|Leftovers
|-damage|p2a: akane|38/100
|move|p2a: akane|Calm Mind|p2a: akane
|-boost|p2a: akane|spa|1
|-boost|p2a: akane|spd|1
|
|-heal|p2a: akane|88/100|[from] move: Wish|[wisher] akane
|-heal|p2a: akane|94/100|[from] item: Leftovers
|upkeep
|turn|40
|
|t:|1757950303
|move|p1a: Princess Trunks|Poltergeist|p2a: akane|[miss]
|-miss|p1a: Princess Trunks|p2a: akane
|move|p2a: akane|Wish|p2a: akane
|
|-heal|p2a: akane|99/100|[from] item: Leftovers
|upkeep
|turn|41
|
|t:|1757950306
|move|p1a: Princess Trunks|Poltergeist|p2a: akane
|-activate|p2a: akane|move: Poltergeist|Leftovers
|-damage|p2a: akane|54/100
|move|p2a: akane|Calm Mind|p2a: akane
|-boost|p2a: akane|spa|1
|-boost|p2a: akane|spd|1
|
|-heal|p2a: akane|100/100|[from] move: Wish|[wisher] akane
|upkeep
|turn|42
|
|t:|1757950321
|move|p1a: Princess Trunks|Shadow Sneak|p2a: akane
|-damage|p2a: akane|84/100
|move|p2a: akane|Wish|p2a: akane
|
|-heal|p2a: akane|90/100|[from] item: Leftovers
|upkeep
|turn|43
|
|t:|1757950344
|move|p1a: Princess Trunks|Shadow Sneak|p2a: akane
|-damage|p2a: akane|74/100
|move|p2a: akane|Moonblast|p1a: Princess Trunks
|-resisted|p1a: Princess Trunks
|-damage|p1a: Princess Trunks|75/100
|
|-heal|p2a: akane|100/100|[from] move: Wish|[wisher] akane
|upkeep
|turn|44
|
|t:|1757950348
|move|p1a: Princess Trunks|Shadow Sneak|p2a: akane
|-damage|p2a: akane|83/100
|move|p2a: akane|Wish|p2a: akane
|
|-heal|p2a: akane|89/100|[from] item: Leftovers
|upkeep
|turn|45
|
|t:|1757950353
|move|p1a: Princess Trunks|Shadow Sneak|p2a: akane
|-damage|p2a: akane|72/100
|move|p2a: akane|Calm Mind|p2a: akane
|-boost|p2a: akane|spa|1
|-boost|p2a: akane|spd|1
|
|-heal|p2a: akane|100/100|[from] move: Wish|[wisher] akane
|upkeep
|turn|46
|l|☆BozoticMeister
|inactive|BozoticMeister disconnected and has a minute to reconnect!
|player|p1|
|inactiveoff|Battle timer is now OFF.
|j|☆BozoticMeister
|player|p1|BozoticMeister|hiker-gen4|
|
|t:|1757950394
|move|p1a: Princess Trunks|Shadow Sneak|p2a: akane
|-damage|p2a: akane|85/100
|move|p2a: akane|Calm Mind|p2a: akane
|-boost|p2a: akane|spa|1
|-boost|p2a: akane|spd|1
|
|-heal|p2a: akane|91/100|[from] item: Leftovers
|upkeep
|turn|47
|
|t:|1757950399
|move|p1a: Princess Trunks|Shadow Sneak|p2a: akane
|-damage|p2a: akane|74/100
|move|p2a: akane|Calm Mind|p2a: akane
|-boost|p2a: akane|spa|1
|-boost|p2a: akane|spd|1
|
|-heal|p2a: akane|80/100|[from] item: Leftovers
|upkeep
|turn|48
|
|t:|1757950405
|move|p1a: Princess Trunks|Bitter Blade|p2a: akane
|-damage|p2a: akane|45/100
|-heal|p1a: Princess Trunks|98/100|[from] drain|[of] p2a: akane
|move|p2a: akane|Wish|p2a: akane
|
|-heal|p2a: akane|51/100|[from] item: Leftovers
|upkeep
|turn|49
|
|t:|1757950412
|move|p1a: Princess Trunks|Poltergeist|p2a: akane
|-activate|p2a: akane|move: Poltergeist|Leftovers
|-damage|p2a: akane|0 fnt
|faint|p2a: akane
|
|upkeep
|c|☆bladesatoshix|whoops
|c|☆bladesatoshix|should have protected lol
|c|☆bladesatoshix|nice
|
|t:|1757950424
|switch|p2a: karashi|Lokix, M, shiny|83/100
|turn|50
|
|t:|1757950428
|move|p2a: karashi|Sucker Punch|p1a: Princess Trunks
|-supereffective|p1a: Princess Trunks
|-damage|p1a: Princess Trunks|5/100
|move|p1a: Princess Trunks|Bitter Blade|p2a: karashi
|-supereffective|p2a: karashi
|-damage|p2a: karashi|0 fnt
|-heal|p1a: Princess Trunks|45/100|[from] drain|[of] p2a: karashi
|faint|p2a: karashi
|
|win|BozoticMeister
|raw|BozoticMeister's rating: 1263 &rarr; <strong>1286</strong><br />(+23 for winning)
|raw|bladesatoshix's rating: 1233 &rarr; <strong>1210</strong><br />(-23 for losing)
|c|☆bladesatoshix|ggwp!
|c|☆bladesatoshix|:)
|c|☆BozoticMeister|gg
|l|☆bladesatoshix
|player|p2|
|c|☆BozoticMeister|Holy moly I could have thrown
