|badge|p1|silver|gen9randombattle|30-6
|uhtml|medal-msg|<div class="broadcast-blue">Curious what those medals under the avatar are? PS now has Ladder Seasons! For more information, check out the <a href="https://www.smogon.com/forums/threads/3740067/">thread on Smogon.</a></div>
|j|☆Timgameboy
|j|‽ncdr
|t:|1757934550
|gametype|singles
|player|p1|Timgameboy|steven|1555
|player|p2|ncdr|flannery|1573
|gen|9
|tier|[Gen 9] OU
|rated|
|rule|HP Percentage Mod: HP is shown in percentages
|rule|Endless Battle Clause: Forcing endless battles is banned
|rule|Species Clause: Limit one of each Pokémon
|rule|OHKO Clause: OHKO moves are banned
|rule|Evasion Items Clause: Evasion items are banned
|rule|Evasion Moves Clause: Evasion moves are banned
|rule|Evasion Abilities Clause: Evasion abilities are banned
|rule|Sleep Moves Clause: Sleep-inducing moves are banned
|clearpoke
|poke|p1|Darkrai|
|poke|p1|Samurott-Hisui, M|
|poke|p1|Great Tusk|
|poke|p1|Corviknight, F|
|poke|p1|Clefable, F|
|poke|p1|Alomomola, M|
|poke|p2|Hydreigon, F|
|poke|p2|Great Tusk|
|poke|p2|Tyranitar, M|
|poke|p2|Moltres|
|poke|p2|Ninetales-Alola, M|
|poke|p2|Kingambit, M|
|teampreview
|inactive|Battle timer is ON: inactive players will automatically lose when time's up. (requested by ncdr)
|
|t:|1757934559
|teamsize|p1|6
|teamsize|p2|6
|start
|switch|p1a: Darkrai|Darkrai|100/100
|switch|p2a: Great Tusk|Great Tusk|100/100
|turn|1
|
|t:|1757934571
|switch|p1a: Corviknight|Corviknight, F|100/100
|-ability|p1a: Corviknight|Pressure
|move|p2a: Great Tusk|Close Combat|p1a: Corviknight
|-damage|p1a: Corviknight|66/100
|-unboost|p2a: Great Tusk|def|1
|-unboost|p2a: Great Tusk|spd|1
|-damage|p2a: Great Tusk|84/100|[from] item: Rocky Helmet|[of] p1a: Corviknight
|
|upkeep
|turn|2
|
|t:|1757934577
|-end|p2a: Great Tusk|Protosynthesis|[silent]
|switch|p2a: Moltres|Moltres|100/100
|move|p1a: Corviknight|U-turn|p2a: Moltres
|-resisted|p2a: Moltres
|-damage|p2a: Moltres|98/100
|
|t:|1757934581
|switch|p1a: Samurott|Samurott-Hisui, M|100/100|[from] U-turn
|
|upkeep
|turn|3
|
|t:|1757934604
|switch|p2a: Ninetales|Ninetales-Alola, M, shiny|100/100
|-weather|Snowscape|[from] ability: Snow Warning|[of] p2a: Ninetales
|move|p1a: Samurott|Ceaseless Edge|p2a: Ninetales
|-resisted|p2a: Ninetales
|-damage|p2a: Ninetales|72/100
|-sidestart|p2: ncdr|Spikes
|
|-weather|Snowscape|[upkeep]
|upkeep
|turn|4
|
|t:|1757934607
|move|p2a: Ninetales|Aurora Veil|p2a: Ninetales
|-sidestart|p2: ncdr|move: Aurora Veil
|move|p1a: Samurott|Ceaseless Edge|p2a: Ninetales
|-resisted|p2a: Ninetales
|-damage|p2a: Ninetales|58/100
|-sidestart|p2: ncdr|Spikes
|
|-weather|Snowscape|[upkeep]
|upkeep
|turn|5
|
|t:|1757934609
|switch|p1a: Alomomola|Alomomola, M|100/100
|move|p2a: Ninetales|Freeze-Dry|p1a: Alomomola
|-supereffective|p1a: Alomomola
|-damage|p1a: Alomomola|58/100
|
|-weather|Snowscape|[upkeep]
|-heal|p1a: Alomomola|64/100|[from] item: Leftovers
|upkeep
|turn|6
|
|t:|1757934612
|move|p1a: Alomomola|Protect|p1a: Alomomola
|-singleturn|p1a: Alomomola|Protect
|move|p2a: Ninetales|Freeze-Dry|p1a: Alomomola
|-activate|p1a: Alomomola|move: Protect
|
|-weather|Snowscape|[upkeep]
|-heal|p1a: Alomomola|70/100|[from] item: Leftovers
|upkeep
|turn|7
|
|t:|1757934616
|switch|p2a: Hydreigon|Hydreigon, F|100/100
|move|p1a: Alomomola|Flip Turn|p2a: Hydreigon
|-resisted|p2a: Hydreigon
|-damage|p2a: Hydreigon|96/100
|
|t:|1757934618
|switch|p1a: Clefable|Clefable, F|100/100|[from] Flip Turn
|
|-weather|none
|-heal|p2a: Hydreigon|100/100|[from] item: Leftovers
|upkeep
|turn|8
|
|t:|1757934623
|-terastallize|p2a: Hydreigon|Poison
|move|p2a: Hydreigon|Nasty Plot|p2a: Hydreigon
|-boost|p2a: Hydreigon|spa|2
|move|p1a: Clefable|Thunder Wave|p2a: Hydreigon
|-status|p2a: Hydreigon|par
|
|upkeep
|turn|9
|
|t:|1757934625
|move|p1a: Clefable|Stealth Rock|p2a: Hydreigon
|-sidestart|p2: ncdr|move: Stealth Rock
|cant|p2a: Hydreigon|par
|
|upkeep
|turn|10
|
|t:|1757934629
|move|p1a: Clefable|Moonblast|p2a: Hydreigon
|-resisted|p2a: Hydreigon
|-damage|p2a: Hydreigon|93/100 par
|cant|p2a: Hydreigon|par
|
|-heal|p2a: Hydreigon|99/100 par|[from] item: Leftovers
|upkeep
|turn|11
|
|t:|1757934632
|move|p1a: Clefable|Moonblast|p2a: Hydreigon
|-resisted|p2a: Hydreigon
|-damage|p2a: Hydreigon|91/100 par
|-unboost|p2a: Hydreigon|spa|1
|move|p2a: Hydreigon|Flash Cannon|p1a: Clefable
|-supereffective|p1a: Clefable
|-damage|p1a: Clefable|67/100
|
|-heal|p2a: Hydreigon|98/100 par|[from] item: Leftovers
|-sideend|p2: ncdr|move: Aurora Veil
|upkeep
|turn|12
|
|t:|1757934635
|move|p1a: Clefable|Moonblast|p2a: Hydreigon
|-resisted|p2a: Hydreigon
|-crit|p2a: Hydreigon
|-damage|p2a: Hydreigon|73/100 par
|-unboost|p2a: Hydreigon|spa|1
|move|p2a: Hydreigon|Flash Cannon|p1a: Clefable
|-supereffective|p1a: Clefable
|-damage|p1a: Clefable|36/100
|
|-heal|p2a: Hydreigon|79/100 par|[from] item: Leftovers
|upkeep
|turn|13
|
|t:|1757934639
|move|p1a: Clefable|Moonlight|p1a: Clefable
|-heal|p1a: Clefable|86/100
|move|p2a: Hydreigon|Flash Cannon|p1a: Clefable
|-supereffective|p1a: Clefable
|-crit|p1a: Clefable
|-damage|p1a: Clefable|33/100
|
|-heal|p2a: Hydreigon|85/100 par|[from] item: Leftovers
|upkeep
|turn|14
|
|t:|1757934642
|move|p1a: Clefable|Moonlight|p1a: Clefable
|-heal|p1a: Clefable|83/100
|move|p2a: Hydreigon|Nasty Plot|p2a: Hydreigon
|-boost|p2a: Hydreigon|spa|2
|
|-heal|p2a: Hydreigon|91/100 par|[from] item: Leftovers
|upkeep
|turn|15
|
|t:|1757934646
|move|p1a: Clefable|Moonblast|p2a: Hydreigon
|-resisted|p2a: Hydreigon
|-damage|p2a: Hydreigon|76/100 par
|move|p2a: Hydreigon|Flash Cannon|p1a: Clefable
|-supereffective|p1a: Clefable
|-damage|p1a: Clefable|48/100
|
|-heal|p2a: Hydreigon|82/100 par|[from] item: Leftovers
|upkeep
|turn|16
|
|t:|1757934650
|move|p1a: Clefable|Moonblast|p2a: Hydreigon
|-resisted|p2a: Hydreigon
|-damage|p2a: Hydreigon|65/100 par
|move|p2a: Hydreigon|Flash Cannon|p1a: Clefable
|-supereffective|p1a: Clefable
|-damage|p1a: Clefable|14/100
|
|-heal|p2a: Hydreigon|72/100 par|[from] item: Leftovers
|upkeep
|turn|17
|
|t:|1757934656
|move|p1a: Clefable|Moonlight|p1a: Clefable
|-heal|p1a: Clefable|64/100
|move|p2a: Hydreigon|Flash Cannon|p1a: Clefable
|-supereffective|p1a: Clefable
|-damage|p1a: Clefable|31/100
|
|-heal|p2a: Hydreigon|78/100 par|[from] item: Leftovers
|upkeep
|turn|18
|
|t:|1757934662
|move|p1a: Clefable|Moonlight|p1a: Clefable
|-heal|p1a: Clefable|81/100
|cant|p2a: Hydreigon|par
|
|-heal|p2a: Hydreigon|84/100 par|[from] item: Leftovers
|upkeep
|turn|19
|
|t:|1757934668
|switch|p1a: Samurott|Samurott-Hisui, M|100/100
|move|p2a: Hydreigon|Flash Cannon|p1a: Samurott
|-resisted|p1a: Samurott
|-damage|p1a: Samurott|66/100
|
|-heal|p2a: Hydreigon|90/100 par|[from] item: Leftovers
|upkeep
|turn|20
|
|t:|1757934683
|switch|p1a: Alomomola|Alomomola, M|100/100
|switch|p2a: Great Tusk|Great Tusk|84/100
|-damage|p2a: Great Tusk|68/100|[from] Spikes
|-damage|p2a: Great Tusk|65/100|[from] Stealth Rock
|
|upkeep
|turn|21
|
|t:|1757934688
|-end|p2a: Great Tusk|Protosynthesis|[silent]
|switch|p2a: Tyranitar|Tyranitar, M|100/100
|-damage|p2a: Tyranitar|84/100|[from] Spikes
|-damage|p2a: Tyranitar|72/100|[from] Stealth Rock
|-weather|Sandstorm|[from] ability: Sand Stream|[of] p2a: Tyranitar
|move|p1a: Alomomola|Wish|p1a: Alomomola
|
|-weather|Sandstorm|[upkeep]
|-damage|p1a: Alomomola|94/100|[from] Sandstorm
|-heal|p2a: Tyranitar|78/100|[from] item: Leftovers
|-heal|p1a: Alomomola|100/100|[from] item: Leftovers
|upkeep
|turn|22
|
|t:|1757934697
|move|p2a: Tyranitar|Knock Off|p1a: Alomomola
|-damage|p1a: Alomomola|72/100
|-enditem|p1a: Alomomola|Leftovers|[from] move: Knock Off|[of] p2a: Tyranitar
|move|p1a: Alomomola|Flip Turn|p2a: Tyranitar
|-supereffective|p2a: Tyranitar
|-damage|p2a: Tyranitar|54/100
|
|t:|1757934699
|switch|p1a: Samurott|Samurott-Hisui, M|66/100|[from] Flip Turn
|
|-weather|Sandstorm|[upkeep]
|-damage|p1a: Samurott|60/100|[from] Sandstorm
|-heal|p1a: Samurott|100/100|[from] move: Wish|[wisher] Alomomola
|-heal|p2a: Tyranitar|60/100|[from] item: Leftovers
|upkeep
|turn|23
|
|t:|1757934712
|move|p1a: Samurott|Swords Dance|p1a: Samurott
|-boost|p1a: Samurott|atk|2
|move|p2a: Tyranitar|Thunderbolt|p1a: Samurott
|-supereffective|p1a: Samurott
|-damage|p1a: Samurott|38/100
|
|-weather|Sandstorm|[upkeep]
|-damage|p1a: Samurott|32/100|[from] Sandstorm
|-heal|p2a: Tyranitar|66/100|[from] item: Leftovers
|upkeep
|turn|24
|
|t:|1757934736
|move|p1a: Samurott|Aqua Jet|p2a: Tyranitar
|-supereffective|p2a: Tyranitar
|-crit|p2a: Tyranitar
|-damage|p2a: Tyranitar|0 fnt
|faint|p2a: Tyranitar
|
|-weather|Sandstorm|[upkeep]
|-damage|p1a: Samurott|26/100|[from] Sandstorm
|upkeep
|
|t:|1757934746
|switch|p2a: Great Tusk|Great Tusk|65/100
|-damage|p2a: Great Tusk|48/100|[from] Spikes
|-damage|p2a: Great Tusk|45/100|[from] Stealth Rock
|turn|25
|
|t:|1757934749
|move|p1a: Samurott|Aqua Jet|p2a: Great Tusk
|-supereffective|p2a: Great Tusk
|-crit|p2a: Great Tusk
|-damage|p2a: Great Tusk|0 fnt
|faint|p2a: Great Tusk
|-end|p2a: Great Tusk|Protosynthesis|[silent]
|
|-weather|none
|upkeep
|
|t:|1757934753
|switch|p2a: Kingambit|Kingambit, M|100/100
|-damage|p2a: Kingambit|84/100|[from] Spikes
|-damage|p2a: Kingambit|78/100|[from] Stealth Rock
|turn|26
|
|t:|1757934754
|move|p2a: Kingambit|Sucker Punch|p1a: Samurott
|-resisted|p1a: Samurott
|-damage|p1a: Samurott|0 fnt
|faint|p1a: Samurott
|
|upkeep
|
|t:|1757934756
|switch|p1a: Great Tusk|Great Tusk|100/100
|-enditem|p1a: Great Tusk|Booster Energy
|-activate|p1a: Great Tusk|ability: Protosynthesis|[fromitem]
|-start|p1a: Great Tusk|protosynthesisatk
|turn|27
|
|t:|1757934762
|-end|p1a: Great Tusk|Protosynthesis|[silent]
|switch|p1a: Alomomola|Alomomola, M|100/100
|switch|p2a: Moltres|Moltres|98/100
|
|upkeep
|turn|28
|
|t:|1757934764
|move|p2a: Moltres|Air Slash|p1a: Alomomola
|-damage|p1a: Alomomola|76/100
|move|p1a: Alomomola|Flip Turn|p2a: Moltres
|-supereffective|p2a: Moltres
|-damage|p2a: Moltres|77/100
|
|t:|1757934767
|switch|p1a: Clefable|Clefable, F|81/100|[from] Flip Turn
|
|upkeep
|turn|29
|
|t:|1757934769
|move|p2a: Moltres|Air Slash|p1a: Clefable
|-damage|p1a: Clefable|61/100
|move|p1a: Clefable|Thunder Wave|p2a: Moltres
|-status|p2a: Moltres|par
|
|upkeep
|turn|30
|
|t:|1757934772
|move|p1a: Clefable|Moonlight|p1a: Clefable
|-heal|p1a: Clefable|100/100
|move|p2a: Moltres|Air Slash|p1a: Clefable
|-damage|p1a: Clefable|77/100
|
|upkeep
|turn|31
|
|t:|1757934774
|switch|p1a: Alomomola|Alomomola, M|100/100
|switch|p2a: Kingambit|Kingambit, M|78/100
|-damage|p2a: Kingambit|61/100|[from] Spikes
|-damage|p2a: Kingambit|55/100|[from] Stealth Rock
|
|upkeep
|turn|32
|
|t:|1757934776
|move|p2a: Kingambit|Swords Dance|p2a: Kingambit
|-boost|p2a: Kingambit|atk|2
|move|p1a: Alomomola|Flip Turn|p2a: Kingambit
|-damage|p2a: Kingambit|44/100
|
|t:|1757934778
|switch|p1a: Great Tusk|Great Tusk|100/100|[from] Flip Turn
|
|upkeep
|turn|33
|
|t:|1757934783
|move|p1a: Great Tusk|Headlong Rush|p2a: Kingambit
|-supereffective|p2a: Kingambit
|-damage|p2a: Kingambit|0 fnt
|-unboost|p1a: Great Tusk|def|1
|-unboost|p1a: Great Tusk|spd|1
|faint|p2a: Kingambit
|
|upkeep
|
|t:|1757934787
|switch|p2a: Ninetales|Ninetales-Alola, M, shiny|58/100
|-damage|p2a: Ninetales|42/100|[from] Spikes
|-damage|p2a: Ninetales|17/100|[from] Stealth Rock
|-weather|Snowscape|[from] ability: Snow Warning|[of] p2a: Ninetales
|turn|34
|
|t:|1757934790
|-end|p1a: Great Tusk|Protosynthesis|[silent]
|switch|p1a: Alomomola|Alomomola, M|100/100
|move|p2a: Ninetales|Blizzard|p1a: Alomomola
|-resisted|p1a: Alomomola
|-damage|p1a: Alomomola|84/100
|
|-weather|Snowscape|[upkeep]
|upkeep
|turn|35
|
|t:|1757934808
|move|p2a: Ninetales|Aurora Veil|p2a: Ninetales
|-sidestart|p2: ncdr|move: Aurora Veil
|move|p1a: Alomomola|Flip Turn|p2a: Ninetales
|-damage|p2a: Ninetales|8/100
|
|t:|1757934810
|switch|p1a: Darkrai|Darkrai|100/100|[from] Flip Turn
|
|-weather|Snowscape|[upkeep]
|upkeep
|turn|36
|
|t:|1757934823
|move|p1a: Darkrai|Sludge Bomb|p2a: Ninetales
|-supereffective|p2a: Ninetales
|-damage|p2a: Ninetales|0 fnt
|faint|p2a: Ninetales
|
|-weather|Snowscape|[upkeep]
|upkeep
|
|t:|1757934825
|switch|p2a: Hydreigon|Hydreigon, F, tera:Poison|90/100 par
|-damage|p2a: Hydreigon|78/100 par|[from] Stealth Rock
|turn|37
|
|t:|1757934827
|move|p1a: Darkrai|Dark Pulse|p2a: Hydreigon
|-damage|p2a: Hydreigon|57/100 par
|cant|p2a: Hydreigon|flinch
|
|-weather|Snowscape|[upkeep]
|-heal|p2a: Hydreigon|63/100 par|[from] item: Leftovers
|upkeep
|turn|38
|
|t:|1757934830
|move|p1a: Darkrai|Dark Pulse|p2a: Hydreigon
|-damage|p2a: Hydreigon|42/100 par
|move|p2a: Hydreigon|Nasty Plot|p2a: Hydreigon
|-boost|p2a: Hydreigon|spa|2
|
|-weather|none
|-heal|p2a: Hydreigon|48/100 par|[from] item: Leftovers
|upkeep
|turn|39
|
|t:|1757934835
|switch|p1a: Alomomola|Alomomola, M|100/100
|move|p2a: Hydreigon|Flamethrower|p1a: Alomomola
|-resisted|p1a: Alomomola
|-damage|p1a: Alomomola|77/100
|
|-heal|p2a: Hydreigon|54/100 par|[from] item: Leftovers
|upkeep
|turn|40
|
|t:|1757934838
|cant|p2a: Hydreigon|par
|move|p1a: Alomomola|Flip Turn|p2a: Hydreigon
|-damage|p2a: Hydreigon|46/100 par
|
|t:|1757934841
|switch|p1a: Clefable|Clefable, F|77/100|[from] Flip Turn
|
|-heal|p2a: Hydreigon|52/100 par|[from] item: Leftovers
|upkeep
|turn|41
|
|t:|1757934844
|move|p1a: Clefable|Moonblast|p2a: Hydreigon
|-resisted|p2a: Hydreigon
|-damage|p2a: Hydreigon|45/100 par
|-unboost|p2a: Hydreigon|spa|1
|move|p2a: Hydreigon|Flash Cannon|p1a: Clefable
|-supereffective|p1a: Clefable
|-damage|p1a: Clefable|46/100
|
|-heal|p2a: Hydreigon|51/100 par|[from] item: Leftovers
|upkeep
|turn|42
|
|t:|1757934847
|move|p1a: Clefable|Moonblast|p2a: Hydreigon
|-resisted|p2a: Hydreigon
|-damage|p2a: Hydreigon|43/100 par
|move|p2a: Hydreigon|Flash Cannon|p1a: Clefable
|-supereffective|p1a: Clefable
|-damage|p1a: Clefable|11/100
|
|-heal|p2a: Hydreigon|50/100 par|[from] item: Leftovers
|-sideend|p2: ncdr|move: Aurora Veil
|upkeep
|turn|43
|
|t:|1757934851
|move|p1a: Clefable|Moonblast|p2a: Hydreigon
|-resisted|p2a: Hydreigon
|-damage|p2a: Hydreigon|34/100 par
|-unboost|p2a: Hydreigon|spa|1
|move|p2a: Hydreigon|Nasty Plot|p2a: Hydreigon
|-boost|p2a: Hydreigon|spa|2
|
|-heal|p2a: Hydreigon|40/100 par|[from] item: Leftovers
|upkeep
|turn|44
|
|t:|1757934853
|move|p1a: Clefable|Moonblast|p2a: Hydreigon
|-resisted|p2a: Hydreigon
|-damage|p2a: Hydreigon|23/100 par
|-unboost|p2a: Hydreigon|spa|1
|move|p2a: Hydreigon|Flash Cannon|p1a: Clefable
|-supereffective|p1a: Clefable
|-damage|p1a: Clefable|0 fnt
|faint|p1a: Clefable
|
|-heal|p2a: Hydreigon|30/100 par|[from] item: Leftovers
|upkeep
|
|t:|1757934856
|switch|p1a: Darkrai|Darkrai|100/100
|turn|45
|-message|ncdr forfeited.
|
|win|Timgameboy
|raw|Timgameboy's rating: 1555 &rarr; <strong>1576</strong><br />(+21 for winning)
|raw|ncdr's rating: 1573 &rarr; <strong>1552</strong><br />(-21 for losing)
|l|‽ncdr
|player|p2|
|l|☆Timgameboy
|player|p1|
