|j|☆BrokenChest2
|j|☆ColonizedUsername
|t:|1757916195
|gametype|singles
|player|p1|BrokenChest2|unknown|1531
|player|p2|ColonizedUsername|candice|1474
|gen|9
|tier|[Gen 9] OU
|rated|
|rule|HP Percentage Mod: HP is shown in percentages
|rule|Endless Battle Clause: Forcing endless battles is banned
|rule|Species Clause: Limit one of each Pokémon
|rule|OHKO Clause: OHKO moves are banned
|rule|Evasion Items Clause: Evasion items are banned
|rule|Evasion Moves Clause: Evasion moves are banned
|rule|Evasion Abilities Clause: Evasion abilities are banned
|rule|Sleep Moves Clause: Sleep-inducing moves are banned
|clearpoke
|poke|p1|Quagsire, M|
|poke|p1|Blissey, F|
|poke|p1|Toxapex, F|
|poke|p1|Sinistcha|
|poke|p1|Gliscor, F|
|poke|p1|Corviknight, M|
|poke|p2|Sableye, M|
|poke|p2|Corviknight, M|
|poke|p2|Gliscor, M|
|poke|p2|Garganacl, M|
|poke|p2|Iron Valiant|
|poke|p2|Alomomola, M|
|teampreview
|inactive|Battle timer is ON: inactive players will automatically lose when time's up. (requested by BrokenChest2)
|
|t:|1757916202
|teamsize|p1|6
|teamsize|p2|6
|start
|switch|p1a: Corviknight|Corviknight, M|100/100
|switch|p2a: Garganacl|Garganacl, M|100/100
|-ability|p1a: Corviknight|Pressure
|turn|1
|
|t:|1757916207
|switch|p1a: Gliscor|Gliscor, F|100/100
|move|p2a: Garganacl|Stealth Rock|p1a: Gliscor
|-sidestart|p1: BrokenChest2|move: Stealth Rock
|
|-status|p1a: Gliscor|tox|[from] item: Toxic Orb
|upkeep
|turn|2
|
|t:|1757916212
|switch|p2a: Corviknight|Corviknight, M|100/100
|-ability|p2a: Corviknight|Pressure
|move|p1a: Gliscor|Knock Off|p2a: Corviknight
|-damage|p2a: Corviknight|88/100
|-damage|p1a: Gliscor|84/100 tox|[from] item: Rocky Helmet|[of] p2a: Corviknight
|-enditem|p2a: Corviknight|Rocky Helmet|[from] move: Knock Off|[of] p1a: Gliscor
|
|-heal|p1a: Gliscor|97/100 tox|[from] ability: Poison Heal
|upkeep
|turn|3
|
|t:|1757916220
|move|p1a: Gliscor|Spikes|p2a: Corviknight
|-sidestart|p2: ColonizedUsername|Spikes
|move|p2a: Corviknight|Iron Defense|p2a: Corviknight
|-boost|p2a: Corviknight|def|2
|
|-heal|p1a: Gliscor|100/100 tox|[from] ability: Poison Heal
|upkeep
|turn|4
|
|t:|1757916223
|move|p1a: Gliscor|Spikes|p2a: Corviknight
|-sidestart|p2: ColonizedUsername|Spikes
|move|p2a: Corviknight|U-turn|p1a: Gliscor
|-resisted|p1a: Gliscor
|-damage|p1a: Gliscor|95/100 tox
|
|t:|1757916225
|switch|p2a: Gliscor|Gliscor, M|100/100|[from] U-turn
|
|-heal|p1a: Gliscor|100/100 tox|[from] ability: Poison Heal
|-status|p2a: Gliscor|tox|[from] item: Toxic Orb
|upkeep
|turn|5
|
|t:|1757916229
|move|p2a: Gliscor|Spikes|p1a: Gliscor
|-sidestart|p1: BrokenChest2|Spikes
|move|p1a: Gliscor|Spikes|p2a: Gliscor
|-sidestart|p2: ColonizedUsername|Spikes
|
|upkeep
|turn|6
|
|t:|1757916231
|move|p2a: Gliscor|Spikes|p1a: Gliscor
|-sidestart|p1: BrokenChest2|Spikes
|move|p1a: Gliscor|Knock Off|p2a: Gliscor
|-damage|p2a: Gliscor|83/100 tox
|-enditem|p2a: Gliscor|Toxic Orb|[from] move: Knock Off|[of] p1a: Gliscor
|
|-heal|p2a: Gliscor|95/100 tox|[from] ability: Poison Heal
|upkeep
|turn|7
|
|t:|1757916239
|switch|p1a: Quagsire|Quagsire, M|100/100
|move|p2a: Gliscor|Spikes|p1a: Quagsire
|-sidestart|p1: BrokenChest2|Spikes
|
|-heal|p2a: Gliscor|100/100 tox|[from] ability: Poison Heal
|upkeep
|turn|8
|
|t:|1757916247
|move|p2a: Gliscor|Knock Off|p1a: Quagsire
|-damage|p1a: Quagsire|85/100
|-enditem|p1a: Quagsire|Heavy-Duty Boots|[from] move: Knock Off|[of] p2a: Gliscor
|move|p1a: Quagsire|Stealth Rock|p2a: Gliscor
|-sidestart|p2: ColonizedUsername|move: Stealth Rock
|
|upkeep
|turn|9
|
|t:|1757916253
|move|p2a: Gliscor|U-turn|p1a: Quagsire
|-damage|p1a: Quagsire|75/100
|
|t:|1757916256
|switch|p2a: Garganacl|Garganacl, M|100/100|[from] U-turn
|move|p1a: Quagsire|Earthquake|p2a: Garganacl
|-supereffective|p2a: Garganacl
|-damage|p2a: Garganacl|57/100
|
|upkeep
|turn|10
|
|t:|1757916265
|switch|p2a: Corviknight|Corviknight, M|88/100
|-damage|p2a: Corviknight|76/100|[from] Stealth Rock
|-ability|p2a: Corviknight|Pressure
|move|p1a: Quagsire|Earthquake|p2a: Corviknight
|-immune|p2a: Corviknight
|
|upkeep
|turn|11
|
|t:|1757916273
|switch|p1a: Toxapex|Toxapex, F|100/100
|move|p2a: Corviknight|U-turn|p1a: Toxapex
|-resisted|p1a: Toxapex
|-damage|p1a: Toxapex|95/100
|
|t:|1757916278
|switch|p2a: Gliscor|Gliscor, M|100/100 tox|[from] U-turn
|-damage|p2a: Gliscor|88/100 tox|[from] Stealth Rock
|
|-heal|p2a: Gliscor|100/100 tox|[from] ability: Poison Heal
|upkeep
|turn|12
|
|t:|1757916281
|move|p2a: Gliscor|U-turn|p1a: Toxapex
|-resisted|p1a: Toxapex
|-damage|p1a: Toxapex|89/100
|
|t:|1757916286
|switch|p2a: Garganacl|Garganacl, M|57/100|[from] U-turn
|move|p1a: Toxapex|Toxic Spikes|p2a: Garganacl
|-sidestart|p2: ColonizedUsername|move: Toxic Spikes
|
|upkeep
|turn|13
|
|t:|1757916293
|switch|p1a: Sinistcha|Sinistcha|100/100
|move|p2a: Garganacl|Salt Cure|p1a: Sinistcha
|-crit|p1a: Sinistcha
|-damage|p1a: Sinistcha|84/100
|-start|p1a: Sinistcha|Salt Cure
|
|-damage|p1a: Sinistcha|72/100|[from] Salt Cure
|upkeep
|turn|14
|
|t:|1757916298
|switch|p2a: Gliscor|Gliscor, M|100/100 tox
|-damage|p2a: Gliscor|88/100 tox|[from] Stealth Rock
|move|p1a: Sinistcha|Matcha Gotcha|p2a: Gliscor
|-damage|p2a: Gliscor|47/100 tox
|-heal|p1a: Sinistcha|95/100|[from] drain|[of] p2a: Gliscor
|
|-heal|p2a: Gliscor|59/100 tox|[from] ability: Poison Heal
|-damage|p1a: Sinistcha|82/100|[from] Salt Cure
|upkeep
|turn|15
|
|t:|1757916311
|move|p2a: Gliscor|Knock Off|p1a: Sinistcha
|-supereffective|p1a: Sinistcha
|-damage|p1a: Sinistcha|53/100
|-enditem|p1a: Sinistcha|Heavy-Duty Boots|[from] move: Knock Off|[of] p2a: Gliscor
|move|p1a: Sinistcha|Hex|p2a: Gliscor
|-damage|p2a: Gliscor|0 fnt
|faint|p2a: Gliscor
|
|-damage|p1a: Sinistcha|40/100|[from] Salt Cure
|upkeep
|
|t:|1757916331
|switch|p2a: Iron Valiant|Iron Valiant|100/100
|turn|16
|
|t:|1757916341
|switch|p1a: Corviknight|Corviknight, M|100/100
|-ability|p1a: Corviknight|Pressure
|-terastallize|p2a: Iron Valiant|Fairy
|move|p2a: Iron Valiant|Moonblast|p1a: Corviknight
|-resisted|p1a: Corviknight
|-damage|p1a: Corviknight|64/100
|
|upkeep
|turn|17
|
|t:|1757916344
|move|p2a: Iron Valiant|Thunderbolt|p1a: Corviknight
|-supereffective|p1a: Corviknight
|-damage|p1a: Corviknight|0 fnt
|faint|p1a: Corviknight
|
|upkeep
|
|t:|1757916348
|switch|p1a: Quagsire|Quagsire, M|75/100
|-damage|p1a: Quagsire|69/100|[from] Stealth Rock
|-damage|p1a: Quagsire|44/100|[from] Spikes
|turn|18
|
|t:|1757916350
|move|p2a: Iron Valiant|Moonblast|p1a: Quagsire
|-damage|p1a: Quagsire|0 fnt
|faint|p1a: Quagsire
|
|upkeep
|
|t:|1757916353
|switch|p1a: Blissey|Blissey, F|100/100
|turn|19
|
|t:|1757916356
|move|p2a: Iron Valiant|Close Combat|p1a: Blissey
|-supereffective|p1a: Blissey
|-damage|p1a: Blissey|0 fnt
|-unboost|p2a: Iron Valiant|def|1
|-unboost|p2a: Iron Valiant|spd|1
|faint|p1a: Blissey
|
|upkeep
|
|t:|1757916358
|switch|p1a: Gliscor|Gliscor, F|100/100 tox
|-damage|p1a: Gliscor|88/100 tox|[from] Stealth Rock
|turn|20
|
|t:|1757916362
|-end|p2a: Iron Valiant|Quark Drive|[silent]
|switch|p2a: Corviknight|Corviknight, M|76/100
|-damage|p2a: Corviknight|64/100|[from] Stealth Rock
|-ability|p2a: Corviknight|Pressure
|move|p1a: Gliscor|Earthquake|p2a: Corviknight
|-immune|p2a: Corviknight
|
|-heal|p1a: Gliscor|100/100 tox|[from] ability: Poison Heal
|upkeep
|turn|21
|
|t:|1757916367
|move|p1a: Gliscor|Knock Off|p2a: Corviknight
|-damage|p2a: Corviknight|56/100
|move|p2a: Corviknight|U-turn|p1a: Gliscor
|-resisted|p1a: Gliscor
|-damage|p1a: Gliscor|95/100 tox
|
|t:|1757916378
|switch|p2a: Iron Valiant|Iron Valiant, tera:Fairy|100/100|[from] U-turn
|
|-heal|p1a: Gliscor|100/100 tox|[from] ability: Poison Heal
|upkeep
|turn|22
|
|t:|1757916381
|move|p2a: Iron Valiant|Moonblast|p1a: Gliscor
|-damage|p1a: Gliscor|44/100 tox
|move|p1a: Gliscor|Knock Off|p2a: Iron Valiant
|-resisted|p2a: Iron Valiant
|-damage|p2a: Iron Valiant|86/100
|-enditem|p2a: Iron Valiant|Heavy-Duty Boots|[from] move: Knock Off|[of] p1a: Gliscor
|
|-heal|p1a: Gliscor|56/100 tox|[from] ability: Poison Heal
|upkeep
|turn|23
|
|t:|1757916386
|move|p1a: Gliscor|Protect|p1a: Gliscor
|-singleturn|p1a: Gliscor|Protect
|move|p2a: Iron Valiant|Moonblast|p1a: Gliscor
|-activate|p1a: Gliscor|move: Protect
|
|-heal|p1a: Gliscor|69/100 tox|[from] ability: Poison Heal
|upkeep
|turn|24
|
|t:|1757916388
|move|p2a: Iron Valiant|Moonblast|p1a: Gliscor
|-damage|p1a: Gliscor|16/100 tox
|move|p1a: Gliscor|Earthquake|p2a: Iron Valiant
|-damage|p2a: Iron Valiant|46/100
|
|-heal|p1a: Gliscor|28/100 tox|[from] ability: Poison Heal
|upkeep
|turn|25
|
|t:|1757916393
|move|p1a: Gliscor|Protect|p1a: Gliscor
|-singleturn|p1a: Gliscor|Protect
|move|p2a: Iron Valiant|Moonblast|p1a: Gliscor
|-activate|p1a: Gliscor|move: Protect
|
|-heal|p1a: Gliscor|41/100 tox|[from] ability: Poison Heal
|upkeep
|turn|26
|
|t:|1757916396
|switch|p1a: Toxapex|Toxapex, F|100/100
|move|p2a: Iron Valiant|Moonblast|p1a: Toxapex
|-resisted|p1a: Toxapex
|-damage|p1a: Toxapex|80/100
|
|upkeep
|turn|27
|
|t:|1757916401
|-end|p2a: Iron Valiant|Quark Drive|[silent]
|switch|p2a: Sableye|Sableye, M|100/100
|move|p1a: Toxapex|Toxic|p2a: Sableye
|-status|p2a: Sableye|tox
|
|-damage|p2a: Sableye|94/100 tox|[from] psn
|upkeep
|turn|28
|
|t:|1757916404
|switch|p1a: Gliscor|Gliscor, F|41/100 tox
|-damage|p1a: Gliscor|28/100 tox|[from] Stealth Rock
|move|p2a: Sableye|Knock Off|p1a: Gliscor
|-damage|p1a: Gliscor|7/100 tox
|-enditem|p1a: Gliscor|Toxic Orb|[from] move: Knock Off|[of] p2a: Sableye
|
|-heal|p1a: Gliscor|20/100 tox|[from] ability: Poison Heal
|-damage|p2a: Sableye|82/100 tox|[from] psn
|upkeep
|turn|29
|
|t:|1757916413
|switch|p2a: Alomomola|Alomomola, M|100/100
|move|p1a: Gliscor|Earthquake|p2a: Alomomola
|-damage|p2a: Alomomola|82/100
|
|-heal|p1a: Gliscor|32/100 tox|[from] ability: Poison Heal
|upkeep
|turn|30
|
|t:|1757916419
|move|p1a: Gliscor|Knock Off|p2a: Alomomola
|-damage|p2a: Alomomola|69/100
|-enditem|p2a: Alomomola|Heavy-Duty Boots|[from] move: Knock Off|[of] p1a: Gliscor
|move|p2a: Alomomola|Wish|p2a: Alomomola
|
|-heal|p1a: Gliscor|45/100 tox|[from] ability: Poison Heal
|upkeep
|turn|31
|
|t:|1757916424
|switch|p2a: Iron Valiant|Iron Valiant, tera:Fairy|46/100
|-damage|p2a: Iron Valiant|21/100|[from] Spikes
|-damage|p2a: Iron Valiant|9/100|[from] Stealth Rock
|-status|p2a: Iron Valiant|psn
|move|p1a: Gliscor|Earthquake|p2a: Iron Valiant
|-damage|p2a: Iron Valiant|0 fnt
|faint|p2a: Iron Valiant
|-end|p2a: Iron Valiant|Quark Drive|[silent]
|
|-heal|p1a: Gliscor|57/100 tox|[from] ability: Poison Heal
|upkeep
|
|t:|1757916433
|switch|p2a: Corviknight|Corviknight, M|56/100
|-damage|p2a: Corviknight|43/100|[from] Stealth Rock
|-ability|p2a: Corviknight|Pressure
|turn|32
|
|t:|1757916436
|switch|p1a: Sinistcha|Sinistcha|40/100
|-damage|p1a: Sinistcha|28/100|[from] Stealth Rock
|-damage|p1a: Sinistcha|3/100|[from] Spikes
|move|p2a: Corviknight|Iron Defense|p2a: Corviknight
|-boost|p2a: Corviknight|def|2
|
|upkeep
|turn|33
|
|t:|1757916441
|move|p1a: Sinistcha|Strength Sap|p2a: Corviknight
|-unboost|p2a: Corviknight|atk|1
|-heal|p1a: Sinistcha|68/100
|move|p2a: Corviknight|U-turn|p1a: Sinistcha
|-damage|p1a: Sinistcha|61/100
|
|t:|1757916444
|switch|p2a: Sableye|Sableye, M|82/100 tox|[from] U-turn
|
|-damage|p2a: Sableye|75/100 tox|[from] psn
|upkeep
|turn|34
|
|t:|1757916448
|move|p2a: Sableye|Encore|p1a: Sinistcha
|-start|p1a: Sinistcha|Encore
|move|p1a: Sinistcha|Strength Sap|p2a: Sableye
|-unboost|p2a: Sableye|atk|1
|-heal|p1a: Sinistcha|100/100
|
|-damage|p2a: Sableye|63/100 tox|[from] psn
|upkeep
|turn|35
|
|t:|1757916457
|switch|p1a: Gliscor|Gliscor, F|57/100 tox
|-damage|p1a: Gliscor|45/100 tox|[from] Stealth Rock
|move|p2a: Sableye|Knock Off|p1a: Gliscor
|-damage|p1a: Gliscor|34/100 tox
|
|-heal|p1a: Gliscor|47/100 tox|[from] ability: Poison Heal
|-damage|p2a: Sableye|44/100 tox|[from] psn
|upkeep
|turn|36
|
|t:|1757916467
|switch|p2a: Corviknight|Corviknight, M|43/100
|-damage|p2a: Corviknight|31/100|[from] Stealth Rock
|-ability|p2a: Corviknight|Pressure
|move|p1a: Gliscor|Knock Off|p2a: Corviknight
|-damage|p2a: Corviknight|22/100
|
|-heal|p1a: Gliscor|59/100 tox|[from] ability: Poison Heal
|upkeep
|turn|37
|
|t:|1757916476
|switch|p1a: Toxapex|Toxapex, F|100/100
|move|p2a: Corviknight|Iron Defense|p2a: Corviknight
|-boost|p2a: Corviknight|def|2
|
|upkeep
|turn|38
|
|t:|1757916478
|move|p2a: Corviknight|Roost|p2a: Corviknight
|-heal|p2a: Corviknight|72/100
|-singleturn|p2a: Corviknight|move: Roost
|move|p1a: Toxapex|Toxic Spikes|p2a: Corviknight
|-sidestart|p2: ColonizedUsername|move: Toxic Spikes
|
|upkeep
|turn|39
|
|t:|1757916481
|move|p2a: Corviknight|Iron Defense|p2a: Corviknight
|-boost|p2a: Corviknight|def|2
|move|p1a: Toxapex|Haze|p1a: Toxapex
|-clearallboost
|
|upkeep
|turn|40
|
|t:|1757916484
|switch|p1a: Gliscor|Gliscor, F|59/100 tox
|-damage|p1a: Gliscor|47/100 tox|[from] Stealth Rock
|move|p2a: Corviknight|Iron Defense|p2a: Corviknight
|-boost|p2a: Corviknight|def|2
|
|-heal|p1a: Gliscor|59/100 tox|[from] ability: Poison Heal
|upkeep
|turn|41
|
|t:|1757916492
|switch|p1a: Sinistcha|Sinistcha|100/100
|-damage|p1a: Sinistcha|88/100|[from] Stealth Rock
|-damage|p1a: Sinistcha|63/100|[from] Spikes
|move|p2a: Corviknight|U-turn|p1a: Sinistcha
|-damage|p1a: Sinistcha|53/100
|
|t:|1757916502
|switch|p2a: Sableye|Sableye, M|44/100 tox|[from] U-turn
|
|-damage|p2a: Sableye|38/100 tox|[from] psn
|upkeep
|turn|42
|
|t:|1757916504
|move|p2a: Sableye|Will-O-Wisp|p1a: Sinistcha
|-status|p1a: Sinistcha|brn
|move|p1a: Sinistcha|Matcha Gotcha|p2a: Sableye
|-damage|p2a: Sableye|0 fnt
|-heal|p1a: Sinistcha|71/100 brn|[from] drain|[of] p2a: Sableye
|faint|p2a: Sableye
|
|-damage|p1a: Sinistcha|68/100 brn|[from] brn
|upkeep
|
|t:|1757916521
|switch|p2a: Corviknight|Corviknight, M|72/100
|-damage|p2a: Corviknight|60/100|[from] Stealth Rock
|-ability|p2a: Corviknight|Pressure
|turn|43
|
|t:|1757916526
|move|p1a: Sinistcha|Matcha Gotcha|p2a: Corviknight
|-resisted|p2a: Corviknight
|-damage|p2a: Corviknight|51/100
|-heal|p1a: Sinistcha|73/100 brn|[from] drain|[of] p2a: Corviknight
|move|p2a: Corviknight|Iron Defense|p2a: Corviknight
|-boost|p2a: Corviknight|def|2
|
|-damage|p1a: Sinistcha|70/100 brn|[from] brn
|upkeep
|turn|44
|
|t:|1757916532
|move|p1a: Sinistcha|Matcha Gotcha|p2a: Corviknight
|-resisted|p2a: Corviknight
|-damage|p2a: Corviknight|43/100
|-heal|p1a: Sinistcha|75/100 brn|[from] drain|[of] p2a: Corviknight
|move|p2a: Corviknight|U-turn|p1a: Sinistcha
|-damage|p1a: Sinistcha|64/100 brn
|
|t:|1757916535
|switch|p2a: Alomomola|Alomomola, M|100/100|[from] U-turn
|-damage|p2a: Alomomola|75/100|[from] Spikes
|-damage|p2a: Alomomola|63/100|[from] Stealth Rock
|-status|p2a: Alomomola|tox
|
|-damage|p2a: Alomomola|57/100 tox|[from] psn
|-damage|p1a: Sinistcha|61/100 brn|[from] brn
|upkeep
|turn|45
|
|t:|1757916538
|switch|p2a: Corviknight|Corviknight, M|43/100
|-damage|p2a: Corviknight|31/100|[from] Stealth Rock
|-ability|p2a: Corviknight|Pressure
|move|p1a: Sinistcha|Matcha Gotcha|p2a: Corviknight
|-resisted|p2a: Corviknight
|-damage|p2a: Corviknight|23/100
|-heal|p1a: Sinistcha|66/100 brn|[from] drain|[of] p2a: Corviknight
|
|-damage|p1a: Sinistcha|62/100 brn|[from] brn
|upkeep
|turn|46
|
|t:|1757916543
|move|p1a: Sinistcha|Hex|p2a: Corviknight
|-damage|p2a: Corviknight|0 fnt
|faint|p2a: Corviknight
|
|-damage|p1a: Sinistcha|59/100 brn|[from] brn
|upkeep
|-message|ColonizedUsername forfeited.
|
|win|BrokenChest2
|raw|BrokenChest2's rating: 1531 &rarr; <strong>1548</strong><br />(+17 for winning)
|raw|ColonizedUsername's rating: 1474 &rarr; <strong>1457</strong><br />(-17 for losing)
|l|☆ColonizedUsername
|player|p2|
|l|☆BrokenChest2
|player|p1|
