|j|☆Bogatyum
|j|☆fudfight57
|t:|1757948512
|gametype|singles
|player|p1|Bogatyum|lucas|1061
|player|p2|fudfight57|n|1111
|gen|9
|tier|[Gen 9] OU
|rated|
|rule|HP Percentage Mod: HP is shown in percentages
|rule|Endless Battle Clause: Forcing endless battles is banned
|rule|Species Clause: Limit one of each Pokémon
|rule|OHKO Clause: OHKO moves are banned
|rule|Evasion Items Clause: Evasion items are banned
|rule|Evasion Moves Clause: Evasion moves are banned
|rule|Evasion Abilities Clause: Evasion abilities are banned
|rule|Sleep Moves Clause: Sleep-inducing moves are banned
|clearpoke
|poke|p1|Tinkaton, F|
|poke|p1|Scream Tail|
|poke|p1|Blastoise, M|
|poke|p1|Raichu, M|
|poke|p1|Mimikyu, M|
|poke|p1|Primeape, M|
|poke|p2|Ting-Lu|
|poke|p2|Hatterene, F|
|poke|p2|Great Tusk|
|poke|p2|Ceruledge, F|
|poke|p2|Dragonite, F|
|poke|p2|Kyurem|
|teampreview
|
|t:|1757948530
|teamsize|p1|6
|teamsize|p2|6
|start
|switch|p1a: Це точно Пікачу|Mimikyu, M|100/100
|switch|p2a: Great Tusk|Great Tusk|100/100
|turn|1
|
|t:|1757948536
|move|p1a: Це точно Пікачу|Play Rough|p2a: Great Tusk
|-supereffective|p2a: Great Tusk
|-damage|p2a: Great Tusk|70/100
|move|p2a: Great Tusk|Knock Off|p1a: Це точно Пікачу
|-activate|p1a: Це точно Пікачу|ability: Disguise
|-damage|p1a: Це точно Пікачу|100/100
|-enditem|p1a: Це точно Пікачу|Leftovers|[from] move: Knock Off|[of] p2a: Great Tusk
|detailschange|p1a: Це точно Пікачу|Mimikyu-Busted, M
|-damage|p1a: Це точно Пікачу|88/100|[from] pokemon: Mimikyu-Busted
|
|-heal|p2a: Great Tusk|76/100|[from] item: Leftovers
|upkeep
|turn|2
|
|t:|1757948555
|switch|p1a: Крикун|Scream Tail|100/100
|move|p2a: Great Tusk|Headlong Rush|p1a: Крикун
|-damage|p1a: Крикун|59/100
|-unboost|p2a: Great Tusk|def|1
|-unboost|p2a: Great Tusk|spd|1
|
|-heal|p1a: Крикун|65/100|[from] item: Leftovers
|-heal|p2a: Great Tusk|83/100|[from] item: Leftovers
|upkeep
|turn|3
|
|t:|1757948566
|-end|p2a: Great Tusk|Protosynthesis|[silent]
|switch|p2a: Ting-Lu|Ting-Lu|100/100
|-ability|p2a: Ting-Lu|Vessel of Ruin
|move|p1a: Крикун|Psychic|p2a: Ting-Lu
|-immune|p2a: Ting-Lu
|
|-heal|p1a: Крикун|71/100|[from] item: Leftovers
|upkeep
|turn|4
|
|t:|1757948589
|move|p1a: Крикун|Protect|p1a: Крикун
|-singleturn|p1a: Крикун|Protect
|move|p2a: Ting-Lu|Stealth Rock|p1a: Крикун
|-sidestart|p1: Bogatyum|move: Stealth Rock
|
|-heal|p1a: Крикун|78/100|[from] item: Leftovers
|upkeep
|turn|5
|
|t:|1757948597
|move|p1a: Крикун|Encore|p2a: Ting-Lu
|-start|p2a: Ting-Lu|Encore
|move|p2a: Ting-Lu|Stealth Rock||[still]
|-fail|p2a: Ting-Lu
|
|-heal|p1a: Крикун|84/100|[from] item: Leftovers
|upkeep
|turn|6
|
|t:|1757948624
|-end|p1a: Крикун|Protosynthesis|[silent]
|switch|p1a: Це точно Пікачу|Mimikyu-Busted, M|88/100
|-damage|p1a: Це точно Пікачу|76/100|[from] Stealth Rock
|switch|p2a: Ceruledge|Ceruledge, F|100/100
|
|upkeep
|turn|7
|
|t:|1757948639
|move|p1a: Це точно Пікачу|Destiny Bond|p1a: Це точно Пікачу
|-singlemove|p1a: Це точно Пікачу|Destiny Bond
|move|p2a: Ceruledge|Swords Dance|p2a: Ceruledge
|-boost|p2a: Ceruledge|atk|2
|
|upkeep
|turn|8
|
|t:|1757948648
|move|p1a: Це точно Пікачу|Shadow Ball|p2a: Ceruledge
|-supereffective|p2a: Ceruledge
|-crit|p2a: Ceruledge
|-damage|p2a: Ceruledge|20/100
|move|p2a: Ceruledge|Bitter Blade|p1a: Це точно Пікачу
|-damage|p1a: Це точно Пікачу|0 fnt
|-heal|p2a: Ceruledge|53/100|[from] drain|[of] p1a: Це точно Пікачу
|faint|p1a: Це точно Пікачу
|
|upkeep
|
|t:|1757948659
|switch|p1a: Танк|Blastoise, M|100/100
|-damage|p1a: Танк|88/100|[from] Stealth Rock
|turn|9
|
|t:|1757948672
|-terastallize|p2a: Ceruledge|Fairy
|move|p2a: Ceruledge|Shadow Sneak|p1a: Танк
|-damage|p1a: Танк|47/100
|move|p1a: Танк|Hydro Pump|p2a: Ceruledge|[miss]
|-miss|p1a: Танк|p2a: Ceruledge
|
|-heal|p1a: Танк|53/100|[from] item: Leftovers
|upkeep
|turn|10
|-message|Bogatyum forfeited.
|
|win|fudfight57
|raw|Bogatyum's rating: 1061 &rarr; <strong>1045</strong><br />(-16 for losing)
|raw|fudfight57's rating: 1111 &rarr; <strong>1132</strong><br />(+21 for winning)
|l|☆Bogatyum
|player|p1|
|c|☆fudfight57|lol
|l|☆fudfight57
|player|p2|
|j|☆Bogatyum
|player|p1|Bogatyum|lucas|
