|j|☆poukiewookie
|j|☆purple pastels
|t:|1757863548
|gametype|singles
|player|p1|poukiewookie|richboy-gen4|1555
|player|p2|purple pastels|doubleteam|1563
|gen|9
|tier|[Gen 9] OU
|rated|
|rule|HP Percentage Mod: HP is shown in percentages
|rule|Endless Battle Clause: Forcing endless battles is banned
|rule|Species Clause: Limit one of each Pokémon
|rule|OHKO Clause: OHKO moves are banned
|rule|Evasion Items Clause: Evasion items are banned
|rule|Evasion Moves Clause: Evasion moves are banned
|rule|Evasion Abilities Clause: Evasion abilities are banned
|rule|Sleep Moves Clause: Sleep-inducing moves are banned
|clearpoke
|poke|p1|Iron Valiant|
|poke|p1|Iron Treads|
|poke|p1|Pincurchin, M|
|poke|p1|Corviknight, M|
|poke|p1|Darkrai|
|poke|p1|Iron Moth|
|poke|p2|Cinderace, M|
|poke|p2|Blaziken, M|
|poke|p2|Ogerpon-Wellspring, F|
|poke|p2|Lokix, F|
|poke|p2|Iron Treads|
|poke|p2|Dragapult, F|
|teampreview
|
|t:|1757863555
|teamsize|p1|6
|teamsize|p2|6
|start
|switch|p1a: Spiky|Pincurchin, M|100/100
|switch|p2a: Iron Treads|Iron Treads|100/100
|-fieldstart|move: Electric Terrain|[from] ability: Electric Surge|[of] p1a: Spiky
|-activate|p2a: Iron Treads|ability: Quark Drive
|-start|p2a: Iron Treads|quarkdrivespe
|turn|1
|
|t:|1757863560
|move|p2a: Iron Treads|Stealth Rock|p1a: Spiky
|-sidestart|p1: poukiewookie|move: Stealth Rock
|move|p1a: Spiky|Scald|p2a: Iron Treads
|-supereffective|p2a: Iron Treads
|-damage|p2a: Iron Treads|33/100
|-status|p2a: Iron Treads|brn
|
|-damage|p2a: Iron Treads|27/100 brn|[from] brn
|upkeep
|turn|2
|
|t:|1757863566
|switch|p1a: Trunky boy|Iron Treads|100/100
|-damage|p1a: Trunky boy|97/100|[from] Stealth Rock
|-item|p1a: Trunky boy|Air Balloon
|-activate|p1a: Trunky boy|ability: Quark Drive
|-start|p1a: Trunky boy|quarkdrivespe
|move|p2a: Iron Treads|Earth Power|p1a: Trunky boy
|-immune|p1a: Trunky boy
|
|-damage|p2a: Iron Treads|21/100 brn|[from] brn
|upkeep
|turn|3
|
|t:|1757863575
|-end|p2a: Iron Treads|Quark Drive|[silent]
|switch|p2a: Dragapult|Dragapult, F|100/100
|move|p1a: Trunky boy|Earthquake|p2a: Dragapult
|-damage|p2a: Dragapult|32/100
|
|upkeep
|turn|4
|inactive|Battle timer is ON: inactive players will automatically lose when time's up. (requested by poukiewookie)
|
|t:|1757863586
|switch|p2a: Blaziken|Blaziken, M|100/100
|-item|p2a: Blaziken|Air Balloon
|move|p1a: Trunky boy|Earthquake|p2a: Blaziken
|-immune|p2a: Blaziken
|
|upkeep
|turn|5
|
|t:|1757863597
|move|p1a: Trunky boy|Rapid Spin|p2a: Blaziken
|-damage|p2a: Blaziken|78/100
|-boost|p1a: Trunky boy|spe|1
|-enditem|p2a: Blaziken|Air Balloon
|-sideend|p1: poukiewookie|Stealth Rock|[from] move: Rapid Spin|[of] p1a: Trunky boy
|move|p2a: Blaziken|Close Combat|p1a: Trunky boy
|-supereffective|p1a: Trunky boy
|-damage|p1a: Trunky boy|0 fnt
|-unboost|p2a: Blaziken|def|1
|-unboost|p2a: Blaziken|spd|1
|-enditem|p1a: Trunky boy|Air Balloon
|faint|p1a: Trunky boy
|-end|p1a: Trunky boy|Quark Drive|[silent]
|
|-ability|p2a: Blaziken|Speed Boost|boost
|-boost|p2a: Blaziken|spe|1
|upkeep
|
|t:|1757863605
|switch|p1a: Lenore|Corviknight, M|100/100
|-ability|p1a: Lenore|Pressure
|turn|6
|
|t:|1757863610
|switch|p2a: Iron Treads|Iron Treads|21/100 brn
|-activate|p2a: Iron Treads|ability: Quark Drive
|-start|p2a: Iron Treads|quarkdrivespe
|move|p1a: Lenore|Brave Bird|p2a: Iron Treads
|-resisted|p2a: Iron Treads
|-damage|p2a: Iron Treads|5/100 brn
|-damage|p1a: Lenore|96/100|[from] Recoil
|
|-damage|p2a: Iron Treads|0 fnt|[from] brn
|faint|p2a: Iron Treads
|-end|p2a: Iron Treads|Quark Drive|[silent]
|upkeep
|
|t:|1757863616
|switch|p2a: Cinderace|Cinderace, M|100/100
|turn|7
|
|t:|1757863619
|switch|p1a: Tank|Iron Moth|100/100
|-activate|p1a: Tank|ability: Quark Drive
|-start|p1a: Tank|quarkdrivespa
|move|p2a: Cinderace|Flare Blitz|p1a: Tank
|-resisted|p1a: Tank
|-damage|p1a: Tank|34/100
|-damage|p2a: Cinderace|79/100|[from] Recoil
|-damage|p2a: Cinderace|69/100|[from] item: Life Orb
|
|upkeep
|turn|8
|
|t:|1757863627
|-end|p1a: Tank|Quark Drive|[silent]
|switch|p1a: Lenore|Corviknight, M|96/100
|-ability|p1a: Lenore|Pressure
|move|p2a: Cinderace|Sucker Punch||[still]
|-fail|p2a: Cinderace
|
|-fieldend|move: Electric Terrain
|upkeep
|turn|9
|
|t:|1757863637
|switch|p1a: Spiky|Pincurchin, M|100/100
|-fieldstart|move: Electric Terrain|[from] ability: Electric Surge|[of] p1a: Spiky
|move|p2a: Cinderace|Flare Blitz|p1a: Spiky
|-damage|p1a: Spiky|12/100
|-damage|p2a: Cinderace|39/100|[from] Recoil
|-damage|p2a: Cinderace|29/100|[from] item: Life Orb
|
|upkeep
|turn|10
|
|t:|1757863645
|move|p1a: Spiky|Sucker Punch|p2a: Cinderace
|-damage|p2a: Cinderace|4/100
|move|p2a: Cinderace|Flare Blitz|p1a: Spiky
|-damage|p1a: Spiky|0 fnt
|faint|p1a: Spiky
|-damage|p2a: Cinderace|0 fnt|[from] Recoil
|faint|p2a: Cinderace
|
|upkeep
|
|t:|1757863655
|switch|p2a: sambucky yuri|Ogerpon-Wellspring, F|100/100
|switch|p1a: Percy|Iron Valiant|100/100
|-activate|p1a: Percy|ability: Quark Drive
|-start|p1a: Percy|quarkdrivespe
|turn|11
|
|t:|1757863666
|-end|p1a: Percy|Quark Drive|[silent]
|switch|p1a: Lenore|Corviknight, M|96/100
|-ability|p1a: Lenore|Pressure
|move|p2a: sambucky yuri|Ivy Cudgel|p1a: Lenore|[anim] Ivy Cudgel Water
|-damage|p1a: Lenore|64/100
|
|upkeep
|turn|12
|
|t:|1757863670
|move|p2a: sambucky yuri|Ivy Cudgel|p1a: Lenore|[anim] Ivy Cudgel Water
|-damage|p1a: Lenore|28/100
|move|p1a: Lenore|U-turn|p2a: sambucky yuri
|-supereffective|p2a: sambucky yuri
|-damage|p2a: sambucky yuri|61/100
|
|t:|1757863674
|switch|p1a: Percy|Iron Valiant|100/100|[from] U-turn
|-activate|p1a: Percy|ability: Quark Drive
|-start|p1a: Percy|quarkdrivespe
|
|upkeep
|turn|13
|
|t:|1757863690
|move|p1a: Percy|Moonblast|p2a: sambucky yuri
|-damage|p2a: sambucky yuri|0 fnt
|faint|p2a: sambucky yuri
|
|upkeep
|
|t:|1757863701
|switch|p2a: rio vidal|Lokix, F|100/100
|turn|14
|
|t:|1757863708
|-end|p1a: Percy|Quark Drive|[silent]
|switch|p1a: Lenore|Corviknight, M|28/100
|-ability|p1a: Lenore|Pressure
|move|p2a: rio vidal|Swords Dance|p2a: rio vidal
|-boost|p2a: rio vidal|atk|2
|
|upkeep
|turn|15
|
|t:|1757863715
|move|p2a: rio vidal|Swords Dance|p2a: rio vidal
|-boost|p2a: rio vidal|atk|2
|move|p1a: Lenore|Roost|p1a: Lenore
|-heal|p1a: Lenore|78/100
|-singleturn|p1a: Lenore|move: Roost
|
|upkeep
|turn|16
|
|t:|1757863722
|move|p2a: rio vidal|Leech Life|p1a: Lenore
|-resisted|p1a: Lenore
|-damage|p1a: Lenore|48/100
|-damage|p2a: rio vidal|84/100|[from] item: Rocky Helmet|[of] p1a: Lenore
|move|p1a: Lenore|Brave Bird|p2a: rio vidal
|-supereffective|p2a: rio vidal
|-damage|p2a: rio vidal|0 fnt
|faint|p2a: rio vidal
|-damage|p1a: Lenore|29/100|[from] Recoil
|
|-fieldend|move: Electric Terrain
|upkeep
|
|t:|1757863738
|switch|p2a: Blaziken|Blaziken, M|78/100
|turn|17
|
|t:|1757863743
|-terastallize|p2a: Blaziken|Ground
|move|p2a: Blaziken|Swords Dance|p2a: Blaziken
|-boost|p2a: Blaziken|atk|2
|move|p1a: Lenore|Roost|p1a: Lenore
|-heal|p1a: Lenore|79/100
|-singleturn|p1a: Lenore|move: Roost
|
|-ability|p2a: Blaziken|Speed Boost|boost
|-boost|p2a: Blaziken|spe|1
|upkeep
|turn|18
|
|t:|1757863750
|-terastallize|p1a: Lenore|Ground
|move|p2a: Blaziken|Close Combat|p1a: Lenore
|-damage|p1a: Lenore|1/100
|-unboost|p2a: Blaziken|def|1
|-unboost|p2a: Blaziken|spd|1
|-damage|p2a: Blaziken|61/100|[from] item: Rocky Helmet|[of] p1a: Lenore
|move|p1a: Lenore|Brave Bird|p2a: Blaziken
|-damage|p2a: Blaziken|0 fnt
|faint|p2a: Blaziken
|-damage|p1a: Lenore|0 fnt|[from] Recoil
|faint|p1a: Lenore
|
|upkeep
|
|t:|1757863760
|switch|p2a: Dragapult|Dragapult, F|32/100
|switch|p1a: Sha|Darkrai|100/100
|turn|19
|
|t:|1757863765
|move|p2a: Dragapult|Dragon Darts|p1a: Sha
|-damage|p1a: Sha|65/100
|-anim|p2a: Dragapult|Dragon Darts|p1a: Sha
|-damage|p1a: Sha|29/100
|-damage|p2a: Dragapult|22/100|[from] item: Life Orb
|move|p1a: Sha|Dark Pulse|p2a: Dragapult
|-supereffective|p2a: Dragapult
|-damage|p2a: Dragapult|0 fnt
|faint|p2a: Dragapult
|-damage|p1a: Sha|19/100|[from] item: Life Orb
|
|win|poukiewookie
|raw|poukiewookie's rating: 1555 &rarr; <strong>1575</strong><br />(+20 for winning)
|raw|purple pastels's rating: 1563 &rarr; <strong>1543</strong><br />(-20 for losing)
|l|☆purple pastels
|player|p2|
