|j|☆horseatrainer
|j|☆SSStyl1sh
|t:|1757962751
|gametype|singles
|player|p1|horseatrainer|giovanni|1241
|player|p2|SSStyl1sh|giovanni|1264
|gen|9
|tier|[Gen 9] OU
|rated|
|rule|HP Percentage Mod: HP is shown in percentages
|rule|Endless Battle Clause: Forcing endless battles is banned
|rule|Species Clause: Limit one of each Pokémon
|rule|OHKO Clause: OHKO moves are banned
|rule|Evasion Items Clause: Evasion items are banned
|rule|Evasion Moves Clause: Evasion moves are banned
|rule|Evasion Abilities Clause: Evasion abilities are banned
|rule|Sleep Moves Clause: Sleep-inducing moves are banned
|clearpoke
|poke|p1|Slowking-Galar, M|
|poke|p1|Blissey, F|
|poke|p1|Gliscor, F|
|poke|p1|Toxapex, M|
|poke|p1|Great Tusk|
|poke|p1|Landorus-Therian, M|
|poke|p2|Araquanid, M|
|poke|p2|Crawdaunt, M|
|poke|p2|Tornadus-Therian, M|
|poke|p2|Ting-Lu|
|poke|p2|Gholdengo|
|poke|p2|Great Tusk|
|teampreview
|inactive|Battle timer is ON: inactive players will automatically lose when time's up. (requested by horseatrainer)
|
|t:|1757962760
|teamsize|p1|6
|teamsize|p2|6
|start
|switch|p1a: Slowking|Slowking-Galar, M|100/100
|switch|p2a: Araquanid|Araquanid, M|100/100
|turn|1
|
|t:|1757962766
|move|p2a: Araquanid|Sticky Web|p1a: Slowking
|-sidestart|p1: horseatrainer|move: Sticky Web
|move|p1a: Slowking|Sludge Wave|p2a: Araquanid
|-damage|p2a: Araquanid|65/100
|
|upkeep
|turn|2
|
|t:|1757962775
|move|p2a: Araquanid|Surf|p1a: Slowking
|-damage|p1a: Slowking|72/100
|move|p1a: Slowking|Sludge Wave|p2a: Araquanid
|-damage|p2a: Araquanid|32/100
|-status|p2a: Araquanid|psn
|
|-damage|p2a: Araquanid|20/100 psn|[from] psn
|upkeep
|turn|3
|-enditem|p2a: Araquanid|Custap Berry|[eat]
|-activate|p2a: Araquanid|item: Custap Berry|[consumed]
|
|t:|1757962786
|switch|p1a: Blissey|Blissey, F|100/100
|-activate|p1a: Blissey|move: Sticky Web
|-unboost|p1a: Blissey|spe|1
|move|p2a: Araquanid|Endeavor|p1a: Blissey
|-damage|p1a: Blissey|10/100
|
|-heal|p1a: Blissey|16/100|[from] item: Leftovers
|-damage|p2a: Araquanid|8/100 psn|[from] psn
|upkeep
|turn|4
|
|t:|1757962799
|move|p2a: Araquanid|Surf|p1a: Blissey
|-damage|p1a: Blissey|0 fnt
|faint|p1a: Blissey
|
|-damage|p2a: Araquanid|0 fnt|[from] psn
|faint|p2a: Araquanid
|upkeep
|
|t:|1757962815
|switch|p1a: Slowking|Slowking-Galar, M|100/100
|switch|p2a: Tornadus|Tornadus-Therian, M|100/100
|-activate|p1a: Slowking|move: Sticky Web
|-unboost|p1a: Slowking|spe|1
|turn|5
|
|t:|1757962826
|move|p2a: Tornadus|Taunt|p1a: Slowking
|-start|p1a: Slowking|move: Taunt
|move|p1a: Slowking|Sludge Wave|p2a: Tornadus
|-damage|p2a: Tornadus|46/100
|-status|p2a: Tornadus|psn
|
|-damage|p2a: Tornadus|34/100 psn|[from] psn
|upkeep
|turn|6
|
|t:|1757962837
|move|p2a: Tornadus|U-turn|p1a: Slowking
|-damage|p1a: Slowking|86/100
|
|t:|1757962842
|switch|p2a: Gholdengo|Gholdengo|100/100|[from] U-turn
|-item|p2a: Gholdengo|Air Balloon
|move|p1a: Slowking|Psychic Noise|p2a: Gholdengo
|-resisted|p2a: Gholdengo
|-damage|p2a: Gholdengo|78/100
|-start|p2a: Gholdengo|move: Heal Block
|-enditem|p2a: Gholdengo|Air Balloon
|
|upkeep
|turn|7
|
|t:|1757962856
|move|p2a: Gholdengo|Shadow Ball|p1a: Slowking
|-supereffective|p1a: Slowking
|-damage|p1a: Slowking|43/100
|move|p1a: Slowking|Flamethrower|p2a: Gholdengo
|-supereffective|p2a: Gholdengo
|-damage|p2a: Gholdengo|17/100
|
|-end|p1a: Slowking|move: Taunt
|-end|p2a: Gholdengo|move: Heal Block
|upkeep
|turn|8
|
|t:|1757962870
|move|p2a: Gholdengo|Shadow Ball|p1a: Slowking
|-supereffective|p1a: Slowking
|-damage|p1a: Slowking|0 fnt
|faint|p1a: Slowking
|
|upkeep
|
|t:|1757962879
|switch|p1a: Landorus|Landorus-Therian, M|100/100
|-ability|p1a: Landorus|Intimidate|boost
|-unboost|p2a: Gholdengo|atk|1
|turn|9
|
|t:|1757962889
|switch|p2a: Tornadus|Tornadus-Therian, M|67/100 psn
|move|p1a: Landorus|Earthquake|p2a: Tornadus
|-immune|p2a: Tornadus
|
|-damage|p2a: Tornadus|54/100 psn|[from] psn
|upkeep
|turn|10
|
|t:|1757962900
|switch|p1a: Toxapex|Toxapex, M|100/100
|-activate|p1a: Toxapex|move: Sticky Web
|-unboost|p1a: Toxapex|spe|1
|move|p2a: Tornadus|U-turn|p1a: Toxapex
|-resisted|p1a: Toxapex
|-damage|p1a: Toxapex|96/100
|
|t:|1757962914
|switch|p2a: Crawdaunt|Crawdaunt, M|100/100|[from] U-turn
|
|-heal|p1a: Toxapex|100/100|[from] item: Leftovers
|upkeep
|turn|11
|
|t:|1757962921
|move|p2a: Crawdaunt|Knock Off|p1a: Toxapex
|-damage|p1a: Toxapex|39/100
|-enditem|p1a: Toxapex|Leftovers|[from] move: Knock Off|[of] p2a: Crawdaunt
|move|p1a: Toxapex|Toxic Spikes|p2a: Crawdaunt
|-sidestart|p2: SSStyl1sh|move: Toxic Spikes
|
|upkeep
|turn|12
|
|t:|1757962928
|move|p1a: Toxapex|Baneful Bunker|p1a: Toxapex
|-singleturn|p1a: Toxapex|move: Protect
|move|p2a: Crawdaunt|Knock Off|p1a: Toxapex
|-activate|p1a: Toxapex|move: Protect
|-status|p2a: Crawdaunt|psn
|
|-damage|p2a: Crawdaunt|88/100 psn|[from] psn
|upkeep
|turn|13
|
|t:|1757962939
|switch|p1a: Great Tusk|Great Tusk|100/100
|-activate|p1a: Great Tusk|move: Sticky Web
|-unboost|p1a: Great Tusk|spe|1
|move|p2a: Crawdaunt|Knock Off|p1a: Great Tusk
|-resisted|p1a: Great Tusk
|-damage|p1a: Great Tusk|67/100
|-enditem|p1a: Great Tusk|Leftovers|[from] move: Knock Off|[of] p2a: Crawdaunt
|
|-damage|p2a: Crawdaunt|76/100 psn|[from] psn
|upkeep
|turn|14
|
|t:|1757962954
|switch|p2a: Gholdengo|Gholdengo|17/100
|move|p1a: Great Tusk|Stealth Rock|p2a: Gholdengo
|-sidestart|p2: SSStyl1sh|move: Stealth Rock
|
|upkeep
|turn|15
|
|t:|1757962973
|move|p2a: Gholdengo|Make It Rain|p1a: Great Tusk
|-damage|p1a: Great Tusk|0 fnt
|-unboost|p2a: Gholdengo|spa|1
|faint|p1a: Great Tusk
|-end|p1a: Great Tusk|Protosynthesis|[silent]
|
|upkeep
|
|t:|1757962981
|switch|p1a: Landorus|Landorus-Therian, M|100/100
|-ability|p1a: Landorus|Intimidate|boost
|-unboost|p2a: Gholdengo|atk|1
|turn|16
|
|t:|1757962989
|move|p1a: Landorus|Rock Slide|p2a: Gholdengo
|-resisted|p2a: Gholdengo
|-damage|p2a: Gholdengo|1/100
|cant|p2a: Gholdengo|flinch
|
|upkeep
|turn|17
|
|t:|1757962996
|move|p1a: Landorus|Rock Slide|p2a: Gholdengo
|-resisted|p2a: Gholdengo
|-damage|p2a: Gholdengo|0 fnt
|faint|p2a: Gholdengo
|
|upkeep
|
|t:|1757963000
|switch|p2a: Great Tusk|Great Tusk|100/100
|-status|p2a: Great Tusk|psn
|-damage|p2a: Great Tusk|98/100 psn|[from] Stealth Rock
|turn|18
|
|t:|1757963008
|switch|p1a: Toxapex|Toxapex, M|72/100
|-activate|p1a: Toxapex|move: Sticky Web
|-unboost|p1a: Toxapex|spe|1
|move|p2a: Great Tusk|Rapid Spin|p1a: Toxapex
|-damage|p1a: Toxapex|63/100
|-boost|p2a: Great Tusk|spe|1
|-sideend|p2: SSStyl1sh|Toxic Spikes|[from] move: Rapid Spin|[of] p2a: Great Tusk
|-sideend|p2: SSStyl1sh|Stealth Rock|[from] move: Rapid Spin|[of] p2a: Great Tusk
|
|-damage|p2a: Great Tusk|85/100 psn|[from] psn
|upkeep
|turn|19
|
|t:|1757963022
|move|p2a: Great Tusk|Headlong Rush|p1a: Toxapex
|-supereffective|p1a: Toxapex
|-damage|p1a: Toxapex|0 fnt
|-unboost|p2a: Great Tusk|def|1
|-unboost|p2a: Great Tusk|spd|1
|faint|p1a: Toxapex
|
|-damage|p2a: Great Tusk|73/100 psn|[from] psn
|upkeep
|
|t:|1757963032
|switch|p1a: Gliscor|Gliscor, F|100/100
|turn|20
|
|t:|1757963039
|move|p1a: Gliscor|Protect|p1a: Gliscor
|-singleturn|p1a: Gliscor|Protect
|move|p2a: Great Tusk|Ice Spinner|p1a: Gliscor
|-activate|p1a: Gliscor|move: Protect
|
|-damage|p2a: Great Tusk|60/100 psn|[from] psn
|-status|p1a: Gliscor|tox|[from] item: Toxic Orb
|upkeep
|turn|21
|
|t:|1757963049
|move|p2a: Great Tusk|Ice Spinner|p1a: Gliscor
|-supereffective|p1a: Gliscor
|-damage|p1a: Gliscor|41/100 tox
|move|p1a: Gliscor|Knock Off|p2a: Great Tusk
|-resisted|p2a: Great Tusk
|-damage|p2a: Great Tusk|50/100 psn
|-damage|p1a: Gliscor|24/100 tox|[from] item: Rocky Helmet|[of] p2a: Great Tusk
|-enditem|p2a: Great Tusk|Rocky Helmet|[from] move: Knock Off|[of] p1a: Gliscor
|
|-damage|p2a: Great Tusk|37/100 psn|[from] psn
|-heal|p1a: Gliscor|36/100 tox|[from] ability: Poison Heal
|upkeep
|turn|22
|
|t:|1757963061
|move|p1a: Gliscor|Protect|p1a: Gliscor
|-singleturn|p1a: Gliscor|Protect
|move|p2a: Great Tusk|Ice Spinner|p1a: Gliscor
|-activate|p1a: Gliscor|move: Protect
|
|-damage|p2a: Great Tusk|25/100 psn|[from] psn
|-heal|p1a: Gliscor|49/100 tox|[from] ability: Poison Heal
|upkeep
|turn|23
|
|t:|1757963071
|switch|p1a: Landorus|Landorus-Therian, M|100/100
|-ability|p1a: Landorus|Intimidate|boost
|-unboost|p2a: Great Tusk|atk|1
|move|p2a: Great Tusk|Ice Spinner|p1a: Landorus
|-supereffective|p1a: Landorus
|-damage|p1a: Landorus|23/100
|
|-damage|p2a: Great Tusk|12/100 psn|[from] psn
|upkeep
|turn|24
|
|t:|1757963082
|move|p2a: Great Tusk|Ice Spinner|p1a: Landorus
|-supereffective|p1a: Landorus
|-damage|p1a: Landorus|0 fnt
|faint|p1a: Landorus
|
|-damage|p2a: Great Tusk|0 fnt|[from] psn
|faint|p2a: Great Tusk
|-end|p2a: Great Tusk|Protosynthesis|[silent]
|upkeep
|
|t:|1757963091
|switch|p2a: Crawdaunt|Crawdaunt, M|76/100 psn
|switch|p1a: Gliscor|Gliscor, F|49/100 tox
|turn|25
|
|t:|1757963096
|move|p2a: Crawdaunt|Aqua Jet|p1a: Gliscor
|-supereffective|p1a: Gliscor
|-crit|p1a: Gliscor
|-damage|p1a: Gliscor|0 fnt
|faint|p1a: Gliscor
|
|win|SSStyl1sh
|raw|horseatrainer's rating: 1241 &rarr; <strong>1218</strong><br />(-23 for losing)
|raw|SSStyl1sh's rating: 1264 &rarr; <strong>1287</strong><br />(+23 for winning)
|l|☆horseatrainer
|player|p1|
