|j|☆daviesC
|j|☆DomCat
|t:|1757888822
|gametype|singles
|player|p1|daviesC|swimmer-gen4dp|1330
|player|p2|DomCat|lady-gen4|1386
|gen|9
|tier|[Gen 9] OU
|rated|
|rule|HP Percentage Mod: HP is shown in percentages
|rule|Endless Battle Clause: Forcing endless battles is banned
|rule|Species Clause: Limit one of each Pokémon
|rule|OHKO Clause: OHKO moves are banned
|rule|Evasion Items Clause: Evasion items are banned
|rule|Evasion Moves Clause: Evasion moves are banned
|rule|Evasion Abilities Clause: Evasion abilities are banned
|rule|Sleep Moves Clause: Sleep-inducing moves are banned
|clearpoke
|poke|p1|Samurott-Hisui, M|
|poke|p1|Dragapult, M|
|poke|p1|Gholdengo|
|poke|p1|Great Tusk|
|poke|p1|Iron Valiant|
|poke|p1|Darkrai|
|poke|p2|Heatran, F|
|poke|p2|Quaquaval, M|
|poke|p2|Garganacl, M|
|poke|p2|Gliscor, F|
|poke|p2|Zapdos|
|poke|p2|Walking Wake|
|teampreview
|inactive|Battle timer is ON: inactive players will automatically lose when time's up. (requested by DomCat)
|
|t:|1757888846
|teamsize|p1|6
|teamsize|p2|6
|start
|switch|p1a: Samurott|Samurott-Hisui, M|100/100
|switch|p2a: Sparkuno|Zapdos|100/100
|turn|1
|
|t:|1757888857
|switch|p1a: Great Tusk|Great Tusk|100/100
|-enditem|p1a: Great Tusk|Booster Energy
|-activate|p1a: Great Tusk|ability: Protosynthesis|[fromitem]
|-start|p1a: Great Tusk|protosynthesisspe
|move|p2a: Sparkuno|Volt Switch|p1a: Great Tusk
|-immune|p1a: Great Tusk
|
|upkeep
|turn|2
|
|t:|1757888870
|move|p1a: Great Tusk|Bulk Up|p1a: Great Tusk
|-boost|p1a: Great Tusk|atk|1
|-boost|p1a: Great Tusk|def|1
|move|p2a: Sparkuno|Hurricane|p1a: Great Tusk
|-supereffective|p1a: Great Tusk
|-damage|p1a: Great Tusk|0 fnt
|faint|p1a: Great Tusk
|-end|p1a: Great Tusk|Protosynthesis|[silent]
|
|upkeep
|
|t:|1757888878
|switch|p1a: Darkrai|Darkrai|100/100
|turn|3
|
|t:|1757888883
|move|p1a: Darkrai|Ice Beam|p2a: Sparkuno
|-supereffective|p2a: Sparkuno
|-damage|p2a: Sparkuno|15/100
|-damage|p1a: Darkrai|91/100|[from] item: Life Orb
|move|p2a: Sparkuno|Volt Switch|p1a: Darkrai
|-damage|p1a: Darkrai|42/100
|
|t:|1757888894
|switch|p2a: Himalayan Salt|Garganacl, M|100/100|[from] Volt Switch
|
|upkeep
|turn|4
|
|t:|1757888901
|move|p1a: Darkrai|Focus Blast|p2a: Himalayan Salt
|-supereffective|p2a: Himalayan Salt
|-damage|p2a: Himalayan Salt|10/100
|-damage|p1a: Darkrai|32/100|[from] item: Life Orb
|move|p2a: Himalayan Salt|Salt Cure|p1a: Darkrai
|-damage|p1a: Darkrai|7/100
|-start|p1a: Darkrai|Salt Cure
|
|-heal|p2a: Himalayan Salt|17/100|[from] item: Leftovers
|-damage|p1a: Darkrai|0 fnt|[from] Salt Cure
|faint|p1a: Darkrai
|upkeep
|
|t:|1757888910
|switch|p1a: Samurott|Samurott-Hisui, M|100/100
|turn|5
|
|t:|1757888915
|move|p2a: Himalayan Salt|Protect|p2a: Himalayan Salt
|-singleturn|p2a: Himalayan Salt|Protect
|move|p1a: Samurott|Ceaseless Edge|p2a: Himalayan Salt
|-activate|p2a: Himalayan Salt|move: Protect
|
|-heal|p2a: Himalayan Salt|23/100|[from] item: Leftovers
|upkeep
|turn|6
|
|t:|1757888923
|switch|p2a: Joker 2019|Quaquaval, M|100/100
|move|p1a: Samurott|Razor Shell|p2a: Joker 2019
|-resisted|p2a: Joker 2019
|-damage|p2a: Joker 2019|66/100
|-unboost|p2a: Joker 2019|def|1
|
|-heal|p2a: Joker 2019|72/100|[from] item: Leftovers
|upkeep
|turn|7
|
|t:|1757888936
|-terastallize|p1a: Samurott|Ghost
|move|p1a: Samurott|Ceaseless Edge|p2a: Joker 2019
|-resisted|p2a: Joker 2019
|-damage|p2a: Joker 2019|25/100
|-sidestart|p2: DomCat|Spikes
|move|p2a: Joker 2019|Aqua Step|p1a: Samurott
|-damage|p1a: Samurott|49/100
|-boost|p2a: Joker 2019|spe|1
|
|-heal|p2a: Joker 2019|31/100|[from] item: Leftovers
|upkeep
|turn|8
|
|t:|1757888949
|move|p1a: Samurott|Aqua Jet|p2a: Joker 2019
|-resisted|p2a: Joker 2019
|-damage|p2a: Joker 2019|12/100
|move|p2a: Joker 2019|Aqua Step|p1a: Samurott
|-damage|p1a: Samurott|0 fnt
|-boost|p2a: Joker 2019|spe|1
|faint|p1a: Samurott
|-ability|p2a: Joker 2019|Moxie|boost
|-boost|p2a: Joker 2019|atk|1
|
|-heal|p2a: Joker 2019|19/100|[from] item: Leftovers
|upkeep
|
|t:|1757888957
|switch|p1a: Dragapult|Dragapult, M|100/100
|turn|9
|
|t:|1757888962
|move|p2a: Joker 2019|Triple Axel|p1a: Dragapult
|-supereffective|p1a: Dragapult
|-damage|p1a: Dragapult|73/100
|-supereffective|p1a: Dragapult
|-damage|p1a: Dragapult|22/100
|-supereffective|p1a: Dragapult
|-damage|p1a: Dragapult|0 fnt
|faint|p1a: Dragapult
|-ability|p2a: Joker 2019|Moxie|boost
|-boost|p2a: Joker 2019|atk|1
|-hitcount|p1: Dragapult|3
|
|-heal|p2a: Joker 2019|25/100|[from] item: Leftovers
|upkeep
|-message|daviesC forfeited.
|
|win|DomCat
|raw|daviesC's rating: 1330 &rarr; <strong>1313</strong><br />(-17 for losing)
|raw|DomCat's rating: 1386 &rarr; <strong>1403</strong><br />(+17 for winning)
|l|☆daviesC
|player|p1|
