|j|☆ILFangzor
|j|☆Kazuelasnt
|t:|1757802879
|gametype|singles
|player|p1|ILFangzor|102|1424
|player|p2|Kazuelasnt|cress|1465
|gen|9
|tier|[Gen 9] OU
|rated|
|rule|HP Percentage Mod: HP is shown in percentages
|rule|Endless Battle Clause: Forcing endless battles is banned
|rule|Species Clause: Limit one of each Pokémon
|rule|OHKO Clause: OHKO moves are banned
|rule|Evasion Items Clause: Evasion items are banned
|rule|Evasion Moves Clause: Evasion moves are banned
|rule|Evasion Abilities Clause: Evasion abilities are banned
|rule|Sleep Moves Clause: Sleep-inducing moves are banned
|clearpoke
|poke|p1|Lycanroc-Dusk, F|
|poke|p1|Sinistcha|
|poke|p1|Alomomola, F|
|poke|p1|Clodsire, M|
|poke|p1|Mandibuzz, F|
|poke|p1|Iron Crown|
|poke|p2|Arcanine-Hisui, M|
|poke|p2|Great Tusk|
|poke|p2|Rillaboom, F|
|poke|p2|Zapdos|
|poke|p2|Iron Boulder|
|poke|p2|Kingambit, F|
|teampreview
|
|t:|1757802884
|teamsize|p1|6
|teamsize|p2|6
|start
|switch|p1a: Iron Crown|Iron Crown|100/100
|switch|p2a: Gryla|Rillaboom, F|100/100
|-fieldstart|move: Grassy Terrain|[from] ability: Grassy Surge|[of] p2a: Gryla
|turn|1
|inactive|Battle timer is ON: inactive players will automatically lose when time's up. (requested by ILFangzor)
|
|t:|1757802893
|switch|p2a: Queengambit|Kingambit, F, shiny|100/100
|move|p1a: Iron Crown|Tachyon Cutter|p2a: Queengambit
|-resisted|p2a: Queengambit
|-damage|p2a: Queengambit|82/100
|-resisted|p2a: Queengambit
|-damage|p2a: Queengambit|61/100
|-hitcount|p2a: Queengambit|2
|
|-heal|p2a: Queengambit|67/100|[from] Grassy Terrain
|-heal|p2a: Queengambit|73/100|[from] item: Leftovers
|upkeep
|turn|2
|
|t:|1757802898
|-end|p1a: Iron Crown|Quark Drive|[silent]
|switch|p1a: Alomomola|Alomomola, F|100/100
|move|p2a: Queengambit|Iron Head|p1a: Alomomola
|-resisted|p1a: Alomomola
|-damage|p1a: Alomomola|88/100
|
|-heal|p2a: Queengambit|79/100|[from] Grassy Terrain
|-heal|p2a: Queengambit|85/100|[from] item: Leftovers
|-heal|p1a: Alomomola|95/100|[from] Grassy Terrain
|-heal|p1a: Alomomola|100/100|[from] item: Leftovers
|upkeep
|turn|3
|
|t:|1757802906
|move|p2a: Queengambit|Swords Dance|p2a: Queengambit
|-boost|p2a: Queengambit|atk|2
|move|p1a: Alomomola|Scald|p2a: Queengambit
|-damage|p2a: Queengambit|69/100
|-status|p2a: Queengambit|brn
|
|-heal|p2a: Queengambit|75/100 brn|[from] Grassy Terrain
|-heal|p2a: Queengambit|81/100 brn|[from] item: Leftovers
|-damage|p2a: Queengambit|75/100 brn|[from] brn
|upkeep
|turn|4
|
|t:|1757802916
|move|p2a: Queengambit|Kowtow Cleave|p1a: Alomomola
|-crit|p1a: Alomomola
|-damage|p1a: Alomomola|61/100
|move|p1a: Alomomola|Flip Turn|p2a: Queengambit
|-damage|p2a: Queengambit|63/100 brn
|
|t:|1757802921
|switch|p1a: Lycanroc|Lycanroc-Dusk, F|100/100|[from] Flip Turn
|
|-heal|p2a: Queengambit|69/100 brn|[from] Grassy Terrain
|-heal|p2a: Queengambit|75/100 brn|[from] item: Leftovers
|-damage|p2a: Queengambit|69/100 brn|[from] brn
|upkeep
|turn|5
|
|t:|1757802928
|move|p2a: Queengambit|Sucker Punch|p1a: Lycanroc
|-damage|p1a: Lycanroc|29/100
|move|p1a: Lycanroc|Close Combat|p2a: Queengambit
|-supereffective|p2a: Queengambit
|-damage|p2a: Queengambit|0 fnt
|-unboost|p1a: Lycanroc|def|1
|-unboost|p1a: Lycanroc|spd|1
|faint|p2a: Queengambit
|-end|p2a: Queengambit|fallenundefined|[silent]
|-damage|p1a: Lycanroc|19/100|[from] item: Life Orb
|
|-heal|p1a: Lycanroc|25/100|[from] Grassy Terrain
|-fieldend|move: Grassy Terrain
|upkeep
|
|t:|1757802933
|switch|p2a: Gryla|Rillaboom, F|100/100
|-fieldstart|move: Grassy Terrain|[from] ability: Grassy Surge|[of] p2a: Gryla
|turn|6
|
|t:|1757802941
|switch|p1a: Mandibuzz|Mandibuzz, F|100/100
|move|p2a: Gryla|U-turn|p1a: Mandibuzz
|-damage|p1a: Mandibuzz|71/100
|
|t:|1757802951
|switch|p2a: Kevin|Arcanine-Hisui, M|100/100|[from] U-turn
|
|upkeep
|turn|7
|
|t:|1757802962
|switch|p1a: Alomomola|Alomomola, F|94/100
|move|p2a: Kevin|Head Smash|p1a: Alomomola
|-damage|p1a: Alomomola|36/100
|
|-heal|p1a: Alomomola|42/100|[from] Grassy Terrain
|-heal|p1a: Alomomola|48/100|[from] item: Leftovers
|upkeep
|turn|8
|
|t:|1757802991
|move|p1a: Alomomola|Protect|p1a: Alomomola
|-singleturn|p1a: Alomomola|Protect
|move|p2a: Kevin|Head Smash|p1a: Alomomola
|-activate|p1a: Alomomola|move: Protect
|
|-heal|p1a: Alomomola|55/100|[from] Grassy Terrain
|-heal|p1a: Alomomola|61/100|[from] item: Leftovers
|upkeep
|turn|9
|
|t:|1757802999
|switch|p2a: 30% MY ASS|Zapdos|100/100
|move|p1a: Alomomola|Flip Turn|p2a: 30% MY ASS
|-damage|p2a: 30% MY ASS|89/100
|
|t:|1757803007
|switch|p1a: Clodsire|Clodsire, M|100/100|[from] Flip Turn
|
|upkeep
|turn|10
|
|t:|1757803013
|switch|p2a: DA T U S K|Great Tusk|100/100
|move|p1a: Clodsire|Stealth Rock|p2a: DA T U S K
|-sidestart|p2: Kazuelasnt|move: Stealth Rock
|
|-fieldend|move: Grassy Terrain
|upkeep
|turn|11
|
|t:|1757803017
|switch|p1a: Sinistcha|Sinistcha|100/100
|move|p2a: DA T U S K|Ice Spinner|p1a: Sinistcha
|-supereffective|p1a: Sinistcha
|-damage|p1a: Sinistcha|70/100
|
|-heal|p1a: Sinistcha|76/100|[from] item: Leftovers
|upkeep
|turn|12
|
|t:|1757803026
|-end|p2a: DA T U S K|Protosynthesis|[silent]
|switch|p2a: 30% MY ASS|Zapdos|89/100
|move|p1a: Sinistcha|Calm Mind|p1a: Sinistcha
|-boost|p1a: Sinistcha|spa|1
|-boost|p1a: Sinistcha|spd|1
|
|-heal|p1a: Sinistcha|82/100|[from] item: Leftovers
|upkeep
|turn|13
|
|t:|1757803035
|switch|p1a: Clodsire|Clodsire, M|100/100
|move|p2a: 30% MY ASS|Thunder Wave|p1a: Clodsire
|-immune|p1a: Clodsire
|
|upkeep
|turn|14
|
|t:|1757803044
|switch|p2a: DA T U S K|Great Tusk|100/100
|move|p1a: Clodsire|Toxic|p2a: DA T U S K
|-status|p2a: DA T U S K|tox
|
|-damage|p2a: DA T U S K|94/100 tox|[from] psn
|upkeep
|turn|15
|
|t:|1757803051
|switch|p1a: Sinistcha|Sinistcha|82/100
|move|p2a: DA T U S K|Stealth Rock|p1a: Sinistcha
|-sidestart|p1: ILFangzor|move: Stealth Rock
|
|-heal|p1a: Sinistcha|89/100|[from] item: Leftovers
|-damage|p2a: DA T U S K|82/100 tox|[from] psn
|upkeep
|turn|16
|
|t:|1757803056
|-end|p2a: DA T U S K|Protosynthesis|[silent]
|switch|p2a: Kevin|Arcanine-Hisui, M|100/100
|-damage|p2a: Kevin|76/100|[from] Stealth Rock
|move|p1a: Sinistcha|Shadow Ball|p2a: Kevin
|-damage|p2a: Kevin|37/100
|
|-heal|p1a: Sinistcha|95/100|[from] item: Leftovers
|upkeep
|turn|17
|
|t:|1757803070
|move|p2a: Kevin|Flare Blitz|p1a: Sinistcha
|-supereffective|p1a: Sinistcha
|-damage|p1a: Sinistcha|36/100
|move|p1a: Sinistcha|Shadow Ball|p2a: Kevin
|-damage|p2a: Kevin|0 fnt
|faint|p2a: Kevin
|
|-heal|p1a: Sinistcha|42/100|[from] item: Leftovers
|upkeep
|
|t:|1757803076
|switch|p2a: Gryla|Rillaboom, F|100/100
|-damage|p2a: Gryla|88/100|[from] Stealth Rock
|-fieldstart|move: Grassy Terrain|[from] ability: Grassy Surge|[of] p2a: Gryla
|turn|18
|
|t:|1757803085
|switch|p1a: Mandibuzz|Mandibuzz, F|71/100
|move|p2a: Gryla|Knock Off|p1a: Mandibuzz
|-resisted|p1a: Mandibuzz
|-damage|p1a: Mandibuzz|53/100
|-enditem|p1a: Mandibuzz|Heavy-Duty Boots|[from] move: Knock Off|[of] p2a: Gryla
|
|-heal|p2a: Gryla|94/100|[from] Grassy Terrain
|upkeep
|turn|19
|
|t:|1757803092
|switch|p2a: 30% MY ASS|Zapdos|89/100
|move|p1a: Mandibuzz|Defog|p2a: 30% MY ASS
|-unboost|p2a: 30% MY ASS|evasion|1
|-sideend|p2: Kazuelasnt|Stealth Rock|[from] move: Defog|[of] p1a: Mandibuzz
|-sideend|p1: ILFangzor|Stealth Rock|[from] move: Defog|[of] p1a: Mandibuzz
|-fieldend|move: Grassy Terrain
|
|upkeep
|turn|20
|
|t:|1757803099
|switch|p2a: Gryla|Rillaboom, F|94/100
|-fieldstart|move: Grassy Terrain|[from] ability: Grassy Surge|[of] p2a: Gryla
|switch|p1a: Clodsire|Clodsire, M|100/100
|
|-heal|p2a: Gryla|100/100|[from] Grassy Terrain
|upkeep
|turn|21
|
|t:|1757803106
|switch|p1a: Mandibuzz|Mandibuzz, F|53/100
|move|p2a: Gryla|Wood Hammer|p1a: Mandibuzz
|-resisted|p1a: Mandibuzz
|-damage|p1a: Mandibuzz|5/100
|-damage|p2a: Gryla|81/100|[from] Recoil
|
|-heal|p2a: Gryla|87/100|[from] Grassy Terrain
|upkeep
|turn|22
|
|t:|1757803111
|move|p2a: Gryla|Wood Hammer|p1a: Mandibuzz
|-resisted|p1a: Mandibuzz
|-damage|p1a: Mandibuzz|0 fnt
|faint|p1a: Mandibuzz
|-damage|p2a: Gryla|85/100|[from] Recoil
|
|-heal|p2a: Gryla|91/100|[from] Grassy Terrain
|upkeep
|
|t:|1757803116
|switch|p1a: Sinistcha|Sinistcha|42/100
|turn|23
|
|t:|1757803123
|switch|p2a: 30% MY ASS|Zapdos|89/100
|move|p1a: Sinistcha|Strength Sap|p2a: 30% MY ASS
|-unboost|p2a: 30% MY ASS|atk|1
|-heal|p1a: Sinistcha|91/100
|
|-heal|p1a: Sinistcha|97/100|[from] Grassy Terrain
|-heal|p1a: Sinistcha|100/100|[from] item: Leftovers
|upkeep
|turn|24
|
|t:|1757803149
|switch|p1a: Clodsire|Clodsire, M|100/100
|move|p2a: 30% MY ASS|Hurricane|p1a: Clodsire|[miss]
|-miss|p2a: 30% MY ASS|p1a: Clodsire
|
|-fieldend|move: Grassy Terrain
|upkeep
|turn|25
|
|t:|1757803157
|switch|p2a: DA T U S K|Great Tusk|82/100 tox
|move|p1a: Clodsire|Toxic|p2a: DA T U S K
|-fail|p2a: DA T U S K|tox
|
|-damage|p2a: DA T U S K|76/100 tox|[from] psn
|upkeep
|turn|26
|
|t:|1757803163
|move|p2a: DA T U S K|Ice Spinner|p1a: Clodsire
|-supereffective|p1a: Clodsire
|-damage|p1a: Clodsire|47/100
|move|p1a: Clodsire|Stealth Rock|p2a: DA T U S K
|-sidestart|p2: Kazuelasnt|move: Stealth Rock
|
|-heal|p1a: Clodsire|54/100|[from] item: Leftovers
|-damage|p2a: DA T U S K|63/100 tox|[from] psn
|upkeep
|turn|27
|
|t:|1757803168
|switch|p1a: Alomomola|Alomomola, F|94/100
|move|p2a: DA T U S K|Ice Spinner|p1a: Alomomola
|-resisted|p1a: Alomomola
|-damage|p1a: Alomomola|88/100
|
|-heal|p1a: Alomomola|94/100|[from] item: Leftovers
|-damage|p2a: DA T U S K|45/100 tox|[from] psn
|upkeep
|turn|28
|
|t:|1757803177
|-end|p2a: DA T U S K|Protosynthesis|[silent]
|switch|p2a: Gryla|Rillaboom, F|91/100
|-damage|p2a: Gryla|79/100|[from] Stealth Rock
|-fieldstart|move: Grassy Terrain|[from] ability: Grassy Surge|[of] p2a: Gryla
|move|p1a: Alomomola|Wish|p1a: Alomomola
|
|-heal|p2a: Gryla|85/100|[from] Grassy Terrain
|-heal|p1a: Alomomola|99/100|[from] Grassy Terrain
|-heal|p1a: Alomomola|100/100|[from] item: Leftovers
|upkeep
|turn|29
|
|t:|1757803187
|-terastallize|p1a: Alomomola|Steel
|move|p2a: Gryla|Knock Off|p1a: Alomomola
|-damage|p1a: Alomomola|74/100
|-enditem|p1a: Alomomola|Leftovers|[from] move: Knock Off|[of] p2a: Gryla
|move|p1a: Alomomola|Flip Turn|p2a: Gryla
|-resisted|p2a: Gryla
|-damage|p2a: Gryla|76/100
|
|t:|1757803194
|switch|p1a: Clodsire|Clodsire, M|54/100|[from] Flip Turn
|
|-heal|p1a: Clodsire|100/100|[from] move: Wish|[wisher] Alomomola
|-heal|p2a: Gryla|83/100|[from] Grassy Terrain
|upkeep
|turn|30
|
|t:|1757803209
|switch|p2a: DA T U S K|Great Tusk|45/100 tox
|switch|p1a: Alomomola|Alomomola, F, tera:Steel|100/100
|
|-heal|p2a: DA T U S K|51/100 tox|[from] Grassy Terrain
|-damage|p2a: DA T U S K|45/100 tox|[from] psn
|upkeep
|turn|31
|
|t:|1757803218
|move|p2a: DA T U S K|Rapid Spin|p1a: Alomomola
|-resisted|p1a: Alomomola
|-damage|p1a: Alomomola|96/100
|-boost|p2a: DA T U S K|spe|1
|-sideend|p2: Kazuelasnt|Stealth Rock|[from] move: Rapid Spin|[of] p2a: DA T U S K
|move|p1a: Alomomola|Wish|p1a: Alomomola
|
|-heal|p2a: DA T U S K|51/100 tox|[from] Grassy Terrain
|-heal|p1a: Alomomola|100/100|[from] Grassy Terrain
|-damage|p2a: DA T U S K|38/100 tox|[from] psn
|upkeep
|turn|32
|
|t:|1757803227
|move|p2a: DA T U S K|Stealth Rock|p1a: Alomomola
|-sidestart|p1: ILFangzor|move: Stealth Rock
|move|p1a: Alomomola|Flip Turn|p2a: DA T U S K
|-supereffective|p2a: DA T U S K
|-damage|p2a: DA T U S K|18/100 tox
|
|t:|1757803231
|switch|p1a: Lycanroc|Lycanroc-Dusk, F|25/100|[from] Flip Turn
|-damage|p1a: Lycanroc|13/100|[from] Stealth Rock
|
|-heal|p1a: Lycanroc|100/100|[from] move: Wish|[wisher] Alomomola
|-heal|p2a: DA T U S K|25/100 tox|[from] Grassy Terrain
|-damage|p2a: DA T U S K|6/100 tox|[from] psn
|-fieldend|move: Grassy Terrain
|upkeep
|turn|33
|
|t:|1757803244
|switch|p1a: Sinistcha|Sinistcha|100/100
|-damage|p1a: Sinistcha|88/100|[from] Stealth Rock
|move|p2a: DA T U S K|Headlong Rush|p1a: Sinistcha
|-resisted|p1a: Sinistcha
|-damage|p1a: Sinistcha|70/100
|-unboost|p2a: DA T U S K|def|1
|-unboost|p2a: DA T U S K|spd|1
|
|-heal|p1a: Sinistcha|76/100|[from] item: Leftovers
|-damage|p2a: DA T U S K|0 fnt|[from] psn
|faint|p2a: DA T U S K
|-end|p2a: DA T U S K|Protosynthesis|[silent]
|upkeep
|inactive|Kazuelasnt has 120 seconds left.
|
|t:|1757803273
|switch|p2a: 30% MY ASS|Zapdos|89/100
|turn|34
|
|t:|1757803278
|switch|p1a: Clodsire|Clodsire, M|100/100
|-damage|p1a: Clodsire|94/100|[from] Stealth Rock
|move|p2a: 30% MY ASS|Hurricane|p1a: Clodsire|[miss]
|-miss|p2a: 30% MY ASS|p1a: Clodsire
|
|-heal|p1a: Clodsire|100/100|[from] item: Leftovers
|upkeep
|turn|35
|
|t:|1757803284
|switch|p2a: Gryla|Rillaboom, F|83/100
|-fieldstart|move: Grassy Terrain|[from] ability: Grassy Surge|[of] p2a: Gryla
|move|p1a: Clodsire|Toxic|p2a: Gryla
|-status|p2a: Gryla|tox
|
|-heal|p2a: Gryla|89/100 tox|[from] Grassy Terrain
|-damage|p2a: Gryla|83/100 tox|[from] psn
|upkeep
|turn|36
|
|t:|1757803292
|switch|p1a: Alomomola|Alomomola, F, tera:Steel|100/100
|-damage|p1a: Alomomola|94/100|[from] Stealth Rock
|move|p2a: Gryla|U-turn|p1a: Alomomola
|-resisted|p1a: Alomomola
|-crit|p1a: Alomomola
|-damage|p1a: Alomomola|79/100
|
|t:|1757803295
|switch|p2a: CLOBBERING TIME|Iron Boulder|100/100|[from] U-turn
|-enditem|p2a: CLOBBERING TIME|Booster Energy
|-activate|p2a: CLOBBERING TIME|ability: Quark Drive|[fromitem]
|-start|p2a: CLOBBERING TIME|quarkdrivespe
|
|-heal|p1a: Alomomola|85/100|[from] Grassy Terrain
|upkeep
|turn|37
|
|t:|1757803307
|move|p2a: CLOBBERING TIME|Swords Dance|p2a: CLOBBERING TIME
|-boost|p2a: CLOBBERING TIME|atk|2
|move|p1a: Alomomola|Scald|p2a: CLOBBERING TIME
|-supereffective|p2a: CLOBBERING TIME
|-damage|p2a: CLOBBERING TIME|74/100
|-status|p2a: CLOBBERING TIME|brn
|
|-heal|p2a: CLOBBERING TIME|80/100 brn|[from] Grassy Terrain
|-heal|p1a: Alomomola|92/100|[from] Grassy Terrain
|-damage|p2a: CLOBBERING TIME|74/100 brn|[from] brn
|upkeep
|turn|38
|c|☆Kazuelasnt|I hate that move so god damm much
|c|☆Kazuelasnt|Fuck scald dude
|
|t:|1757803333
|move|p2a: CLOBBERING TIME|Swords Dance|p2a: CLOBBERING TIME
|-boost|p2a: CLOBBERING TIME|atk|2
|move|p1a: Alomomola|Scald|p2a: CLOBBERING TIME
|-supereffective|p2a: CLOBBERING TIME
|-damage|p2a: CLOBBERING TIME|47/100 brn
|
|-heal|p2a: CLOBBERING TIME|53/100 brn|[from] Grassy Terrain
|-heal|p1a: Alomomola|98/100|[from] Grassy Terrain
|-damage|p2a: CLOBBERING TIME|47/100 brn|[from] brn
|upkeep
|turn|39
|
|t:|1757803342
|-terastallize|p2a: CLOBBERING TIME|Fighting
|move|p2a: CLOBBERING TIME|Close Combat|p1a: Alomomola
|-supereffective|p1a: Alomomola
|-damage|p1a: Alomomola|8/100
|-unboost|p2a: CLOBBERING TIME|def|1
|-unboost|p2a: CLOBBERING TIME|spd|1
|move|p1a: Alomomola|Flip Turn|p2a: CLOBBERING TIME
|-damage|p2a: CLOBBERING TIME|17/100 brn
|
|t:|1757803352
|switch|p1a: Lycanroc|Lycanroc-Dusk, F|100/100|[from] Flip Turn
|-damage|p1a: Lycanroc|88/100|[from] Stealth Rock
|
|-heal|p2a: CLOBBERING TIME|23/100 brn|[from] Grassy Terrain
|-heal|p1a: Lycanroc|94/100|[from] Grassy Terrain
|-damage|p2a: CLOBBERING TIME|17/100 brn|[from] brn
|-fieldend|move: Grassy Terrain
|upkeep
|turn|40
|
|t:|1757803362
|move|p1a: Lycanroc|Accelerock|p2a: CLOBBERING TIME
|-resisted|p2a: CLOBBERING TIME
|-damage|p2a: CLOBBERING TIME|0 fnt
|faint|p2a: CLOBBERING TIME
|-end|p2a: CLOBBERING TIME|Quark Drive|[silent]
|-damage|p1a: Lycanroc|84/100|[from] item: Life Orb
|
|upkeep
|
|t:|1757803364
|switch|p2a: Gryla|Rillaboom, F|83/100 tox
|-fieldstart|move: Grassy Terrain|[from] ability: Grassy Surge|[of] p2a: Gryla
|turn|41
|
|t:|1757803370
|switch|p1a: Sinistcha|Sinistcha|76/100
|-damage|p1a: Sinistcha|63/100|[from] Stealth Rock
|move|p2a: Gryla|Grassy Glide|p1a: Sinistcha
|-resisted|p1a: Sinistcha
|-damage|p1a: Sinistcha|41/100
|
|-heal|p2a: Gryla|89/100 tox|[from] Grassy Terrain
|-heal|p1a: Sinistcha|48/100|[from] Grassy Terrain
|-heal|p1a: Sinistcha|54/100|[from] item: Leftovers
|-damage|p2a: Gryla|83/100 tox|[from] psn
|upkeep
|turn|42
|-message|Kazuelasnt forfeited.
|
|win|ILFangzor
|raw|ILFangzor's rating: 1424 &rarr; <strong>1446</strong><br />(+22 for winning)
|raw|Kazuelasnt's rating: 1465 &rarr; <strong>1443</strong><br />(-22 for losing)
|l|☆Kazuelasnt
|player|p2|
