|j|☆Shubway
|j|☆pokefanfdj
|t:|1757849199
|gametype|singles
|player|p1|Shubway|265|1335
|player|p2|pokefanfdj|170|1339
|gen|9
|tier|[Gen 9] OU
|rated|
|rule|HP Percentage Mod: HP is shown in percentages
|rule|Endless Battle Clause: Forcing endless battles is banned
|rule|Species Clause: Limit one of each Pokémon
|rule|OHKO Clause: OHKO moves are banned
|rule|Evasion Items Clause: Evasion items are banned
|rule|Evasion Moves Clause: Evasion moves are banned
|rule|Evasion Abilities Clause: Evasion abilities are banned
|rule|Sleep Moves Clause: Sleep-inducing moves are banned
|clearpoke
|poke|p1|Polteageist|
|poke|p1|Grimmsnarl, M|
|poke|p1|Indeedee, M|
|poke|p1|Salazzle, F|
|poke|p1|Hawlucha, M|
|poke|p1|Ogerpon-Wellspring, F|
|poke|p2|Kleavor, F|
|poke|p2|Brambleghast, F|
|poke|p2|Moltres|
|poke|p2|Mamoswine, F|
|poke|p2|Kingambit, F|
|poke|p2|Blissey, F|
|teampreview
|inactive|Battle timer is ON: inactive players will automatically lose when time's up. (requested by pokefanfdj)
|inactive|Shubway has 120 seconds left.
|
|t:|1757849260
|teamsize|p1|6
|teamsize|p2|6
|start
|switch|p1a: Grimmsnarl|Grimmsnarl, M|100/100
|switch|p2a: Kleavor|Kleavor, F|100/100
|turn|1
|
|t:|1757849266
|move|p2a: Kleavor|Tailwind|p2a: Kleavor
|-sidestart|p2: pokefanfdj|move: Tailwind
|move|p1a: Grimmsnarl|Spirit Break|p2a: Kleavor
|-damage|p2a: Kleavor|47/100
|-unboost|p2a: Kleavor|spa|1
|
|upkeep
|turn|2
|
|t:|1757849270
|move|p1a: Grimmsnarl|Sucker Punch|p2a: Kleavor
|-damage|p2a: Kleavor|0 fnt
|faint|p2a: Kleavor
|
|upkeep
|
|t:|1757849273
|switch|p2a: Brambleghast|Brambleghast, F|100/100
|-ability|p2a: Brambleghast|Wind Rider|boost
|-boost|p2a: Brambleghast|atk|1
|turn|3
|
|t:|1757849277
|move|p1a: Grimmsnarl|Reflect|p1a: Grimmsnarl
|-sidestart|p1: Shubway|Reflect
|move|p2a: Brambleghast|Strength Sap|p1a: Grimmsnarl
|-unboost|p1a: Grimmsnarl|atk|1
|
|upkeep
|turn|4
|
|t:|1757849280
|move|p1a: Grimmsnarl|Light Screen|p1a: Grimmsnarl
|-sidestart|p1: Shubway|move: Light Screen
|move|p2a: Brambleghast|Poltergeist|p1a: Grimmsnarl
|-activate|p1a: Grimmsnarl|move: Poltergeist|Light Clay
|-resisted|p1a: Grimmsnarl
|-damage|p1a: Grimmsnarl|69/100
|-damage|p2a: Brambleghast|91/100|[from] item: Life Orb
|
|-sideend|p2: pokefanfdj|move: Tailwind
|upkeep
|turn|5
|
|t:|1757849286
|switch|p1a: Indeedee|Indeedee, M|100/100
|-fieldstart|move: Psychic Terrain|[from] ability: Psychic Surge|[of] p1a: Indeedee
|move|p2a: Brambleghast|Strength Sap|p1a: Indeedee
|-unboost|p1a: Indeedee|atk|1
|-heal|p2a: Brambleghast|100/100
|
|upkeep
|turn|6
|
|t:|1757849289
|move|p1a: Indeedee|Expanding Force|p2a: Brambleghast
|-damage|p2a: Brambleghast|0 fnt
|faint|p2a: Brambleghast
|
|upkeep
|
|t:|1757849293
|switch|p2a: Kingambit|Kingambit, F|100/100
|-activate|p2a: Kingambit|ability: Supreme Overlord
|-start|p2a: Kingambit|fallen2|[silent]
|turn|7
|
|t:|1757849297
|move|p1a: Indeedee|Healing Wish|p1a: Indeedee
|faint|p1a: Indeedee
|move|p2a: Kingambit|Swords Dance|p2a: Kingambit
|-boost|p2a: Kingambit|atk|2
|
|upkeep
|
|t:|1757849299
|switch|p1a: Hawlucha|Hawlucha, M|100/100
|-enditem|p1a: Hawlucha|Psychic Seed
|-boost|p1a: Hawlucha|spd|1|[from] item: Psychic Seed
|turn|8
|
|t:|1757849317
|-terastallize|p1a: Hawlucha|Fire
|-terastallize|p2a: Kingambit|Flying
|move|p1a: Hawlucha|Swords Dance|p1a: Hawlucha
|-boost|p1a: Hawlucha|atk|2
|move|p2a: Kingambit|Kowtow Cleave|p1a: Hawlucha
|-damage|p1a: Hawlucha|10/100
|
|upkeep
|turn|9
|
|t:|1757849324
|move|p1a: Hawlucha|Acrobatics|p2a: Kingambit
|-damage|p2a: Kingambit|22/100
|move|p2a: Kingambit|Kowtow Cleave|p1a: Hawlucha
|-damage|p1a: Hawlucha|0 fnt
|faint|p1a: Hawlucha
|
|upkeep
|
|t:|1757849328
|switch|p1a: Salazzle|Salazzle, F|100/100
|turn|10
|
|t:|1757849348
|move|p1a: Salazzle|Flamethrower|p2a: Kingambit
|-damage|p2a: Kingambit|0 fnt
|faint|p2a: Kingambit
|-end|p2a: Kingambit|fallen2|[silent]
|
|-sideend|p1: Shubway|Reflect
|upkeep
|
|t:|1757849351
|switch|p2a: Blissey|Blissey, F|100/100
|turn|11
|
|t:|1757849376
|move|p1a: Salazzle|Toxic|p2a: Blissey
|-status|p2a: Blissey|tox
|move|p2a: Blissey|Thunder Wave|p1a: Salazzle
|-status|p1a: Salazzle|par
|
|-damage|p2a: Blissey|94/100 tox|[from] psn
|-sideend|p1: Shubway|move: Light Screen
|upkeep
|turn|12
|
|t:|1757849380
|move|p1a: Salazzle|Substitute|p1a: Salazzle
|-start|p1a: Salazzle|Substitute
|-damage|p1a: Salazzle|76/100 par
|move|p2a: Blissey|Seismic Toss|p1a: Salazzle
|-end|p1a: Salazzle|Substitute
|
|-heal|p1a: Salazzle|82/100 par|[from] item: Leftovers
|-heal|p2a: Blissey|100/100 tox|[from] item: Leftovers
|-damage|p2a: Blissey|88/100 tox|[from] psn
|-fieldend|move: Psychic Terrain
|upkeep
|turn|13
|
|t:|1757849391
|cant|p1a: Salazzle|par
|move|p2a: Blissey|Heal Bell|p2a: Blissey
|-activate|p2a: Blissey|move: Heal Bell
|-curestatus|p2a: Blissey|tox|[msg]
|
|-heal|p1a: Salazzle|88/100 par|[from] item: Leftovers
|-heal|p2a: Blissey|94/100|[from] item: Leftovers
|upkeep
|turn|14
|
|t:|1757849395
|move|p1a: Salazzle|Substitute|p1a: Salazzle
|-start|p1a: Salazzle|Substitute
|-damage|p1a: Salazzle|63/100 par
|move|p2a: Blissey|Seismic Toss|p1a: Salazzle
|-end|p1a: Salazzle|Substitute
|
|-heal|p1a: Salazzle|69/100 par|[from] item: Leftovers
|-heal|p2a: Blissey|100/100|[from] item: Leftovers
|upkeep
|turn|15
|
|t:|1757849397
|move|p1a: Salazzle|Toxic|p2a: Blissey
|-status|p2a: Blissey|tox
|move|p2a: Blissey|Seismic Toss|p1a: Salazzle
|-damage|p1a: Salazzle|33/100 par
|
|-heal|p1a: Salazzle|39/100 par|[from] item: Leftovers
|-damage|p2a: Blissey|94/100 tox|[from] psn
|upkeep
|turn|16
|
|t:|1757849401
|switch|p1a: Ogerpon|Ogerpon-Wellspring, F|100/100
|move|p2a: Blissey|Heal Bell|p2a: Blissey
|-activate|p2a: Blissey|move: Heal Bell
|-curestatus|p2a: Blissey|tox|[msg]
|
|-heal|p2a: Blissey|100/100|[from] item: Leftovers
|upkeep
|turn|17
|
|t:|1757849405
|switch|p1a: Salazzle|Salazzle, F|39/100 par
|-heal|p1a: Salazzle|100/100|[from] move: Healing Wish
|switch|p2a: Moltres|Moltres|100/100
|
|upkeep
|turn|18
|
|t:|1757849418
|move|p1a: Salazzle|Toxic|p2a: Moltres
|-status|p2a: Moltres|tox
|move|p2a: Moltres|Tailwind|p2a: Moltres
|-sidestart|p2: pokefanfdj|move: Tailwind
|
|-damage|p2a: Moltres|94/100 tox|[from] psn
|upkeep
|turn|19
|
|t:|1757849422
|switch|p2a: Blissey|Blissey, F|100/100
|move|p1a: Salazzle|Substitute|p1a: Salazzle
|-start|p1a: Salazzle|Substitute
|-damage|p1a: Salazzle|76/100
|
|-heal|p1a: Salazzle|82/100|[from] item: Leftovers
|upkeep
|turn|20
|
|t:|1757849424
|move|p1a: Salazzle|Toxic|p2a: Blissey
|-status|p2a: Blissey|tox
|move|p2a: Blissey|Seismic Toss|p1a: Salazzle
|-end|p1a: Salazzle|Substitute
|
|-heal|p1a: Salazzle|88/100|[from] item: Leftovers
|-damage|p2a: Blissey|94/100 tox|[from] psn
|upkeep
|turn|21
|
|t:|1757849428
|move|p1a: Salazzle|Substitute|p1a: Salazzle
|-start|p1a: Salazzle|Substitute
|-damage|p1a: Salazzle|63/100
|move|p2a: Blissey|Heal Bell|p2a: Blissey
|-activate|p2a: Blissey|move: Heal Bell
|-curestatus|p2a: Blissey|tox|[msg]
|-curestatus|p2: Moltres|tox|[msg]
|
|-heal|p1a: Salazzle|69/100|[from] item: Leftovers
|-heal|p2a: Blissey|100/100|[from] item: Leftovers
|-sideend|p2: pokefanfdj|move: Tailwind
|upkeep
|turn|22
|
|t:|1757849430
|move|p1a: Salazzle|Toxic|p2a: Blissey
|-status|p2a: Blissey|tox
|move|p2a: Blissey|Seismic Toss|p1a: Salazzle
|-end|p1a: Salazzle|Substitute
|
|-heal|p1a: Salazzle|75/100|[from] item: Leftovers
|-damage|p2a: Blissey|94/100 tox|[from] psn
|upkeep
|turn|23
|
|t:|1757849433
|move|p1a: Salazzle|Protect|p1a: Salazzle
|-singleturn|p1a: Salazzle|Protect
|move|p2a: Blissey|Seismic Toss|p1a: Salazzle
|-activate|p1a: Salazzle|move: Protect
|
|-heal|p1a: Salazzle|81/100|[from] item: Leftovers
|-heal|p2a: Blissey|100/100 tox|[from] item: Leftovers
|-damage|p2a: Blissey|88/100 tox|[from] psn
|upkeep
|turn|24
|
|t:|1757849436
|move|p1a: Salazzle|Substitute|p1a: Salazzle
|-start|p1a: Salazzle|Substitute
|-damage|p1a: Salazzle|57/100
|move|p2a: Blissey|Seismic Toss|p1a: Salazzle
|-end|p1a: Salazzle|Substitute
|
|-heal|p1a: Salazzle|63/100|[from] item: Leftovers
|-heal|p2a: Blissey|94/100 tox|[from] item: Leftovers
|-damage|p2a: Blissey|76/100 tox|[from] psn
|upkeep
|turn|25
|
|t:|1757849439
|move|p1a: Salazzle|Substitute|p1a: Salazzle
|-start|p1a: Salazzle|Substitute
|-damage|p1a: Salazzle|38/100
|move|p2a: Blissey|Heal Bell|p2a: Blissey
|-activate|p2a: Blissey|move: Heal Bell
|-curestatus|p2a: Blissey|tox|[msg]
|
|-heal|p1a: Salazzle|44/100|[from] item: Leftovers
|-heal|p2a: Blissey|82/100|[from] item: Leftovers
|upkeep
|turn|26
|
|t:|1757849441
|move|p1a: Salazzle|Toxic|p2a: Blissey
|-status|p2a: Blissey|tox
|move|p2a: Blissey|Seismic Toss|p1a: Salazzle
|-end|p1a: Salazzle|Substitute
|
|-heal|p1a: Salazzle|50/100|[from] item: Leftovers
|-heal|p2a: Blissey|88/100 tox|[from] item: Leftovers
|-damage|p2a: Blissey|82/100 tox|[from] psn
|upkeep
|turn|27
|
|t:|1757849444
|move|p1a: Salazzle|Protect|p1a: Salazzle
|-singleturn|p1a: Salazzle|Protect
|move|p2a: Blissey|Heal Bell|p2a: Blissey
|-activate|p2a: Blissey|move: Heal Bell
|-curestatus|p2a: Blissey|tox|[msg]
|
|-heal|p1a: Salazzle|56/100|[from] item: Leftovers
|-heal|p2a: Blissey|88/100|[from] item: Leftovers
|upkeep
|turn|28
|
|t:|1757849446
|move|p1a: Salazzle|Toxic|p2a: Blissey
|-status|p2a: Blissey|tox
|move|p2a: Blissey|Seismic Toss|p1a: Salazzle
|-damage|p1a: Salazzle|20/100
|
|-heal|p1a: Salazzle|26/100|[from] item: Leftovers
|-heal|p2a: Blissey|94/100 tox|[from] item: Leftovers
|-damage|p2a: Blissey|88/100 tox|[from] psn
|upkeep
|turn|29
|
|t:|1757849450
|move|p1a: Salazzle|Protect|p1a: Salazzle
|-singleturn|p1a: Salazzle|Protect
|move|p2a: Blissey|Heal Bell|p2a: Blissey
|-activate|p2a: Blissey|move: Heal Bell
|-curestatus|p2a: Blissey|tox|[msg]
|
|-heal|p1a: Salazzle|33/100|[from] item: Leftovers
|-heal|p2a: Blissey|94/100|[from] item: Leftovers
|upkeep
|turn|30
|
|t:|1757849454
|move|p1a: Salazzle|Toxic|p2a: Blissey
|-status|p2a: Blissey|tox
|move|p2a: Blissey|Seismic Toss|p1a: Salazzle
|-damage|p1a: Salazzle|0 fnt
|faint|p1a: Salazzle
|
|-heal|p2a: Blissey|100/100 tox|[from] item: Leftovers
|-damage|p2a: Blissey|94/100 tox|[from] psn
|upkeep
|
|t:|1757849456
|switch|p1a: Ogerpon|Ogerpon-Wellspring, F|100/100
|turn|31
|
|t:|1757849460
|move|p1a: Ogerpon|Swords Dance|p1a: Ogerpon
|-boost|p1a: Ogerpon|atk|2
|move|p2a: Blissey|Thunder Wave|p1a: Ogerpon
|-status|p1a: Ogerpon|par
|
|-heal|p2a: Blissey|100/100 tox|[from] item: Leftovers
|-damage|p2a: Blissey|88/100 tox|[from] psn
|upkeep
|turn|32
|
|t:|1757849466
|move|p1a: Ogerpon|Ivy Cudgel|p2a: Blissey|[anim] Ivy Cudgel Water
|-damage|p2a: Blissey|0 fnt
|faint|p2a: Blissey
|
|upkeep
|
|t:|1757849468
|switch|p2a: Mamoswine|Mamoswine, F|100/100
|turn|33
|
|t:|1757849475
|move|p2a: Mamoswine|Earthquake|p1a: Ogerpon
|-resisted|p1a: Ogerpon
|-damage|p1a: Ogerpon|60/100 par
|cant|p1a: Ogerpon|par
|
|upkeep
|turn|34
|
|t:|1757849477
|move|p2a: Mamoswine|Icicle Crash|p1a: Ogerpon
|-damage|p1a: Ogerpon|0 fnt
|faint|p1a: Ogerpon
|
|upkeep
|
|t:|1757849480
|switch|p1a: Grimmsnarl|Grimmsnarl, M|69/100
|turn|35
|
|t:|1757849486
|move|p1a: Grimmsnarl|Reflect|p1a: Grimmsnarl
|-sidestart|p1: Shubway|Reflect
|move|p2a: Mamoswine|Earthquake|p1a: Grimmsnarl
|-damage|p1a: Grimmsnarl|31/100
|
|upkeep
|turn|36
|
|t:|1757849489
|move|p2a: Mamoswine|Earthquake|p1a: Grimmsnarl
|-damage|p1a: Grimmsnarl|0 fnt
|faint|p1a: Grimmsnarl
|
|upkeep
|
|t:|1757849491
|switch|p1a: Polteageist|Polteageist|100/100
|turn|37
|
|t:|1757849497
|move|p2a: Mamoswine|Earthquake|p1a: Polteageist
|-damage|p1a: Polteageist|50/100
|-ability|p1a: Polteageist|Weak Armor|boost
|-unboost|p1a: Polteageist|def|1
|-boost|p1a: Polteageist|spe|2
|-enditem|p1a: Polteageist|White Herb
|-clearnegativeboost|p1a: Polteageist|[silent]
|move|p1a: Polteageist|Shell Smash|p1a: Polteageist
|-unboost|p1a: Polteageist|def|1
|-unboost|p1a: Polteageist|spd|1
|-boost|p1a: Polteageist|atk|2
|-boost|p1a: Polteageist|spa|2
|-boost|p1a: Polteageist|spe|2
|
|upkeep
|turn|38
|
|t:|1757849501
|move|p1a: Polteageist|Shadow Ball|p2a: Mamoswine
|-enditem|p2a: Mamoswine|Focus Sash
|-damage|p2a: Mamoswine|1/100
|-unboost|p2a: Mamoswine|spd|1
|move|p2a: Mamoswine|Earthquake|p1a: Polteageist
|-damage|p1a: Polteageist|0 fnt
|faint|p1a: Polteageist
|
|win|pokefanfdj
|raw|Shubway's rating: 1335 &rarr; <strong>1315</strong><br />(-20 for losing)
|raw|pokefanfdj's rating: 1339 &rarr; <strong>1359</strong><br />(+20 for winning)
|l|☆Shubway
|player|p1|
|l|☆pokefanfdj
|player|p2|
|j|☆pokefanfdj
|player|p2|pokefanfdj|170|
|l|☆pokefanfdj
|player|p2|
