|j|☆anamchara
|j|‽Lucid Coffee
|t:|1757852878
|gametype|singles
|player|p1|anamchara|2|1654
|player|p2|Lucid Coffee|blue|1686
|gen|9
|tier|[Gen 9] OU
|rated|
|rule|HP Percentage Mod: HP is shown in percentages
|rule|Endless Battle Clause: Forcing endless battles is banned
|rule|Species Clause: Limit one of each Pokémon
|rule|OHKO Clause: OHKO moves are banned
|rule|Evasion Items Clause: Evasion items are banned
|rule|Evasion Moves Clause: Evasion moves are banned
|rule|Evasion Abilities Clause: Evasion abilities are banned
|rule|Sleep Moves Clause: Sleep-inducing moves are banned
|clearpoke
|poke|p1|Slowking-Galar, F|
|poke|p1|Meowscarada, F|
|poke|p1|Iron Valiant|
|poke|p1|Ogerpon-Wellspring, F|
|poke|p1|Glimmora, F|
|poke|p1|Samurott-Hisui, M|
|poke|p2|Garganacl, M|
|poke|p2|Ogerpon-Wellspring, F|
|poke|p2|Weezing-Galar, M|
|poke|p2|Iron Treads|
|poke|p2|Kyurem|
|poke|p2|Slither Wing|
|teampreview
|j| IWasBornFaat
|j| wgw2333
|j| ActuallyNathie
|
|t:|1757852938
|teamsize|p1|6
|teamsize|p2|6
|start
|switch|p1a: Glimmora|Glimmora, F|100/100
|switch|p2a: Kyurem|Kyurem|100/100
|-ability|p2a: Kyurem|Pressure
|turn|1
|
|t:|1757852946
|switch|p2a: Iron Treads|Iron Treads|100/100
|-terastallize|p1a: Glimmora|Grass
|move|p1a: Glimmora|Power Gem|p2a: Iron Treads
|-resisted|p2a: Iron Treads
|-damage|p2a: Iron Treads|91/100
|-damage|p1a: Glimmora|91/100|[from] item: Life Orb
|
|upkeep
|turn|2
|
|t:|1757852976
|-end|p2a: Iron Treads|Quark Drive|[silent]
|switch|p2a: Slither Wing|Slither Wing|100/100
|move|p1a: Glimmora|Earth Power|p2a: Slither Wing
|-resisted|p2a: Slither Wing
|-damage|p2a: Slither Wing|83/100
|-damage|p1a: Glimmora|81/100|[from] item: Life Orb
|
|upkeep
|turn|3
|j| kasiposhka
|
|t:|1757852988
|switch|p1a: Iron Valiant|Iron Valiant|100/100
|-enditem|p1a: Iron Valiant|Booster Energy
|-activate|p1a: Iron Valiant|ability: Quark Drive|[fromitem]
|-start|p1a: Iron Valiant|quarkdrivespe
|-end|p2a: Slither Wing|Protosynthesis|[silent]
|switch|p2a: Iron Treads|Iron Treads|91/100
|
|upkeep
|turn|4
|l| kasiposhka
|l| ActuallyNathie
|
|t:|1757852998
|-end|p2a: Iron Treads|Quark Drive|[silent]
|switch|p2a: Weezing|Weezing-Galar, M|100/100
|-ability|p2a: Weezing|Neutralizing Gas
|move|p1a: Iron Valiant|Close Combat|p2a: Weezing
|-resisted|p2a: Weezing
|-damage|p2a: Weezing|90/100
|-unboost|p1a: Iron Valiant|def|1
|-unboost|p1a: Iron Valiant|spd|1
|
|upkeep
|turn|5
|
|t:|1757853008
|-end|p1a: Iron Valiant|Quark Drive|[silent]
|switch|p1a: Glimmora|Glimmora, F, tera:Grass|81/100
|move|p2a: Weezing|Will-O-Wisp|p1a: Glimmora
|-status|p1a: Glimmora|brn
|
|-damage|p1a: Glimmora|75/100 brn|[from] brn
|upkeep
|turn|6
|
|t:|1757853018
|-end|p2a: Weezing|ability: Neutralizing Gas
|switch|p2a: Kyurem|Kyurem|100/100
|-ability|p2a: Kyurem|Pressure
|move|p1a: Glimmora|Power Gem|p2a: Kyurem
|-supereffective|p2a: Kyurem
|-damage|p2a: Kyurem|8/100
|-damage|p1a: Glimmora|65/100 brn|[from] item: Life Orb
|
|-heal|p2a: Kyurem|14/100|[from] item: Leftovers
|-damage|p1a: Glimmora|59/100 brn|[from] brn
|upkeep
|turn|7
|
|t:|1757853033
|switch|p1a: Slowking|Slowking-Galar, F|100/100
|move|p2a: Kyurem|Freeze-Dry|p1a: Slowking
|-damage|p1a: Slowking|80/100
|
|-heal|p2a: Kyurem|20/100|[from] item: Leftovers
|upkeep
|turn|8
|
|t:|1757853047
|move|p2a: Kyurem|Protect|p2a: Kyurem
|-singleturn|p2a: Kyurem|Protect
|move|p1a: Slowking|Ice Beam|p2a: Kyurem
|-activate|p2a: Kyurem|move: Protect
|
|-heal|p2a: Kyurem|26/100|[from] item: Leftovers
|upkeep
|turn|9
|
|t:|1757853068
|switch|p2a: Ogerpon|Ogerpon-Wellspring, F|100/100
|move|p1a: Slowking|Sludge Bomb|p2a: Ogerpon
|-supereffective|p2a: Ogerpon
|-damage|p2a: Ogerpon|7/100
|
|upkeep
|turn|10
|
|t:|1757853081
|move|p2a: Ogerpon|Knock Off|p1a: Slowking
|-supereffective|p1a: Slowking
|-damage|p1a: Slowking|2/100
|-enditem|p1a: Slowking|Assault Vest|[from] move: Knock Off|[of] p2a: Ogerpon
|move|p1a: Slowking|Sludge Bomb|p2a: Ogerpon
|-supereffective|p2a: Ogerpon
|-damage|p2a: Ogerpon|0 fnt
|faint|p2a: Ogerpon
|
|upkeep
|j| mariah dhdh
|
|t:|1757853089
|switch|p2a: Kyurem|Kyurem|26/100
|-ability|p2a: Kyurem|Pressure
|turn|11
|l| mariah dhdh
|
|t:|1757853094
|switch|p1a: Glimmora|Glimmora, F, tera:Grass|59/100 brn
|move|p2a: Kyurem|Freeze-Dry|p1a: Glimmora
|-supereffective|p1a: Glimmora
|-damage|p1a: Glimmora|0 fnt
|faint|p1a: Glimmora
|
|-heal|p2a: Kyurem|33/100|[from] item: Leftovers
|upkeep
|
|t:|1757853100
|switch|p1a: Ogerpon|Ogerpon-Wellspring, F|100/100
|turn|12
|
|t:|1757853104
|move|p2a: Kyurem|Protect|p2a: Kyurem
|-singleturn|p2a: Kyurem|Protect
|move|p1a: Ogerpon|Play Rough|p2a: Kyurem
|-activate|p2a: Kyurem|move: Protect
|
|-heal|p2a: Kyurem|39/100|[from] item: Leftovers
|upkeep
|turn|13
|j| FIRE LORD AESON
|
|t:|1757853115
|switch|p2a: Weezing|Weezing-Galar, M|90/100
|-ability|p2a: Weezing|Neutralizing Gas
|move|p1a: Ogerpon|Ivy Cudgel|p2a: Weezing|[anim] Ivy Cudgel Water
|-damage|p2a: Weezing|51/100
|
|upkeep
|turn|14
|
|t:|1757853121
|switch|p1a: Slowking|Slowking-Galar, F|36/100
|move|p2a: Weezing|Pain Split|p1a: Slowking
|-sethp|p1a: Slowking|40/100|[from] move: Pain Split|[silent]
|-sethp|p2a: Weezing|47/100|[from] move: Pain Split
|
|upkeep
|turn|15
|
|t:|1757853136
|-end|p2a: Weezing|ability: Neutralizing Gas
|switch|p2a: Garganacl|Garganacl, M|100/100
|move|p1a: Slowking|Ice Beam|p2a: Garganacl
|-damage|p2a: Garganacl|82/100
|
|-heal|p2a: Garganacl|89/100|[from] item: Leftovers
|upkeep
|turn|16
|
|t:|1757853182
|move|p2a: Garganacl|Stealth Rock|p1a: Slowking
|-sidestart|p1: anamchara|move: Stealth Rock
|move|p1a: Slowking|Psychic Noise|p2a: Garganacl
|-damage|p2a: Garganacl|63/100
|-start|p2a: Garganacl|move: Heal Block
|
|upkeep
|turn|17
|
|t:|1757853191
|switch|p1a: Samurott|Samurott-Hisui, M|100/100
|-damage|p1a: Samurott|88/100|[from] Stealth Rock
|move|p2a: Garganacl|Protect||[still]
|-fail|p2a: Garganacl
|
|-end|p2a: Garganacl|move: Heal Block
|upkeep
|turn|18
|
|t:|1757853195
|move|p2a: Garganacl|Protect|p2a: Garganacl
|-singleturn|p2a: Garganacl|Protect
|move|p1a: Samurott|Flip Turn|p2a: Garganacl
|-activate|p2a: Garganacl|move: Protect
|
|-heal|p2a: Garganacl|69/100|[from] item: Leftovers
|upkeep
|turn|19
|
|t:|1757853210
|-terastallize|p2a: Garganacl|Fairy
|move|p1a: Samurott|Sacred Sword|p2a: Garganacl
|-resisted|p2a: Garganacl
|-damage|p2a: Garganacl|55/100
|move|p2a: Garganacl|Salt Cure|p1a: Samurott
|-damage|p1a: Samurott|74/100
|-start|p1a: Samurott|Salt Cure
|
|-heal|p2a: Garganacl|61/100|[from] item: Leftovers
|-damage|p1a: Samurott|49/100|[from] Salt Cure
|upkeep
|turn|20
|
|t:|1757853221
|switch|p1a: Slowking|Slowking-Galar, F|73/100
|-damage|p1a: Slowking|60/100|[from] Stealth Rock
|move|p2a: Garganacl|Recover|p2a: Garganacl
|-heal|p2a: Garganacl|100/100
|
|upkeep
|turn|21
|
|t:|1757853227
|switch|p2a: Iron Treads|Iron Treads|91/100
|move|p1a: Slowking|Sludge Bomb|p2a: Iron Treads
|-immune|p2a: Iron Treads
|
|upkeep
|turn|22
|inactive|Battle timer is ON: inactive players will automatically lose when time's up. (requested by anamchara)
|
|t:|1757853239
|-end|p2a: Iron Treads|Quark Drive|[silent]
|switch|p2a: Slither Wing|Slither Wing|83/100
|move|p1a: Slowking|Fire Blast|p2a: Slither Wing
|-supereffective|p2a: Slither Wing
|-damage|p2a: Slither Wing|27/100
|
|upkeep
|turn|23
|
|t:|1757853246
|switch|p1a: Iron Valiant|Iron Valiant|100/100
|-damage|p1a: Iron Valiant|94/100|[from] Stealth Rock
|move|p2a: Slither Wing|U-turn|p1a: Iron Valiant
|-resisted|p1a: Iron Valiant
|-damage|p1a: Iron Valiant|83/100
|
|t:|1757853251
|-end|p2a: Slither Wing|Protosynthesis|[silent]
|switch|p2a: Weezing|Weezing-Galar, M|47/100|[from] U-turn
|-ability|p2a: Weezing|Neutralizing Gas
|
|upkeep
|turn|24
|
|t:|1757853257
|-end|p1a: Iron Valiant|Quark Drive|[silent]
|switch|p1a: Slowking|Slowking-Galar, F|94/100
|-damage|p1a: Slowking|81/100|[from] Stealth Rock
|move|p2a: Weezing|Sludge Bomb|p1a: Slowking
|-resisted|p1a: Slowking
|-damage|p1a: Slowking|71/100
|
|upkeep
|turn|25
|
|t:|1757853271
|-end|p2a: Weezing|ability: Neutralizing Gas
|switch|p2a: Iron Treads|Iron Treads|91/100
|move|p1a: Slowking|Psychic Noise|p2a: Iron Treads
|-resisted|p2a: Iron Treads
|-damage|p2a: Iron Treads|80/100
|-start|p2a: Iron Treads|move: Heal Block
|
|upkeep
|turn|26
|
|t:|1757853279
|move|p2a: Iron Treads|Knock Off|p1a: Slowking
|-supereffective|p1a: Slowking
|-damage|p1a: Slowking|39/100
|move|p1a: Slowking|Fire Blast|p2a: Iron Treads|[miss]
|-miss|p1a: Slowking|p2a: Iron Treads
|
|-end|p2a: Iron Treads|move: Heal Block
|upkeep
|turn|27
|
|t:|1757853298
|-end|p2a: Iron Treads|Quark Drive|[silent]
|switch|p2a: Garganacl|Garganacl, M, tera:Fairy|100/100
|move|p1a: Slowking|Fire Blast|p2a: Garganacl
|-damage|p2a: Garganacl|76/100
|
|-heal|p2a: Garganacl|82/100|[from] item: Leftovers
|upkeep
|turn|28
|
|t:|1757853309
|move|p2a: Garganacl|Salt Cure|p1a: Slowking
|-damage|p1a: Slowking|26/100
|-start|p1a: Slowking|Salt Cure
|move|p1a: Slowking|Sludge Bomb|p2a: Garganacl
|-supereffective|p2a: Garganacl
|-damage|p2a: Garganacl|27/100
|
|-heal|p2a: Garganacl|33/100|[from] item: Leftovers
|-damage|p1a: Slowking|14/100|[from] Salt Cure
|upkeep
|turn|29
|
|t:|1757853335
|switch|p1a: Ogerpon|Ogerpon-Wellspring, F|100/100
|-damage|p1a: Ogerpon|88/100|[from] Stealth Rock
|move|p2a: Garganacl|Recover|p2a: Garganacl
|-heal|p2a: Garganacl|83/100
|
|-heal|p2a: Garganacl|89/100|[from] item: Leftovers
|upkeep
|turn|30
|j| AmGodzchild
|
|t:|1757853343
|move|p1a: Ogerpon|Ivy Cudgel|p2a: Garganacl|[anim] Ivy Cudgel Water
|-crit|p2a: Garganacl
|-damage|p2a: Garganacl|23/100
|move|p2a: Garganacl|Salt Cure|p1a: Ogerpon
|-damage|p1a: Ogerpon|69/100
|-start|p1a: Ogerpon|Salt Cure
|
|-heal|p2a: Garganacl|29/100|[from] item: Leftovers
|-damage|p1a: Ogerpon|44/100|[from] Salt Cure
|upkeep
|turn|31
|
|t:|1757853354
|move|p2a: Garganacl|Protect|p2a: Garganacl
|-singleturn|p2a: Garganacl|Protect
|move|p1a: Ogerpon|Horn Leech|p2a: Garganacl
|-activate|p2a: Garganacl|move: Protect
|
|-heal|p2a: Garganacl|36/100|[from] item: Leftovers
|-damage|p1a: Ogerpon|19/100|[from] Salt Cure
|upkeep
|turn|32
|l| FIRE LORD AESON
|
|t:|1757853361
|switch|p2a: Slither Wing|Slither Wing|27/100
|move|p1a: Ogerpon|Ivy Cudgel|p2a: Slither Wing|[anim] Ivy Cudgel Water
|-damage|p2a: Slither Wing|0 fnt
|faint|p2a: Slither Wing
|-end|p2a: Slither Wing|Protosynthesis|[silent]
|
|-damage|p1a: Ogerpon|0 fnt|[from] Salt Cure
|faint|p1a: Ogerpon
|upkeep
|
|t:|1757853375
|switch|p1a: Slowking|Slowking-Galar, F|47/100
|switch|p2a: Garganacl|Garganacl, M, tera:Fairy|36/100
|-damage|p1a: Slowking|35/100|[from] Stealth Rock
|turn|33
|
|t:|1757853401
|move|p2a: Garganacl|Protect|p2a: Garganacl
|-singleturn|p2a: Garganacl|Protect
|move|p1a: Slowking|Sludge Bomb|p2a: Garganacl
|-activate|p2a: Garganacl|move: Protect
|
|-heal|p2a: Garganacl|42/100|[from] item: Leftovers
|upkeep
|turn|34
|
|t:|1757853408
|switch|p2a: Kyurem|Kyurem|39/100
|-ability|p2a: Kyurem|Pressure
|move|p1a: Slowking|Fire Blast|p2a: Kyurem|[miss]
|-miss|p1a: Slowking|p2a: Kyurem
|
|-heal|p2a: Kyurem|45/100|[from] item: Leftovers
|upkeep
|turn|35
|j| xmagic_247
|
|t:|1757853418
|move|p2a: Kyurem|Earth Power|p1a: Slowking
|-supereffective|p1a: Slowking
|-damage|p1a: Slowking|0 fnt
|faint|p1a: Slowking
|
|-heal|p2a: Kyurem|51/100|[from] item: Leftovers
|upkeep
|inactive|anamchara has 120 seconds left.
|
|t:|1757853445
|switch|p1a: Iron Valiant|Iron Valiant|83/100
|-damage|p1a: Iron Valiant|77/100|[from] Stealth Rock
|turn|36
|
|t:|1757853450
|move|p1a: Iron Valiant|Swords Dance|p1a: Iron Valiant
|-boost|p1a: Iron Valiant|atk|2
|move|p2a: Kyurem|Freeze-Dry|p1a: Iron Valiant
|-crit|p1a: Iron Valiant
|-damage|p1a: Iron Valiant|0 fnt
|faint|p1a: Iron Valiant
|-end|p1a: Iron Valiant|Quark Drive|[silent]
|
|-heal|p2a: Kyurem|57/100|[from] item: Leftovers
|upkeep
|
|t:|1757853459
|switch|p1a: Meowscarada|Meowscarada, F|100/100
|-damage|p1a: Meowscarada|88/100|[from] Stealth Rock
|turn|37
|
|t:|1757853464
|move|p1a: Meowscarada|Triple Axel|p2a: Kyurem
|-start|p1a: Meowscarada|typechange|Ice|[from] ability: Protean
|-damage|p2a: Kyurem|48/100
|-damage|p2a: Kyurem|30/100
|-damage|p2a: Kyurem|5/100
|-hitcount|p2a: Kyurem|3
|move|p2a: Kyurem|Freeze-Dry|p1a: Meowscarada
|-resisted|p1a: Meowscarada
|-damage|p1a: Meowscarada|64/100
|
|-heal|p2a: Kyurem|11/100|[from] item: Leftovers
|upkeep
|turn|38
|
|t:|1757853487
|move|p1a: Meowscarada|Triple Axel|p2a: Kyurem
|-damage|p2a: Kyurem|2/100
|-damage|p2a: Kyurem|0 fnt
|faint|p2a: Kyurem
|-hitcount|p2: Kyurem|2
|
|upkeep
|
|t:|1757853494
|switch|p2a: Iron Treads|Iron Treads|80/100
|turn|39
|
|t:|1757853504
|move|p1a: Meowscarada|Triple Axel|p2a: Iron Treads
|-damage|p2a: Iron Treads|73/100
|-damage|p2a: Iron Treads|59/100
|-damage|p2a: Iron Treads|36/100
|-hitcount|p2a: Iron Treads|3
|move|p2a: Iron Treads|Earthquake|p1a: Meowscarada
|-damage|p1a: Meowscarada|5/100
|
|upkeep
|turn|40
|
|t:|1757853520
|move|p1a: Meowscarada|Triple Axel|p2a: Iron Treads
|-damage|p2a: Iron Treads|29/100
|-damage|p2a: Iron Treads|15/100
|-damage|p2a: Iron Treads|0 fnt
|faint|p2a: Iron Treads
|-end|p2a: Iron Treads|Quark Drive|[silent]
|-hitcount|p2: Iron Treads|3
|
|upkeep
|
|t:|1757853524
|switch|p2a: Garganacl|Garganacl, M, tera:Fairy|42/100
|turn|41
|
|t:|1757853527
|move|p2a: Garganacl|Protect|p2a: Garganacl
|-singleturn|p2a: Garganacl|Protect
|move|p1a: Meowscarada|Triple Axel|p2a: Garganacl
|-activate|p2a: Garganacl|move: Protect
|
|-heal|p2a: Garganacl|48/100|[from] item: Leftovers
|upkeep
|turn|42
|
|t:|1757853532
|switch|p2a: Weezing|Weezing-Galar, M|47/100
|-ability|p2a: Weezing|Neutralizing Gas
|move|p1a: Meowscarada|Triple Axel|p2a: Weezing
|-damage|p2a: Weezing|40/100
|-damage|p2a: Weezing|27/100
|-damage|p2a: Weezing|8/100
|-hitcount|p2a: Weezing|3
|
|upkeep
|turn|43
|
|t:|1757853549
|move|p1a: Meowscarada|Triple Axel|p2a: Weezing|[miss]
|-miss|p1a: Meowscarada|p2a: Weezing
|move|p2a: Weezing|Sludge Bomb|p1a: Meowscarada
|-damage|p1a: Meowscarada|0 fnt
|faint|p1a: Meowscarada
|
|upkeep
|
|t:|1757853551
|switch|p1a: Samurott|Samurott-Hisui, M|49/100
|-damage|p1a: Samurott|36/100|[from] Stealth Rock
|turn|44
|
|t:|1757853555
|move|p1a: Samurott|Ceaseless Edge|p2a: Weezing
|-resisted|p2a: Weezing
|-damage|p2a: Weezing|0 fnt
|-sidestart|p2: Lucid Coffee|Spikes
|faint|p2a: Weezing
|-end|p2a: Weezing|ability: Neutralizing Gas
|
|upkeep
|
|t:|1757853559
|switch|p2a: Garganacl|Garganacl, M, tera:Fairy|48/100
|-damage|p2a: Garganacl|36/100|[from] Spikes
|turn|45
|
|t:|1757853561
|move|p2a: Garganacl|Protect|p2a: Garganacl
|-singleturn|p2a: Garganacl|Protect
|move|p1a: Samurott|Flip Turn|p2a: Garganacl
|-activate|p2a: Garganacl|move: Protect
|
|-heal|p2a: Garganacl|42/100|[from] item: Leftovers
|upkeep
|turn|46
|
|t:|1757853565
|move|p1a: Samurott|Flip Turn|p2a: Garganacl
|-damage|p2a: Garganacl|22/100
|move|p2a: Garganacl|Recover|p2a: Garganacl
|-heal|p2a: Garganacl|72/100
|
|-heal|p2a: Garganacl|78/100|[from] item: Leftovers
|upkeep
|turn|47
|-message|anamchara forfeited.
|
|win|Lucid Coffee
|raw|anamchara's rating: 1610 &rarr; <strong>1594</strong><br />(-16 for losing)
|raw|Lucid Coffee's rating: 1686 &rarr; <strong>1702</strong><br />(+16 for winning)
|l|☆anamchara
|player|p1|
|l|‽Lucid Coffee
|player|p2|
|l| IWasBornFaat
|l| wgw2333
|l| AmGodzchild
