|j|☆sailormooo
|j|☆jsk69
|t:|1757909300
|gametype|singles
|player|p1|sailormooo|whitney|1186
|player|p2|jsk69|swimmer-gen4|1240
|gen|9
|tier|[Gen 9] OU
|rated|
|rule|HP Percentage Mod: HP is shown in percentages
|rule|Endless Battle Clause: Forcing endless battles is banned
|rule|Species Clause: Limit one of each Pokémon
|rule|OHKO Clause: OHKO moves are banned
|rule|Evasion Items Clause: Evasion items are banned
|rule|Evasion Moves Clause: Evasion moves are banned
|rule|Evasion Abilities Clause: Evasion abilities are banned
|rule|Sleep Moves Clause: Sleep-inducing moves are banned
|clearpoke
|poke|p1|Maushold-Four|
|poke|p1|Zoroark-Hisui, F|
|poke|p1|Ursaluna, F|
|poke|p1|Ditto|
|poke|p1|Arboliva, F|
|poke|p1|Wyrdeer, F|
|poke|p2|Ogerpon-Wellspring, F|
|poke|p2|Pecharunt|
|poke|p2|Moltres|
|poke|p2|Great Tusk|
|poke|p2|Lokix, M|
|poke|p2|Iron Crown|
|teampreview
|inactive|Battle timer is ON: inactive players will automatically lose when time's up. (requested by jsk69)
|inactive|sailormooo also wants the timer to be on.
|
|t:|1757909308
|teamsize|p1|6
|teamsize|p2|6
|start
|switch|p1a: Arboliva|Arboliva, F, shiny|100/100
|switch|p2a: Lokix|Lokix, M|100/100
|turn|1
|
|t:|1757909311
|move|p2a: Lokix|First Impression|p1a: Arboliva
|-supereffective|p1a: Arboliva
|-damage|p1a: Arboliva|5/100
|-enditem|p1a: Arboliva|Sitrus Berry|[eat]
|-heal|p1a: Arboliva|30/100|[from] item: Sitrus Berry
|move|p1a: Arboliva|Leech Seed|p2a: Lokix|[miss]
|-miss|p1a: Arboliva|p2a: Lokix
|
|upkeep
|turn|2
|
|t:|1757909321
|move|p2a: Lokix|U-turn|p1a: Arboliva
|-supereffective|p1a: Arboliva
|-damage|p1a: Arboliva|0 fnt
|faint|p1a: Arboliva
|
|t:|1757909333
|switch|p2a: Pecharunt|Pecharunt|100/100|[from] U-turn
|
|upkeep
|
|t:|1757909336
|switch|p1a: Ursaluna|Ursaluna, F, shiny|100/100
|turn|3
|
|t:|1757909340
|move|p2a: Pecharunt|Malignant Chain|p1a: Ursaluna
|-resisted|p1a: Ursaluna
|-damage|p1a: Ursaluna|86/100
|move|p1a: Ursaluna|Earthquake|p2a: Pecharunt
|-supereffective|p2a: Pecharunt
|-damage|p2a: Pecharunt|23/100
|
|-heal|p2a: Pecharunt|29/100|[from] item: Leftovers
|-status|p1a: Ursaluna|brn|[from] item: Flame Orb
|upkeep
|turn|4
|
|t:|1757909349
|move|p2a: Pecharunt|Parting Shot|p1a: Ursaluna
|-unboost|p1a: Ursaluna|atk|1
|-unboost|p1a: Ursaluna|spa|1
|
|t:|1757909356
|switch|p2a: Moltres|Moltres|100/100|[from] Parting Shot
|move|p1a: Ursaluna|Avalanche|p2a: Moltres
|-damage|p2a: Moltres|77/100
|
|-damage|p1a: Ursaluna|80/100 brn|[from] brn
|upkeep
|turn|5
|
|t:|1757909368
|move|p2a: Moltres|Flamethrower|p1a: Ursaluna
|-damage|p1a: Ursaluna|48/100 brn
|move|p1a: Ursaluna|Facade|p2a: Moltres
|-damage|p2a: Moltres|0 fnt
|faint|p2a: Moltres
|
|-damage|p1a: Ursaluna|42/100 brn|[from] brn
|upkeep
|
|t:|1757909378
|switch|p2a: Lokix|Lokix, M|100/100
|turn|6
|
|t:|1757909389
|move|p2a: Lokix|First Impression|p1a: Ursaluna
|-damage|p1a: Ursaluna|5/100 brn
|move|p1a: Ursaluna|Facade|p2a: Lokix
|-damage|p2a: Lokix|0 fnt
|faint|p2a: Lokix
|
|-damage|p1a: Ursaluna|0 fnt|[from] brn
|faint|p1a: Ursaluna
|upkeep
|
|t:|1757909398
|switch|p2a: Pecharunt|Pecharunt|29/100
|switch|p1a: Maushold|Maushold-Four, shiny|100/100
|turn|7
|
|t:|1757909405
|move|p1a: Maushold|Substitute|p1a: Maushold
|-start|p1a: Maushold|Substitute
|-damage|p1a: Maushold|76/100
|move|p2a: Pecharunt|Malignant Chain|p1a: Maushold
|-resisted|p1a: Maushold
|-end|p1a: Maushold|Substitute
|
|-heal|p1a: Maushold|82/100|[from] item: Leftovers
|-heal|p2a: Pecharunt|35/100|[from] item: Leftovers
|upkeep
|turn|8
|
|t:|1757909413
|move|p1a: Maushold|Bitter Malice|p2a: Pecharunt
|-supereffective|p2a: Pecharunt
|-damage|p2a: Pecharunt|0 fnt
|faint|p2a: Pecharunt
|
|-heal|p1a: Maushold|88/100|[from] item: Leftovers
|upkeep
|
|t:|1757909419
|switch|p2a: Ogerpon|Ogerpon-Wellspring, F|100/100
|turn|9
|
|t:|1757909423
|move|p2a: Ogerpon|Knock Off|p1a: Maushold
|-supereffective|p1a: Maushold
|-damage|p1a: Maushold|0 fnt
|replace|p1a: Zoroark|Zoroark-Hisui, F, shiny
|-end|p1a: Zoroark|Illusion
|-enditem|p1a: Zoroark|Leftovers|[from] move: Knock Off|[of] p2a: Ogerpon
|faint|p1a: Zoroark
|
|upkeep
|
|t:|1757909430
|switch|p1a: Maushold|Maushold-Four, shiny|100/100
|turn|10
|
|t:|1757909438
|move|p1a: Maushold|Tidy Up|p1a: Maushold
|-boost|p1a: Maushold|atk|1
|-boost|p1a: Maushold|spe|1
|move|p2a: Ogerpon|Knock Off|p1a: Maushold
|-damage|p1a: Maushold|43/100
|-enditem|p1a: Maushold|Wide Lens|[from] move: Knock Off|[of] p2a: Ogerpon
|
|upkeep
|turn|11
|
|t:|1757909448
|switch|p2a: Great Tusk|Great Tusk|100/100
|move|p1a: Maushold|Population Bomb|p2a: Great Tusk
|-damage|p2a: Great Tusk|89/100
|-damage|p2a: Great Tusk|79/100
|-damage|p2a: Great Tusk|68/100
|-damage|p2a: Great Tusk|58/100
|-damage|p2a: Great Tusk|48/100
|-damage|p2a: Great Tusk|38/100
|-damage|p2a: Great Tusk|27/100
|-damage|p2a: Great Tusk|17/100
|-damage|p2a: Great Tusk|8/100
|-hitcount|p2a: Great Tusk|9
|
|-heal|p2a: Great Tusk|14/100|[from] item: Leftovers
|upkeep
|turn|12
|
|t:|1757909453
|move|p1a: Maushold|Beat Up|p2a: Great Tusk
|-resisted|p2a: Great Tusk
|-damage|p2a: Great Tusk|12/100
|-resisted|p2a: Great Tusk
|-damage|p2a: Great Tusk|9/100
|-resisted|p2a: Great Tusk
|-damage|p2a: Great Tusk|8/100
|-hitcount|p2a: Great Tusk|3
|move|p2a: Great Tusk|Body Press|p1a: Maushold
|-supereffective|p1a: Maushold
|-damage|p1a: Maushold|0 fnt
|faint|p1a: Maushold
|
|-heal|p2a: Great Tusk|14/100|[from] item: Leftovers
|upkeep
|
|t:|1757909457
|switch|p1a: Wyrdeer|Wyrdeer, F, shiny|100/100
|-ability|p1a: Wyrdeer|Intimidate|boost
|-unboost|p2a: Great Tusk|atk|1
|turn|13
|
|t:|1757909469
|-end|p2a: Great Tusk|Protosynthesis|[silent]
|switch|p2a: Iron Crown|Iron Crown|100/100
|move|p1a: Wyrdeer|Calm Mind|p1a: Wyrdeer
|-boost|p1a: Wyrdeer|spa|1
|-boost|p1a: Wyrdeer|spd|1
|
|upkeep
|turn|14
|
|t:|1757909479
|-terastallize|p1a: Wyrdeer|Fairy
|move|p2a: Iron Crown|Focus Blast|p1a: Wyrdeer
|-resisted|p1a: Wyrdeer
|-damage|p1a: Wyrdeer|85/100
|move|p1a: Wyrdeer|Thunderbolt|p2a: Iron Crown
|-damage|p2a: Iron Crown|70/100
|
|-heal|p1a: Wyrdeer|91/100|[from] item: Leftovers
|upkeep
|turn|15
|
|t:|1757909487
|move|p2a: Iron Crown|Tachyon Cutter|p1a: Wyrdeer
|-supereffective|p1a: Wyrdeer
|-damage|p1a: Wyrdeer|54/100
|-supereffective|p1a: Wyrdeer
|-damage|p1a: Wyrdeer|22/100
|-hitcount|p1a: Wyrdeer|2
|move|p1a: Wyrdeer|Thunderbolt|p2a: Iron Crown
|-damage|p2a: Iron Crown|40/100
|-status|p2a: Iron Crown|par
|
|-heal|p1a: Wyrdeer|28/100|[from] item: Leftovers
|upkeep
|turn|16
|
|t:|1757909496
|move|p1a: Wyrdeer|Thunderbolt|p2a: Iron Crown
|-damage|p2a: Iron Crown|10/100 par
|move|p2a: Iron Crown|Tachyon Cutter|p1a: Wyrdeer
|-supereffective|p1a: Wyrdeer
|-damage|p1a: Wyrdeer|0 fnt
|faint|p1a: Wyrdeer
|-hitcount|p1: Wyrdeer|1
|
|upkeep
|
|t:|1757909499
|switch|p1a: Ditto|Ditto, shiny|100/100
|-transform|p1a: Ditto|p2a: Iron Crown|[from] ability: Imposter
|turn|17
|
|t:|1757909511
|move|p1a: Ditto|Psychic Noise|p2a: Iron Crown
|-resisted|p2a: Iron Crown
|-damage|p2a: Iron Crown|4/100 par
|-start|p2a: Iron Crown|move: Heal Block
|cant|p2a: Iron Crown|par
|
|upkeep
|turn|18
|
|t:|1757909519
|move|p1a: Ditto|Psychic Noise|p2a: Iron Crown
|-resisted|p2a: Iron Crown
|-damage|p2a: Iron Crown|0 fnt
|faint|p2a: Iron Crown
|-end|p2a: Iron Crown|Quark Drive|[silent]
|
|upkeep
|
|t:|1757909529
|switch|p2a: Great Tusk|Great Tusk|14/100
|turn|19
|
|t:|1757909534
|move|p1a: Ditto|Psychic Noise|p2a: Great Tusk
|-supereffective|p2a: Great Tusk
|-crit|p2a: Great Tusk
|-damage|p2a: Great Tusk|0 fnt
|faint|p2a: Great Tusk
|-end|p2a: Great Tusk|Protosynthesis|[silent]
|
|upkeep
|
|t:|1757909536
|switch|p2a: Ogerpon|Ogerpon-Wellspring, F|100/100
|turn|20
|
|t:|1757909542
|-terastallize|p2a: Ogerpon|Water
|detailschange|p2a: Ogerpon|Ogerpon-Wellspring-Tera, F, tera:Water
|-ability|p2a: Ogerpon|Embody Aspect (Wellspring)|boost
|-boost|p2a: Ogerpon|spd|1
|move|p1a: Ditto|Psychic Noise|p2a: Ogerpon
|-damage|p2a: Ogerpon|71/100
|-start|p2a: Ogerpon|move: Heal Block
|move|p2a: Ogerpon|Knock Off|p1a: Ditto
|-supereffective|p1a: Ditto
|-damage|p1a: Ditto|15/100
|-enditem|p1a: Ditto|Choice Scarf|[from] move: Knock Off|[of] p2a: Ogerpon
|
|upkeep
|turn|21
|
|t:|1757909557
|move|p2a: Ogerpon|Ivy Cudgel|p1a: Ditto|[anim] Ivy Cudgel Water
|-damage|p1a: Ditto|0 fnt
|faint|p1a: Ditto
|-end|p1a: Ditto|Quark Drive|[silent]
|
|win|jsk69
|raw|sailormooo's rating: 1186 &rarr; <strong>1165</strong><br />(-21 for losing)
|raw|jsk69's rating: 1240 &rarr; <strong>1261</strong><br />(+21 for winning)
|l|☆sailormooo
|player|p1|
|l|☆jsk69
|player|p2|
