|j|☆Itchy dig
|j|☆Kaelai
|t:|1757949312
|gametype|singles
|player|p1|Itchy dig|rye|1320
|player|p2|Kaelai|bellelba|1270
|gen|9
|tier|[Gen 9] OU
|rated|
|rule|HP Percentage Mod: HP is shown in percentages
|rule|Endless Battle Clause: Forcing endless battles is banned
|rule|Species Clause: Limit one of each Pokémon
|rule|OHKO Clause: OHKO moves are banned
|rule|Evasion Items Clause: Evasion items are banned
|rule|Evasion Moves Clause: Evasion moves are banned
|rule|Evasion Abilities Clause: Evasion abilities are banned
|rule|Sleep Moves Clause: Sleep-inducing moves are banned
|clearpoke
|poke|p1|Porygon-Z|
|poke|p1|Slowking-Galar, M|
|poke|p1|Kingambit, M|
|poke|p1|Landorus-Therian, M|
|poke|p1|Great Tusk|
|poke|p1|Ogerpon-Wellspring, F|
|poke|p2|Minior|
|poke|p2|Toxapex, F|
|poke|p2|Iron Moth|
|poke|p2|Greninja-*, M|
|poke|p2|Garchomp, M|
|poke|p2|Kingambit, M|
|teampreview
|
|t:|1757949320
|teamsize|p1|6
|teamsize|p2|6
|start
|switch|p1a: Landorus|Landorus-Therian, M|100/100
|switch|p2a: Garchomp|Garchomp, M|100/100
|-ability|p1a: Landorus|Intimidate|boost
|-unboost|p2a: Garchomp|atk|1
|turn|1
|
|t:|1757949326
|move|p1a: Landorus|U-turn|p2a: Garchomp
|-damage|p2a: Garchomp|85/100
|-damage|p1a: Landorus|88/100|[from] ability: Rough Skin|[of] p2a: Garchomp
|-damage|p1a: Landorus|72/100|[from] item: Rocky Helmet|[of] p2a: Garchomp
|
|t:|1757949331
|switch|p1a: Great Tusk|Great Tusk|100/100|[from] U-turn
|move|p2a: Garchomp|Stealth Rock|p1a: Great Tusk
|-sidestart|p1: Itchy dig|move: Stealth Rock
|
|upkeep
|turn|2
|
|t:|1757949335
|move|p1a: Great Tusk|Stealth Rock|p2a: Garchomp
|-sidestart|p2: Kaelai|move: Stealth Rock
|move|p2a: Garchomp|Dragon Tail|p1a: Great Tusk
|-damage|p1a: Great Tusk|89/100
|-damage|p2a: Garchomp|68/100|[from] item: Rocky Helmet|[of] p1a: Great Tusk
|-end|p1a: Great Tusk|Protosynthesis|[silent]
|drag|p1a: Ogerpon|Ogerpon-Wellspring, F|100/100
|-damage|p1a: Ogerpon|88/100|[from] Stealth Rock
|
|upkeep
|turn|3
|
|t:|1757949341
|move|p1a: Ogerpon|Ivy Cudgel|p2a: Garchomp|[anim] Ivy Cudgel Water
|-damage|p2a: Garchomp|32/100
|move|p2a: Garchomp|Dragon Tail|p1a: Ogerpon|[miss]
|-miss|p2a: Garchomp|p1a: Ogerpon
|
|upkeep
|turn|4
|
|t:|1757949344
|move|p1a: Ogerpon|Ivy Cudgel|p2a: Garchomp|[anim] Ivy Cudgel Water
|-damage|p2a: Garchomp|0 fnt
|faint|p2a: Garchomp
|
|upkeep
|inactive|Battle timer is ON: inactive players will automatically lose when time's up. (requested by Itchy dig)
|
|t:|1757949349
|switch|p2a: Toxapex|Toxapex, F|100/100
|-damage|p2a: Toxapex|88/100|[from] Stealth Rock
|turn|5
|
|t:|1757949353
|switch|p1a: Kingambit|Kingambit, M|100/100
|-damage|p1a: Kingambit|94/100|[from] Stealth Rock
|switch|p2a: Minior|Minior|100/100
|-damage|p2a: Minior|76/100|[from] Stealth Rock
|-formechange|p2a: Minior|Minior-Meteor||[from] ability: Shields Down
|
|-heal|p1a: Kingambit|100/100|[from] item: Leftovers
|upkeep
|turn|6
|
|t:|1757949357
|-terastallize|p2a: Minior|Ground
|move|p2a: Minior|Shell Smash|p2a: Minior
|-unboost|p2a: Minior|def|1
|-unboost|p2a: Minior|spd|1
|-boost|p2a: Minior|atk|2
|-boost|p2a: Minior|spa|2
|-boost|p2a: Minior|spe|2
|-enditem|p2a: Minior|White Herb
|-clearnegativeboost|p2a: Minior|[silent]
|move|p1a: Kingambit|Iron Head|p2a: Minior
|-damage|p2a: Minior|12/100
|
|-formechange|p2a: Minior|Minior||[from] ability: Shields Down
|upkeep
|turn|7
|
|t:|1757949362
|move|p1a: Kingambit|Sucker Punch|p2a: Minior
|-damage|p2a: Minior|0 fnt
|faint|p2a: Minior
|
|upkeep
|l|☆Kaelai
|inactive|Kaelai disconnected and has a minute to reconnect!
|player|p2|
|inactive|Kaelai has 30 seconds to reconnect!
|inactive|Kaelai has 20 seconds to reconnect!
|inactive|Kaelai has 15 seconds to reconnect!
|inactive|Kaelai has 10 seconds to reconnect!
|inactive|Kaelai has 5 seconds to reconnect!
|-message|Kaelai lost due to inactivity.
|
|win|Itchy dig
|raw|Itchy dig's rating: 1320 &rarr; <strong>1337</strong><br />(+17 for winning)
|raw|Kaelai's rating: 1270 &rarr; <strong>1249</strong><br />(-21 for losing)
|l|☆Itchy dig
|player|p1|
