|j|☆Cungy21
|j|☆v1rtuegam1ng
|t:|1757832277
|gametype|singles
|player|p1|Cungy21|li|1161
|player|p2|v1rtuegam1ng|veteran|1195
|gen|9
|tier|[Gen 9] OU
|rated|
|rule|HP Percentage Mod: HP is shown in percentages
|rule|Endless Battle Clause: Forcing endless battles is banned
|rule|Species Clause: Limit one of each Pokémon
|rule|OHKO Clause: OHKO moves are banned
|rule|Evasion Items Clause: Evasion items are banned
|rule|Evasion Moves Clause: Evasion moves are banned
|rule|Evasion Abilities Clause: Evasion abilities are banned
|rule|Sleep Moves Clause: Sleep-inducing moves are banned
|clearpoke
|poke|p1|Iron Moth|
|poke|p1|Walking Wake|
|poke|p1|Slither Wing|
|poke|p1|Ting-Lu|
|poke|p1|Torkoal, M|
|poke|p1|Great Tusk|
|poke|p2|Leavanny, M|
|poke|p2|Ninetales, F|
|poke|p2|Torkoal, F|
|poke|p2|Walking Wake|
|poke|p2|Araquanid, M|
|poke|p2|Gliscor, M|
|teampreview
|
|t:|1757832311
|teamsize|p1|6
|teamsize|p2|6
|start
|switch|p1a: Iron Moth|Iron Moth, shiny|100/100
|switch|p2a: Araquanid|Araquanid, M|100/100
|turn|1
|
|t:|1757832332
|-terastallize|p1a: Iron Moth|Fire
|move|p1a: Iron Moth|Overheat|p2a: Araquanid
|-damage|p2a: Araquanid|18/100
|-unboost|p1a: Iron Moth|spa|2
|move|p2a: Araquanid|Sticky Web|p1a: Iron Moth
|-sidestart|p1: Cungy21|move: Sticky Web
|
|-heal|p2a: Araquanid|24/100|[from] item: Leftovers
|upkeep
|turn|2
|
|t:|1757832342
|move|p1a: Iron Moth|Overheat|p2a: Araquanid
|-damage|p2a: Araquanid|0 fnt
|-unboost|p1a: Iron Moth|spa|2
|faint|p2a: Araquanid
|
|upkeep
|
|t:|1757832347
|switch|p2a: Gliscor|Gliscor, M|100/100
|turn|3
|
|t:|1757832352
|-end|p1a: Iron Moth|Quark Drive|[silent]
|switch|p1a: Great Tusk|Great Tusk|100/100
|move|p2a: Gliscor|Substitute|p2a: Gliscor
|-start|p2a: Gliscor|Substitute
|-damage|p2a: Gliscor|76/100
|
|-status|p2a: Gliscor|tox|[from] item: Toxic Orb
|upkeep
|turn|4
|
|t:|1757832364
|move|p2a: Gliscor|Facade|p1a: Great Tusk
|-damage|p1a: Great Tusk|74/100
|move|p1a: Great Tusk|Ice Spinner|p2a: Gliscor
|-supereffective|p2a: Gliscor
|-end|p2a: Gliscor|Substitute
|
|-heal|p2a: Gliscor|88/100 tox|[from] ability: Poison Heal
|upkeep
|turn|5
|
|t:|1757832373
|switch|p2a: Torkoal|Torkoal, F|100/100
|-weather|SunnyDay|[from] ability: Drought|[of] p2a: Torkoal
|-activate|p1a: Great Tusk|ability: Protosynthesis
|-start|p1a: Great Tusk|protosynthesisspe
|move|p1a: Great Tusk|Rapid Spin|p2a: Torkoal
|-damage|p2a: Torkoal|92/100
|-boost|p1a: Great Tusk|spe|1
|-sideend|p1: Cungy21|Sticky Web|[from] move: Rapid Spin|[of] p1a: Great Tusk
|
|-weather|SunnyDay|[upkeep]
|-heal|p2a: Torkoal|98/100|[from] item: Leftovers
|upkeep
|turn|6
|
|t:|1757832389
|move|p1a: Great Tusk|Bulk Up|p1a: Great Tusk
|-boost|p1a: Great Tusk|atk|1
|-boost|p1a: Great Tusk|def|1
|move|p2a: Torkoal|Clear Smog|p1a: Great Tusk
|-resisted|p1a: Great Tusk
|-damage|p1a: Great Tusk|67/100
|-clearboost|p1a: Great Tusk
|
|-weather|SunnyDay|[upkeep]
|-heal|p2a: Torkoal|100/100|[from] item: Leftovers
|upkeep
|turn|7
|
|t:|1757832401
|move|p1a: Great Tusk|Headlong Rush|p2a: Torkoal
|-supereffective|p2a: Torkoal
|-damage|p2a: Torkoal|44/100
|-unboost|p1a: Great Tusk|def|1
|-unboost|p1a: Great Tusk|spd|1
|move|p2a: Torkoal|Overheat|p1a: Great Tusk
|-damage|p1a: Great Tusk|0 fnt
|-unboost|p2a: Torkoal|spa|2
|faint|p1a: Great Tusk
|-end|p1a: Great Tusk|Protosynthesis|[silent]
|
|-weather|SunnyDay|[upkeep]
|-heal|p2a: Torkoal|50/100|[from] item: Leftovers
|upkeep
|
|t:|1757832415
|switch|p1a: Walking Wake|Walking Wake|100/100
|-activate|p1a: Walking Wake|ability: Protosynthesis
|-start|p1a: Walking Wake|protosynthesisspe
|turn|8
|
|t:|1757832425
|move|p1a: Walking Wake|Dragon Pulse|p2a: Torkoal
|-damage|p2a: Torkoal|0 fnt
|faint|p2a: Torkoal
|
|-weather|SunnyDay|[upkeep]
|upkeep
|
|t:|1757832431
|switch|p2a: Leavanny|Leavanny, M|100/100
|turn|9
|
|t:|1757832436
|move|p2a: Leavanny|Knock Off|p1a: Walking Wake
|-damage|p1a: Walking Wake|58/100
|-enditem|p1a: Walking Wake|Choice Specs|[from] move: Knock Off|[of] p2a: Leavanny
|-damage|p2a: Leavanny|91/100|[from] item: Life Orb
|move|p1a: Walking Wake|Dragon Pulse|p2a: Leavanny
|-damage|p2a: Leavanny|30/100
|
|-weather|none
|-end|p1a: Walking Wake|Protosynthesis
|upkeep
|turn|10
|
|t:|1757832449
|switch|p2a: Gliscor|Gliscor, M|88/100 tox
|move|p1a: Walking Wake|Flamethrower|p2a: Gliscor
|-damage|p2a: Gliscor|42/100 tox
|
|-heal|p2a: Gliscor|54/100 tox|[from] ability: Poison Heal
|upkeep
|turn|11
|
|t:|1757832458
|move|p1a: Walking Wake|Hydro Steam|p2a: Gliscor
|-supereffective|p2a: Gliscor
|-damage|p2a: Gliscor|0 fnt
|faint|p2a: Gliscor
|
|upkeep
|
|t:|1757832463
|switch|p2a: Ninetales|Ninetales, F|100/100
|-weather|SunnyDay|[from] ability: Drought|[of] p2a: Ninetales
|-activate|p1a: Walking Wake|ability: Protosynthesis
|-start|p1a: Walking Wake|protosynthesisspe
|turn|12
|
|t:|1757832476
|move|p1a: Walking Wake|Dragon Pulse|p2a: Ninetales
|-damage|p2a: Ninetales|53/100
|move|p2a: Ninetales|Solar Beam||[still]
|-prepare|p2a: Ninetales|Solar Beam
|-anim|p2a: Ninetales|Solar Beam|p1a: Walking Wake
|-damage|p1a: Walking Wake|21/100
|
|-weather|SunnyDay|[upkeep]
|upkeep
|turn|13
|
|t:|1757832486
|move|p1a: Walking Wake|Hydro Steam|p2a: Ninetales
|-supereffective|p2a: Ninetales
|-damage|p2a: Ninetales|0 fnt
|faint|p2a: Ninetales
|
|-weather|SunnyDay|[upkeep]
|upkeep
|
|t:|1757832491
|switch|p2a: Leavanny|Leavanny, M|30/100
|turn|14
|
|t:|1757832502
|-end|p1a: Walking Wake|Protosynthesis|[silent]
|switch|p1a: Ting-Lu|Ting-Lu, shiny|100/100
|-ability|p1a: Ting-Lu|Vessel of Ruin
|move|p2a: Leavanny|Fell Stinger|p1a: Ting-Lu
|-supereffective|p1a: Ting-Lu
|-damage|p1a: Ting-Lu|68/100
|-damage|p2a: Leavanny|13/100|[from] item: Rocky Helmet|[of] p1a: Ting-Lu
|-damage|p2a: Leavanny|3/100|[from] item: Life Orb
|
|-weather|SunnyDay|[upkeep]
|upkeep
|turn|15
|
|t:|1757832516
|move|p2a: Leavanny|Leaf Blade|p1a: Ting-Lu
|-supereffective|p1a: Ting-Lu
|-crit|p1a: Ting-Lu
|-damage|p1a: Ting-Lu|0 fnt
|-damage|p2a: Leavanny|0 fnt|[from] item: Rocky Helmet|[of] p1a: Ting-Lu
|faint|p1a: Ting-Lu
|faint|p2a: Leavanny
|
|-weather|SunnyDay|[upkeep]
|upkeep
|
|t:|1757832527
|switch|p2a: Walking Wake|Walking Wake|100/100
|switch|p1a: Walking Wake|Walking Wake|21/100
|-activate|p2a: Walking Wake|ability: Protosynthesis
|-start|p2a: Walking Wake|protosynthesisspe
|-activate|p1a: Walking Wake|ability: Protosynthesis
|-start|p1a: Walking Wake|protosynthesisspe
|turn|16
|
|t:|1757832558
|-end|p1a: Walking Wake|Protosynthesis|[silent]
|switch|p1a: Torkoal|Torkoal, M, shiny|100/100
|-terastallize|p2a: Walking Wake|Steel
|move|p2a: Walking Wake|Hydro Steam|p1a: Torkoal
|-supereffective|p1a: Torkoal
|-damage|p1a: Torkoal|0 fnt
|faint|p1a: Torkoal
|
|-weather|SunnyDay|[upkeep]
|upkeep
|
|t:|1757832595
|switch|p1a: Iron Moth|Iron Moth, shiny, tera:Fire|100/100
|turn|17
|
|t:|1757832605
|move|p2a: Walking Wake|Hydro Steam|p1a: Iron Moth
|-supereffective|p1a: Iron Moth
|-damage|p1a: Iron Moth|0 fnt
|faint|p1a: Iron Moth
|-end|p1a: Iron Moth|Quark Drive|[silent]
|
|-weather|SunnyDay|[upkeep]
|upkeep
|
|t:|1757832614
|switch|p1a: Slither Wing|Slither Wing, shiny|100/100
|-activate|p1a: Slither Wing|ability: Protosynthesis
|-start|p1a: Slither Wing|protosynthesisatk
|turn|18
|
|t:|1757832621
|move|p2a: Walking Wake|Hydro Steam|p1a: Slither Wing
|-damage|p1a: Slither Wing|5/100
|move|p1a: Slither Wing|Flare Blitz|p2a: Walking Wake
|-supereffective|p2a: Walking Wake
|-damage|p2a: Walking Wake|0 fnt
|faint|p2a: Walking Wake
|-end|p2a: Walking Wake|Protosynthesis|[silent]
|-damage|p1a: Slither Wing|0 fnt|[from] Recoil
|faint|p1a: Slither Wing
|-end|p1a: Slither Wing|Protosynthesis|[silent]
|
|win|Cungy21
|raw|Cungy21's rating: 1161 &rarr; <strong>1188</strong><br />(+27 for winning)
|raw|v1rtuegam1ng's rating: 1195 &rarr; <strong>1168</strong><br />(-27 for losing)
|l|☆v1rtuegam1ng
|player|p2|
|l|☆Cungy21
|player|p1|
