|j|☆Ericzxz1031
|j|☆xX_Gab_Xx
|t:|1757932210
|gametype|singles
|player|p1|Ericzxz1031|2|1125
|player|p2|xX_Gab_Xx|hugh|1183
|gen|9
|tier|[Gen 9] OU
|rated|
|rule|HP Percentage Mod: HP is shown in percentages
|rule|Endless Battle Clause: Forcing endless battles is banned
|rule|Species Clause: Limit one of each Pokémon
|rule|OHKO Clause: OHKO moves are banned
|rule|Evasion Items Clause: Evasion items are banned
|rule|Evasion Moves Clause: Evasion moves are banned
|rule|Evasion Abilities Clause: Evasion abilities are banned
|rule|Sleep Moves Clause: Sleep-inducing moves are banned
|clearpoke
|poke|p1|Kyurem|
|poke|p1|Kingambit, F|
|poke|p1|Raging Bolt|
|poke|p1|Samurott-Hisui, M|
|poke|p1|Corviknight, F|
|poke|p1|Slowking-Galar, M|
|poke|p2|Skeledirge, F|
|poke|p2|Swampert, M|
|poke|p2|Decidueye-Hisui, F|
|poke|p2|Cinderace, M|
|poke|p2|Meowscarada, M|
|poke|p2|Quaquaval, M|
|teampreview
|inactive|Battle timer is ON: inactive players will automatically lose when time's up. (requested by xX_Gab_Xx)
|
|t:|1757932215
|teamsize|p1|6
|teamsize|p2|6
|start
|switch|p1a: Samurott|Samurott-Hisui, M|100/100
|switch|p2a: Meowscarada|Meowscarada, M|100/100
|turn|1
|
|t:|1757932222
|move|p2a: Meowscarada|U-turn|p1a: Samurott
|-start|p2a: Meowscarada|typechange|Bug|[from] ability: Protean
|-supereffective|p1a: Samurott
|-damage|p1a: Samurott|21/100
|
|t:|1757932227
|switch|p2a: Decidueye|Decidueye-Hisui, F|100/100|[from] U-turn
|move|p1a: Samurott|Ceaseless Edge|p2a: Decidueye
|-resisted|p2a: Decidueye
|-damage|p2a: Decidueye|76/100
|-sidestart|p2: xX_Gab_Xx|Spikes
|
|upkeep
|turn|2
|
|t:|1757932235
|move|p1a: Samurott|Megahorn|p2a: Decidueye
|-damage|p2a: Decidueye|37/100
|move|p2a: Decidueye|Leaf Blade|p1a: Samurott
|-supereffective|p1a: Samurott
|-damage|p1a: Samurott|0 fnt
|faint|p1a: Samurott
|
|upkeep
|
|t:|1757932243
|switch|p1a: Corviknight|Corviknight, F|100/100
|turn|3
|
|t:|1757932250
|switch|p2a: Skeledirge|Skeledirge, F|100/100
|-damage|p2a: Skeledirge|88/100|[from] Spikes
|move|p1a: Corviknight|Brave Bird|p2a: Skeledirge
|-damage|p2a: Skeledirge|65/100
|-damage|p1a: Corviknight|93/100|[from] Recoil
|
|-heal|p2a: Skeledirge|71/100|[from] item: Leftovers
|upkeep
|turn|4
|
|t:|1757932268
|switch|p1a: Raging Bolt|Raging Bolt|100/100
|move|p2a: Skeledirge|Torch Song|p1a: Raging Bolt
|-resisted|p1a: Raging Bolt
|-damage|p1a: Raging Bolt|86/100
|-boost|p2a: Skeledirge|spa|1
|
|-heal|p2a: Skeledirge|77/100|[from] item: Leftovers
|upkeep
|turn|5
|
|t:|1757932278
|switch|p2a: Swampert|Swampert, M|100/100
|-damage|p2a: Swampert|88/100|[from] Spikes
|move|p1a: Raging Bolt|Draco Meteor|p2a: Swampert
|-damage|p2a: Swampert|14/100
|-unboost|p1a: Raging Bolt|spa|2
|
|-heal|p2a: Swampert|21/100|[from] item: Leftovers
|upkeep
|turn|6
|
|t:|1757932292
|move|p1a: Raging Bolt|Draco Meteor|p2a: Swampert
|-crit|p2a: Swampert
|-damage|p2a: Swampert|0 fnt
|-unboost|p1a: Raging Bolt|spa|2
|faint|p2a: Swampert
|
|upkeep
|
|t:|1757932302
|switch|p2a: Quaquaval|Quaquaval, M|100/100
|-damage|p2a: Quaquaval|88/100|[from] Spikes
|turn|7
|
|t:|1757932309
|-end|p1a: Raging Bolt|Protosynthesis|[silent]
|switch|p1a: Corviknight|Corviknight, F|93/100
|move|p2a: Quaquaval|Rapid Spin|p1a: Corviknight
|-resisted|p1a: Corviknight
|-damage|p1a: Corviknight|87/100
|-boost|p2a: Quaquaval|spe|1
|-damage|p2a: Quaquaval|72/100|[from] item: Rocky Helmet|[of] p1a: Corviknight
|-sideend|p2: xX_Gab_Xx|Spikes|[from] move: Rapid Spin|[of] p2a: Quaquaval
|
|upkeep
|turn|8
|
|t:|1757932320
|switch|p2a: Skeledirge|Skeledirge, F|77/100
|move|p1a: Corviknight|Brave Bird|p2a: Skeledirge
|-damage|p2a: Skeledirge|54/100
|-damage|p1a: Corviknight|80/100|[from] Recoil
|
|-heal|p2a: Skeledirge|60/100|[from] item: Leftovers
|upkeep
|turn|9
|
|t:|1757932333
|switch|p1a: Raging Bolt|Raging Bolt|86/100
|move|p2a: Skeledirge|Slack Off|p2a: Skeledirge
|-heal|p2a: Skeledirge|100/100
|
|upkeep
|turn|10
|
|t:|1757932340
|-terastallize|p2a: Skeledirge|Fairy
|move|p1a: Raging Bolt|Draco Meteor|p2a: Skeledirge
|-immune|p2a: Skeledirge
|move|p2a: Skeledirge|Will-O-Wisp|p1a: Raging Bolt
|-status|p1a: Raging Bolt|brn
|
|-damage|p1a: Raging Bolt|80/100 brn|[from] brn
|upkeep
|turn|11
|
|t:|1757932349
|-end|p1a: Raging Bolt|Protosynthesis|[silent]
|switch|p1a: Slowking|Slowking-Galar, M|100/100
|move|p2a: Skeledirge|Torch Song|p1a: Slowking
|-damage|p1a: Slowking|78/100
|-boost|p2a: Skeledirge|spa|1
|
|-heal|p1a: Slowking|84/100|[from] item: Leftovers
|upkeep
|turn|12
|
|t:|1757932360
|switch|p2a: Quaquaval|Quaquaval, M|72/100
|move|p1a: Slowking|Sludge Bomb|p2a: Quaquaval
|-damage|p2a: Quaquaval|30/100
|
|-heal|p1a: Slowking|90/100|[from] item: Leftovers
|upkeep
|turn|13
|
|t:|1757932372
|switch|p1a: Raging Bolt|Raging Bolt|80/100 brn
|move|p2a: Quaquaval|Aqua Step|p1a: Raging Bolt
|-resisted|p1a: Raging Bolt
|-damage|p1a: Raging Bolt|61/100 brn
|-boost|p2a: Quaquaval|spe|1
|
|-damage|p1a: Raging Bolt|54/100 brn|[from] brn
|upkeep
|turn|14
|
|t:|1757932390
|switch|p2a: Decidueye|Decidueye-Hisui, F|37/100
|move|p1a: Raging Bolt|Thunderbolt|p2a: Decidueye
|-resisted|p2a: Decidueye
|-damage|p2a: Decidueye|18/100
|
|-damage|p1a: Raging Bolt|48/100 brn|[from] brn
|upkeep
|turn|15
|
|t:|1757932400
|move|p2a: Decidueye|Shadow Sneak|p1a: Raging Bolt
|-damage|p1a: Raging Bolt|35/100 brn
|move|p1a: Raging Bolt|Thunderbolt|p2a: Decidueye
|-resisted|p2a: Decidueye
|-damage|p2a: Decidueye|0 fnt
|faint|p2a: Decidueye
|
|-damage|p1a: Raging Bolt|29/100 brn|[from] brn
|upkeep
|
|t:|1757932416
|switch|p2a: Meowscarada|Meowscarada, M|100/100
|turn|16
|
|t:|1757932420
|-end|p1a: Raging Bolt|Protosynthesis|[silent]
|switch|p1a: Corviknight|Corviknight, F|80/100
|move|p2a: Meowscarada|Triple Axel|p1a: Corviknight|[miss]
|-start|p2a: Meowscarada|typechange|Ice|[from] ability: Protean
|-miss|p2a: Meowscarada|p1a: Corviknight
|
|upkeep
|turn|17
|
|t:|1757932428
|switch|p2a: Skeledirge|Skeledirge, F, tera:Fairy|100/100
|move|p1a: Corviknight|Roost|p1a: Corviknight
|-heal|p1a: Corviknight|100/100
|-singleturn|p1a: Corviknight|move: Roost
|
|upkeep
|turn|18
|
|t:|1757932435
|switch|p1a: Slowking|Slowking-Galar, M|100/100
|move|p2a: Skeledirge|Torch Song|p1a: Slowking
|-damage|p1a: Slowking|78/100
|-boost|p2a: Skeledirge|spa|1
|
|-heal|p1a: Slowking|84/100|[from] item: Leftovers
|upkeep
|turn|19
|
|t:|1757932446
|move|p2a: Skeledirge|Will-O-Wisp|p1a: Slowking
|-status|p1a: Slowking|brn
|move|p1a: Slowking|Sludge Bomb|p2a: Skeledirge
|-supereffective|p2a: Skeledirge
|-damage|p2a: Skeledirge|3/100
|
|-heal|p2a: Skeledirge|9/100|[from] item: Leftovers
|-heal|p1a: Slowking|90/100 brn|[from] item: Leftovers
|-damage|p1a: Slowking|84/100 brn|[from] brn
|upkeep
|turn|20
|
|t:|1757932455
|-terastallize|p1a: Slowking|Poison
|move|p2a: Skeledirge|Hex|p1a: Slowking
|-damage|p1a: Slowking|30/100 brn
|move|p1a: Slowking|Sludge Bomb|p2a: Skeledirge
|-supereffective|p2a: Skeledirge
|-damage|p2a: Skeledirge|0 fnt
|faint|p2a: Skeledirge
|
|-heal|p1a: Slowking|36/100 brn|[from] item: Leftovers
|-damage|p1a: Slowking|30/100 brn|[from] brn
|upkeep
|
|t:|1757932466
|switch|p2a: Quaquaval|Quaquaval, M|30/100
|turn|21
|
|t:|1757932472
|switch|p1a: Corviknight|Corviknight, F|100/100
|move|p2a: Quaquaval|Aqua Step|p1a: Corviknight
|-damage|p1a: Corviknight|73/100
|-boost|p2a: Quaquaval|spe|1
|-damage|p2a: Quaquaval|14/100|[from] item: Rocky Helmet|[of] p1a: Corviknight
|
|upkeep
|turn|22
|
|t:|1757932483
|move|p2a: Quaquaval|Close Combat|p1a: Corviknight
|-damage|p1a: Corviknight|34/100
|-unboost|p2a: Quaquaval|def|1
|-unboost|p2a: Quaquaval|spd|1
|-damage|p2a: Quaquaval|0 fnt|[from] item: Rocky Helmet|[of] p1a: Corviknight
|faint|p2a: Quaquaval
|move|p1a: Corviknight|Brave Bird|p2: Quaquaval|[notarget]
|-fail|p1a: Corviknight
|
|upkeep
|-message|xX_Gab_Xx forfeited.
|
|win|Ericzxz1031
|raw|Ericzxz1031's rating: 1125 &rarr; <strong>1154</strong><br />(+29 for winning)
|raw|xX_Gab_Xx's rating: 1183 &rarr; <strong>1154</strong><br />(-29 for losing)
|l|☆xX_Gab_Xx
|player|p2|
|l|☆Ericzxz1031
|player|p1|
