|j|☆RugzV
|j|☆ahmijahh
|t:|1757844831
|gametype|singles
|player|p1|RugzV|gentleman-gen4|1236
|player|p2|ahmijahh|101|1222
|gen|9
|tier|[Gen 9] OU
|rated|
|rule|HP Percentage Mod: HP is shown in percentages
|rule|Endless Battle Clause: Forcing endless battles is banned
|rule|Species Clause: Limit one of each Pokémon
|rule|OHKO Clause: OHKO moves are banned
|rule|Evasion Items Clause: Evasion items are banned
|rule|Evasion Moves Clause: Evasion moves are banned
|rule|Evasion Abilities Clause: Evasion abilities are banned
|rule|Sleep Moves Clause: Sleep-inducing moves are banned
|clearpoke
|poke|p1|Clodsire, F|
|poke|p1|Meowscarada, M|
|poke|p1|Alomomola, F|
|poke|p1|Enamorus-Therian, F|
|poke|p1|Ceruledge, M|
|poke|p1|Reuniclus, F|
|poke|p2|Hydrapple, M|
|poke|p2|Tornadus-Therian, M|
|poke|p2|Slowking-Galar, F|
|poke|p2|Alomomola, M|
|poke|p2|Cyclizar, F|
|poke|p2|Mienshao, F|
|teampreview
|inactive|Battle timer is ON: inactive players will automatically lose when time's up. (requested by RugzV)
|
|t:|1757844842
|teamsize|p1|6
|teamsize|p2|6
|start
|switch|p1a: Purrfecto|Meowscarada, M|100/100
|switch|p2a: Tornadus|Tornadus-Therian, M|100/100
|turn|1
|
|t:|1757844850
|switch|p2a: Alomomola|Alomomola, M|100/100
|move|p1a: Purrfecto|Triple Axel|p2a: Alomomola
|-start|p1a: Purrfecto|typechange|Ice|[from] ability: Protean
|-resisted|p2a: Alomomola
|-damage|p2a: Alomomola|97/100
|-resisted|p2a: Alomomola
|-damage|p2a: Alomomola|90/100
|-resisted|p2a: Alomomola
|-damage|p2a: Alomomola|79/100
|-hitcount|p2a: Alomomola|3
|
|upkeep
|turn|2
|
|t:|1757844864
|switch|p1a: Clodders|Clodsire, F|100/100
|switch|p2a: Hydrapple|Hydrapple, M|100/100
|
|upkeep
|turn|3
|
|t:|1757844876
|move|p2a: Hydrapple|Giga Drain|p1a: Clodders
|-damage|p1a: Clodders|83/100
|move|p1a: Clodders|Toxic|p2a: Hydrapple
|-status|p2a: Hydrapple|tox
|
|-heal|p1a: Clodders|89/100|[from] item: Leftovers
|-damage|p2a: Hydrapple|94/100 tox|[from] psn
|upkeep
|turn|4
|
|t:|1757844890
|move|p2a: Hydrapple|Earth Power|p1a: Clodders
|-supereffective|p1a: Clodders
|-damage|p1a: Clodders|65/100
|move|p1a: Clodders|Stealth Rock|p2a: Hydrapple
|-sidestart|p2: ahmijahh|move: Stealth Rock
|
|-heal|p1a: Clodders|71/100|[from] item: Leftovers
|-damage|p2a: Hydrapple|82/100 tox|[from] psn
|upkeep
|turn|5
|
|t:|1757844899
|switch|p2a: Slowking|Slowking-Galar, F|100/100
|-damage|p2a: Slowking|88/100|[from] Stealth Rock
|switch|p1a: Notatortoise|Enamorus-Therian, F|100/100
|
|upkeep
|turn|6
|
|t:|1757844909
|move|p1a: Notatortoise|Earth Power|p2a: Slowking
|-supereffective|p2a: Slowking
|-damage|p2a: Slowking|36/100
|move|p2a: Slowking|Sludge Bomb|p1a: Notatortoise
|-supereffective|p1a: Notatortoise
|-damage|p1a: Notatortoise|14/100
|
|upkeep
|turn|7
|
|t:|1757844917
|switch|p2a: Tornadus|Tornadus-Therian, M|100/100
|move|p1a: Notatortoise|Earth Power|p2a: Tornadus
|-immune|p2a: Tornadus
|
|upkeep
|turn|8
|
|t:|1757844930
|switch|p1a: Clodders|Clodsire, F|71/100
|move|p2a: Tornadus|U-turn|p1a: Clodders
|-resisted|p1a: Clodders
|-crit|p1a: Clodders
|-damage|p1a: Clodders|59/100
|
|t:|1757844954
|switch|p2a: Alomomola|Alomomola, M|100/100|[from] U-turn
|-damage|p2a: Alomomola|88/100|[from] Stealth Rock
|
|-heal|p1a: Clodders|65/100|[from] item: Leftovers
|upkeep
|turn|9
|l|☆RugzV
|inactive|RugzV disconnected and has a minute to reconnect!
|player|p1|
|j|☆RugzV
|inactive|RugzV reconnected and has 130 seconds left.
|player|p1|RugzV|gentleman-gen4|
|
|t:|1757844978
|move|p2a: Alomomola|Flip Turn|p1a: Clodders
|-heal|p1a: Clodders|90/100|[from] ability: Water Absorb|[of] p2a: Alomomola
|move|p1a: Clodders|Toxic|p2a: Alomomola
|-status|p2a: Alomomola|tox
|
|-heal|p1a: Clodders|96/100|[from] item: Leftovers
|-damage|p2a: Alomomola|82/100 tox|[from] psn
|upkeep
|turn|10
|
|t:|1757844989
|switch|p2a: Slowking|Slowking-Galar, F|70/100
|-damage|p2a: Slowking|57/100|[from] Stealth Rock
|move|p1a: Clodders|Toxic|p2a: Slowking
|-immune|p2a: Slowking
|
|-heal|p1a: Clodders|100/100|[from] item: Leftovers
|upkeep
|turn|11
|
|t:|1757845000
|switch|p1a: Embybro|Reuniclus, F|100/100
|move|p2a: Slowking|Psyshock|p1a: Embybro
|-resisted|p1a: Embybro
|-damage|p1a: Embybro|83/100
|
|upkeep
|turn|12
|
|t:|1757845021
|switch|p2a: Alomomola|Alomomola, M|100/100 tox
|-damage|p2a: Alomomola|88/100 tox|[from] Stealth Rock
|move|p1a: Embybro|Knock Off|p2a: Alomomola
|-damage|p2a: Alomomola|72/100 tox
|-enditem|p2a: Alomomola|Assault Vest|[from] move: Knock Off|[of] p1a: Embybro
|
|-damage|p2a: Alomomola|66/100 tox|[from] psn
|upkeep
|turn|13
|
|t:|1757845037
|move|p2a: Alomomola|Flip Turn|p1a: Embybro
|-damage|p1a: Embybro|66/100
|
|t:|1757845041
|switch|p2a: Slowking|Slowking-Galar, F|90/100|[from] Flip Turn
|-damage|p2a: Slowking|78/100|[from] Stealth Rock
|move|p1a: Embybro|Recover|p1a: Embybro
|-heal|p1a: Embybro|100/100
|
|upkeep
|turn|14
|
|t:|1757845050
|move|p1a: Embybro|Psychic Noise|p2a: Slowking
|-damage|p2a: Slowking|55/100
|-start|p2a: Slowking|move: Heal Block
|move|p2a: Slowking|Sludge Bomb|p1a: Embybro
|-damage|p1a: Embybro|59/100
|
|upkeep
|turn|15
|
|t:|1757845064
|move|p1a: Embybro|Recover|p1a: Embybro
|-heal|p1a: Embybro|100/100
|move|p2a: Slowking|Psyshock|p1a: Embybro
|-resisted|p1a: Embybro
|-damage|p1a: Embybro|82/100
|
|-end|p2a: Slowking|move: Heal Block
|upkeep
|turn|16
|
|t:|1757845090
|move|p1a: Embybro|Knock Off|p2a: Slowking
|-supereffective|p2a: Slowking
|-damage|p2a: Slowking|14/100
|-enditem|p2a: Slowking|Assault Vest|[from] move: Knock Off|[of] p1a: Embybro
|move|p2a: Slowking|Sludge Bomb|p1a: Embybro
|-damage|p1a: Embybro|46/100
|
|upkeep
|turn|17
|inactive|ahmijahh has 120 seconds left.
|
|t:|1757845125
|switch|p2a: Alomomola|Alomomola, M|99/100 tox
|-damage|p2a: Alomomola|87/100 tox|[from] Stealth Rock
|move|p1a: Embybro|Knock Off|p2a: Alomomola
|-damage|p2a: Alomomola|77/100 tox
|
|-damage|p2a: Alomomola|70/100 tox|[from] psn
|upkeep
|turn|18
|l|☆RugzV
|inactive|RugzV disconnected and has a minute to reconnect!
|player|p1|
|j|☆RugzV
|inactive|RugzV reconnected and has 120 seconds left.
|player|p1|RugzV|gentleman-gen4|
|
|t:|1757845147
|switch|p1a: Clodders|Clodsire, F|100/100
|move|p2a: Alomomola|Mirror Coat||[still]
|-fail|p2a: Alomomola
|
|-damage|p2a: Alomomola|58/100 tox|[from] psn
|upkeep
|turn|19
|inactive|RugzV has 120 seconds left.
|inactive|ahmijahh has 120 seconds left.
|
|t:|1757845170
|switch|p2a: Slowking|Slowking-Galar, F|47/100
|-damage|p2a: Slowking|35/100|[from] Stealth Rock
|switch|p1a: Bigfish|Alomomola, F|100/100
|
|upkeep
|turn|20
|inactive|RugzV has 120 seconds left.
|
|t:|1757845182
|switch|p2a: Alomomola|Alomomola, M|91/100 tox
|-damage|p2a: Alomomola|79/100 tox|[from] Stealth Rock
|move|p1a: Bigfish|Wish|p1a: Bigfish
|
|-damage|p2a: Alomomola|73/100 tox|[from] psn
|upkeep
|turn|21
|inactive|RugzV has 120 seconds left.
|inactive|ahmijahh has 120 seconds left.
|
|t:|1757845203
|move|p1a: Bigfish|Flip Turn|p2a: Alomomola
|-resisted|p2a: Alomomola
|-damage|p2a: Alomomola|66/100 tox
|inactive|RugzV has 120 seconds left.
|
|t:|1757845212
|switch|p1a: Embybro|Reuniclus, F|46/100|[from] Flip Turn
|move|p2a: Alomomola|Flip Turn|p1a: Embybro
|-damage|p1a: Embybro|29/100
|inactive|ahmijahh has 120 seconds left.
|
|t:|1757845222
|switch|p2a: Tornadus|Tornadus-Therian, M|100/100|[from] Flip Turn
|
|-heal|p1a: Embybro|92/100|[from] move: Wish|[wisher] Bigfish
|upkeep
|turn|22
|inactive|ahmijahh has 120 seconds left.
|inactive|RugzV has 120 seconds left.
|
|t:|1757845243
|move|p2a: Tornadus|Bleakwind Storm|p1a: Embybro
|-damage|p1a: Embybro|57/100
|move|p1a: Embybro|Knock Off|p2a: Tornadus
|-damage|p2a: Tornadus|79/100
|-enditem|p2a: Tornadus|Heavy-Duty Boots|[from] move: Knock Off|[of] p1a: Embybro
|
|upkeep
|turn|23
|inactive|RugzV has 120 seconds left.
|inactive|ahmijahh has 120 seconds left.
|
|t:|1757845269
|move|p2a: Tornadus|Knock Off|p1a: Embybro
|-supereffective|p1a: Embybro
|-damage|p1a: Embybro|19/100
|-enditem|p1a: Embybro|Life Orb|[from] move: Knock Off|[of] p2a: Tornadus
|move|p1a: Embybro|Recover|p1a: Embybro
|-heal|p1a: Embybro|69/100
|
|upkeep
|turn|24
|inactive|RugzV has 120 seconds left.
|l|☆RugzV
|inactive|RugzV disconnected and has a minute to reconnect!
|player|p1|
|j|☆RugzV
|inactive|RugzV reconnected and has 95 seconds left.
|player|p1|RugzV|gentleman-gen4|
|inactive|RugzV has 90 seconds left.
|
|t:|1757845324
|switch|p1a: Bigfish|Alomomola, F|100/100
|move|p2a: Tornadus|U-turn|p1a: Bigfish
|-damage|p1a: Bigfish|92/100
|-damage|p2a: Tornadus|62/100|[from] item: Rocky Helmet|[of] p1a: Bigfish
|inactive|ahmijahh has 90 seconds left.
|
|t:|1757845373
|switch|p2a: Hydrapple|Hydrapple, M|100/100 tox|[from] U-turn
|
|-damage|p2a: Hydrapple|94/100 tox|[from] psn
|upkeep
|turn|25
|l|☆RugzV
|inactive|RugzV disconnected and has a minute to reconnect!
|player|p1|
|j|☆RugzV
|inactive|RugzV reconnected and has 65 seconds left.
|player|p1|RugzV|gentleman-gen4|
|inactive|RugzV has 60 seconds left.
|
|t:|1757845412
|switch|p1a: Clodders|Clodsire, F|100/100
|move|p2a: Hydrapple|Giga Drain|p1a: Clodders
|-damage|p1a: Clodders|84/100
|-heal|p2a: Hydrapple|100/100 tox|[from] drain|[of] p1a: Clodders
|
|-heal|p1a: Clodders|90/100|[from] item: Leftovers
|-damage|p2a: Hydrapple|88/100 tox|[from] psn
|upkeep
|turn|26
|inactive|RugzV has 60 seconds left.
|
|t:|1757845427
|move|p2a: Hydrapple|Fickle Beam|p1a: Clodders
|-damage|p1a: Clodders|74/100
|move|p1a: Clodders|Recover|p1a: Clodders
|-heal|p1a: Clodders|100/100
|
|-damage|p2a: Hydrapple|70/100 tox|[from] psn
|upkeep
|turn|27
|inactive|RugzV has 60 seconds left.
|inactive|ahmijahh has 90 seconds left.
|
|t:|1757845442
|switch|p2a: Cyclizar|Cyclizar, F|100/100
|-damage|p2a: Cyclizar|88/100|[from] Stealth Rock
|move|p1a: Clodders|Earthquake|p2a: Cyclizar
|-damage|p2a: Cyclizar|40/100
|
|upkeep
|turn|28
|inactive|RugzV has 60 seconds left.
|
|t:|1757845458
|move|p2a: Cyclizar|Rapid Spin|p1a: Clodders
|-damage|p1a: Clodders|81/100
|-boost|p2a: Cyclizar|spe|1
|-sideend|p2: ahmijahh|Stealth Rock|[from] move: Rapid Spin|[of] p2a: Cyclizar
|move|p1a: Clodders|Toxic|p2a: Cyclizar
|-status|p2a: Cyclizar|tox
|
|-heal|p1a: Clodders|88/100|[from] item: Leftovers
|-damage|p2a: Cyclizar|34/100 tox|[from] psn
|upkeep
|turn|29
|inactive|RugzV has 60 seconds left.
|inactive|ahmijahh has 90 seconds left.
|
|t:|1757845481
|switch|p2a: Mienshao|Mienshao, F|100/100
|switch|p1a: Bigfish|Alomomola, F|100/100
|
|upkeep
|turn|30
|inactive|RugzV has 60 seconds left.
|
|t:|1757845487
|move|p2a: Mienshao|Knock Off|p1a: Bigfish
|-damage|p1a: Bigfish|82/100
|-damage|p2a: Mienshao|84/100|[from] item: Rocky Helmet|[of] p1a: Bigfish
|-enditem|p1a: Bigfish|Rocky Helmet|[from] move: Knock Off|[of] p2a: Mienshao
|move|p1a: Bigfish|Tickle|p2a: Mienshao
|-unboost|p2a: Mienshao|atk|1
|-unboost|p2a: Mienshao|def|1
|
|upkeep
|turn|31
|inactive|RugzV has 60 seconds left.
|
|t:|1757845502
|switch|p2a: Slowking|Slowking-Galar, F|68/100
|move|p1a: Bigfish|Wish|p1a: Bigfish
|
|upkeep
|turn|32
|inactive|RugzV has 60 seconds left.
|c|☆RugzV|GTG gg
|-message|RugzV forfeited.
|
|win|ahmijahh
|raw|RugzV's rating: 1236 &rarr; <strong>1208</strong><br />(-28 for losing)
|raw|ahmijahh's rating: 1198 &rarr; <strong>1226</strong><br />(+28 for winning)
|l|☆RugzV
|player|p1|
|l|☆ahmijahh
|player|p2|
