|j|☆hyperchoice
|j|☆brutalshaman
|t:|1757953846
|gametype|singles
|player|p1|hyperchoice|170|1427
|player|p2|brutalshaman|blackbelt-gen4dp|1430
|gen|9
|tier|[Gen 9] OU
|rated|
|rule|HP Percentage Mod: HP is shown in percentages
|rule|Endless Battle Clause: Forcing endless battles is banned
|rule|Species Clause: Limit one of each Pokémon
|rule|OHKO Clause: OHKO moves are banned
|rule|Evasion Items Clause: Evasion items are banned
|rule|Evasion Moves Clause: Evasion moves are banned
|rule|Evasion Abilities Clause: Evasion abilities are banned
|rule|Sleep Moves Clause: Sleep-inducing moves are banned
|clearpoke
|poke|p1|Zapdos|
|poke|p1|Raging Bolt|
|poke|p1|Rillaboom, M|
|poke|p1|Tyranitar, F|
|poke|p1|Primarina, F|
|poke|p1|Scizor, F|
|poke|p2|Ninetales-Alola, M|
|poke|p2|Cetitan, M|
|poke|p2|Kyurem|
|poke|p2|Moltres|
|poke|p2|Sandslash-Alola, F|
|poke|p2|Slowking-Galar, M|
|teampreview
|
|t:|1757953859
|teamsize|p1|6
|teamsize|p2|6
|start
|switch|p1a: Scizor|Scizor, F|100/100
|switch|p2a: Sandslash|Sandslash-Alola, F|100/100
|turn|1
|
|t:|1757953863
|move|p2a: Sandslash|Stealth Rock|p1a: Scizor
|-sidestart|p1: hyperchoice|move: Stealth Rock
|move|p1a: Scizor|Knock Off|p2a: Sandslash
|-damage|p2a: Sandslash|43/100
|-enditem|p2a: Sandslash|Heavy-Duty Boots|[from] move: Knock Off|[of] p1a: Scizor
|
|upkeep
|turn|2
|
|t:|1757953879
|switch|p2a: Moltres|Moltres|100/100
|move|p1a: Scizor|Knock Off|p2a: Moltres
|-damage|p2a: Moltres|37/100
|-status|p1a: Scizor|brn|[from] ability: Flame Body|[of] p2a: Moltres
|-enditem|p2a: Moltres|Heavy-Duty Boots|[from] move: Knock Off|[of] p1a: Scizor
|
|-damage|p1a: Scizor|94/100 brn|[from] brn
|upkeep
|turn|3
|
|t:|1757953888
|switch|p1a: Tyranitar|Tyranitar, F|100/100
|-damage|p1a: Tyranitar|88/100|[from] Stealth Rock
|-weather|Sandstorm|[from] ability: Sand Stream|[of] p1a: Tyranitar
|move|p2a: Moltres|U-turn|p1a: Tyranitar
|-supereffective|p1a: Tyranitar
|-damage|p1a: Tyranitar|66/100
|
|t:|1757953894
|switch|p2a: Ninetales|Ninetales-Alola, M|100/100|[from] U-turn
|-weather|Snowscape|[from] ability: Snow Warning|[of] p2a: Ninetales
|
|-weather|Snowscape|[upkeep]
|-heal|p1a: Tyranitar|72/100|[from] item: Leftovers
|upkeep
|turn|4
|
|t:|1757953902
|move|p2a: Ninetales|Aurora Veil|p2a: Ninetales
|-sidestart|p2: brutalshaman|move: Aurora Veil
|move|p1a: Tyranitar|Stealth Rock|p2a: Ninetales
|-sidestart|p2: brutalshaman|move: Stealth Rock
|
|-weather|Snowscape|[upkeep]
|-heal|p1a: Tyranitar|78/100|[from] item: Leftovers
|upkeep
|turn|5
|
|t:|1757953906
|switch|p2a: Sandslash|Sandslash-Alola, F|43/100
|-damage|p2a: Sandslash|30/100|[from] Stealth Rock
|switch|p1a: Scizor|Scizor, F|94/100 brn
|-damage|p1a: Scizor|82/100 brn|[from] Stealth Rock
|
|-weather|Snowscape|[upkeep]
|-damage|p1a: Scizor|76/100 brn|[from] brn
|upkeep
|turn|6
|
|t:|1757953912
|move|p2a: Sandslash|Rapid Spin|p1a: Scizor
|-resisted|p1a: Scizor
|-damage|p1a: Scizor|68/100 brn
|-boost|p2a: Sandslash|spe|1
|-sideend|p2: brutalshaman|Stealth Rock|[from] move: Rapid Spin|[of] p2a: Sandslash
|move|p1a: Scizor|Close Combat|p2a: Sandslash
|-supereffective|p2a: Sandslash
|-damage|p2a: Sandslash|0 fnt
|-unboost|p1a: Scizor|def|1
|-unboost|p1a: Scizor|spd|1
|faint|p2a: Sandslash
|
|-weather|Snowscape|[upkeep]
|-damage|p1a: Scizor|62/100 brn|[from] brn
|upkeep
|
|t:|1757953943
|switch|p2a: Kyurem|Kyurem|100/100
|-ability|p2a: Kyurem|Pressure
|turn|7
|
|t:|1757953954
|move|p2a: Kyurem|Earth Power|p1a: Scizor
|-crit|p1a: Scizor
|-damage|p1a: Scizor|0 fnt
|faint|p1a: Scizor
|
|-weather|none
|upkeep
|
|t:|1757953957
|switch|p1a: Tyranitar|Tyranitar, F|78/100
|-damage|p1a: Tyranitar|66/100|[from] Stealth Rock
|-weather|Sandstorm|[from] ability: Sand Stream|[of] p1a: Tyranitar
|turn|8
|
|t:|1757953961
|move|p2a: Kyurem|Earth Power|p1a: Tyranitar
|-supereffective|p1a: Tyranitar
|-damage|p1a: Tyranitar|8/100
|move|p1a: Tyranitar|Knock Off|p2a: Kyurem
|-damage|p2a: Kyurem|73/100
|-enditem|p2a: Kyurem|Choice Specs|[from] move: Knock Off|[of] p1a: Tyranitar
|
|-weather|Sandstorm|[upkeep]
|-damage|p2a: Kyurem|67/100|[from] Sandstorm
|-heal|p1a: Tyranitar|15/100|[from] item: Leftovers
|upkeep
|turn|9
|
|t:|1757953965
|switch|p1a: Zapdos|Zapdos|100/100
|move|p2a: Kyurem|Earth Power|p1a: Zapdos
|-immune|p1a: Zapdos
|
|-weather|Sandstorm|[upkeep]
|-damage|p1a: Zapdos|95/100|[from] Sandstorm
|-damage|p2a: Kyurem|61/100|[from] Sandstorm
|upkeep
|turn|10
|
|t:|1757953968
|switch|p2a: Slowking|Slowking-Galar, M|100/100
|move|p1a: Zapdos|Hurricane|p2a: Slowking
|-damage|p2a: Slowking|81/100
|
|-weather|Sandstorm|[upkeep]
|-damage|p1a: Zapdos|89/100|[from] Sandstorm
|-damage|p2a: Slowking|75/100|[from] Sandstorm
|upkeep
|turn|11
|
|t:|1757953971
|move|p1a: Zapdos|Volt Switch|p2a: Slowking
|-damage|p2a: Slowking|64/100
|
|t:|1757953974
|switch|p1a: Rillaboom|Rillaboom, M|100/100|[from] Volt Switch
|-damage|p1a: Rillaboom|88/100|[from] Stealth Rock
|-fieldstart|move: Grassy Terrain|[from] ability: Grassy Surge|[of] p1a: Rillaboom
|-prepare|p2a: Slowking|Chilly Reception|[premajor]
|move|p2a: Slowking|Chilly Reception|p2a: Slowking
|-weather|Snowscape
|
|t:|1757953979
|switch|p2a: Moltres|Moltres|37/100|[from] Chilly Reception
|
|-weather|Snowscape|[upkeep]
|-heal|p1a: Rillaboom|94/100|[from] Grassy Terrain
|-sideend|p2: brutalshaman|move: Aurora Veil
|upkeep
|turn|12
|
|t:|1757953981
|move|p2a: Moltres|Roost|p2a: Moltres
|-heal|p2a: Moltres|87/100
|-singleturn|p2a: Moltres|move: Roost
|move|p1a: Rillaboom|Knock Off|p2a: Moltres
|-damage|p2a: Moltres|53/100
|-damage|p1a: Rillaboom|84/100|[from] item: Life Orb
|
|-weather|Snowscape|[upkeep]
|-heal|p2a: Moltres|60/100|[from] Grassy Terrain
|-heal|p1a: Rillaboom|91/100|[from] Grassy Terrain
|upkeep
|turn|13
|
|t:|1757953988
|switch|p1a: Tyranitar|Tyranitar, F|15/100
|-damage|p1a: Tyranitar|2/100|[from] Stealth Rock
|-weather|Sandstorm|[from] ability: Sand Stream|[of] p1a: Tyranitar
|move|p2a: Moltres|U-turn|p1a: Tyranitar
|-supereffective|p1a: Tyranitar
|-damage|p1a: Tyranitar|0 fnt
|faint|p1a: Tyranitar
|
|t:|1757953991
|switch|p2a: Ninetales|Ninetales-Alola, M|100/100|[from] U-turn
|-weather|Snowscape|[from] ability: Snow Warning|[of] p2a: Ninetales
|
|-weather|Snowscape|[upkeep]
|upkeep
|
|t:|1757953993
|switch|p1a: Primarina|Primarina, F|100/100
|-damage|p1a: Primarina|88/100|[from] Stealth Rock
|turn|14
|
|t:|1757953998
|move|p2a: Ninetales|Aurora Veil|p2a: Ninetales
|-sidestart|p2: brutalshaman|move: Aurora Veil
|move|p1a: Primarina|Sparkling Aria|p2a: Ninetales
|-damage|p2a: Ninetales|69/100
|
|-weather|Snowscape|[upkeep]
|-heal|p2a: Ninetales|75/100|[from] Grassy Terrain
|-heal|p1a: Primarina|94/100|[from] Grassy Terrain
|upkeep
|turn|15
|
|t:|1757954035
|move|p2a: Ninetales|Freeze-Dry|p1a: Primarina
|-supereffective|p1a: Primarina
|-damage|p1a: Primarina|65/100
|move|p1a: Primarina|Moonblast|p2a: Ninetales
|-crit|p2a: Ninetales
|-damage|p2a: Ninetales|0 fnt
|faint|p2a: Ninetales
|
|-weather|Snowscape|[upkeep]
|-heal|p1a: Primarina|71/100|[from] Grassy Terrain
|-fieldend|move: Grassy Terrain
|upkeep
|
|t:|1757954043
|switch|p2a: Kyurem|Kyurem|61/100
|-ability|p2a: Kyurem|Pressure
|turn|16
|
|t:|1757954046
|move|p2a: Kyurem|Freeze-Dry|p1a: Primarina
|-supereffective|p1a: Primarina
|-damage|p1a: Primarina|31/100
|move|p1a: Primarina|Moonblast|p2a: Kyurem
|-supereffective|p2a: Kyurem
|-damage|p2a: Kyurem|10/100
|
|-weather|Snowscape|[upkeep]
|upkeep
|turn|17
|
|t:|1757954054
|move|p2a: Kyurem|Freeze-Dry|p1a: Primarina
|-supereffective|p1a: Primarina
|-damage|p1a: Primarina|0 fnt
|faint|p1a: Primarina
|
|-weather|none
|upkeep
|
|t:|1757954060
|switch|p1a: Rillaboom|Rillaboom, M|91/100
|-damage|p1a: Rillaboom|78/100|[from] Stealth Rock
|-fieldstart|move: Grassy Terrain|[from] ability: Grassy Surge|[of] p1a: Rillaboom
|turn|18
|
|t:|1757954067
|switch|p2a: Moltres|Moltres|60/100
|-terastallize|p1a: Rillaboom|Grass
|move|p1a: Rillaboom|Wood Hammer|p2a: Moltres
|-resisted|p2a: Moltres
|-crit|p2a: Moltres
|-damage|p2a: Moltres|0 fnt
|faint|p2a: Moltres
|-damage|p1a: Rillaboom|60/100|[from] Recoil
|-damage|p1a: Rillaboom|50/100|[from] item: Life Orb
|
|-heal|p1a: Rillaboom|56/100|[from] Grassy Terrain
|upkeep
|
|t:|1757954070
|switch|p2a: Slowking|Slowking-Galar, M|97/100
|turn|19
|
|t:|1757954080
|move|p1a: Rillaboom|U-turn|p2a: Slowking
|-crit|p2a: Slowking
|-damage|p2a: Slowking|50/100
|-damage|p1a: Rillaboom|46/100|[from] item: Life Orb
|
|t:|1757954083
|switch|p1a: Zapdos|Zapdos|89/100|[from] U-turn
|-prepare|p2a: Slowking|Chilly Reception|[premajor]
|move|p2a: Slowking|Chilly Reception|p2a: Slowking
|-weather|Snowscape
|
|t:|1757954089
|switch|p2a: Cetitan|Cetitan, M|100/100|[from] Chilly Reception
|
|-weather|Snowscape|[upkeep]
|upkeep
|turn|20
|
|t:|1757954102
|move|p2a: Cetitan|Belly Drum|p2a: Cetitan
|-damage|p2a: Cetitan|50/100
|-setboost|p2a: Cetitan|atk|6|[from] move: Belly Drum
|-enditem|p2a: Cetitan|Sitrus Berry|[eat]
|-heal|p2a: Cetitan|75/100|[from] item: Sitrus Berry
|move|p1a: Zapdos|Heat Wave|p2a: Cetitan
|-supereffective|p2a: Cetitan
|-damage|p2a: Cetitan|42/100
|
|-weather|Snowscape|[upkeep]
|-heal|p2a: Cetitan|49/100|[from] Grassy Terrain
|upkeep
|turn|21
|
|t:|1757954109
|move|p2a: Cetitan|Ice Shard|p1a: Zapdos
|-supereffective|p1a: Zapdos
|-damage|p1a: Zapdos|0 fnt
|faint|p1a: Zapdos
|
|-weather|Snowscape|[upkeep]
|-heal|p2a: Cetitan|55/100|[from] Grassy Terrain
|-sideend|p2: brutalshaman|move: Aurora Veil
|upkeep
|
|t:|1757954112
|switch|p1a: Rillaboom|Rillaboom, M, tera:Grass|46/100
|-damage|p1a: Rillaboom|34/100|[from] Stealth Rock
|turn|22
|
|t:|1757954117
|switch|p1a: Raging Bolt|Raging Bolt|100/100
|-damage|p1a: Raging Bolt|88/100|[from] Stealth Rock
|move|p2a: Cetitan|Ice Shard|p1a: Raging Bolt
|-supereffective|p1a: Raging Bolt
|-damage|p1a: Raging Bolt|0 fnt
|faint|p1a: Raging Bolt
|-end|p1a: Raging Bolt|Protosynthesis|[silent]
|
|-weather|Snowscape|[upkeep]
|-heal|p2a: Cetitan|61/100|[from] Grassy Terrain
|-fieldend|move: Grassy Terrain
|upkeep
|
|t:|1757954119
|switch|p1a: Rillaboom|Rillaboom, M, tera:Grass|34/100
|-damage|p1a: Rillaboom|21/100|[from] Stealth Rock
|-fieldstart|move: Grassy Terrain|[from] ability: Grassy Surge|[of] p1a: Rillaboom
|turn|23
|
|t:|1757954121
|move|p2a: Cetitan|Ice Shard|p1a: Rillaboom
|-supereffective|p1a: Rillaboom
|-damage|p1a: Rillaboom|0 fnt
|faint|p1a: Rillaboom
|
|win|brutalshaman
|raw|hyperchoice's rating: 1427 &rarr; <strong>1407</strong><br />(-20 for losing)
|raw|brutalshaman's rating: 1430 &rarr; <strong>1450</strong><br />(+20 for winning)
|l|☆hyperchoice
|player|p1|
|l|☆brutalshaman
|player|p2|
