|j|☆LongDan
|j|☆I f ing love pkmn
|t:|1757795789
|gametype|singles
|player|p1|LongDan|265|1117
|player|p2|I f ing love pkmn|red|1085
|gen|9
|tier|[Gen 9] OU
|rated|
|rule|HP Percentage Mod: HP is shown in percentages
|rule|Endless Battle Clause: Forcing endless battles is banned
|rule|Species Clause: Limit one of each Pokémon
|rule|OHKO Clause: OHKO moves are banned
|rule|Evasion Items Clause: Evasion items are banned
|rule|Evasion Moves Clause: Evasion moves are banned
|rule|Evasion Abilities Clause: Evasion abilities are banned
|rule|Sleep Moves Clause: Sleep-inducing moves are banned
|clearpoke
|poke|p1|Umbreon, M|
|poke|p1|Armarouge, M|
|poke|p1|Lycanroc, F|
|poke|p1|Tyranitar, F|
|poke|p1|Dondozo, M|
|poke|p1|Corviknight, F|
|poke|p2|Zangoose, M|
|poke|p2|Cinderace, F|
|poke|p2|Glimmora, F|
|poke|p2|Bellossom, F|
|poke|p2|Grafaiai, F|
|poke|p2|Minior-Blue|
|teampreview
|inactive|Battle timer is ON: inactive players will automatically lose when time's up. (requested by I f ing love pkmn)
|
|t:|1757795823
|teamsize|p1|6
|teamsize|p2|6
|start
|switch|p1a: Mushi|Dondozo, M|100/100
|switch|p2a: Dennis|Glimmora, F, shiny|100/100
|turn|1
|
|t:|1757795835
|move|p2a: Dennis|Sludge Wave|p1a: Mushi
|-damage|p1a: Mushi|62/100
|move|p1a: Mushi|Earthquake|p2a: Dennis
|-supereffective|p2a: Dennis
|-damage|p2a: Dennis|0 fnt
|-activate|p2a: Dennis|ability: Toxic Debris
|-sidestart|p1: LongDan|move: Toxic Spikes
|faint|p2a: Dennis
|
|upkeep
|
|t:|1757795842
|switch|p2a: Flambino|Cinderace, F, shiny|100/100
|turn|2
|
|t:|1757795845
|move|p2a: Flambino|Court Change|p2a: Flambino
|-start|p2a: Flambino|typechange|Normal|[from] ability: Libero
|-swapsideconditions
|-activate|p2a: Flambino|move: Court Change
|move|p1a: Mushi|Liquidation|p2a: Flambino
|-damage|p2a: Flambino|41/100
|
|upkeep
|turn|3
|
|t:|1757795853
|switch|p2a: Shank|Zangoose, M, shiny|100/100
|-status|p2a: Shank|psn
|move|p1a: Mushi|Liquidation|p2a: Shank
|-damage|p2a: Shank|33/100 psn
|-unboost|p2a: Shank|def|1
|
|-damage|p2a: Shank|21/100 psn|[from] psn
|upkeep
|turn|4
|
|t:|1757795863
|-terastallize|p2a: Shank|Normal
|move|p2a: Shank|Facade|p1a: Mushi
|-damage|p1a: Mushi|0 fnt
|faint|p1a: Mushi
|
|-damage|p2a: Shank|9/100 psn|[from] psn
|upkeep
|
|t:|1757795870
|switch|p1a: Munin|Corviknight, F|100/100
|turn|5
|
|t:|1757795873
|move|p2a: Shank|Facade|p1a: Munin
|-resisted|p1a: Munin
|-damage|p1a: Munin|41/100
|-damage|p2a: Shank|0 fnt|[from] item: Rocky Helmet|[of] p1a: Munin
|faint|p2a: Shank
|move|p1a: Munin|Roost|p1a: Munin
|-heal|p1a: Munin|91/100
|-singleturn|p1a: Munin|move: Roost
|
|upkeep
|
|t:|1757795877
|switch|p2a: Flambino|Cinderace, F, shiny|41/100
|-status|p2a: Flambino|psn
|turn|6
|
|t:|1757795893
|switch|p1a: Andalucía|Armarouge, M, shiny|100/100
|move|p2a: Flambino|Court Change|p2a: Flambino
|-start|p2a: Flambino|typechange|Normal|[from] ability: Libero
|-swapsideconditions
|-activate|p2a: Flambino|move: Court Change
|
|-damage|p2a: Flambino|28/100 psn|[from] psn
|upkeep
|turn|7
|
|t:|1757795899
|move|p2a: Flambino|Sucker Punch|p1a: Andalucía
|-supereffective|p1a: Andalucía
|-damage|p1a: Andalucía|55/100
|move|p1a: Andalucía|Psychic|p2a: Flambino
|-damage|p2a: Flambino|0 fnt
|faint|p2a: Flambino
|
|upkeep
|
|t:|1757795907
|switch|p2a: CometMe|Minior-Blue, shiny|100/100
|-formechange|p2a: CometMe|Minior-Meteor||[from] ability: Shields Down
|turn|8
|
|t:|1757795912
|move|p2a: CometMe|Shell Smash|p2a: CometMe
|-unboost|p2a: CometMe|def|1
|-unboost|p2a: CometMe|spd|1
|-boost|p2a: CometMe|atk|2
|-boost|p2a: CometMe|spa|2
|-boost|p2a: CometMe|spe|2
|move|p1a: Andalucía|Meteor Beam||[still]
|-prepare|p1a: Andalucía|Meteor Beam
|-boost|p1a: Andalucía|spa|1
|
|upkeep
|turn|9
|
|t:|1757795928
|move|p2a: CometMe|Earthquake|p1a: Andalucía
|-supereffective|p1a: Andalucía
|-damage|p1a: Andalucía|0 fnt
|faint|p1a: Andalucía
|
|upkeep
|
|t:|1757795934
|switch|p1a: Munin|Corviknight, F|91/100
|turn|10
|
|t:|1757795938
|move|p2a: CometMe|Stone Edge|p1a: Munin|[miss]
|-miss|p2a: CometMe|p1a: Munin
|move|p1a: Munin|Defog|p2a: CometMe
|-unboost|p2a: CometMe|evasion|1
|-sideend|p1: LongDan|Toxic Spikes|[from] move: Defog|[of] p1a: Munin
|
|upkeep
|turn|11
|
|t:|1757795944
|move|p2a: CometMe|Stone Edge|p1a: Munin
|-damage|p1a: Munin|37/100
|move|p1a: Munin|U-turn|p2a: CometMe
|-resisted|p2a: CometMe
|-damage|p2a: CometMe|82/100
|
|t:|1757795950
|switch|p1a: Doggy|Umbreon, M, shiny|100/100|[from] U-turn
|
|upkeep
|turn|12
|
|t:|1757795954
|move|p2a: CometMe|Earthquake|p1a: Doggy
|-damage|p1a: Doggy|68/100
|move|p1a: Doggy|Foul Play|p2a: CometMe
|-damage|p2a: CometMe|0 fnt
|faint|p2a: CometMe
|
|-heal|p1a: Doggy|74/100|[from] item: Leftovers
|upkeep
|
|t:|1757795956
|switch|p2a: Lil Goop|Grafaiai, F, shiny|100/100
|turn|13
|
|t:|1757795960
|move|p1a: Doggy|Protect|p1a: Doggy
|-singleturn|p1a: Doggy|Protect
|move|p2a: Lil Goop|Sunny Day|p2a: Lil Goop
|-weather|SunnyDay
|
|-weather|SunnyDay|[upkeep]
|-heal|p1a: Doggy|80/100|[from] item: Leftovers
|upkeep
|turn|14
|
|t:|1757795967
|move|p2a: Lil Goop|Encore|p1a: Doggy
|-hint|Since gen 7, Dark is immune to Prankster moves.
|-immune|p1a: Doggy
|move|p1a: Doggy|Snarl|p2a: Lil Goop
|-damage|p2a: Lil Goop|89/100
|-unboost|p2a: Lil Goop|spa|1
|
|-weather|SunnyDay|[upkeep]
|-heal|p1a: Doggy|86/100|[from] item: Leftovers
|upkeep
|turn|15
|
|t:|1757795977
|move|p2a: Lil Goop|Parting Shot|p1a: Doggy
|-hint|Since gen 7, Dark is immune to Prankster moves.
|-immune|p1a: Doggy
|move|p1a: Doggy|Snarl|p2a: Lil Goop
|-damage|p2a: Lil Goop|77/100
|-unboost|p2a: Lil Goop|spa|1
|
|-weather|SunnyDay|[upkeep]
|-heal|p1a: Doggy|92/100|[from] item: Leftovers
|upkeep
|turn|16
|
|t:|1757795982
|switch|p2a: Bellawesome|Bellossom, F, shiny|100/100
|move|p1a: Doggy|Snarl|p2a: Bellawesome
|-damage|p2a: Bellawesome|85/100
|-unboost|p2a: Bellawesome|spa|1
|
|-weather|SunnyDay|[upkeep]
|-heal|p1a: Doggy|98/100|[from] item: Leftovers
|upkeep
|turn|17
|
|t:|1757795987
|move|p2a: Bellawesome|Quiver Dance|p2a: Bellawesome
|-boost|p2a: Bellawesome|spa|1
|-boost|p2a: Bellawesome|spd|1
|-boost|p2a: Bellawesome|spe|1
|move|p1a: Doggy|Toxic|p2a: Bellawesome
|-status|p2a: Bellawesome|tox
|
|-weather|SunnyDay|[upkeep]
|-heal|p1a: Doggy|100/100|[from] item: Leftovers
|-damage|p2a: Bellawesome|79/100 tox|[from] psn
|upkeep
|turn|18
|
|t:|1757795990
|move|p2a: Bellawesome|Quiver Dance|p2a: Bellawesome
|-boost|p2a: Bellawesome|spa|1
|-boost|p2a: Bellawesome|spd|1
|-boost|p2a: Bellawesome|spe|1
|move|p1a: Doggy|Snarl|p2a: Bellawesome
|-damage|p2a: Bellawesome|71/100 tox
|-unboost|p2a: Bellawesome|spa|1
|
|-weather|SunnyDay|[upkeep]
|-damage|p2a: Bellawesome|59/100 tox|[from] psn
|upkeep
|turn|19
|
|t:|1757795996
|move|p2a: Bellawesome|Quiver Dance|p2a: Bellawesome
|-boost|p2a: Bellawesome|spa|1
|-boost|p2a: Bellawesome|spd|1
|-boost|p2a: Bellawesome|spe|1
|move|p1a: Doggy|Snarl|p2a: Bellawesome|[miss]
|-miss|p1a: Doggy|p2a: Bellawesome
|
|-weather|SunnyDay|[upkeep]
|-damage|p2a: Bellawesome|40/100 tox|[from] psn
|upkeep
|turn|20
|
|t:|1757796003
|move|p2a: Bellawesome|Solar Beam||[still]
|-prepare|p2a: Bellawesome|Solar Beam
|-anim|p2a: Bellawesome|Solar Beam|p1a: Doggy
|-damage|p1a: Doggy|42/100
|-damage|p2a: Bellawesome|30/100 tox|[from] item: Life Orb
|move|p1a: Doggy|Snarl|p2a: Bellawesome
|-damage|p2a: Bellawesome|24/100 tox
|-unboost|p2a: Bellawesome|spa|1
|
|-weather|none
|-heal|p1a: Doggy|48/100|[from] item: Leftovers
|-damage|p2a: Bellawesome|0 fnt|[from] psn
|faint|p2a: Bellawesome
|upkeep
|
|t:|1757796007
|switch|p2a: Lil Goop|Grafaiai, F, shiny|77/100
|turn|21
|
|t:|1757796014
|move|p2a: Lil Goop|Copycat|p2a: Lil Goop
|move|p2a: Lil Goop|Snarl|p1a: Doggy|[from] move: Copycat
|-hint|Since gen 7, Dark is immune to Prankster moves.
|-immune|p1a: Doggy
|move|p1a: Doggy|Snarl|p2a: Lil Goop
|-damage|p2a: Lil Goop|66/100
|-unboost|p2a: Lil Goop|spa|1
|
|-heal|p1a: Doggy|54/100|[from] item: Leftovers
|upkeep
|turn|22
|
|t:|1757796024
|move|p2a: Lil Goop|Copycat|p2a: Lil Goop
|move|p2a: Lil Goop|Snarl|p1a: Doggy|[from] move: Copycat
|-hint|Since gen 7, Dark is immune to Prankster moves.
|-immune|p1a: Doggy
|move|p1a: Doggy|Snarl|p2a: Lil Goop
|-damage|p2a: Lil Goop|54/100
|-unboost|p2a: Lil Goop|spa|1
|
|-heal|p1a: Doggy|60/100|[from] item: Leftovers
|upkeep
|turn|23
|-message|I f ing love pkmn forfeited.
|
|win|LongDan
|raw|LongDan's rating: 1117 &rarr; <strong>1140</strong><br />(+23 for winning)
|raw|I f ing love pkmn's rating: 1085 &rarr; <strong>1064</strong><br />(-21 for losing)
|l|☆I f ing love pkmn
|player|p2|
|l|☆LongDan
|player|p1|
