|j|☆wssi
|j|‽oehtwashere
|t:|1757956020
|gametype|singles
|player|p1|wssi|101|1646
|player|p2|oehtwashere|supernerd|1699
|gen|9
|tier|[Gen 9] OU
|rated|
|rule|HP Percentage Mod: HP is shown in percentages
|rule|Endless Battle Clause: Forcing endless battles is banned
|rule|Species Clause: Limit one of each Pokémon
|rule|OHKO Clause: OHKO moves are banned
|rule|Evasion Items Clause: Evasion items are banned
|rule|Evasion Moves Clause: Evasion moves are banned
|rule|Evasion Abilities Clause: Evasion abilities are banned
|rule|Sleep Moves Clause: Sleep-inducing moves are banned
|clearpoke
|poke|p1|Kyurem|
|poke|p1|Garganacl, M|
|poke|p1|Landorus-Therian, M|
|poke|p1|Gholdengo|
|poke|p1|Zamazenta-*|
|poke|p1|Weezing-Galar, M|
|poke|p2|Raikou|
|poke|p2|Scizor, F|
|poke|p2|Clefable, F|
|poke|p2|Zamazenta-*|
|poke|p2|Sinistcha|
|poke|p2|Ting-Lu|
|teampreview
|inactive|Battle timer is ON: inactive players will automatically lose when time's up. (requested by oehtwashere)
|
|t:|1757956050
|teamsize|p1|6
|teamsize|p2|6
|start
|switch|p1a: Enten|Landorus-Therian, M, shiny|100/100
|switch|p2a: Clefable|Clefable, F|100/100
|-ability|p1a: Enten|Intimidate|boost
|-unboost|p2a: Clefable|atk|1
|turn|1
|
|t:|1757956055
|move|p1a: Enten|U-turn|p2a: Clefable
|-resisted|p2a: Clefable
|-damage|p2a: Clefable|90/100
|
|t:|1757956057
|switch|p1a: Spirit Rush|Gholdengo, shiny|100/100|[from] U-turn
|move|p2a: Clefable|Stealth Rock|p1a: Spirit Rush
|-sidestart|p1: wssi|move: Stealth Rock
|
|-heal|p2a: Clefable|96/100|[from] item: Leftovers
|upkeep
|turn|2
|
|t:|1757956067
|switch|p2a: Ting-Lu|Ting-Lu|100/100
|-ability|p2a: Ting-Lu|Vessel of Ruin
|move|p1a: Spirit Rush|Make It Rain|p2a: Ting-Lu
|-crit|p2a: Ting-Lu
|-damage|p2a: Ting-Lu|48/100
|-unboost|p1a: Spirit Rush|spa|1
|
|-heal|p2a: Ting-Lu|54/100|[from] item: Leftovers
|upkeep
|turn|3
|inactive|wssi has 120 seconds left.
|
|t:|1757956106
|switch|p1a: Enten|Landorus-Therian, M, shiny|100/100
|-damage|p1a: Enten|88/100|[from] Stealth Rock
|-ability|p1a: Enten|Intimidate|boost
|-unboost|p2a: Ting-Lu|atk|1
|move|p2a: Ting-Lu|Ruination|p1a: Enten
|-damage|p1a: Enten|44/100
|
|-heal|p2a: Ting-Lu|60/100|[from] item: Leftovers
|upkeep
|turn|4
|
|t:|1757956116
|switch|p2a: Clefable|Clefable, F|96/100
|move|p1a: Enten|Earthquake|p2a: Clefable
|-damage|p2a: Clefable|55/100
|
|-heal|p2a: Clefable|61/100|[from] item: Leftovers
|upkeep
|turn|5
|
|t:|1757956125
|move|p1a: Enten|Earthquake|p2a: Clefable
|-damage|p2a: Clefable|18/100
|move|p2a: Clefable|Wish|p2a: Clefable
|
|-heal|p2a: Clefable|24/100|[from] item: Leftovers
|upkeep
|turn|6
|
|t:|1757956128
|switch|p1a: Spirit Rush|Gholdengo, shiny|100/100
|-damage|p1a: Spirit Rush|94/100|[from] Stealth Rock
|move|p2a: Clefable|Protect||[still]
|-fail|p2a: Clefable
|
|-heal|p2a: Clefable|74/100|[from] move: Wish|[wisher] Clefable
|-heal|p2a: Clefable|80/100|[from] item: Leftovers
|upkeep
|turn|7
|
|t:|1757956131
|switch|p2a: Ting-Lu|Ting-Lu|60/100
|-ability|p2a: Ting-Lu|Vessel of Ruin
|move|p1a: Spirit Rush|Nasty Plot|p1a: Spirit Rush
|-boost|p1a: Spirit Rush|spa|2
|
|-heal|p2a: Ting-Lu|66/100|[from] item: Leftovers
|upkeep
|turn|8
|
|t:|1757956135
|move|p1a: Spirit Rush|Make It Rain|p2a: Ting-Lu
|-damage|p2a: Ting-Lu|3/100
|-unboost|p1a: Spirit Rush|spa|1
|move|p2a: Ting-Lu|Earthquake|p1a: Spirit Rush
|-supereffective|p1a: Spirit Rush
|-damage|p1a: Spirit Rush|12/100
|
|-heal|p2a: Ting-Lu|9/100|[from] item: Leftovers
|upkeep
|turn|9
|
|t:|1757956143
|move|p1a: Spirit Rush|Shadow Ball|p2a: Ting-Lu
|-resisted|p2a: Ting-Lu
|-damage|p2a: Ting-Lu|0 fnt
|faint|p2a: Ting-Lu
|
|upkeep
|
|t:|1757956146
|switch|p2a: Raikou|Raikou|100/100
|-ability|p2a: Raikou|Pressure
|turn|10
|
|t:|1757956151
|move|p2a: Raikou|Scald|p1a: Spirit Rush
|-damage|p1a: Spirit Rush|0 fnt
|faint|p1a: Spirit Rush
|
|upkeep
|
|t:|1757956155
|switch|p1a: Enten|Landorus-Therian, M, shiny|44/100
|-damage|p1a: Enten|32/100|[from] Stealth Rock
|-ability|p1a: Enten|Intimidate|boost
|-unboost|p2a: Raikou|atk|1
|turn|11
|
|t:|1757956157
|switch|p2a: Sinistcha|Sinistcha|100/100
|move|p1a: Enten|Earthquake|p2a: Sinistcha
|-resisted|p2a: Sinistcha
|-damage|p2a: Sinistcha|81/100
|
|upkeep
|turn|12
|
|t:|1757956161
|switch|p1a: Kyotaro|Kyurem, shiny|100/100
|-damage|p1a: Kyotaro|76/100|[from] Stealth Rock
|-ability|p1a: Kyotaro|Pressure
|move|p2a: Sinistcha|Shadow Ball|p1a: Kyotaro
|-damage|p1a: Kyotaro|46/100
|
|-heal|p1a: Kyotaro|52/100|[from] item: Leftovers
|upkeep
|turn|13
|
|t:|1757956165
|switch|p2a: Scizor|Scizor, F|100/100
|move|p1a: Kyotaro|Freeze-Dry|p2a: Scizor
|-resisted|p2a: Scizor
|-damage|p2a: Scizor|76/100
|
|-heal|p1a: Kyotaro|58/100|[from] item: Leftovers
|upkeep
|turn|14
|
|t:|1757956173
|switch|p1a: Enten|Landorus-Therian, M, shiny|32/100
|-damage|p1a: Enten|20/100|[from] Stealth Rock
|-ability|p1a: Enten|Intimidate|boost
|-unboost|p2a: Scizor|atk|1
|move|p2a: Scizor|Knock Off|p1a: Enten
|-damage|p1a: Enten|0 fnt
|-enditem|p1a: Enten|Choice Scarf|[from] move: Knock Off|[of] p2a: Scizor
|faint|p1a: Enten
|
|upkeep
|j| Le Bouquetin
|
|t:|1757956178
|switch|p1a: Sentinel|Weezing-Galar, M, shiny|100/100
|-ability|p1a: Sentinel|Neutralizing Gas
|turn|15
|
|t:|1757956190
|switch|p2a: Raikou|Raikou|100/100
|move|p1a: Sentinel|Defog|p2a: Raikou
|-unboost|p2a: Raikou|evasion|1
|-sideend|p1: wssi|Stealth Rock|[from] move: Defog|[of] p1a: Sentinel
|
|upkeep
|turn|16
|
|t:|1757956195
|-end|p1a: Sentinel|ability: Neutralizing Gas
|-ability|p2a: Raikou|Pressure
|switch|p1a: Kyotaro|Kyurem, shiny|58/100
|-ability|p1a: Kyotaro|Pressure
|move|p2a: Raikou|Scald|p1a: Kyotaro
|-resisted|p1a: Kyotaro
|-damage|p1a: Kyotaro|46/100
|
|-heal|p1a: Kyotaro|52/100|[from] item: Leftovers
|upkeep
|turn|17
|
|t:|1757956200
|move|p2a: Raikou|Aura Sphere|p1a: Kyotaro
|-supereffective|p1a: Kyotaro
|-damage|p1a: Kyotaro|5/100
|move|p1a: Kyotaro|Substitute|p1a: Kyotaro
|-fail|p1a: Kyotaro|move: Substitute|[weak]
|
|-heal|p1a: Kyotaro|11/100|[from] item: Leftovers
|upkeep
|turn|18
|
|t:|1757956206
|switch|p1a: Temple|Garganacl, M, shiny|100/100
|move|p2a: Raikou|Scald|p1a: Temple
|-supereffective|p1a: Temple
|-damage|p1a: Temple|66/100
|
|-heal|p1a: Temple|72/100|[from] item: Leftovers
|upkeep
|turn|19
|
|t:|1757956212
|move|p1a: Temple|Protect|p1a: Temple
|-singleturn|p1a: Temple|Protect
|move|p2a: Raikou|Volt Switch|p1a: Temple
|-activate|p1a: Temple|move: Protect
|
|-heal|p1a: Temple|79/100|[from] item: Leftovers
|upkeep
|turn|20
|
|t:|1757956215
|move|p2a: Raikou|Volt Switch|p1a: Temple
|-damage|p1a: Temple|56/100
|
|t:|1757956218
|switch|p2a: Clefable|Clefable, F|80/100|[from] Volt Switch
|move|p1a: Temple|Salt Cure|p2a: Clefable
|-crit|p2a: Clefable
|-damage|p2a: Clefable|64/100
|-start|p2a: Clefable|Salt Cure
|
|-heal|p2a: Clefable|70/100|[from] item: Leftovers
|-heal|p1a: Temple|62/100|[from] item: Leftovers
|upkeep
|turn|21
|
|t:|1757956221
|move|p2a: Clefable|Stealth Rock|p1a: Temple
|-sidestart|p1: wssi|move: Stealth Rock
|move|p1a: Temple|Stealth Rock|p2a: Clefable
|-sidestart|p2: oehtwashere|move: Stealth Rock
|
|-heal|p2a: Clefable|76/100|[from] item: Leftovers
|-heal|p1a: Temple|68/100|[from] item: Leftovers
|upkeep
|turn|22
|
|t:|1757956225
|move|p2a: Clefable|Wish|p2a: Clefable
|move|p1a: Temple|Recover|p1a: Temple
|-heal|p1a: Temple|100/100
|
|-heal|p2a: Clefable|82/100|[from] item: Leftovers
|upkeep
|turn|23
|
|t:|1757956241
|switch|p1a: Sentinel|Weezing-Galar, M, shiny|100/100
|-ability|p1a: Sentinel|Neutralizing Gas
|move|p2a: Clefable|Moonblast|p1a: Sentinel
|-resisted|p1a: Sentinel
|-damage|p1a: Sentinel|78/100
|
|-heal|p2a: Clefable|100/100|[from] move: Wish|[wisher] Clefable
|-damage|p2a: Clefable|88/100|[from] Salt Cure
|upkeep
|turn|24
|
|t:|1757956251
|switch|p2a: Raikou|Raikou|100/100
|move|p1a: Sentinel|Will-O-Wisp|p2a: Raikou
|-status|p2a: Raikou|brn
|
|-damage|p2a: Raikou|94/100 brn|[from] brn
|upkeep
|turn|25
|
|t:|1757956258
|-end|p1a: Sentinel|ability: Neutralizing Gas
|-ability|p2a: Raikou|Pressure
|switch|p1a: Temple|Garganacl, M, shiny|100/100
|-damage|p1a: Temple|88/100|[from] Stealth Rock
|move|p2a: Raikou|Volt Switch|p1a: Temple
|-damage|p1a: Temple|65/100
|
|t:|1757956260
|switch|p2a: Scizor|Scizor, F|76/100|[from] Volt Switch
|
|-heal|p1a: Temple|71/100|[from] item: Leftovers
|upkeep
|turn|26
|
|t:|1757956264
|move|p2a: Scizor|Knock Off|p1a: Temple
|-damage|p1a: Temple|49/100
|-enditem|p1a: Temple|Leftovers|[from] move: Knock Off|[of] p2a: Scizor
|move|p1a: Temple|Salt Cure|p2a: Scizor
|-damage|p2a: Scizor|62/100
|-start|p2a: Scizor|Salt Cure
|
|-damage|p2a: Scizor|37/100|[from] Salt Cure
|upkeep
|turn|27
|
|t:|1757956267
|move|p2a: Scizor|Close Combat|p1a: Temple
|-supereffective|p1a: Temple
|-damage|p1a: Temple|0 fnt
|-unboost|p2a: Scizor|def|1
|-unboost|p2a: Scizor|spd|1
|faint|p1a: Temple
|
|-damage|p2a: Scizor|12/100|[from] Salt Cure
|upkeep
|
|t:|1757956271
|switch|p1a: Trojan|Zamazenta, shiny|100/100
|-damage|p1a: Trojan|94/100|[from] Stealth Rock
|-ability|p1a: Trojan|Dauntless Shield|boost
|-boost|p1a: Trojan|def|1
|turn|28
|
|t:|1757956274
|switch|p2a: Sinistcha|Sinistcha|81/100
|move|p1a: Trojan|Iron Defense|p1a: Trojan
|-boost|p1a: Trojan|def|2
|
|-heal|p1a: Trojan|100/100|[from] item: Leftovers
|upkeep
|turn|29
|
|t:|1757956278
|-terastallize|p1a: Trojan|Dark
|move|p1a: Trojan|Crunch|p2a: Sinistcha
|-supereffective|p2a: Sinistcha
|-damage|p2a: Sinistcha|34/100
|move|p2a: Sinistcha|Strength Sap|p1a: Trojan
|-unboost|p1a: Trojan|atk|1
|-heal|p2a: Sinistcha|100/100
|
|upkeep
|turn|30
|
|t:|1757956283
|switch|p1a: Sentinel|Weezing-Galar, M, shiny|78/100
|-ability|p1a: Sentinel|Neutralizing Gas
|move|p2a: Sinistcha|Calm Mind|p2a: Sinistcha
|-boost|p2a: Sinistcha|spa|1
|-boost|p2a: Sinistcha|spd|1
|
|upkeep
|turn|31
|
|t:|1757956287
|move|p2a: Sinistcha|Calm Mind|p2a: Sinistcha
|-boost|p2a: Sinistcha|spa|1
|-boost|p2a: Sinistcha|spd|1
|move|p1a: Sentinel|Sludge Bomb|p2a: Sinistcha
|-damage|p2a: Sinistcha|83/100
|-status|p2a: Sinistcha|psn
|
|-damage|p2a: Sinistcha|71/100 psn|[from] psn
|upkeep
|turn|32
|
|t:|1757956292
|move|p2a: Sinistcha|Shadow Ball|p1a: Sentinel
|-damage|p1a: Sentinel|0 fnt
|faint|p1a: Sentinel
|-end|p1a: Sentinel|ability: Neutralizing Gas
|
|-damage|p2a: Sinistcha|58/100 psn|[from] psn
|upkeep
|j| wgw2333
|
|t:|1757956296
|switch|p1a: Trojan|Zamazenta, shiny, tera:Dark|100/100
|-damage|p1a: Trojan|88/100|[from] Stealth Rock
|turn|33
|
|t:|1757956303
|-terastallize|p2a: Sinistcha|Poison
|move|p1a: Trojan|Crunch|p2a: Sinistcha
|-damage|p2a: Sinistcha|36/100 psn
|move|p2a: Sinistcha|Strength Sap|p1a: Trojan
|-unboost|p1a: Trojan|atk|1
|-heal|p2a: Sinistcha|100/100 psn
|
|-heal|p1a: Trojan|94/100|[from] item: Leftovers
|-damage|p2a: Sinistcha|88/100 psn|[from] psn
|upkeep
|turn|34
|-message|wssi forfeited.
|
|win|oehtwashere
|raw|wssi's rating: 1646 &rarr; <strong>1629</strong><br />(-17 for losing)
|raw|oehtwashere's rating: 1699 &rarr; <strong>1716</strong><br />(+17 for winning)
|l|☆wssi
|player|p1|
