|j|☆axoubibou
|j|☆AP Society
|t:|1757917457
|gametype|singles
|player|p1|axoubibou|bellelba|1342
|player|p2|AP Society|sage|1399
|gen|9
|tier|[Gen 9] OU
|rated|
|rule|HP Percentage Mod: HP is shown in percentages
|rule|Endless Battle Clause: Forcing endless battles is banned
|rule|Species Clause: Limit one of each Pokémon
|rule|OHKO Clause: OHKO moves are banned
|rule|Evasion Items Clause: Evasion items are banned
|rule|Evasion Moves Clause: Evasion moves are banned
|rule|Evasion Abilities Clause: Evasion abilities are banned
|rule|Sleep Moves Clause: Sleep-inducing moves are banned
|clearpoke
|poke|p1|Clodsire, F|
|poke|p1|Dondozo, F|
|poke|p1|Gliscor, F|
|poke|p1|Alomomola, L99, F|
|poke|p1|Corviknight, M|
|poke|p1|Azumarill, F|
|poke|p2|Rotom-Wash|
|poke|p2|Amoonguss, M|
|poke|p2|Heatran, F|
|poke|p2|Dragapult, F|
|poke|p2|Kingambit, M|
|poke|p2|Gliscor, F|
|teampreview
|inactive|Battle timer is ON: inactive players will automatically lose when time's up. (requested by axoubibou)
|
|t:|1757917468
|teamsize|p1|6
|teamsize|p2|6
|start
|switch|p1a: Cancer|Gliscor, F|100/100
|switch|p2a: Rotom|Rotom-Wash|100/100
|turn|1
|
|t:|1757917473
|move|p1a: Cancer|Protect|p1a: Cancer
|-singleturn|p1a: Cancer|Protect
|move|p2a: Rotom|Will-O-Wisp|p1a: Cancer
|-activate|p1a: Cancer|move: Protect
|
|-status|p1a: Cancer|tox|[from] item: Toxic Orb
|upkeep
|turn|2
|
|t:|1757917476
|move|p1a: Cancer|Toxic|p2a: Rotom
|-status|p2a: Rotom|tox
|move|p2a: Rotom|Hydro Pump|p1a: Cancer
|-supereffective|p1a: Cancer
|-damage|p1a: Cancer|0 fnt
|faint|p1a: Cancer
|
|-damage|p2a: Rotom|94/100 tox|[from] psn
|upkeep
|c|☆AP Society|the fuck?
|
|t:|1757917486
|switch|p1a: Bebou|Clodsire, F|100/100
|turn|3
|
|t:|1757917490
|move|p2a: Rotom|Will-O-Wisp|p1a: Bebou
|-status|p1a: Bebou|brn
|move|p1a: Bebou|Amnesia|p1a: Bebou
|-boost|p1a: Bebou|spd|2
|
|-heal|p2a: Rotom|100/100 tox|[from] item: Leftovers
|-damage|p2a: Rotom|88/100 tox|[from] psn
|-damage|p1a: Bebou|94/100 brn|[from] brn
|upkeep
|turn|4
|
|t:|1757917506
|switch|p2a: Gliscor|Gliscor, F|100/100
|move|p1a: Bebou|Amnesia|p1a: Bebou
|-boost|p1a: Bebou|spd|2
|
|-damage|p1a: Bebou|88/100 brn|[from] brn
|-status|p2a: Gliscor|tox|[from] item: Toxic Orb
|upkeep
|turn|5
|
|t:|1757917510
|switch|p1a: Fat fish|Dondozo, F|100/100
|move|p2a: Gliscor|Knock Off|p1a: Fat fish
|-damage|p1a: Fat fish|91/100
|-enditem|p1a: Fat fish|Heavy-Duty Boots|[from] move: Knock Off|[of] p2a: Gliscor
|
|upkeep
|turn|6
|
|t:|1757917517
|move|p2a: Gliscor|Spikes|p1a: Fat fish
|-sidestart|p1: axoubibou|Spikes
|move|p1a: Fat fish|Avalanche|p2a: Gliscor
|-supereffective|p2a: Gliscor
|-damage|p2a: Gliscor|57/100 tox
|
|-heal|p2a: Gliscor|70/100 tox|[from] ability: Poison Heal
|upkeep
|turn|7
|
|t:|1757917527
|move|p2a: Gliscor|U-turn|p1a: Fat fish
|-damage|p1a: Fat fish|84/100
|
|t:|1757917529
|switch|p2a: Amoonguss|Amoonguss, M|100/100|[from] U-turn
|move|p1a: Fat fish|Avalanche|p2a: Amoonguss
|-supereffective|p2a: Amoonguss
|-damage|p2a: Amoonguss|76/100
|-damage|p1a: Fat fish|67/100|[from] item: Rocky Helmet|[of] p2a: Amoonguss
|
|upkeep
|turn|8
|
|t:|1757917540
|switch|p2a: Heatran|Heatran, F|100/100
|switch|p1a: Slurp|Corviknight, M, shiny|100/100
|-ability|p1a: Slurp|Pressure
|
|upkeep
|turn|9
|
|t:|1757917544
|move|p1a: Slurp|Protect|p1a: Slurp
|-singleturn|p1a: Slurp|Protect
|move|p2a: Heatran|Magma Storm|p1a: Slurp
|-activate|p1a: Slurp|move: Protect
|
|upkeep
|turn|10
|
|t:|1757917557
|switch|p1a: Golden shower|Azumarill, F, shiny|100/100
|move|p2a: Heatran|Stealth Rock|p1a: Golden shower
|-sidestart|p1: axoubibou|move: Stealth Rock
|
|upkeep
|turn|11
|
|t:|1757917572
|switch|p2a: Rotom|Rotom-Wash|88/100 tox
|move|p1a: Golden shower|Whirlpool|p2a: Rotom|[miss]
|-miss|p1a: Golden shower|p2a: Rotom
|
|-heal|p2a: Rotom|94/100 tox|[from] item: Leftovers
|-damage|p2a: Rotom|88/100 tox|[from] psn
|upkeep
|turn|12
|
|t:|1757917578
|switch|p1a: Bebou|Clodsire, F|88/100 brn
|move|p2a: Rotom|Volt Switch|p1a: Bebou
|-immune|p1a: Bebou
|
|-heal|p2a: Rotom|94/100 tox|[from] item: Leftovers
|-damage|p2a: Rotom|82/100 tox|[from] psn
|-damage|p1a: Bebou|82/100 brn|[from] brn
|upkeep
|turn|13
|
|t:|1757917585
|switch|p2a: Gliscor|Gliscor, F|70/100 tox
|move|p1a: Bebou|Recover|p1a: Bebou
|-heal|p1a: Bebou|100/100 brn
|
|-heal|p2a: Gliscor|82/100 tox|[from] ability: Poison Heal
|-damage|p1a: Bebou|94/100 brn|[from] brn
|upkeep
|turn|14
|
|t:|1757917594
|switch|p1a: Kant|Alomomola, L99, F, shiny|100/100
|move|p2a: Gliscor|U-turn|p1a: Kant
|-damage|p1a: Kant|89/100
|
|t:|1757917612
|switch|p2a: Dragapult|Dragapult, F|100/100|[from] U-turn
|
|upkeep
|turn|15
|
|t:|1757917615
|move|p2a: Dragapult|Will-O-Wisp|p1a: Kant|[miss]
|-miss|p2a: Dragapult|p1a: Kant
|move|p1a: Kant|Flip Turn|p2a: Dragapult
|-resisted|p2a: Dragapult
|-damage|p2a: Dragapult|89/100
|
|t:|1757917621
|switch|p1a: Golden shower|Azumarill, F, shiny|100/100|[from] Flip Turn
|
|upkeep
|turn|16
|
|t:|1757917627
|move|p2a: Dragapult|Will-O-Wisp|p1a: Golden shower|[miss]
|-miss|p2a: Dragapult|p1a: Golden shower
|move|p1a: Golden shower|Whirlpool|p2a: Dragapult
|-resisted|p2a: Dragapult
|-damage|p2a: Dragapult|83/100
|-activate|p2a: Dragapult|move: Whirlpool|[of] p1a: Golden shower
|
|-damage|p2a: Dragapult|71/100|[from] move: Whirlpool|[partiallytrapped]
|upkeep
|turn|17
|
|t:|1757917640
|move|p2a: Dragapult|Will-O-Wisp|p1a: Golden shower
|-status|p1a: Golden shower|brn
|move|p1a: Golden shower|Alluring Voice|p2a: Dragapult
|-supereffective|p2a: Dragapult
|-damage|p2a: Dragapult|21/100
|
|-damage|p1a: Golden shower|94/100 brn|[from] brn
|-damage|p2a: Dragapult|9/100|[from] move: Whirlpool|[partiallytrapped]
|upkeep
|turn|18
|
|t:|1757917649
|move|p2a: Dragapult|U-turn|p1a: Golden shower
|-resisted|p1a: Golden shower
|-damage|p1a: Golden shower|88/100 brn
|
|t:|1757917651
|switch|p2a: Gliscor|Gliscor, F|82/100 tox|[from] U-turn
|move|p1a: Golden shower|Alluring Voice|p2a: Gliscor
|-damage|p2a: Gliscor|58/100 tox
|
|-heal|p2a: Gliscor|71/100 tox|[from] ability: Poison Heal
|-damage|p1a: Golden shower|81/100 brn|[from] brn
|upkeep
|turn|19
|
|t:|1757917657
|move|p2a: Gliscor|U-turn|p1a: Golden shower
|-resisted|p1a: Golden shower
|-damage|p1a: Golden shower|76/100 brn
|
|t:|1757917660
|switch|p2a: Amoonguss|Amoonguss, M|100/100|[from] U-turn
|move|p1a: Golden shower|Whirlpool|p2a: Amoonguss|[miss]
|-miss|p1a: Golden shower|p2a: Amoonguss
|
|-damage|p1a: Golden shower|70/100 brn|[from] brn
|upkeep
|turn|20
|
|t:|1757917670
|switch|p1a: Slurp|Corviknight, M, shiny|100/100
|-damage|p1a: Slurp|88/100|[from] Stealth Rock
|-ability|p1a: Slurp|Pressure
|switch|p2a: Heatran|Heatran, F|100/100
|
|-heal|p1a: Slurp|94/100|[from] item: Leftovers
|upkeep
|turn|21
|
|t:|1757917673
|move|p1a: Slurp|Protect|p1a: Slurp
|-singleturn|p1a: Slurp|Protect
|move|p2a: Heatran|Magma Storm|p1a: Slurp
|-activate|p1a: Slurp|move: Protect
|
|-heal|p1a: Slurp|99/100|[from] item: Leftovers
|upkeep
|turn|22
|
|t:|1757917680
|move|p1a: Slurp|Spite|p2a: Heatran
|-activate|p2a: Heatran|move: Spite|Magma Storm|4
|cant|p2a: Heatran|nopp|Magma Storm
|
|-heal|p1a: Slurp|100/100|[from] item: Leftovers
|upkeep
|turn|23
|
|t:|1757917686
|move|p1a: Slurp|Substitute|p1a: Slurp
|-start|p1a: Slurp|Substitute
|-damage|p1a: Slurp|76/100
|move|p2a: Heatran|Taunt|p1a: Slurp
|-start|p1a: Slurp|move: Taunt
|
|-heal|p1a: Slurp|82/100|[from] item: Leftovers
|upkeep
|turn|24
|
|t:|1757917697
|switch|p1a: Kant|Alomomola, L99, F, shiny|100/100
|switch|p2a: Rotom|Rotom-Wash|82/100 tox
|
|-heal|p2a: Rotom|88/100 tox|[from] item: Leftovers
|-damage|p2a: Rotom|82/100 tox|[from] psn
|upkeep
|turn|25
|
|t:|1757917704
|switch|p2a: Gliscor|Gliscor, F|71/100 tox
|move|p1a: Kant|Protect||[still]
|-fail|p1a: Kant
|
|-heal|p2a: Gliscor|83/100 tox|[from] ability: Poison Heal
|upkeep
|turn|26
|
|t:|1757917711
|move|p2a: Gliscor|Knock Off|p1a: Kant
|-damage|p1a: Kant|84/100
|-enditem|p1a: Kant|Heavy-Duty Boots|[from] move: Knock Off|[of] p2a: Gliscor
|move|p1a: Kant|Flip Turn|p2a: Gliscor
|-supereffective|p2a: Gliscor
|-damage|p2a: Gliscor|60/100 tox
|
|t:|1757917727
|switch|p1a: Golden shower|Azumarill, F, shiny|70/100 brn|[from] Flip Turn
|
|-heal|p2a: Gliscor|73/100 tox|[from] ability: Poison Heal
|-damage|p1a: Golden shower|64/100 brn|[from] brn
|upkeep
|turn|27
|
|t:|1757917731
|move|p2a: Gliscor|Knock Off|p1a: Golden shower
|-resisted|p1a: Golden shower
|-damage|p1a: Golden shower|56/100 brn
|-enditem|p1a: Golden shower|Heavy-Duty Boots|[from] move: Knock Off|[of] p2a: Gliscor
|move|p1a: Golden shower|Whirlpool|p2a: Gliscor
|-supereffective|p2a: Gliscor
|-damage|p2a: Gliscor|52/100 tox
|-activate|p2a: Gliscor|move: Whirlpool|[of] p1a: Golden shower
|
|-heal|p2a: Gliscor|64/100 tox|[from] ability: Poison Heal
|-damage|p1a: Golden shower|50/100 brn|[from] brn
|-damage|p2a: Gliscor|52/100 tox|[from] move: Whirlpool|[partiallytrapped]
|upkeep
|turn|28
|
|t:|1757917741
|move|p2a: Gliscor|U-turn|p1a: Golden shower
|-resisted|p1a: Golden shower
|-damage|p1a: Golden shower|45/100 brn
|
|t:|1757917750
|switch|p2a: Amoonguss|Amoonguss, M|100/100|[from] U-turn
|move|p1a: Golden shower|Rest|p1a: Golden shower
|-status|p1a: Golden shower|slp|[from] move: Rest
|-heal|p1a: Golden shower|100/100 slp|[silent]
|
|upkeep
|turn|29
|
|t:|1757917755
|switch|p2a: Rotom|Rotom-Wash|82/100 tox
|cant|p1a: Golden shower|slp
|
|-heal|p2a: Rotom|88/100 tox|[from] item: Leftovers
|-damage|p2a: Rotom|82/100 tox|[from] psn
|upkeep
|turn|30
|
|t:|1757917766
|switch|p2a: Gliscor|Gliscor, F|52/100 tox
|switch|p1a: Bebou|Clodsire, F|94/100 brn
|
|-heal|p2a: Gliscor|64/100 tox|[from] ability: Poison Heal
|-damage|p1a: Bebou|88/100 brn|[from] brn
|upkeep
|turn|31
|
|t:|1757917774
|move|p2a: Gliscor|U-turn|p1a: Bebou
|-resisted|p1a: Bebou
|-damage|p1a: Bebou|81/100 brn
|
|t:|1757917785
|switch|p2a: Amoonguss|Amoonguss, M|100/100|[from] U-turn
|move|p1a: Bebou|Toxic|p2a: Amoonguss
|-immune|p2a: Amoonguss
|
|-damage|p1a: Bebou|75/100 brn|[from] brn
|upkeep
|turn|32
|
|t:|1757917790
|switch|p2a: Gliscor|Gliscor, F|64/100 tox
|move|p1a: Bebou|Amnesia|p1a: Bebou
|-boost|p1a: Bebou|spd|2
|
|-heal|p2a: Gliscor|77/100 tox|[from] ability: Poison Heal
|-damage|p1a: Bebou|69/100 brn|[from] brn
|upkeep
|turn|33
|
|t:|1757917795
|move|p2a: Gliscor|Knock Off|p1a: Bebou
|-damage|p1a: Bebou|47/100 brn
|-enditem|p1a: Bebou|Heavy-Duty Boots|[from] move: Knock Off|[of] p2a: Gliscor
|move|p1a: Bebou|Recover|p1a: Bebou
|-heal|p1a: Bebou|97/100 brn
|
|-heal|p2a: Gliscor|89/100 tox|[from] ability: Poison Heal
|-damage|p1a: Bebou|90/100 brn|[from] brn
|upkeep
|turn|34
|
|t:|1757917803
|switch|p1a: Kant|Alomomola, L99, F, shiny|100/100
|-damage|p1a: Kant|88/100|[from] Spikes
|-damage|p1a: Kant|75/100|[from] Stealth Rock
|move|p2a: Gliscor|U-turn|p1a: Kant
|-damage|p1a: Kant|62/100
|
|t:|1757917808
|switch|p2a: Rotom|Rotom-Wash|82/100 tox|[from] U-turn
|
|-heal|p2a: Rotom|88/100 tox|[from] item: Leftovers
|-damage|p2a: Rotom|82/100 tox|[from] psn
|upkeep
|turn|35
|
|t:|1757917811
|move|p2a: Rotom|Volt Switch|p1a: Kant
|-supereffective|p1a: Kant
|-damage|p1a: Kant|23/100
|
|t:|1757917819
|switch|p2a: Gliscor|Gliscor, F|89/100 tox|[from] Volt Switch
|move|p1a: Kant|Wish|p1a: Kant
|
|-heal|p2a: Gliscor|100/100 tox|[from] ability: Poison Heal
|upkeep
|turn|36
|
|t:|1757917825
|move|p1a: Kant|Protect|p1a: Kant
|-singleturn|p1a: Kant|Protect
|move|p2a: Gliscor|Spikes|p1a: Kant
|-sidestart|p1: axoubibou|Spikes
|
|-heal|p1a: Kant|73/100|[from] move: Wish|[wisher] Kant
|upkeep
|turn|37
|
|t:|1757917830
|move|p2a: Gliscor|Spikes|p1a: Kant
|-sidestart|p1: axoubibou|Spikes
|move|p1a: Kant|Wish|p1a: Kant
|
|upkeep
|turn|38
|
|t:|1757917838
|move|p2a: Gliscor|Earthquake|p1a: Kant
|-damage|p1a: Kant|46/100
|move|p1a: Kant|Scald|p2a: Gliscor
|-supereffective|p2a: Gliscor
|-damage|p2a: Gliscor|66/100 tox
|
|-heal|p1a: Kant|96/100|[from] move: Wish|[wisher] Kant
|-heal|p2a: Gliscor|78/100 tox|[from] ability: Poison Heal
|upkeep
|turn|39
|
|t:|1757917846
|switch|p2a: Amoonguss|Amoonguss, M|100/100
|move|p1a: Kant|Wish|p1a: Kant
|
|upkeep
|turn|40
|
|t:|1757917849
|move|p1a: Kant|Flip Turn|p2a: Amoonguss
|-resisted|p2a: Amoonguss
|-damage|p2a: Amoonguss|94/100
|-damage|p1a: Kant|79/100|[from] item: Rocky Helmet|[of] p2a: Amoonguss
|
|t:|1757917858
|switch|p1a: Fat fish|Dondozo, F|67/100|[from] Flip Turn
|-damage|p1a: Fat fish|42/100|[from] Spikes
|-damage|p1a: Fat fish|30/100|[from] Stealth Rock
|move|p2a: Amoonguss|Toxic|p1a: Fat fish
|-status|p1a: Fat fish|tox
|
|-heal|p1a: Fat fish|82/100 tox|[from] move: Wish|[wisher] Kant
|-damage|p1a: Fat fish|76/100 tox|[from] psn
|upkeep
|turn|41
|c|☆AP Society|nice team btw
|c|☆axoubibou|a friend give it to me, I try to figure how to use it
|inactive|axoubibou has 120 seconds left.
|
|t:|1757917893
|switch|p1a: Slurp|Corviknight, M, shiny|82/100
|-damage|p1a: Slurp|69/100|[from] Stealth Rock
|-ability|p1a: Slurp|Pressure
|move|p2a: Amoonguss|Giga Drain|p1a: Slurp
|-resisted|p1a: Slurp
|-damage|p1a: Slurp|65/100
|-heal|p2a: Amoonguss|96/100|[from] drain|[of] p1a: Slurp
|
|-heal|p1a: Slurp|71/100|[from] item: Leftovers
|upkeep
|turn|42
|
|t:|1757917901
|switch|p2a: Kingambit|Kingambit, M|100/100
|move|p1a: Slurp|Substitute|p1a: Slurp
|-start|p1a: Slurp|Substitute
|-damage|p1a: Slurp|46/100
|
|-heal|p1a: Slurp|52/100|[from] item: Leftovers
|upkeep
|turn|43
|
|t:|1757917905
|move|p1a: Slurp|Protect|p1a: Slurp
|-singleturn|p1a: Slurp|Protect
|move|p2a: Kingambit|Swords Dance|p2a: Kingambit
|-boost|p2a: Kingambit|atk|2
|
|-heal|p1a: Slurp|58/100|[from] item: Leftovers
|upkeep
|turn|44
|
|t:|1757917910
|move|p1a: Slurp|Spite|p2a: Kingambit
|-activate|p2a: Kingambit|move: Spite|Swords Dance|4
|move|p2a: Kingambit|Kowtow Cleave|p1a: Slurp
|-crit|p1a: Slurp
|-end|p1a: Slurp|Substitute
|
|-heal|p1a: Slurp|64/100|[from] item: Leftovers
|upkeep
|turn|45
|
|t:|1757917918
|switch|p1a: Fat fish|Dondozo, F|76/100 tox
|-damage|p1a: Fat fish|51/100 tox|[from] Spikes
|-damage|p1a: Fat fish|39/100 tox|[from] Stealth Rock
|move|p2a: Kingambit|Swords Dance|p2a: Kingambit
|-boost|p2a: Kingambit|atk|2
|
|-damage|p1a: Fat fish|32/100 tox|[from] psn
|upkeep
|turn|46
|
|t:|1757917922
|move|p2a: Kingambit|Kowtow Cleave|p1a: Fat fish
|-damage|p1a: Fat fish|11/100 tox
|move|p1a: Fat fish|Rest|p1a: Fat fish
|-status|p1a: Fat fish|slp|[from] move: Rest
|-heal|p1a: Fat fish|100/100 slp|[silent]
|
|upkeep
|turn|47
|
|t:|1757917933
|-end|p2a: Kingambit|fallenundefined|[silent]
|switch|p2a: Dragapult|Dragapult, F|9/100
|cant|p1a: Fat fish|slp
|move|p1a: Fat fish|Sleep Talk|p1a: Fat fish
|move|p1a: Fat fish|Rest||[from] move: Sleep Talk|[still]
|-fail|p1a: Fat fish
|
|upkeep
|turn|48
|
|t:|1757917941
|switch|p1a: Golden shower|Azumarill, F, shiny|100/100 slp
|-damage|p1a: Golden shower|76/100 slp|[from] Spikes
|-damage|p1a: Golden shower|63/100 slp|[from] Stealth Rock
|move|p2a: Dragapult|Hex|p1a: Golden shower
|-damage|p1a: Golden shower|2/100 slp
|
|upkeep
|turn|49
|-message|axoubibou forfeited.
|
|win|AP Society
|raw|axoubibou's rating: 1342 &rarr; <strong>1325</strong><br />(-17 for losing)
|raw|AP Society's rating: 1399 &rarr; <strong>1416</strong><br />(+17 for winning)
|l|☆axoubibou
|player|p1|
