|j|☆Acastillo631
|j|☆xdye
|t:|1757903487
|gametype|singles
|player|p1|Acastillo631|silver|1680
|player|p2|xdye|iris-gen5bw2|1660
|gen|9
|tier|[Gen 9] OU
|rated|
|rule|HP Percentage Mod: HP is shown in percentages
|rule|Endless Battle Clause: Forcing endless battles is banned
|rule|Species Clause: Limit one of each Pokémon
|rule|OHKO Clause: OHKO moves are banned
|rule|Evasion Items Clause: Evasion items are banned
|rule|Evasion Moves Clause: Evasion moves are banned
|rule|Evasion Abilities Clause: Evasion abilities are banned
|rule|Sleep Moves Clause: Sleep-inducing moves are banned
|clearpoke
|poke|p1|Iron Valiant|
|poke|p1|Tyranitar, M|
|poke|p1|Corviknight, F|
|poke|p1|Sinistcha|
|poke|p1|Keldeo-Resolute|
|poke|p1|Muk-Alola, M|
|poke|p2|Pecharunt|
|poke|p2|Tinkaton, F|
|poke|p2|Gliscor, M|
|poke|p2|Hydreigon, F|
|poke|p2|Alomomola, F|
|poke|p2|Deoxys-Speed|
|teampreview
|inactive|Battle timer is ON: inactive players will automatically lose when time's up. (requested by Acastillo631)
|c|☆xdye|hf
|j| Nikator98
|
|t:|1757903502
|teamsize|p1|6
|teamsize|p2|6
|start
|switch|p1a: Muk|Muk-Alola, M|100/100
|switch|p2a: Deoxys|Deoxys-Speed|100/100
|-ability|p2a: Deoxys|Pressure
|turn|1
|l| Nikator98
|
|t:|1757903510
|switch|p2a: Tinkaton|Tinkaton, F|100/100
|-item|p2a: Tinkaton|Air Balloon
|move|p1a: Muk|Knock Off|p2a: Tinkaton
|-resisted|p2a: Tinkaton
|-damage|p2a: Tinkaton|82/100
|-enditem|p2a: Tinkaton|Air Balloon
|-enditem|p1a: Muk|Leftovers|[silent]|[from] ability: Pickpocket|[of] p1a: Muk
|-item|p2a: Tinkaton|Leftovers|[from] ability: Pickpocket|[of] p1a: Muk
|
|-heal|p2a: Tinkaton|88/100|[from] item: Leftovers
|upkeep
|turn|2
|j| FaronAan
|
|t:|1757903534
|switch|p1a: Wind Crowrang|Corviknight, F|100/100
|move|p2a: Tinkaton|Stealth Rock|p1a: Wind Crowrang
|-sidestart|p1: Acastillo631|move: Stealth Rock
|
|-heal|p2a: Tinkaton|94/100|[from] item: Leftovers
|upkeep
|turn|3
|
|t:|1757903538
|move|p2a: Tinkaton|Thunder Wave|p1a: Wind Crowrang|[miss]
|-miss|p2a: Tinkaton|p1a: Wind Crowrang
|move|p1a: Wind Crowrang|Defog|p2a: Tinkaton
|-unboost|p2a: Tinkaton|evasion|1
|-sideend|p1: Acastillo631|Stealth Rock|[from] move: Defog|[of] p1a: Wind Crowrang
|
|-heal|p2a: Tinkaton|100/100|[from] item: Leftovers
|upkeep
|turn|4
|
|t:|1757903547
|switch|p1a: Muk|Muk-Alola, M|100/100
|move|p2a: Tinkaton|Thunder Wave|p1a: Muk
|-status|p1a: Muk|par
|
|upkeep
|turn|5
|
|t:|1757903556
|move|p2a: Tinkaton|Gigaton Hammer|p1a: Muk
|-damage|p1a: Muk|59/100 par
|cant|p1a: Muk|par
|
|upkeep
|turn|6
|
|t:|1757903560
|move|p2a: Tinkaton|Stealth Rock|p1a: Muk
|-sidestart|p1: Acastillo631|move: Stealth Rock
|move|p1a: Muk|Knock Off|p2a: Tinkaton
|-resisted|p2a: Tinkaton
|-damage|p2a: Tinkaton|82/100
|-enditem|p2a: Tinkaton|Leftovers|[from] move: Knock Off|[of] p1a: Muk
|
|upkeep
|turn|7
|
|t:|1757903564
|switch|p1a: Wind Crowrang|Corviknight, F|100/100
|-damage|p1a: Wind Crowrang|88/100|[from] Stealth Rock
|move|p2a: Tinkaton|Gigaton Hammer|p1a: Wind Crowrang
|-resisted|p1a: Wind Crowrang
|-damage|p1a: Wind Crowrang|76/100
|
|upkeep
|turn|8
|
|t:|1757903571
|move|p2a: Tinkaton|Thunder Wave|p1a: Wind Crowrang
|-status|p1a: Wind Crowrang|par
|move|p1a: Wind Crowrang|U-turn|p2a: Tinkaton
|-resisted|p2a: Tinkaton
|-damage|p2a: Tinkaton|78/100
|-enditem|p1a: Wind Crowrang|Rocky Helmet|[silent]|[from] ability: Pickpocket|[of] p1a: Wind Crowrang
|-item|p2a: Tinkaton|Rocky Helmet|[from] ability: Pickpocket|[of] p1a: Wind Crowrang
|
|t:|1757903583
|switch|p1a: Wire Sponge|Sinistcha|100/100|[from] U-turn
|
|upkeep
|turn|9
|
|t:|1757903591
|move|p2a: Tinkaton|Thunder Wave|p1a: Wire Sponge
|-status|p1a: Wire Sponge|par
|move|p1a: Wire Sponge|Calm Mind|p1a: Wire Sponge
|-boost|p1a: Wire Sponge|spa|1
|-boost|p1a: Wire Sponge|spd|1
|
|upkeep
|turn|10
|
|t:|1757903597
|move|p2a: Tinkaton|Encore|p1a: Wire Sponge
|-start|p1a: Wire Sponge|Encore
|cant|p1a: Wire Sponge|par
|
|upkeep
|turn|11
|
|t:|1757903601
|move|p2a: Tinkaton|Gigaton Hammer|p1a: Wire Sponge
|-damage|p1a: Wire Sponge|68/100 par
|move|p1a: Wire Sponge|Calm Mind|p1a: Wire Sponge
|-boost|p1a: Wire Sponge|spa|1
|-boost|p1a: Wire Sponge|spd|1
|
|upkeep
|turn|12
|
|t:|1757903616
|move|p2a: Tinkaton|Thunder Wave|p1a: Wire Sponge
|-fail|p1a: Wire Sponge|par
|move|p1a: Wire Sponge|Calm Mind|p1a: Wire Sponge
|-boost|p1a: Wire Sponge|spa|1
|-boost|p1a: Wire Sponge|spd|1
|
|-end|p1a: Wire Sponge|Encore
|upkeep
|turn|13
|
|t:|1757903624
|switch|p1a: Wind Crowrang|Corviknight, F|76/100 par
|-damage|p1a: Wind Crowrang|64/100 par|[from] Stealth Rock
|move|p2a: Tinkaton|Encore||[still]
|-fail|p2a: Tinkaton
|
|upkeep
|turn|14
|
|t:|1757903638
|switch|p2a: Hydreigon|Hydreigon, F|100/100
|move|p1a: Wind Crowrang|U-turn|p2a: Hydreigon
|-supereffective|p2a: Hydreigon
|-damage|p2a: Hydreigon|67/100
|
|t:|1757903643
|switch|p1a: Spiral Pegasus|Keldeo-Resolute|100/100|[from] U-turn
|
|upkeep
|turn|15
|
|t:|1757903651
|switch|p2a: Alomomola|Alomomola, F|100/100
|move|p1a: Spiral Pegasus|Flip Turn|p2a: Alomomola
|-resisted|p2a: Alomomola
|-damage|p2a: Alomomola|95/100
|
|t:|1757903655
|switch|p1a: Eregion|Tyranitar, M|100/100|[from] Flip Turn
|-damage|p1a: Eregion|88/100|[from] Stealth Rock
|-weather|Sandstorm|[from] ability: Sand Stream|[of] p1a: Eregion
|
|-weather|Sandstorm|[upkeep]
|-damage|p2a: Alomomola|89/100|[from] Sandstorm
|-heal|p1a: Eregion|94/100|[from] item: Leftovers
|upkeep
|turn|16
|
|t:|1757903663
|move|p1a: Eregion|Stealth Rock|p2a: Alomomola
|-sidestart|p2: xdye|move: Stealth Rock
|move|p2a: Alomomola|Flip Turn|p1a: Eregion
|-supereffective|p1a: Eregion
|-damage|p1a: Eregion|70/100
|
|t:|1757903673
|switch|p2a: Tinkaton|Tinkaton, F|78/100|[from] Flip Turn
|-damage|p2a: Tinkaton|72/100|[from] Stealth Rock
|
|-weather|Sandstorm|[upkeep]
|-heal|p1a: Eregion|76/100|[from] item: Leftovers
|upkeep
|turn|17
|
|t:|1757903692
|switch|p2a: Hydreigon|Hydreigon, F|67/100
|-damage|p2a: Hydreigon|54/100|[from] Stealth Rock
|switch|p1a: Wind Crowrang|Corviknight, F|64/100 par
|-damage|p1a: Wind Crowrang|51/100 par|[from] Stealth Rock
|
|-weather|Sandstorm|[upkeep]
|-damage|p2a: Hydreigon|48/100|[from] Sandstorm
|upkeep
|turn|18
|
|t:|1757903704
|move|p2a: Hydreigon|Flash Cannon|p1a: Wind Crowrang
|-resisted|p1a: Wind Crowrang
|-damage|p1a: Wind Crowrang|30/100 par
|move|p1a: Wind Crowrang|U-turn|p2a: Hydreigon
|-supereffective|p2a: Hydreigon
|-damage|p2a: Hydreigon|15/100
|
|t:|1757903713
|switch|p1a: Spiral Pegasus|Keldeo-Resolute|100/100|[from] U-turn
|
|-weather|Sandstorm|[upkeep]
|-damage|p1a: Spiral Pegasus|94/100|[from] Sandstorm
|-damage|p2a: Hydreigon|9/100|[from] Sandstorm
|upkeep
|turn|19
|
|t:|1757903724
|move|p1a: Spiral Pegasus|Secret Sword|p2a: Hydreigon
|-supereffective|p2a: Hydreigon
|-damage|p2a: Hydreigon|0 fnt
|faint|p2a: Hydreigon
|
|-weather|none
|upkeep
|
|t:|1757903729
|switch|p2a: Deoxys|Deoxys-Speed|100/100
|-ability|p2a: Deoxys|Pressure
|turn|20
|
|t:|1757903751
|-terastallize|p1a: Spiral Pegasus|Water
|move|p2a: Deoxys|Knock Off|p1a: Spiral Pegasus
|-damage|p1a: Spiral Pegasus|72/100
|-ability|p1a: Spiral Pegasus|Justified|boost
|-boost|p1a: Spiral Pegasus|atk|1
|-enditem|p1a: Spiral Pegasus|Heavy-Duty Boots|[from] move: Knock Off|[of] p2a: Deoxys
|move|p1a: Spiral Pegasus|Surf|p2a: Deoxys
|-damage|p2a: Deoxys|20/100
|
|upkeep
|turn|21
|
|t:|1757903761
|switch|p2a: Alomomola|Alomomola, F|100/100
|switch|p1a: Eregion|Tyranitar, M|76/100
|-damage|p1a: Eregion|64/100|[from] Stealth Rock
|-weather|Sandstorm|[from] ability: Sand Stream|[of] p1a: Eregion
|
|-weather|Sandstorm|[upkeep]
|-damage|p2a: Alomomola|94/100|[from] Sandstorm
|-heal|p1a: Eregion|70/100|[from] item: Leftovers
|upkeep
|turn|22
|
|t:|1757903765
|move|p1a: Eregion|Knock Off|p2a: Alomomola
|-damage|p2a: Alomomola|66/100
|-enditem|p2a: Alomomola|Heavy-Duty Boots|[from] move: Knock Off|[of] p1a: Eregion
|move|p2a: Alomomola|Wish|p2a: Alomomola
|
|-weather|Sandstorm|[upkeep]
|-damage|p2a: Alomomola|60/100|[from] Sandstorm
|-heal|p1a: Eregion|76/100|[from] item: Leftovers
|upkeep
|turn|23
|
|t:|1757903774
|move|p2a: Alomomola|Flip Turn|p1a: Eregion
|-supereffective|p1a: Eregion
|-damage|p1a: Eregion|52/100
|
|t:|1757903783
|switch|p2a: Pecharunt|Pecharunt|100/100|[from] Flip Turn
|move|p1a: Eregion|Roar|p2a: Pecharunt
|drag|p2a: Alomomola|Alomomola, F|93/100
|-damage|p2a: Alomomola|81/100|[from] Stealth Rock
|
|-weather|Sandstorm|[upkeep]
|-damage|p2a: Alomomola|75/100|[from] Sandstorm
|-heal|p2a: Alomomola|100/100|[from] move: Wish|[wisher] Alomomola
|-heal|p1a: Eregion|58/100|[from] item: Leftovers
|upkeep
|turn|24
|
|t:|1757903797
|switch|p1a: Wire Sponge|Sinistcha|68/100 par
|move|p2a: Alomomola|Wish|p2a: Alomomola
|
|-weather|Sandstorm|[upkeep]
|-damage|p2a: Alomomola|94/100|[from] Sandstorm
|-damage|p1a: Wire Sponge|62/100 par|[from] Sandstorm
|upkeep
|turn|25
|
|t:|1757903802
|move|p2a: Alomomola|Flip Turn|p1a: Wire Sponge
|-resisted|p1a: Wire Sponge
|-damage|p1a: Wire Sponge|57/100 par
|
|t:|1757903807
|switch|p2a: Tinkaton|Tinkaton, F|72/100|[from] Flip Turn
|-damage|p2a: Tinkaton|66/100|[from] Stealth Rock
|move|p1a: Wire Sponge|Matcha Gotcha|p2a: Tinkaton|[miss]
|-miss|p1a: Wire Sponge|p2a: Tinkaton
|
|-weather|none
|-heal|p2a: Tinkaton|100/100|[from] move: Wish|[wisher] Alomomola
|upkeep
|turn|26
|
|t:|1757903831
|switch|p2a: Gliscor|Gliscor, M|100/100
|-damage|p2a: Gliscor|88/100|[from] Stealth Rock
|cant|p1a: Wire Sponge|par
|
|-status|p2a: Gliscor|tox|[from] item: Toxic Orb
|upkeep
|turn|27
|
|t:|1757903838
|move|p2a: Gliscor|Knock Off|p1a: Wire Sponge
|-supereffective|p1a: Wire Sponge
|-damage|p1a: Wire Sponge|23/100 par
|-enditem|p1a: Wire Sponge|Heavy-Duty Boots|[from] move: Knock Off|[of] p2a: Gliscor
|move|p1a: Wire Sponge|Strength Sap|p2a: Gliscor
|-unboost|p2a: Gliscor|atk|1
|-heal|p1a: Wire Sponge|89/100 par
|
|-heal|p2a: Gliscor|100/100 tox|[from] ability: Poison Heal
|upkeep
|turn|28
|
|t:|1757903857
|switch|p1a: Spiral Pegasus|Keldeo-Resolute, tera:Water|72/100
|-damage|p1a: Spiral Pegasus|60/100|[from] Stealth Rock
|move|p2a: Gliscor|Spikes|p1a: Spiral Pegasus
|-sidestart|p1: Acastillo631|Spikes
|
|upkeep
|turn|29
|
|t:|1757903865
|switch|p2a: Alomomola|Alomomola, F|100/100
|-damage|p2a: Alomomola|88/100|[from] Stealth Rock
|move|p1a: Spiral Pegasus|Surf|p2a: Alomomola
|-resisted|p2a: Alomomola
|-damage|p2a: Alomomola|64/100
|
|upkeep
|turn|30
|
|t:|1757903871
|move|p1a: Spiral Pegasus|Secret Sword|p2a: Alomomola
|-damage|p2a: Alomomola|34/100
|move|p2a: Alomomola|Wish|p2a: Alomomola
|
|upkeep
|turn|31
|j| v34567
|
|t:|1757903886
|move|p1a: Spiral Pegasus|Secret Sword|p2a: Alomomola
|-damage|p2a: Alomomola|5/100
|move|p2a: Alomomola|Flip Turn|p1a: Spiral Pegasus
|-resisted|p1a: Spiral Pegasus
|-damage|p1a: Spiral Pegasus|51/100
|
|t:|1757903892
|switch|p2a: Deoxys|Deoxys-Speed|20/100|[from] Flip Turn
|-ability|p2a: Deoxys|Pressure
|
|-heal|p2a: Deoxys|100/100|[from] move: Wish|[wisher] Alomomola
|upkeep
|turn|32
|
|t:|1757903902
|move|p2a: Deoxys|Thunderbolt|p1a: Spiral Pegasus
|-supereffective|p1a: Spiral Pegasus
|-damage|p1a: Spiral Pegasus|0 fnt
|faint|p1a: Spiral Pegasus
|
|upkeep
|l|☆Acastillo631
|inactive|Acastillo631 disconnected and has a minute to reconnect!
|player|p1|
|inactive|Acastillo631 has 30 seconds to reconnect!
|inactive|Acastillo631 has 20 seconds to reconnect!
|inactive|Acastillo631 has 15 seconds to reconnect!
|inactive|Acastillo631 has 10 seconds to reconnect!
|inactive|Acastillo631 has 5 seconds to reconnect!
|-message|Acastillo631 lost due to inactivity.
|
|win|xdye
|raw|Acastillo631's rating: 1680 &rarr; <strong>1659</strong><br />(-21 for losing)
|raw|xdye's rating: 1660 &rarr; <strong>1681</strong><br />(+21 for winning)
|l|☆xdye
|player|p2|
