|j|☆depguy
|j|☆Mortifi
|t:|1757790203
|gametype|singles
|player|p1|depguy|acetrainerf|1640
|player|p2|Mortifi|pokemaniac|1783
|gen|9
|tier|[Gen 9] OU
|rated|
|rule|HP Percentage Mod: HP is shown in percentages
|rule|Endless Battle Clause: Forcing endless battles is banned
|rule|Species Clause: Limit one of each Pokémon
|rule|OHKO Clause: OHKO moves are banned
|rule|Evasion Items Clause: Evasion items are banned
|rule|Evasion Moves Clause: Evasion moves are banned
|rule|Evasion Abilities Clause: Evasion abilities are banned
|rule|Sleep Moves Clause: Sleep-inducing moves are banned
|clearpoke
|poke|p1|Lycanroc-Dusk, F|
|poke|p1|Slowking-Galar, F|
|poke|p1|Great Tusk|
|poke|p1|Corviknight, M|
|poke|p1|Meowscarada, F|
|poke|p1|Dragapult, F|
|poke|p2|Primarina, F|
|poke|p2|Deoxys-Speed|
|poke|p2|Great Tusk|
|poke|p2|Raging Bolt|
|poke|p2|Gholdengo|
|poke|p2|Skarmory, F|
|teampreview
|
|t:|1757790240
|teamsize|p1|6
|teamsize|p2|6
|start
|switch|p1a: Dragapult|Dragapult, F|100/100
|switch|p2a: Gholdengo|Gholdengo|100/100
|turn|1
|
|t:|1757790260
|switch|p1a: Slowking|Slowking-Galar, F|100/100
|move|p2a: Gholdengo|Thunder Wave|p1a: Slowking
|-status|p1a: Slowking|par
|
|upkeep
|turn|2
|
|t:|1757790275
|move|p2a: Gholdengo|Hex|p1a: Slowking
|-supereffective|p1a: Slowking
|-crit|p1a: Slowking
|-damage|p1a: Slowking|11/100 par
|move|p1a: Slowking|Future Sight|p2a: Gholdengo
|-start|p1a: Slowking|move: Future Sight
|
|upkeep
|turn|3
|
|t:|1757790286
|switch|p1a: Great Tusk|Great Tusk|100/100
|move|p2a: Gholdengo|Make It Rain|p1a: Great Tusk
|-damage|p1a: Great Tusk|29/100
|-unboost|p2a: Gholdengo|spa|1
|
|-heal|p1a: Great Tusk|35/100|[from] item: Leftovers
|upkeep
|turn|4
|
|t:|1757790295
|switch|p2a: Deoxys|Deoxys-Speed|100/100
|-ability|p2a: Deoxys|Pressure
|move|p1a: Great Tusk|Headlong Rush|p2a: Deoxys
|-damage|p2a: Deoxys|46/100
|-unboost|p1a: Great Tusk|def|1
|-unboost|p1a: Great Tusk|spd|1
|
|-end|p2a: Deoxys|move: Future Sight
|-resisted|p2a: Deoxys
|-crit|p2a: Deoxys
|-damage|p2a: Deoxys|0 fnt
|faint|p2a: Deoxys
|-heal|p1a: Great Tusk|41/100|[from] item: Leftovers
|upkeep
|
|t:|1757790322
|switch|p2a: Great Tusk|Great Tusk|100/100
|turn|5
|
|t:|1757790333
|-end|p1a: Great Tusk|Protosynthesis|[silent]
|switch|p1a: Slowking|Slowking-Galar, F|45/100 par
|move|p2a: Great Tusk|Knock Off|p1a: Slowking
|-supereffective|p1a: Slowking
|-damage|p1a: Slowking|0 fnt
|-enditem|p1a: Slowking|Assault Vest|[from] move: Knock Off|[of] p2a: Great Tusk
|faint|p1a: Slowking
|
|upkeep
|
|t:|1757790347
|switch|p1a: Corviknight|Corviknight, M|100/100
|-ability|p1a: Corviknight|Pressure
|turn|6
|
|t:|1757790360
|-end|p2a: Great Tusk|Protosynthesis|[silent]
|switch|p2a: Primarina|Primarina, F|100/100
|move|p1a: Corviknight|Brave Bird|p2a: Primarina
|-damage|p2a: Primarina|52/100
|-damage|p1a: Corviknight|88/100|[from] Recoil
|
|upkeep
|turn|7
|
|t:|1757790373
|move|p2a: Primarina|Psychic Noise|p1a: Corviknight
|-damage|p1a: Corviknight|24/100
|-start|p1a: Corviknight|move: Heal Block
|move|p1a: Corviknight|U-turn|p2a: Primarina
|-resisted|p2a: Primarina
|-damage|p2a: Primarina|43/100
|
|t:|1757790389
|switch|p1a: Dragapult|Dragapult, F|100/100|[from] U-turn
|
|upkeep
|turn|8
|
|t:|1757790394
|switch|p2a: Raging Bolt|Raging Bolt|100/100
|move|p1a: Dragapult|Shadow Ball|p2a: Raging Bolt
|-damage|p2a: Raging Bolt|68/100
|
|upkeep
|turn|9
|
|t:|1757790450
|switch|p1a: Lycanroc|Lycanroc-Dusk, F|100/100
|move|p2a: Raging Bolt|Draco Meteor|p1a: Lycanroc
|-damage|p1a: Lycanroc|0 fnt
|-unboost|p2a: Raging Bolt|spa|2
|faint|p1a: Lycanroc
|
|upkeep
|
|t:|1757790462
|switch|p1a: Great Tusk|Great Tusk|41/100
|turn|10
|
|t:|1757790474
|-end|p2a: Raging Bolt|Protosynthesis|[silent]
|switch|p2a: Skarmory|Skarmory, F|100/100
|move|p1a: Great Tusk|Headlong Rush|p2a: Skarmory
|-immune|p2a: Skarmory
|
|-heal|p1a: Great Tusk|48/100|[from] item: Leftovers
|upkeep
|turn|11
|
|t:|1757790484
|move|p1a: Great Tusk|Stealth Rock|p2a: Skarmory
|-sidestart|p2: Mortifi|move: Stealth Rock
|move|p2a: Skarmory|Spikes|p1a: Great Tusk
|-sidestart|p1: depguy|Spikes
|
|-heal|p1a: Great Tusk|54/100|[from] item: Leftovers
|upkeep
|turn|12
|
|t:|1757790493
|-end|p1a: Great Tusk|Protosynthesis|[silent]
|switch|p1a: Corviknight|Corviknight, M|24/100
|-ability|p1a: Corviknight|Pressure
|move|p2a: Skarmory|Spikes|p1a: Corviknight
|-sidestart|p1: depguy|Spikes
|
|upkeep
|turn|13
|
|t:|1757790499
|switch|p2a: Gholdengo|Gholdengo|100/100
|move|p1a: Corviknight|Roost|p1a: Corviknight
|-heal|p1a: Corviknight|74/100
|-singleturn|p1a: Corviknight|move: Roost
|
|upkeep
|turn|14
|
|t:|1757790508
|move|p2a: Gholdengo|Thunder Wave|p1a: Corviknight
|-status|p1a: Corviknight|par
|cant|p1a: Corviknight|par
|
|upkeep
|turn|15
|
|t:|1757790520
|switch|p1a: Meowscarada|Meowscarada, F|100/100
|-damage|p1a: Meowscarada|84/100|[from] Spikes
|move|p2a: Gholdengo|Hex|p1a: Meowscarada
|-resisted|p1a: Meowscarada
|-damage|p1a: Meowscarada|60/100
|
|upkeep
|turn|16
|
|t:|1757790529
|switch|p2a: Skarmory|Skarmory, F|100/100
|-damage|p2a: Skarmory|88/100|[from] Stealth Rock
|move|p1a: Meowscarada|Knock Off|p2a: Skarmory
|-start|p1a: Meowscarada|typechange|Dark|[from] ability: Protean
|-damage|p2a: Skarmory|60/100
|-damage|p1a: Meowscarada|44/100|[from] item: Rocky Helmet|[of] p2a: Skarmory
|-enditem|p2a: Skarmory|Rocky Helmet|[from] move: Knock Off|[of] p1a: Meowscarada
|
|upkeep
|turn|17
|
|t:|1757790547
|switch|p1a: Dragapult|Dragapult, F|100/100
|-damage|p1a: Dragapult|84/100|[from] Spikes
|move|p2a: Skarmory|Roost|p2a: Skarmory
|-heal|p2a: Skarmory|100/100
|-singleturn|p2a: Skarmory|move: Roost
|
|upkeep
|turn|18
|
|t:|1757790566
|switch|p2a: Primarina|Primarina, F|43/100
|-damage|p2a: Primarina|30/100|[from] Stealth Rock
|move|p1a: Dragapult|Shadow Ball|p2a: Primarina
|-damage|p2a: Primarina|0 fnt
|faint|p2a: Primarina
|
|upkeep
|
|t:|1757790574
|switch|p2a: Gholdengo|Gholdengo|100/100
|turn|19
|inactive|Battle timer is ON: inactive players will automatically lose when time's up. (requested by Mortifi)
|
|t:|1757790614
|switch|p1a: Corviknight|Corviknight, M|74/100 par
|-ability|p1a: Corviknight|Pressure
|-terastallize|p2a: Gholdengo|Normal
|move|p2a: Gholdengo|Hex|p1a: Corviknight
|-damage|p1a: Corviknight|14/100 par
|
|upkeep
|turn|20
|
|t:|1757790624
|move|p2a: Gholdengo|Hex|p1a: Corviknight
|-damage|p1a: Corviknight|0 fnt
|faint|p1a: Corviknight
|
|upkeep
|
|t:|1757790647
|switch|p1a: Meowscarada|Meowscarada, F|44/100
|-damage|p1a: Meowscarada|27/100|[from] Spikes
|turn|21
|
|t:|1757790658
|switch|p2a: Skarmory|Skarmory, F|100/100
|-damage|p2a: Skarmory|88/100|[from] Stealth Rock
|move|p1a: Meowscarada|Flower Trick|p2a: Skarmory
|-start|p1a: Meowscarada|typechange|Grass|[from] ability: Protean
|-resisted|p2a: Skarmory
|-crit|p2a: Skarmory
|-damage|p2a: Skarmory|81/100
|
|upkeep
|turn|22
|
|t:|1757790676
|switch|p1a: Great Tusk|Great Tusk|54/100
|-damage|p1a: Great Tusk|37/100|[from] Spikes
|switch|p2a: Gholdengo|Gholdengo, tera:Normal|100/100
|
|-heal|p1a: Great Tusk|43/100|[from] item: Leftovers
|upkeep
|turn|23
|
|t:|1757790694
|switch|p2a: Great Tusk|Great Tusk|100/100
|move|p1a: Great Tusk|Headlong Rush|p2a: Great Tusk
|-damage|p2a: Great Tusk|62/100
|-unboost|p1a: Great Tusk|def|1
|-unboost|p1a: Great Tusk|spd|1
|
|-heal|p1a: Great Tusk|50/100|[from] item: Leftovers
|upkeep
|turn|24
|
|t:|1757790705
|move|p2a: Great Tusk|Knock Off|p1a: Great Tusk
|-resisted|p1a: Great Tusk
|-damage|p1a: Great Tusk|36/100
|-enditem|p1a: Great Tusk|Leftovers|[from] move: Knock Off|[of] p2a: Great Tusk
|move|p1a: Great Tusk|Rapid Spin|p2a: Great Tusk
|-damage|p2a: Great Tusk|52/100
|-boost|p1a: Great Tusk|spe|1
|-sideend|p1: depguy|Spikes|[from] move: Rapid Spin|[of] p1a: Great Tusk
|
|upkeep
|turn|25
|inactive|depguy has 120 seconds left.
|
|t:|1757790736
|-end|p1a: Great Tusk|Protosynthesis|[silent]
|switch|p1a: Dragapult|Dragapult, F|84/100
|move|p2a: Great Tusk|Ice Spinner|p1a: Dragapult
|-supereffective|p1a: Dragapult
|-damage|p1a: Dragapult|11/100
|
|upkeep
|turn|26
|
|t:|1757790753
|move|p1a: Dragapult|Draco Meteor|p2a: Great Tusk
|-crit|p2a: Great Tusk
|-damage|p2a: Great Tusk|0 fnt
|-unboost|p1a: Dragapult|spa|2
|faint|p2a: Great Tusk
|-end|p2a: Great Tusk|Protosynthesis|[silent]
|
|upkeep
|
|t:|1757790759
|switch|p2a: Gholdengo|Gholdengo, tera:Normal|100/100
|turn|27
|-message|depguy forfeited.
|
|win|Mortifi
|raw|depguy's rating: 1640 &rarr; <strong>1628</strong><br />(-12 for losing)
|raw|Mortifi's rating: 1783 &rarr; <strong>1795</strong><br />(+12 for winning)
|l|☆depguy
|player|p1|
|l|☆Mortifi
|player|p2|
