|j|☆diav
|j|☆YumeKasumi76
|t:|1757955054
|gametype|singles
|player|p1|diav|artist-gen4|1499
|player|p2|YumeKasumi76|102|1433
|gen|9
|tier|[Gen 9] OU
|rated|
|rule|HP Percentage Mod: HP is shown in percentages
|rule|Endless Battle Clause: Forcing endless battles is banned
|rule|Species Clause: Limit one of each Pokémon
|rule|OHKO Clause: OHKO moves are banned
|rule|Evasion Items Clause: Evasion items are banned
|rule|Evasion Moves Clause: Evasion moves are banned
|rule|Evasion Abilities Clause: Evasion abilities are banned
|rule|Sleep Moves Clause: Sleep-inducing moves are banned
|clearpoke
|poke|p1|Keldeo|
|poke|p1|Iron Treads|
|poke|p1|Slowking-Galar, M|
|poke|p1|Iron Valiant|
|poke|p1|Sinistcha|
|poke|p1|Weavile, F|
|poke|p2|Cobalion|
|poke|p2|Weezing-Galar, M|
|poke|p2|Lokix, F|
|poke|p2|Arboliva, M|
|poke|p2|Ceruledge, F|
|poke|p2|Latios, M|
|teampreview
|inactive|Battle timer is ON: inactive players will automatically lose when time's up. (requested by diav)
|
|t:|1757955059
|teamsize|p1|6
|teamsize|p2|6
|start
|switch|p1a: Iron Valiant|Iron Valiant|100/100
|switch|p2a: Iverson|Latios, M|100/100
|turn|1
|
|t:|1757955072
|-end|p1a: Iron Valiant|Quark Drive|[silent]
|switch|p1a: Headass|Slowking-Galar, M|100/100
|move|p2a: Iverson|Luster Purge|p1a: Headass
|-damage|p1a: Headass|71/100
|
|upkeep
|turn|2
|
|t:|1757955080
|switch|p2a: Satsuki|Lokix, F, shiny|100/100
|-prepare|p1a: Headass|Chilly Reception|[premajor]
|move|p1a: Headass|Chilly Reception|p1a: Headass
|-weather|Snowscape
|
|t:|1757955082
|switch|p1a: Iron Valiant|Iron Valiant|100/100|[from] Chilly Reception
|
|-weather|Snowscape|[upkeep]
|upkeep
|turn|3
|
|t:|1757955087
|switch|p2a: M'affald|Weezing-Galar, M|100/100
|-ability|p2a: M'affald|Neutralizing Gas
|move|p1a: Iron Valiant|Moonblast|p2a: M'affald
|-resisted|p2a: M'affald
|-damage|p2a: M'affald|54/100
|-unboost|p2a: M'affald|spa|1
|
|-weather|Snowscape|[upkeep]
|upkeep
|turn|4
|
|t:|1757955095
|-end|p1a: Iron Valiant|Quark Drive|[silent]
|switch|p1a: Headass|Slowking-Galar, M|100/100
|move|p2a: M'affald|Pain Split|p1a: Headass
|-sethp|p1a: Headass|73/100|[from] move: Pain Split|[silent]
|-sethp|p2a: M'affald|86/100|[from] move: Pain Split
|
|-weather|Snowscape|[upkeep]
|upkeep
|turn|5
|
|t:|1757955104
|-end|p2a: M'affald|ability: Neutralizing Gas
|switch|p2a: Jalter|Ceruledge, F|100/100
|move|p1a: Headass|Future Sight|p2a: Jalter
|-start|p1a: Headass|move: Future Sight
|
|-weather|Snowscape|[upkeep]
|upkeep
|turn|6
|
|t:|1757955111
|move|p2a: Jalter|Poltergeist|p1a: Headass
|-activate|p1a: Headass|move: Poltergeist|Heavy-Duty Boots
|-supereffective|p1a: Headass
|-damage|p1a: Headass|0 fnt
|faint|p1a: Headass
|
|-weather|none
|upkeep
|
|t:|1757955117
|switch|p1a: Dumbass Horse|Keldeo|100/100
|turn|7
|
|t:|1757955136
|move|p1a: Dumbass Horse|Surf|p2a: Jalter
|-supereffective|p2a: Jalter
|-damage|p2a: Jalter|27/100
|move|p2a: Jalter|Poltergeist|p1a: Dumbass Horse
|-activate|p1a: Dumbass Horse|move: Poltergeist|Heavy-Duty Boots
|-damage|p1a: Dumbass Horse|49/100
|
|-end|p2a: Jalter|move: Future Sight
|-damage|p2a: Jalter|0 fnt
|faint|p2a: Jalter
|upkeep
|
|t:|1757955146
|switch|p2a: Iverson|Latios, M|100/100
|turn|8
|
|t:|1757955151
|switch|p1a: Rags to Riches|Iron Treads|100/100
|move|p2a: Iverson|Flip Turn|p1a: Rags to Riches
|-supereffective|p1a: Rags to Riches
|-damage|p1a: Rags to Riches|82/100
|
|t:|1757955160
|switch|p2a: Ironhyde|Cobalion|100/100|[from] Flip Turn
|
|-heal|p1a: Rags to Riches|88/100|[from] item: Leftovers
|upkeep
|turn|9
|
|t:|1757955165
|-end|p1a: Rags to Riches|Quark Drive|[silent]
|switch|p1a: Performative|Sinistcha|100/100
|move|p2a: Ironhyde|Body Press|p1a: Performative
|-immune|p1a: Performative
|
|upkeep
|turn|10
|
|t:|1757955168
|move|p2a: Ironhyde|Stealth Rock|p1a: Performative
|-sidestart|p1: diav|move: Stealth Rock
|move|p1a: Performative|Calm Mind|p1a: Performative
|-boost|p1a: Performative|spa|1
|-boost|p1a: Performative|spd|1
|
|upkeep
|turn|11
|
|t:|1757955173
|move|p2a: Ironhyde|Volt Switch|p1a: Performative
|-resisted|p1a: Performative
|-damage|p1a: Performative|95/100
|
|t:|1757955176
|switch|p2a: Satsuki|Lokix, F, shiny|100/100|[from] Volt Switch
|move|p1a: Performative|Calm Mind|p1a: Performative
|-boost|p1a: Performative|spa|1
|-boost|p1a: Performative|spd|1
|
|upkeep
|turn|12
|
|t:|1757955181
|move|p2a: Satsuki|U-turn|p1a: Performative
|-damage|p1a: Performative|63/100
|
|t:|1757955190
|switch|p2a: Iverson|Latios, M|100/100|[from] U-turn
|move|p1a: Performative|Strength Sap|p2a: Iverson
|-unboost|p2a: Iverson|atk|1
|-heal|p1a: Performative|100/100
|
|upkeep
|turn|13
|
|t:|1757955198
|move|p2a: Iverson|Trick|p1a: Performative
|-activate|p2a: Iverson|move: Trick|[of] p1a: Performative
|-item|p1a: Performative|Choice Scarf|[from] move: Trick
|-item|p2a: Iverson|Heavy-Duty Boots|[from] move: Trick
|move|p1a: Performative|Shadow Ball|p2a: Iverson
|-supereffective|p2a: Iverson
|-damage|p2a: Iverson|0 fnt
|faint|p2a: Iverson
|
|upkeep
|
|t:|1757955204
|switch|p2a: Pantheon|Arboliva, M|100/100
|turn|14
|
|t:|1757955208
|switch|p1a: I.C.E|Weavile, F|100/100
|-damage|p1a: I.C.E|76/100|[from] Stealth Rock
|-ability|p1a: I.C.E|Pressure
|switch|p2a: Satsuki|Lokix, F, shiny|100/100
|
|upkeep
|turn|15
|
|t:|1757955212
|switch|p1a: Iron Valiant|Iron Valiant|100/100
|-damage|p1a: Iron Valiant|94/100|[from] Stealth Rock
|move|p2a: Satsuki|U-turn|p1a: Iron Valiant
|-resisted|p1a: Iron Valiant
|-damage|p1a: Iron Valiant|62/100
|
|t:|1757955215
|switch|p2a: M'affald|Weezing-Galar, M|86/100|[from] U-turn
|-ability|p2a: M'affald|Neutralizing Gas
|
|upkeep
|turn|16
|
|t:|1757955221
|-end|p1a: Iron Valiant|Quark Drive|[silent]
|switch|p1a: Rags to Riches|Iron Treads|88/100
|-damage|p1a: Rags to Riches|85/100|[from] Stealth Rock
|move|p2a: M'affald|Will-O-Wisp|p1a: Rags to Riches
|-status|p1a: Rags to Riches|brn
|
|-heal|p1a: Rags to Riches|91/100 brn|[from] item: Leftovers
|-damage|p1a: Rags to Riches|85/100 brn|[from] brn
|upkeep
|turn|17
|
|t:|1757955225
|-end|p2a: M'affald|ability: Neutralizing Gas
|switch|p2a: Ironhyde|Cobalion|100/100
|move|p1a: Rags to Riches|Rapid Spin|p2a: Ironhyde
|-resisted|p2a: Ironhyde
|-damage|p2a: Ironhyde|98/100
|-boost|p1a: Rags to Riches|spe|1
|-damage|p1a: Rags to Riches|68/100 brn|[from] item: Rocky Helmet|[of] p2a: Ironhyde
|-sideend|p1: diav|Stealth Rock|[from] move: Rapid Spin|[of] p1a: Rags to Riches
|
|-heal|p1a: Rags to Riches|74/100 brn|[from] item: Leftovers
|-damage|p1a: Rags to Riches|68/100 brn|[from] brn
|upkeep
|turn|18
|
|t:|1757955237
|-end|p1a: Rags to Riches|Quark Drive|[silent]
|switch|p1a: Performative|Sinistcha|100/100
|move|p2a: Ironhyde|Stealth Rock|p1a: Performative
|-sidestart|p1: diav|move: Stealth Rock
|
|upkeep
|turn|19
|
|t:|1757955242
|move|p2a: Ironhyde|Volt Switch|p1a: Performative
|-resisted|p1a: Performative
|-damage|p1a: Performative|92/100
|
|t:|1757955245
|switch|p2a: Pantheon|Arboliva, M|100/100|[from] Volt Switch
|move|p1a: Performative|Matcha Gotcha|p2a: Pantheon
|-resisted|p2a: Pantheon
|-damage|p2a: Pantheon|92/100
|-heal|p1a: Performative|97/100|[from] drain|[of] p2a: Pantheon
|-status|p2a: Pantheon|brn
|-fieldstart|move: Grassy Terrain|[from] ability: Seed Sower|[of] p2a: Pantheon
|
|-heal|p1a: Performative|100/100|[from] Grassy Terrain
|-heal|p2a: Pantheon|98/100 brn|[from] Grassy Terrain
|-damage|p2a: Pantheon|92/100 brn|[from] brn
|upkeep
|turn|20
|
|t:|1757955253
|move|p1a: Performative|Matcha Gotcha|p2a: Pantheon
|-resisted|p2a: Pantheon
|-damage|p2a: Pantheon|81/100 brn
|move|p2a: Pantheon|Giga Drain|p1a: Performative
|-resisted|p1a: Performative
|-damage|p1a: Performative|73/100
|-heal|p2a: Pantheon|95/100 brn|[from] drain|[of] p1a: Performative
|
|-heal|p1a: Performative|79/100|[from] Grassy Terrain
|-heal|p2a: Pantheon|100/100 brn|[from] Grassy Terrain
|-damage|p2a: Pantheon|94/100 brn|[from] brn
|upkeep
|turn|21
|
|t:|1757955260
|move|p1a: Performative|Matcha Gotcha|p2a: Pantheon
|-resisted|p2a: Pantheon
|-damage|p2a: Pantheon|83/100 brn
|-heal|p1a: Performative|85/100|[from] drain|[of] p2a: Pantheon
|move|p2a: Pantheon|Giga Drain|p1a: Performative
|-resisted|p1a: Performative
|-damage|p1a: Performative|56/100
|-heal|p2a: Pantheon|97/100 brn|[from] drain|[of] p1a: Performative
|
|-heal|p1a: Performative|62/100|[from] Grassy Terrain
|-heal|p2a: Pantheon|100/100 brn|[from] Grassy Terrain
|-damage|p2a: Pantheon|94/100 brn|[from] brn
|upkeep
|turn|22
|
|t:|1757955271
|move|p1a: Performative|Matcha Gotcha|p2a: Pantheon
|-resisted|p2a: Pantheon
|-damage|p2a: Pantheon|84/100 brn
|-heal|p1a: Performative|68/100|[from] drain|[of] p2a: Pantheon
|move|p2a: Pantheon|Tera Blast|p1a: Performative
|-immune|p1a: Performative
|
|-heal|p1a: Performative|74/100|[from] Grassy Terrain
|-heal|p2a: Pantheon|90/100 brn|[from] Grassy Terrain
|-damage|p2a: Pantheon|84/100 brn|[from] brn
|upkeep
|turn|23
|
|t:|1757955278
|move|p1a: Performative|Matcha Gotcha|p2a: Pantheon|[miss]
|-miss|p1a: Performative|p2a: Pantheon
|move|p2a: Pantheon|Giga Drain|p1a: Performative
|-resisted|p1a: Performative
|-damage|p1a: Performative|46/100
|-heal|p2a: Pantheon|97/100 brn|[from] drain|[of] p1a: Performative
|
|-heal|p1a: Performative|52/100|[from] Grassy Terrain
|-heal|p2a: Pantheon|100/100 brn|[from] Grassy Terrain
|-damage|p2a: Pantheon|94/100 brn|[from] brn
|-fieldend|move: Grassy Terrain
|upkeep
|turn|24
|
|t:|1757955285
|switch|p1a: Rags to Riches|Iron Treads|68/100 brn
|-damage|p1a: Rags to Riches|66/100 brn|[from] Stealth Rock
|move|p2a: Pantheon|Giga Drain|p1a: Rags to Riches
|-damage|p1a: Rags to Riches|37/100 brn
|-heal|p2a: Pantheon|100/100 brn|[from] drain|[of] p1a: Rags to Riches
|
|-heal|p1a: Rags to Riches|43/100 brn|[from] item: Leftovers
|-damage|p1a: Rags to Riches|37/100 brn|[from] brn
|-damage|p2a: Pantheon|94/100 brn|[from] brn
|upkeep
|turn|25
|
|t:|1757955294
|switch|p2a: Ironhyde|Cobalion|98/100
|move|p1a: Rags to Riches|Rapid Spin|p2a: Ironhyde
|-resisted|p2a: Ironhyde
|-crit|p2a: Ironhyde
|-damage|p2a: Ironhyde|95/100
|-boost|p1a: Rags to Riches|spe|1
|-damage|p1a: Rags to Riches|21/100 brn|[from] item: Rocky Helmet|[of] p2a: Ironhyde
|-sideend|p1: diav|Stealth Rock|[from] move: Rapid Spin|[of] p1a: Rags to Riches
|
|-heal|p1a: Rags to Riches|27/100 brn|[from] item: Leftovers
|-damage|p1a: Rags to Riches|21/100 brn|[from] brn
|upkeep
|turn|26
|
|t:|1757955302
|-end|p1a: Rags to Riches|Quark Drive|[silent]
|switch|p1a: Iron Valiant|Iron Valiant|62/100
|move|p2a: Ironhyde|Stealth Rock|p1a: Iron Valiant
|-sidestart|p1: diav|move: Stealth Rock
|
|upkeep
|turn|27
|
|t:|1757955308
|move|p1a: Iron Valiant|Moonblast|p2a: Ironhyde
|-damage|p2a: Ironhyde|9/100
|move|p2a: Ironhyde|Volt Switch|p1a: Iron Valiant
|-damage|p1a: Iron Valiant|35/100
|
|t:|1757955314
|switch|p2a: M'affald|Weezing-Galar, M|86/100|[from] Volt Switch
|-ability|p2a: M'affald|Neutralizing Gas
|
|upkeep
|turn|28
|
|t:|1757955318
|move|p1a: Iron Valiant|Moonblast|p2a: M'affald
|-resisted|p2a: M'affald
|-damage|p2a: M'affald|40/100
|-unboost|p2a: M'affald|spa|1
|move|p2a: M'affald|Sludge Bomb|p1a: Iron Valiant
|-supereffective|p1a: Iron Valiant
|-damage|p1a: Iron Valiant|0 fnt
|faint|p1a: Iron Valiant
|-end|p1a: Iron Valiant|Quark Drive|[silent]
|
|upkeep
|
|t:|1757955324
|switch|p1a: Dumbass Horse|Keldeo|49/100
|turn|29
|
|t:|1757955330
|move|p1a: Dumbass Horse|Surf|p2a: M'affald
|-damage|p2a: M'affald|0 fnt
|faint|p2a: M'affald
|-end|p2a: M'affald|ability: Neutralizing Gas
|
|upkeep
|
|t:|1757955331
|switch|p2a: Pantheon|Arboliva, M|94/100 brn
|turn|30
|
|t:|1757955335
|move|p1a: Dumbass Horse|Aura Sphere|p2a: Pantheon
|-supereffective|p2a: Pantheon
|-crit|p2a: Pantheon
|-damage|p2a: Pantheon|26/100 brn
|-fieldstart|move: Grassy Terrain|[from] ability: Seed Sower|[of] p2a: Pantheon
|move|p2a: Pantheon|Giga Drain|p1a: Dumbass Horse
|-supereffective|p1a: Dumbass Horse
|-damage|p1a: Dumbass Horse|0 fnt
|-heal|p2a: Pantheon|48/100 brn|[from] drain|[of] p1a: Dumbass Horse
|faint|p1a: Dumbass Horse
|
|-heal|p2a: Pantheon|54/100 brn|[from] Grassy Terrain
|-damage|p2a: Pantheon|48/100 brn|[from] brn
|upkeep
|
|t:|1757955343
|switch|p1a: Rags to Riches|Iron Treads|21/100 brn
|-damage|p1a: Rags to Riches|18/100 brn|[from] Stealth Rock
|turn|31
|
|t:|1757955348
|switch|p2a: Ironhyde|Cobalion|9/100
|move|p1a: Rags to Riches|Ice Spinner|p2a: Ironhyde
|-resisted|p2a: Ironhyde
|-damage|p2a: Ironhyde|5/100
|-damage|p1a: Rags to Riches|1/100 brn|[from] item: Rocky Helmet|[of] p2a: Ironhyde
|-fieldend|move: Grassy Terrain
|
|-heal|p1a: Rags to Riches|7/100 brn|[from] item: Leftovers
|-damage|p1a: Rags to Riches|1/100 brn|[from] brn
|upkeep
|turn|32
|
|t:|1757955360
|move|p2a: Ironhyde|Body Press|p1a: Rags to Riches
|-supereffective|p1a: Rags to Riches
|-damage|p1a: Rags to Riches|0 fnt
|faint|p1a: Rags to Riches
|-end|p1a: Rags to Riches|Quark Drive|[silent]
|
|upkeep
|
|t:|1757955369
|switch|p1a: I.C.E|Weavile, F|76/100
|-damage|p1a: I.C.E|51/100|[from] Stealth Rock
|-ability|p1a: I.C.E|Pressure
|turn|33
|
|t:|1757955380
|switch|p2a: Satsuki|Lokix, F, shiny|100/100
|move|p1a: I.C.E|Triple Axel|p2a: Satsuki
|-damage|p2a: Satsuki|78/100
|-damage|p2a: Satsuki|33/100
|-damage|p2a: Satsuki|0 fnt
|faint|p2a: Satsuki
|-hitcount|p2: Satsuki|3
|
|upkeep
|-message|YumeKasumi76 forfeited.
|
|win|diav
|raw|diav's rating: 1499 &rarr; <strong>1515</strong><br />(+16 for winning)
|raw|YumeKasumi76's rating: 1433 &rarr; <strong>1417</strong><br />(-16 for losing)
|l|☆YumeKasumi76
|player|p2|
|l|☆diav
|player|p1|
