|j|☆lupiit
|j|☆asahi 3
|t:|1757914190
|gametype|singles
|player|p1|lupiit|dragontamer|1502
|player|p2|asahi 3|fantina|1578
|gen|9
|tier|[Gen 9] OU
|rated|
|rule|HP Percentage Mod: HP is shown in percentages
|rule|Endless Battle Clause: Forcing endless battles is banned
|rule|Species Clause: Limit one of each Pokémon
|rule|OHKO Clause: OHKO moves are banned
|rule|Evasion Items Clause: Evasion items are banned
|rule|Evasion Moves Clause: Evasion moves are banned
|rule|Evasion Abilities Clause: Evasion abilities are banned
|rule|Sleep Moves Clause: Sleep-inducing moves are banned
|clearpoke
|poke|p1|Scizor, F|
|poke|p1|Mew|
|poke|p1|Raging Bolt|
|poke|p1|Cinderace, M|
|poke|p1|Ogerpon-Wellspring, F|
|poke|p1|Forretress, M|
|poke|p2|Glimmora, F|
|poke|p2|Gholdengo|
|poke|p2|Dragapult, F|
|poke|p2|Iron Valiant|
|poke|p2|Kingambit, M|
|poke|p2|Dondozo, M|
|teampreview
|inactive|Battle timer is ON: inactive players will automatically lose when time's up. (requested by asahi 3)
|
|t:|1757914204
|teamsize|p1|6
|teamsize|p2|6
|start
|switch|p1a: Forretress|Forretress, M|100/100
|switch|p2a: Gholdengo|Gholdengo|100/100
|-item|p2a: Gholdengo|Air Balloon
|turn|1
|
|t:|1757914209
|switch|p1a: Raging Bolt|Raging Bolt|100/100
|move|p2a: Gholdengo|Shadow Ball|p1a: Raging Bolt
|-damage|p1a: Raging Bolt|54/100
|
|upkeep
|turn|2
|inactive|asahi 3 has 120 seconds left.
|inactive|asahi 3 has 90 seconds left.
|inactive|asahi 3 has 60 seconds left.
|
|t:|1757914318
|move|p1a: Raging Bolt|Volt Switch|p2a: Gholdengo
|-crit|p2a: Gholdengo
|-damage|p2a: Gholdengo|42/100
|-enditem|p2a: Gholdengo|Air Balloon
|
|t:|1757914325
|-end|p1a: Raging Bolt|Protosynthesis|[silent]
|switch|p1a: Mew|Mew|100/100|[from] Volt Switch
|move|p2a: Gholdengo|Shadow Ball|p1a: Mew
|-supereffective|p1a: Mew
|-damage|p1a: Mew|26/100
|
|upkeep
|turn|3
|
|t:|1757914329
|move|p1a: Mew|Light Screen|p1a: Mew
|-sidestart|p1: lupiit|move: Light Screen
|move|p2a: Gholdengo|Recover|p2a: Gholdengo
|-heal|p2a: Gholdengo|92/100
|
|upkeep
|turn|4
|
|t:|1757914332
|move|p1a: Mew|Reflect|p1a: Mew
|-sidestart|p1: lupiit|Reflect
|move|p2a: Gholdengo|Nasty Plot|p2a: Gholdengo
|-boost|p2a: Gholdengo|spa|2
|
|upkeep
|turn|5
|
|t:|1757914335
|switch|p1a: Cinderace|Cinderace, M|100/100
|move|p2a: Gholdengo|Shadow Ball|p1a: Cinderace
|-damage|p1a: Cinderace|31/100
|
|upkeep
|turn|6
|c|☆lupiit|tryhard
|
|t:|1757914340
|switch|p2a: Dragapult|Dragapult, F|100/100
|move|p1a: Cinderace|Pyro Ball|p2a: Dragapult
|-resisted|p2a: Dragapult
|-damage|p2a: Dragapult|65/100
|-status|p2a: Dragapult|brn
|
|-damage|p2a: Dragapult|59/100 brn|[from] brn
|upkeep
|turn|7
|
|t:|1757914345
|move|p1a: Cinderace|Sucker Punch|p2a: Dragapult
|-start|p1a: Cinderace|typechange|Dark|[from] ability: Libero
|-supereffective|p2a: Dragapult
|-damage|p2a: Dragapult|0 fnt
|faint|p2a: Dragapult
|
|upkeep
|
|t:|1757914348
|switch|p2a: Glimmora|Glimmora, F|100/100
|turn|8
|
|t:|1757914354
|switch|p1a: Raging Bolt|Raging Bolt|54/100
|move|p2a: Glimmora|Power Gem|p1a: Raging Bolt
|-damage|p1a: Raging Bolt|35/100
|
|upkeep
|turn|9
|inactive|asahi 3 has 120 seconds left.
|
|t:|1757914360
|move|p2a: Glimmora|Mortal Spin|p1a: Raging Bolt
|-damage|p1a: Raging Bolt|32/100
|-status|p1a: Raging Bolt|psn
|move|p1a: Raging Bolt|Volt Switch|p2a: Glimmora
|-damage|p2a: Glimmora|48/100
|
|t:|1757914365
|-end|p1a: Raging Bolt|Protosynthesis|[silent]
|switch|p1a: Scizor|Scizor, F|100/100|[from] Volt Switch
|
|upkeep
|turn|10
|
|t:|1757914370
|switch|p2a: Gholdengo|Gholdengo|92/100
|move|p1a: Scizor|Bullet Punch|p2a: Gholdengo
|-resisted|p2a: Gholdengo
|-damage|p2a: Gholdengo|72/100
|-damage|p1a: Scizor|91/100|[from] item: Life Orb
|
|-sideend|p1: lupiit|move: Light Screen
|upkeep
|turn|11
|
|t:|1757914378
|move|p1a: Scizor|Swords Dance|p1a: Scizor
|-boost|p1a: Scizor|atk|2
|move|p2a: Gholdengo|Shadow Ball|p1a: Scizor
|-damage|p1a: Scizor|20/100
|
|-sideend|p1: lupiit|Reflect
|upkeep
|turn|12
|
|t:|1757914389
|switch|p2a: Dondozo|Dondozo, M|100/100
|move|p1a: Scizor|Knock Off|p2a: Dondozo
|-damage|p2a: Dondozo|77/100
|-enditem|p2a: Dondozo|Leftovers|[from] move: Knock Off|[of] p1a: Scizor
|-damage|p1a: Scizor|10/100|[from] item: Life Orb
|
|upkeep
|turn|13
|
|t:|1757914394
|switch|p1a: Ogerpon|Ogerpon-Wellspring, F|100/100
|move|p2a: Dondozo|Waterfall|p1a: Ogerpon
|-immune|p1a: Ogerpon|[from] ability: Water Absorb
|
|upkeep
|turn|14
|
|t:|1757914399
|switch|p2a: Kingambit|Kingambit, M|100/100
|-activate|p2a: Kingambit|ability: Supreme Overlord
|-start|p2a: Kingambit|fallen1|[silent]
|move|p1a: Ogerpon|Ivy Cudgel|p2a: Kingambit|[anim] Ivy Cudgel Water
|-damage|p2a: Kingambit|56/100
|
|-heal|p2a: Kingambit|62/100|[from] item: Leftovers
|upkeep
|turn|15
|
|t:|1757914404
|-terastallize|p1a: Ogerpon|Water
|detailschange|p1a: Ogerpon|Ogerpon-Wellspring-Tera, F, tera:Water
|-ability|p1a: Ogerpon|Embody Aspect (Wellspring)|boost
|-boost|p1a: Ogerpon|spd|1
|move|p1a: Ogerpon|Ivy Cudgel|p2a: Kingambit|[anim] Ivy Cudgel Water
|-damage|p2a: Kingambit|5/100
|move|p2a: Kingambit|Kowtow Cleave|p1a: Ogerpon
|-damage|p1a: Ogerpon|24/100
|
|-heal|p2a: Kingambit|11/100|[from] item: Leftovers
|upkeep
|turn|16
|
|t:|1757914407
|move|p2a: Kingambit|Sucker Punch||[still]
|-fail|p2a: Kingambit
|move|p1a: Ogerpon|Encore|p2a: Kingambit
|-start|p2a: Kingambit|Encore
|
|-heal|p2a: Kingambit|17/100|[from] item: Leftovers
|upkeep
|turn|17
|
|t:|1757914411
|-end|p2a: Kingambit|fallen1|[silent]
|switch|p2a: Glimmora|Glimmora, F|48/100
|move|p1a: Ogerpon|Swords Dance|p1a: Ogerpon
|-boost|p1a: Ogerpon|atk|2
|
|upkeep
|turn|18
|
|t:|1757914414
|switch|p2a: Kingambit|Kingambit, M|17/100
|-activate|p2a: Kingambit|ability: Supreme Overlord
|-start|p2a: Kingambit|fallen1|[silent]
|move|p1a: Ogerpon|Ivy Cudgel|p2a: Kingambit|[anim] Ivy Cudgel Water
|-damage|p2a: Kingambit|0 fnt
|faint|p2a: Kingambit
|-end|p2a: Kingambit|fallen1|[silent]
|
|upkeep
|
|t:|1757914415
|switch|p2a: Iron Valiant|Iron Valiant|100/100
|-enditem|p2a: Iron Valiant|Booster Energy
|-activate|p2a: Iron Valiant|ability: Quark Drive|[fromitem]
|-start|p2a: Iron Valiant|quarkdrivespe
|turn|19
|
|t:|1757914419
|switch|p1a: Raging Bolt|Raging Bolt|32/100 psn
|move|p2a: Iron Valiant|Close Combat|p1a: Raging Bolt
|-damage|p1a: Raging Bolt|0 fnt
|-unboost|p2a: Iron Valiant|def|1
|-unboost|p2a: Iron Valiant|spd|1
|faint|p1a: Raging Bolt
|-end|p1a: Raging Bolt|Protosynthesis|[silent]
|
|upkeep
|
|t:|1757914421
|switch|p1a: Scizor|Scizor, F|10/100
|turn|20
|j| Mao Is Pro
|
|t:|1757914433
|-end|p2a: Iron Valiant|Quark Drive|[silent]
|switch|p2a: Dondozo|Dondozo, M|77/100
|move|p1a: Scizor|Bullet Punch|p2a: Dondozo
|-resisted|p2a: Dondozo
|-damage|p2a: Dondozo|67/100
|-damage|p1a: Scizor|0 fnt|[from] item: Life Orb
|faint|p1a: Scizor
|
|upkeep
|
|t:|1757914438
|switch|p1a: Mew|Mew|26/100
|turn|21
|
|t:|1757914444
|switch|p2a: Glimmora|Glimmora, F|48/100
|move|p1a: Mew|Toxic|p2a: Glimmora
|-immune|p2a: Glimmora
|
|upkeep
|turn|22
|
|t:|1757914450
|switch|p1a: Cinderace|Cinderace, M|31/100
|move|p2a: Glimmora|Power Gem|p1a: Cinderace
|-supereffective|p1a: Cinderace
|-damage|p1a: Cinderace|0 fnt
|faint|p1a: Cinderace
|
|upkeep
|
|t:|1757914452
|switch|p1a: Ogerpon|Ogerpon-Wellspring-Tera, F, tera:Water|24/100
|-ability|p1a: Ogerpon|Embody Aspect (Wellspring)|boost
|-boost|p1a: Ogerpon|spd|1
|turn|23
|
|t:|1757914457
|switch|p2a: Gholdengo|Gholdengo|72/100
|move|p1a: Ogerpon|Ivy Cudgel|p2a: Gholdengo|[anim] Ivy Cudgel Water
|-damage|p2a: Gholdengo|3/100
|
|upkeep
|turn|24
|
|t:|1757914459
|move|p1a: Ogerpon|Ivy Cudgel|p2a: Gholdengo|[anim] Ivy Cudgel Water
|-damage|p2a: Gholdengo|0 fnt
|faint|p2a: Gholdengo
|
|upkeep
|
|t:|1757914461
|switch|p2a: Iron Valiant|Iron Valiant|100/100
|turn|25
|
|t:|1757914465
|switch|p1a: Mew|Mew|26/100
|move|p2a: Iron Valiant|Close Combat|p1a: Mew
|-resisted|p1a: Mew
|-damage|p1a: Mew|0 fnt
|-unboost|p2a: Iron Valiant|def|1
|-unboost|p2a: Iron Valiant|spd|1
|faint|p1a: Mew
|
|upkeep
|
|t:|1757914467
|switch|p1a: Forretress|Forretress, M|100/100
|turn|26
|
|t:|1757914470
|-end|p2a: Iron Valiant|Quark Drive|[silent]
|switch|p2a: Glimmora|Glimmora, F|48/100
|move|p1a: Forretress|Gyro Ball|p2a: Glimmora
|-supereffective|p2a: Glimmora
|-damage|p2a: Glimmora|0 fnt
|-activate|p2a: Glimmora|ability: Toxic Debris
|-sidestart|p1: lupiit|move: Toxic Spikes
|faint|p2a: Glimmora
|
|upkeep
|
|t:|1757914474
|switch|p2a: Dondozo|Dondozo, M|67/100
|turn|27
|
|t:|1757914477
|switch|p1a: Ogerpon|Ogerpon-Wellspring-Tera, F, tera:Water|24/100
|-status|p1a: Ogerpon|psn
|-ability|p1a: Ogerpon|Embody Aspect (Wellspring)|boost
|-boost|p1a: Ogerpon|spd|1
|move|p2a: Dondozo|Curse|p2a: Dondozo
|-unboost|p2a: Dondozo|spe|1
|-boost|p2a: Dondozo|atk|1
|-boost|p2a: Dondozo|def|1
|
|-damage|p1a: Ogerpon|11/100 psn|[from] psn
|upkeep
|turn|28
|
|t:|1757914484
|move|p1a: Ogerpon|Encore|p2a: Dondozo
|-start|p2a: Dondozo|Encore
|move|p2a: Dondozo|Curse|p2a: Dondozo
|-unboost|p2a: Dondozo|spe|1
|-boost|p2a: Dondozo|atk|1
|-boost|p2a: Dondozo|def|1
|
|-damage|p1a: Ogerpon|0 fnt|[from] psn
|faint|p1a: Ogerpon
|detailschange|p1: Ogerpon|Ogerpon-Wellspring, F|[silent]
|upkeep
|
|t:|1757914486
|switch|p1a: Forretress|Forretress, M|100/100
|turn|29
|-message|lupiit forfeited.
|
|win|asahi 3
|raw|lupiit's rating: 1502 &rarr; <strong>1486</strong><br />(-16 for losing)
|raw|asahi 3's rating: 1578 &rarr; <strong>1594</strong><br />(+16 for winning)
|l|☆lupiit
|player|p1|
|l|☆asahi 3
|player|p2|
|j|☆asahi 3
|player|p2|asahi 3|fantina|
