|j|☆comboyzzz
|j|☆Randompina
|t:|1757911268
|gametype|singles
|player|p1|comboyzzz|brock|1229
|player|p2|Randompina|doctor|1191
|gen|9
|tier|[Gen 9] OU
|rated|
|rule|HP Percentage Mod: HP is shown in percentages
|rule|Endless Battle Clause: Forcing endless battles is banned
|rule|Species Clause: Limit one of each Pokémon
|rule|OHKO Clause: OHKO moves are banned
|rule|Evasion Items Clause: Evasion items are banned
|rule|Evasion Moves Clause: Evasion moves are banned
|rule|Evasion Abilities Clause: Evasion abilities are banned
|rule|Sleep Moves Clause: Sleep-inducing moves are banned
|clearpoke
|poke|p1|Araquanid, M|
|poke|p1|Hawlucha, F|
|poke|p1|Hatterene, F|
|poke|p1|Porygon2|
|poke|p1|Krookodile, M|
|poke|p1|Dragapult, F|
|poke|p2|Malamar, F|
|poke|p2|Ninetales-Alola, M|
|poke|p2|Enamorus, F|
|poke|p2|Hydrapple, M|
|poke|p2|Great Tusk|
|poke|p2|Zoroark-Hisui, M|
|teampreview
|inactive|Battle timer is ON: inactive players will automatically lose when time's up. (requested by comboyzzz)
|
|t:|1757911288
|teamsize|p1|6
|teamsize|p2|6
|start
|switch|p1a: Dragapult|Dragapult, F|100/100
|switch|p2a: Enamorus|Enamorus, F|100/100
|turn|1
|
|t:|1757911300
|move|p1a: Dragapult|U-turn|p2a: Enamorus
|-resisted|p2a: Enamorus
|-damage|p2a: Enamorus|94/100
|
|t:|1757911304
|switch|p1a: Hatterene|Hatterene, F|100/100|[from] U-turn
|move|p2a: Enamorus|Draining Kiss|p1a: Hatterene
|-damage|p1a: Hatterene|70/100
|-heal|p2a: Enamorus|100/100|[from] drain|[of] p1a: Hatterene
|
|-heal|p1a: Hatterene|76/100|[from] item: Leftovers
|upkeep
|turn|2
|
|t:|1757911315
|move|p2a: Enamorus|Mystical Fire|p1a: Hatterene
|-damage|p1a: Hatterene|50/100
|-unboost|p1a: Hatterene|spa|1
|move|p1a: Hatterene|Calm Mind|p1a: Hatterene
|-boost|p1a: Hatterene|spa|1
|-boost|p1a: Hatterene|spd|1
|
|-heal|p1a: Hatterene|56/100|[from] item: Leftovers
|upkeep
|turn|3
|
|t:|1757911326
|move|p2a: Enamorus|Mystical Fire|p1a: Hatterene
|-damage|p1a: Hatterene|39/100
|-unboost|p1a: Hatterene|spa|1
|move|p1a: Hatterene|Mystical Fire|p2a: Enamorus
|-damage|p2a: Enamorus|80/100
|-boost|p2a: Enamorus|spa|1
|
|-heal|p1a: Hatterene|45/100|[from] item: Leftovers
|upkeep
|turn|4
|
|t:|1757911342
|switch|p1a: Porygon2|Porygon2|100/100
|move|p2a: Enamorus|Mystical Fire|p1a: Porygon2
|-damage|p1a: Porygon2|76/100
|-unboost|p1a: Porygon2|spa|1
|
|upkeep
|turn|5
|
|t:|1757911355
|switch|p1a: Araquanid|Araquanid, M|100/100
|move|p2a: Enamorus|Superpower|p1a: Araquanid
|-resisted|p1a: Araquanid
|-damage|p1a: Araquanid|85/100
|-boost|p2a: Enamorus|atk|1
|-boost|p2a: Enamorus|def|1
|
|upkeep
|turn|6
|
|t:|1757911365
|move|p2a: Enamorus|Superpower|p1a: Araquanid
|-resisted|p1a: Araquanid
|-damage|p1a: Araquanid|65/100
|-boost|p2a: Enamorus|atk|1
|-boost|p2a: Enamorus|def|1
|move|p1a: Araquanid|Liquidation|p2a: Enamorus
|-damage|p2a: Enamorus|29/100
|
|upkeep
|turn|7
|
|t:|1757911375
|move|p2a: Enamorus|Draining Kiss|p1a: Araquanid
|-damage|p1a: Araquanid|44/100
|-heal|p2a: Enamorus|48/100|[from] drain|[of] p1a: Araquanid
|move|p1a: Araquanid|Liquidation|p2a: Enamorus
|-damage|p2a: Enamorus|0 fnt
|faint|p2a: Enamorus
|
|upkeep
|
|t:|1757911392
|switch|p2a: Ninetales|Ninetales-Alola, M, shiny|100/100
|-weather|Snowscape|[from] ability: Snow Warning|[of] p2a: Ninetales
|turn|8
|
|t:|1757911399
|move|p2a: Ninetales|Aurora Veil|p2a: Ninetales
|-sidestart|p2: Randompina|move: Aurora Veil
|move|p1a: Araquanid|Liquidation|p2a: Ninetales
|-damage|p2a: Ninetales|68/100
|
|-weather|Snowscape|[upkeep]
|upkeep
|turn|9
|
|t:|1757911407
|switch|p1a: Hatterene|Hatterene, F|45/100
|move|p2a: Ninetales|Moonblast|p1a: Hatterene
|-damage|p1a: Hatterene|5/100
|
|-weather|Snowscape|[upkeep]
|-heal|p1a: Hatterene|11/100|[from] item: Leftovers
|upkeep
|turn|10
|
|t:|1757911418
|move|p2a: Ninetales|Blizzard|p1a: Hatterene
|-damage|p1a: Hatterene|0 fnt
|faint|p1a: Hatterene
|
|-weather|Snowscape|[upkeep]
|upkeep
|
|t:|1757911426
|switch|p1a: Porygon2|Porygon2|76/100
|turn|11
|
|t:|1757911437
|move|p2a: Ninetales|Blizzard|p1a: Porygon2
|-damage|p1a: Porygon2|46/100
|move|p1a: Porygon2|Tri Attack|p2a: Ninetales
|-damage|p2a: Ninetales|38/100
|
|-weather|Snowscape|[upkeep]
|upkeep
|turn|12
|
|t:|1757911445
|move|p2a: Ninetales|Blizzard|p1a: Porygon2
|-damage|p1a: Porygon2|15/100
|move|p1a: Porygon2|Recover|p1a: Porygon2
|-heal|p1a: Porygon2|65/100
|
|-weather|none
|upkeep
|turn|13
|
|t:|1757911454
|switch|p2a: Malamar|Malamar, F|100/100
|move|p1a: Porygon2|Recover|p1a: Porygon2
|-heal|p1a: Porygon2|100/100
|
|upkeep
|turn|14
|
|t:|1757911466
|switch|p1a: Dragapult|Dragapult, F|100/100
|move|p2a: Malamar|Superpower|p1a: Dragapult
|-immune|p1a: Dragapult
|
|upkeep
|turn|15
|
|t:|1757911481
|switch|p2a: Great Tusk|Great Tusk|100/100
|-enditem|p2a: Great Tusk|Booster Energy
|-activate|p2a: Great Tusk|ability: Protosynthesis|[fromitem]
|-start|p2a: Great Tusk|protosynthesisdef
|move|p1a: Dragapult|U-turn|p2a: Great Tusk
|-resisted|p2a: Great Tusk
|-damage|p2a: Great Tusk|97/100
|
|t:|1757911496
|switch|p1a: Krookodile|Krookodile, M|100/100|[from] U-turn
|
|-sideend|p2: Randompina|move: Aurora Veil
|upkeep
|turn|16
|
|t:|1757911507
|move|p1a: Krookodile|Knock Off|p2a: Great Tusk
|-resisted|p2a: Great Tusk
|-damage|p2a: Great Tusk|90/100
|-damage|p1a: Krookodile|91/100|[from] item: Life Orb
|move|p2a: Great Tusk|Body Press|p1a: Krookodile
|-supereffective|p1a: Krookodile
|-damage|p1a: Krookodile|0 fnt
|faint|p1a: Krookodile
|
|upkeep
|
|t:|1757911517
|switch|p1a: Dragapult|Dragapult, F|100/100
|turn|17
|
|t:|1757911523
|move|p1a: Dragapult|Draco Meteor|p2a: Great Tusk
|-damage|p2a: Great Tusk|0 fnt
|-unboost|p1a: Dragapult|spa|2
|faint|p2a: Great Tusk
|-end|p2a: Great Tusk|Protosynthesis|[silent]
|
|upkeep
|
|t:|1757911531
|switch|p2a: Hydrapple|Hydrapple, M, shiny|100/100
|turn|18
|
|t:|1757911537
|switch|p1a: Porygon2|Porygon2|100/100
|move|p2a: Hydrapple|Fickle Beam|p1a: Porygon2
|-damage|p1a: Porygon2|75/100
|
|upkeep
|turn|19
|
|t:|1757911545
|switch|p2a: Ninetales|Ninetales-Alola, M, shiny|38/100
|-weather|Snowscape|[from] ability: Snow Warning|[of] p2a: Ninetales
|move|p1a: Porygon2|Ice Beam|p2a: Ninetales
|-resisted|p2a: Ninetales
|-damage|p2a: Ninetales|18/100
|
|-weather|Snowscape|[upkeep]
|upkeep
|turn|20
|
|t:|1757911556
|move|p2a: Ninetales|Aurora Veil|p2a: Ninetales
|-sidestart|p2: Randompina|move: Aurora Veil
|move|p1a: Porygon2|Tri Attack|p2a: Ninetales
|-damage|p2a: Ninetales|0 fnt
|faint|p2a: Ninetales
|
|-weather|Snowscape|[upkeep]
|upkeep
|
|t:|1757911570
|switch|p2a: Hydrapple|Hydrapple, M, shiny|100/100
|turn|21
|
|t:|1757911574
|move|p2a: Hydrapple|Nasty Plot|p2a: Hydrapple
|-boost|p2a: Hydrapple|spa|2
|move|p1a: Porygon2|Tri Attack|p2a: Hydrapple
|-immune|p2a: Hydrapple
|
|-weather|Snowscape|[upkeep]
|upkeep
|turn|22
|
|t:|1757911591
|switch|p1a: Araquanid|Araquanid, M|44/100
|move|p2a: Hydrapple|Nasty Plot|p2a: Hydrapple
|-boost|p2a: Hydrapple|spa|2
|
|-weather|Snowscape|[upkeep]
|upkeep
|turn|23
|
|t:|1757911610
|move|p2a: Hydrapple|Hyper Voice|p1a: Araquanid
|-damage|p1a: Araquanid|0 fnt
|faint|p1a: Araquanid
|
|-weather|none
|upkeep
|
|t:|1757911619
|switch|p1a: Hawlucha|Hawlucha, F|100/100
|turn|24
|
|t:|1757911629
|move|p2a: Hydrapple|Flamethrower|p1a: Hawlucha
|-damage|p1a: Hawlucha|0 fnt
|faint|p1a: Hawlucha
|
|upkeep
|
|t:|1757911632
|switch|p1a: Porygon2|Porygon2|75/100
|turn|25
|
|t:|1757911641
|move|p2a: Hydrapple|Hyper Voice|p1a: Porygon2
|-damage|p1a: Porygon2|0 fnt
|faint|p1a: Porygon2
|
|upkeep
|
|t:|1757911644
|switch|p1a: Dragapult|Dragapult, F|100/100
|turn|26
|
|t:|1757911650
|move|p1a: Dragapult|Draco Meteor|p2a: Hydrapple
|-enditem|p2a: Hydrapple|Focus Sash
|-damage|p2a: Hydrapple|1/100
|-unboost|p1a: Dragapult|spa|2
|replace|p2a: Zoroark|Zoroark-Hisui, M
|-end|p2a: Zoroark|Illusion
|move|p2a: Zoroark|Bitter Malice|p1a: Dragapult
|-supereffective|p1a: Dragapult
|-damage|p1a: Dragapult|0 fnt
|faint|p1a: Dragapult
|
|win|Randompina
|raw|comboyzzz's rating: 1229 &rarr; <strong>1201</strong><br />(-28 for losing)
|raw|Randompina's rating: 1191 &rarr; <strong>1219</strong><br />(+28 for winning)
|l|☆comboyzzz
|player|p1|
|l|☆Randompina
|player|p2|
