|inactive|Battle timer is ON: inactive players will automatically lose when time's up.
|badge|p1|bronze|gen9monotype|100-6
|uhtml|medal-msg|<div class="broadcast-blue">Curious what those medals under the avatar are? PS now has Ladder Seasons! For more information, check out the <a href="https://www.smogon.com/forums/threads/3740067/">thread on Smogon.</a></div>
|t:|1757869300
|gametype|singles
|player|p1|Memphisdepayy|#bltxiipangoros|
|player|p2|Crinchy Costanza|2|
|gen|9
|tier|[Gen 9] OU
|rule|HP Percentage Mod: HP is shown in percentages
|rule|Endless Battle Clause: Forcing endless battles is banned
|rule|Species Clause: Limit one of each Pokémon
|rule|OHKO Clause: OHKO moves are banned
|rule|Evasion Items Clause: Evasion items are banned
|rule|Evasion Moves Clause: Evasion moves are banned
|rule|Evasion Abilities Clause: Evasion abilities are banned
|rule|Sleep Moves Clause: Sleep-inducing moves are banned
|clearpoke
|poke|p1|Hoopa-Unbound|
|poke|p1|Great Tusk|
|poke|p1|Corviknight, F|
|poke|p1|Venusaur, M|
|poke|p1|Torkoal, M|
|poke|p1|Walking Wake|
|poke|p2|Kyurem|
|poke|p2|Landorus-Therian, M|
|poke|p2|Kingambit, F|
|poke|p2|Zamazenta-*|
|poke|p2|Great Tusk|
|poke|p2|Zapdos|
|teampreview
|c|☆Crinchy Costanza|gl hf
|c|☆Memphisdepayy|u2
|inactive|Memphisdepayy has 270 seconds left.
|inactive|Memphisdepayy has 240 seconds left.
|
|t:|1757869389
|teamsize|p1|6
|teamsize|p2|6
|start
|switch|p1a: Walking Wake|Walking Wake|100/100
|switch|p2a: Kyurem|Kyurem|100/100
|-ability|p2a: Kyurem|Pressure
|turn|1
|inactive|Memphisdepayy has 270 seconds left.
|inactive|Crinchy Costanza has 270 seconds left.
|
|t:|1757869434
|-end|p1a: Walking Wake|Protosynthesis|[silent]
|switch|p1a: Torkoal|Torkoal, M|100/100
|-weather|SunnyDay|[from] ability: Drought|[of] p1a: Torkoal
|move|p2a: Kyurem|Earth Power|p1a: Torkoal
|-supereffective|p1a: Torkoal
|-damage|p1a: Torkoal|33/100
|-unboost|p1a: Torkoal|spd|1
|
|-weather|SunnyDay|[upkeep]
|upkeep
|turn|2
|inactive|Memphisdepayy has 270 seconds left.
|inactive|Crinchy Costanza has 240 seconds left.
|
|t:|1757869471
|switch|p1a: Corviknight|Corviknight, F|100/100
|-ability|p1a: Corviknight|Pressure
|move|p2a: Kyurem|Ice Beam|p1a: Corviknight
|-damage|p1a: Corviknight|50/100
|-enditem|p1a: Corviknight|Eject Button
|
|t:|1757869475
|switch|p1a: Hoopa|Hoopa-Unbound|100/100
|
|-weather|SunnyDay|[upkeep]
|upkeep
|turn|3
|inactive|Crinchy Costanza has 240 seconds left.
|
|t:|1757869486
|switch|p2a: Landorus|Landorus-Therian, M|100/100
|-ability|p2a: Landorus|Intimidate|boost
|-unboost|p1a: Hoopa|atk|1
|move|p1a: Hoopa|Hyperspace Fury|p2a: Landorus
|-damage|p2a: Landorus|31/100
|-unboost|p1a: Hoopa|def|1
|
|-weather|SunnyDay|[upkeep]
|upkeep
|turn|4
|inactive|Crinchy Costanza has 240 seconds left.
|
|t:|1757869496
|switch|p1a: Venusaur|Venusaur, M|100/100
|move|p2a: Landorus|U-turn|p1a: Venusaur
|-damage|p1a: Venusaur|74/100
|inactive|Crinchy Costanza has 240 seconds left.
|inactive|Crinchy Costanza has 210 seconds left.
|
|t:|1757869538
|switch|p2a: Zapdos|Zapdos|100/100|[from] U-turn
|
|-weather|SunnyDay|[upkeep]
|upkeep
|turn|5
|
|t:|1757869542
|move|p1a: Venusaur|Weather Ball|p2a: Zapdos
|-damage|p2a: Zapdos|62/100
|-damage|p1a: Venusaur|64/100|[from] item: Life Orb
|move|p2a: Zapdos|Heat Wave|p1a: Venusaur
|-supereffective|p1a: Venusaur
|-damage|p1a: Venusaur|0 fnt
|faint|p1a: Venusaur
|
|-weather|SunnyDay|[upkeep]
|upkeep
|
|t:|1757869545
|switch|p1a: Walking Wake|Walking Wake|100/100
|-activate|p1a: Walking Wake|ability: Protosynthesis
|-start|p1a: Walking Wake|protosynthesisspa
|turn|6
|inactive|Crinchy Costanza has 210 seconds left.
|
|t:|1757869590
|switch|p2a: Landorus|Landorus-Therian, M|31/100
|-ability|p2a: Landorus|Intimidate|boost
|-unboost|p1a: Walking Wake|atk|1
|move|p1a: Walking Wake|Flamethrower|p2a: Landorus
|-damage|p2a: Landorus|0 fnt
|faint|p2a: Landorus
|
|-weather|SunnyDay|[upkeep]
|upkeep
|inactive|Crinchy Costanza has 180 seconds left.
|
|t:|1757869609
|switch|p2a: Kyurem|Kyurem|100/100
|-ability|p2a: Kyurem|Pressure
|turn|7
|
|t:|1757869611
|-end|p1a: Walking Wake|Protosynthesis|[silent]
|switch|p1a: Hoopa|Hoopa-Unbound|100/100
|move|p2a: Kyurem|Freeze-Dry|p1a: Hoopa
|-damage|p1a: Hoopa|67/100
|
|-weather|SunnyDay|[upkeep]
|upkeep
|turn|8
|inactive|Crinchy Costanza has 180 seconds left.
|
|t:|1757869626
|switch|p2a: Kingambit|Kingambit, F|100/100
|-activate|p2a: Kingambit|ability: Supreme Overlord
|-start|p2a: Kingambit|fallen1|[silent]
|move|p1a: Hoopa|Drain Punch|p2a: Kingambit
|-supereffective|p2a: Kingambit
|-damage|p2a: Kingambit|0 fnt
|-heal|p1a: Hoopa|100/100|[from] drain|[of] p2a: Kingambit
|faint|p2a: Kingambit
|-end|p2a: Kingambit|fallen1|[silent]
|
|-weather|none
|upkeep
|inactive|Crinchy Costanza has 180 seconds left.
|
|t:|1757869634
|switch|p2a: Zapdos|Zapdos|62/100
|turn|9
|inactive|Crinchy Costanza has 180 seconds left.
|
|t:|1757869651
|switch|p1a: Torkoal|Torkoal, M|33/100
|-weather|SunnyDay|[from] ability: Drought|[of] p1a: Torkoal
|move|p2a: Zapdos|Volt Switch|p1a: Torkoal
|-damage|p1a: Torkoal|0 fnt
|faint|p1a: Torkoal
|
|t:|1757869657
|switch|p2a: Kyurem|Kyurem|100/100|[from] Volt Switch
|-ability|p2a: Kyurem|Pressure
|
|-weather|SunnyDay|[upkeep]
|upkeep
|
|t:|1757869660
|switch|p1a: Hoopa|Hoopa-Unbound|100/100
|turn|10
|inactive|Crinchy Costanza has 180 seconds left.
|inactive|Crinchy Costanza has 150 seconds left.
|
|t:|1757869701
|move|p1a: Hoopa|Zen Headbutt|p2a: Kyurem
|-damage|p2a: Kyurem|30/100
|move|p2a: Kyurem|Ice Beam|p1a: Hoopa
|-damage|p1a: Hoopa|57/100
|
|-weather|SunnyDay|[upkeep]
|upkeep
|turn|11
|inactive|Crinchy Costanza has 150 seconds left.
|inactive|Crinchy Costanza has 120 seconds left.
|
|t:|1757869751
|move|p1a: Hoopa|Zen Headbutt|p2a: Kyurem|[miss]
|-miss|p1a: Hoopa|p2a: Kyurem
|move|p2a: Kyurem|Ice Beam|p1a: Hoopa
|-damage|p1a: Hoopa|12/100
|
|-weather|SunnyDay|[upkeep]
|upkeep
|turn|12
|
|t:|1757869779
|move|p1a: Hoopa|Zen Headbutt|p2a: Kyurem
|-damage|p2a: Kyurem|0 fnt
|faint|p2a: Kyurem
|
|-weather|SunnyDay|[upkeep]
|upkeep
|
|t:|1757869787
|switch|p2a: Zamazenta|Zamazenta|100/100
|-ability|p2a: Zamazenta|Dauntless Shield|boost
|-boost|p2a: Zamazenta|def|1
|turn|13
|
|t:|1757869796
|move|p2a: Zamazenta|Ice Fang|p1a: Hoopa
|-damage|p1a: Hoopa|0 fnt
|faint|p1a: Hoopa
|-damage|p2a: Zamazenta|91/100|[from] item: Life Orb
|
|-weather|SunnyDay|[upkeep]
|upkeep
|
|t:|1757869802
|switch|p1a: Walking Wake|Walking Wake|100/100
|-activate|p1a: Walking Wake|ability: Protosynthesis
|-start|p1a: Walking Wake|protosynthesisspa
|turn|14
|inactive|Crinchy Costanza has 90 seconds left.
|
|t:|1757869827
|switch|p2a: Great Tusk|Great Tusk|100/100
|-activate|p2a: Great Tusk|ability: Protosynthesis
|-start|p2a: Great Tusk|protosynthesisatk
|move|p1a: Walking Wake|Hydro Steam|p2a: Great Tusk
|-supereffective|p2a: Great Tusk
|-damage|p2a: Great Tusk|0 fnt
|faint|p2a: Great Tusk
|-end|p2a: Great Tusk|Protosynthesis|[silent]
|
|-weather|SunnyDay|[upkeep]
|upkeep
|inactive|Crinchy Costanza has 90 seconds left.
|
|t:|1757869835
|switch|p2a: Zapdos|Zapdos|62/100
|turn|15
|
|t:|1757869846
|-terastallize|p1a: Walking Wake|Water
|-terastallize|p2a: Zapdos|Fairy
|move|p1a: Walking Wake|Hydro Steam|p2a: Zapdos
|-damage|p2a: Zapdos|0 fnt
|faint|p2a: Zapdos
|
|-weather|SunnyDay|[upkeep]
|upkeep
|c|☆Crinchy Costanza|wp gg
|
|t:|1757869854
|switch|p2a: Zamazenta|Zamazenta|91/100
|turn|16
|
|t:|1757869859
|move|p2a: Zamazenta|Close Combat|p1a: Walking Wake
|-damage|p1a: Walking Wake|3/100
|-unboost|p2a: Zamazenta|def|1
|-unboost|p2a: Zamazenta|spd|1
|-damage|p2a: Zamazenta|81/100|[from] item: Life Orb
|move|p1a: Walking Wake|Hydro Steam|p2a: Zamazenta
|-damage|p2a: Zamazenta|0 fnt
|faint|p2a: Zamazenta
|
|win|Memphisdepayy
|c|☆Memphisdepayy|gg
