|j|☆SamiFawad
|j|☆kuroehanako0927
|t:|1757914347
|gametype|singles
|player|p1|SamiFawad|101|1551
|player|p2|kuroehanako0927|cynthia|1498
|gen|9
|tier|[Gen 9] OU
|rated|
|rule|HP Percentage Mod: HP is shown in percentages
|rule|Endless Battle Clause: Forcing endless battles is banned
|rule|Species Clause: Limit one of each Pokémon
|rule|OHKO Clause: OHKO moves are banned
|rule|Evasion Items Clause: Evasion items are banned
|rule|Evasion Moves Clause: Evasion moves are banned
|rule|Evasion Abilities Clause: Evasion abilities are banned
|rule|Sleep Moves Clause: Sleep-inducing moves are banned
|clearpoke
|poke|p1|Slowking-Galar, M|
|poke|p1|Pecharunt|
|poke|p1|Kommo-o, M|
|poke|p1|Samurott-Hisui, F|
|poke|p1|Kyurem|
|poke|p1|Great Tusk|
|poke|p2|Moltres|
|poke|p2|Zamazenta-*|
|poke|p2|Darkrai|
|poke|p2|Amoonguss, F|
|poke|p2|Ting-Lu|
|poke|p2|Tinkaton, F|
|teampreview
|inactive|Battle timer is ON: inactive players will automatically lose when time's up. (requested by kuroehanako0927)
|inactive|SamiFawad has 120 seconds left.
|inactive|kuroehanako0927 has 120 seconds left.
|
|t:|1757914404
|teamsize|p1|6
|teamsize|p2|6
|start
|switch|p1a: Kommo-o|Kommo-o, M|100/100
|switch|p2a: Darkrai|Darkrai, shiny|100/100
|turn|1
|
|t:|1757914420
|move|p2a: Darkrai|Ice Beam|p1a: Kommo-o
|-supereffective|p1a: Kommo-o
|-damage|p1a: Kommo-o|26/100
|move|p1a: Kommo-o|Clangorous Soul||[still]
|-fail|p1a: Kommo-o
|
|-heal|p1a: Kommo-o|32/100|[from] item: Leftovers
|upkeep
|turn|2
|
|t:|1757914431
|switch|p1a: Slowking|Slowking-Galar, M|100/100
|move|p2a: Darkrai|Ice Beam|p1a: Slowking
|-damage|p1a: Slowking|84/100
|
|upkeep
|turn|3
|
|t:|1757914433
|move|p2a: Darkrai|Knock Off|p1a: Slowking
|-supereffective|p1a: Slowking
|-damage|p1a: Slowking|30/100
|-enditem|p1a: Slowking|Assault Vest|[from] move: Knock Off|[of] p2a: Darkrai
|move|p1a: Slowking|Flamethrower|p2a: Darkrai
|-damage|p2a: Darkrai|61/100
|
|upkeep
|turn|4
|
|t:|1757914438
|switch|p1a: Kommo-o|Kommo-o, M|32/100
|move|p2a: Darkrai|Dark Pulse|p1a: Kommo-o
|-resisted|p1a: Kommo-o
|-damage|p1a: Kommo-o|8/100
|
|-heal|p1a: Kommo-o|14/100|[from] item: Leftovers
|upkeep
|turn|5
|
|t:|1757914443
|move|p2a: Darkrai|Dark Pulse|p1a: Kommo-o
|-resisted|p1a: Kommo-o
|-damage|p1a: Kommo-o|0 fnt
|faint|p1a: Kommo-o
|
|upkeep
|
|t:|1757914445
|switch|p1a: Samurott|Samurott-Hisui, F|100/100
|turn|6
|
|t:|1757914448
|switch|p2a: Amoonguss|Amoonguss, F|100/100
|move|p1a: Samurott|Ceaseless Edge|p2a: Amoonguss
|-damage|p2a: Amoonguss|70/100
|-sidestart|p2: kuroehanako0927|Spikes
|
|upkeep
|turn|7
|
|t:|1757914451
|move|p1a: Samurott|Ceaseless Edge|p2a: Amoonguss
|-damage|p2a: Amoonguss|39/100
|-sidestart|p2: kuroehanako0927|Spikes
|move|p2a: Amoonguss|Giga Drain|p1a: Samurott
|-supereffective|p1a: Samurott
|-damage|p1a: Samurott|34/100
|-heal|p2a: Amoonguss|64/100|[from] drain|[of] p1a: Samurott
|
|upkeep
|turn|8
|
|t:|1757914456
|move|p1a: Samurott|Flip Turn|p2a: Amoonguss
|-resisted|p2a: Amoonguss
|-damage|p2a: Amoonguss|54/100
|
|t:|1757914459
|switch|p1a: Slowking|Slowking-Galar, M|64/100|[from] Flip Turn
|move|p2a: Amoonguss|Giga Drain|p1a: Slowking
|-resisted|p1a: Slowking
|-damage|p1a: Slowking|55/100
|-heal|p2a: Amoonguss|58/100|[from] drain|[of] p1a: Slowking
|
|upkeep
|turn|9
|
|t:|1757914483
|switch|p2a: Darkrai|Darkrai, shiny|61/100
|move|p1a: Slowking|Future Sight|p2a: Darkrai
|-start|p1a: Slowking|move: Future Sight
|
|upkeep
|turn|10
|
|t:|1757914490
|move|p2a: Darkrai|Dark Pulse|p1a: Slowking
|-supereffective|p1a: Slowking
|-damage|p1a: Slowking|0 fnt
|faint|p1a: Slowking
|
|upkeep
|
|t:|1757914494
|switch|p1a: Kyurem|Kyurem|100/100
|-ability|p1a: Kyurem|Pressure
|turn|11
|
|t:|1757914506
|switch|p2a: Tinkaton|Tinkaton, F|100/100
|-ability|p2a: Tinkaton|Mold Breaker
|-item|p2a: Tinkaton|Air Balloon
|move|p1a: Kyurem|Ice Beam|p2a: Tinkaton
|-resisted|p2a: Tinkaton
|-damage|p2a: Tinkaton|79/100
|-enditem|p2a: Tinkaton|Air Balloon
|
|-end|p2a: Tinkaton|move: Future Sight
|-resisted|p2a: Tinkaton
|-damage|p2a: Tinkaton|51/100
|upkeep
|turn|12
|
|t:|1757914519
|switch|p1a: Great Tusk|Great Tusk|100/100
|move|p2a: Tinkaton|Thunder Wave|p1a: Great Tusk
|-immune|p1a: Great Tusk
|
|upkeep
|turn|13
|
|t:|1757914526
|switch|p2a: Moltres|Moltres|100/100
|move|p1a: Great Tusk|Stealth Rock|p2a: Moltres
|-sidestart|p2: kuroehanako0927|move: Stealth Rock
|
|upkeep
|turn|14
|
|t:|1757914531
|move|p2a: Moltres|U-turn|p1a: Great Tusk
|-resisted|p1a: Great Tusk
|-damage|p1a: Great Tusk|97/100
|-damage|p2a: Moltres|84/100|[from] item: Rocky Helmet|[of] p1a: Great Tusk
|
|t:|1757914558
|switch|p2a: Tinkaton|Tinkaton, F|51/100|[from] U-turn
|-damage|p2a: Tinkaton|35/100|[from] Spikes
|-damage|p2a: Tinkaton|29/100|[from] Stealth Rock
|-ability|p2a: Tinkaton|Mold Breaker
|move|p1a: Great Tusk|Knock Off|p2a: Tinkaton
|-resisted|p2a: Tinkaton
|-damage|p2a: Tinkaton|18/100
|
|upkeep
|turn|15
|
|t:|1757914571
|move|p2a: Tinkaton|Encore|p1a: Great Tusk
|-start|p1a: Great Tusk|Encore
|move|p1a: Great Tusk|Knock Off|p2a: Tinkaton
|-resisted|p2a: Tinkaton
|-damage|p2a: Tinkaton|8/100
|
|upkeep
|turn|16
|
|t:|1757914574
|move|p2a: Tinkaton|Stealth Rock|p1a: Great Tusk
|-sidestart|p1: SamiFawad|move: Stealth Rock
|move|p1a: Great Tusk|Knock Off|p2a: Tinkaton
|-resisted|p2a: Tinkaton
|-damage|p2a: Tinkaton|0 fnt
|faint|p2a: Tinkaton
|
|upkeep
|
|t:|1757914595
|switch|p2a: Darkrai|Darkrai, shiny|61/100
|turn|17
|
|t:|1757914599
|-end|p1a: Great Tusk|Protosynthesis|[silent]
|switch|p1a: Samurott|Samurott-Hisui, F|34/100
|-damage|p1a: Samurott|22/100|[from] Stealth Rock
|move|p2a: Darkrai|Ice Beam|p1a: Samurott
|-resisted|p1a: Samurott
|-damage|p1a: Samurott|0 fnt
|faint|p1a: Samurott
|
|upkeep
|
|t:|1757914601
|switch|p1a: Kyurem|Kyurem|100/100
|-damage|p1a: Kyurem|76/100|[from] Stealth Rock
|-ability|p1a: Kyurem|Pressure
|turn|18
|inactive|kuroehanako0927 has 120 seconds left.
|
|t:|1757914635
|switch|p2a: Zamazenta|Zamazenta|100/100
|-ability|p2a: Zamazenta|Dauntless Shield|boost
|-boost|p2a: Zamazenta|def|1
|move|p1a: Kyurem|Ice Beam|p2a: Zamazenta
|-damage|p2a: Zamazenta|53/100
|
|upkeep
|turn|19
|
|t:|1757914643
|switch|p1a: Pecharunt|Pecharunt|100/100
|-damage|p1a: Pecharunt|88/100|[from] Stealth Rock
|switch|p2a: Darkrai|Darkrai, shiny|61/100
|
|upkeep
|turn|20
|
|t:|1757914653
|-terastallize|p1a: Pecharunt|Dark
|move|p2a: Darkrai|Dark Pulse|p1a: Pecharunt
|-resisted|p1a: Pecharunt
|-damage|p1a: Pecharunt|66/100
|cant|p1a: Pecharunt|flinch
|
|upkeep
|turn|21
|inactive|kuroehanako0927 has 120 seconds left.
|
|t:|1757914694
|switch|p2a: Ting-Lu|Ting-Lu|100/100
|-damage|p2a: Ting-Lu|84/100|[from] Spikes
|-damage|p2a: Ting-Lu|78/100|[from] Stealth Rock
|-ability|p2a: Ting-Lu|Vessel of Ruin
|move|p1a: Pecharunt|Malignant Chain|p2a: Ting-Lu
|-resisted|p2a: Ting-Lu
|-damage|p2a: Ting-Lu|68/100
|-status|p2a: Ting-Lu|tox
|-start|p2a: Ting-Lu|confusion|[from] ability: Poison Puppeteer|[of] p1a: Pecharunt
|
|-heal|p2a: Ting-Lu|74/100 tox|[from] item: Leftovers
|-damage|p2a: Ting-Lu|68/100 tox|[from] psn
|upkeep
|turn|22
|
|t:|1757914702
|move|p1a: Pecharunt|Recover|p1a: Pecharunt
|-heal|p1a: Pecharunt|100/100
|-activate|p2a: Ting-Lu|confusion
|-damage|p2a: Ting-Lu|62/100 tox|[from] confusion
|
|-heal|p2a: Ting-Lu|68/100 tox|[from] item: Leftovers
|-damage|p2a: Ting-Lu|56/100 tox|[from] psn
|upkeep
|turn|23
|
|t:|1757914705
|move|p1a: Pecharunt|Parting Shot|p2a: Ting-Lu
|-unboost|p2a: Ting-Lu|atk|1
|-unboost|p2a: Ting-Lu|spa|1
|
|t:|1757914707
|switch|p1a: Great Tusk|Great Tusk|97/100|[from] Parting Shot
|-damage|p1a: Great Tusk|94/100|[from] Stealth Rock
|-end|p2a: Ting-Lu|confusion
|move|p2a: Ting-Lu|Ruination|p1a: Great Tusk|[miss]
|-miss|p2a: Ting-Lu|p1a: Great Tusk
|
|-heal|p2a: Ting-Lu|62/100 tox|[from] item: Leftovers
|-damage|p2a: Ting-Lu|43/100 tox|[from] psn
|upkeep
|turn|24
|
|t:|1757914712
|move|p1a: Great Tusk|Rapid Spin|p2a: Ting-Lu
|-damage|p2a: Ting-Lu|35/100 tox
|-boost|p1a: Great Tusk|spe|1
|-sideend|p1: SamiFawad|Stealth Rock|[from] move: Rapid Spin|[of] p1a: Great Tusk
|move|p2a: Ting-Lu|Ruination|p1a: Great Tusk
|-damage|p1a: Great Tusk|47/100
|
|-heal|p2a: Ting-Lu|41/100 tox|[from] item: Leftovers
|-damage|p2a: Ting-Lu|16/100 tox|[from] psn
|upkeep
|turn|25
|
|t:|1757914718
|move|p1a: Great Tusk|Rapid Spin|p2a: Ting-Lu
|-damage|p2a: Ting-Lu|8/100 tox
|-boost|p1a: Great Tusk|spe|1
|move|p2a: Ting-Lu|Earthquake|p1a: Great Tusk
|-damage|p1a: Great Tusk|37/100
|
|-heal|p2a: Ting-Lu|14/100 tox|[from] item: Leftovers
|-damage|p2a: Ting-Lu|0 fnt|[from] psn
|faint|p2a: Ting-Lu
|upkeep
|
|t:|1757914727
|switch|p2a: Moltres|Moltres|84/100
|turn|26
|
|t:|1757914730
|move|p1a: Great Tusk|Knock Off|p2a: Moltres
|-damage|p2a: Moltres|64/100
|-enditem|p2a: Moltres|Heavy-Duty Boots|[from] move: Knock Off|[of] p1a: Great Tusk
|move|p2a: Moltres|Flamethrower|p1a: Great Tusk
|-crit|p1a: Great Tusk
|-damage|p1a: Great Tusk|0 fnt
|faint|p1a: Great Tusk
|-end|p1a: Great Tusk|Protosynthesis|[silent]
|
|upkeep
|
|t:|1757914737
|switch|p1a: Kyurem|Kyurem|76/100
|-ability|p1a: Kyurem|Pressure
|turn|27
|
|t:|1757914747
|move|p1a: Kyurem|Ice Beam|p2a: Moltres
|-damage|p2a: Moltres|11/100
|move|p2a: Moltres|Flamethrower|p1a: Kyurem
|-damage|p1a: Kyurem|41/100
|
|upkeep
|turn|28
|
|t:|1757914776
|move|p1a: Kyurem|Ice Beam|p2a: Moltres
|-crit|p2a: Moltres
|-damage|p2a: Moltres|0 fnt
|faint|p2a: Moltres
|
|upkeep
|
|t:|1757914784
|switch|p2a: Zamazenta|Zamazenta|53/100
|turn|29
|
|t:|1757914787
|move|p1a: Kyurem|Ice Beam|p2a: Zamazenta
|-damage|p2a: Zamazenta|6/100
|move|p2a: Zamazenta|Close Combat|p1a: Kyurem
|-supereffective|p1a: Kyurem
|-damage|p1a: Kyurem|0 fnt
|-unboost|p2a: Zamazenta|def|1
|-unboost|p2a: Zamazenta|spd|1
|faint|p1a: Kyurem
|
|upkeep
|
|t:|1757914790
|switch|p1a: Pecharunt|Pecharunt, tera:Dark|100/100
|turn|30
|
|t:|1757914797
|move|p2a: Zamazenta|Close Combat|p1a: Pecharunt
|-supereffective|p1a: Pecharunt
|-damage|p1a: Pecharunt|34/100
|-unboost|p2a: Zamazenta|def|1
|-unboost|p2a: Zamazenta|spd|1
|-damage|p2a: Zamazenta|0 fnt|[from] item: Rocky Helmet|[of] p1a: Pecharunt
|faint|p2a: Zamazenta
|move|p1a: Pecharunt|Recover|p1a: Pecharunt
|-heal|p1a: Pecharunt|84/100
|
|upkeep
|inactive|kuroehanako0927 has 120 seconds left.
|
|t:|1757914836
|switch|p2a: Darkrai|Darkrai, shiny|61/100
|turn|31
|inactive|kuroehanako0927 has 120 seconds left.
|
|t:|1757914844
|move|p2a: Darkrai|Sludge Bomb|p1a: Pecharunt
|-damage|p1a: Pecharunt|51/100
|move|p1a: Pecharunt|Malignant Chain|p2a: Darkrai
|-damage|p2a: Darkrai|3/100
|-status|p2a: Darkrai|tox
|-start|p2a: Darkrai|confusion|[from] ability: Poison Puppeteer|[of] p1a: Pecharunt
|
|-damage|p2a: Darkrai|0 fnt|[from] psn
|faint|p2a: Darkrai
|upkeep
|
|t:|1757914848
|switch|p2a: Amoonguss|Amoonguss, F|91/100
|turn|32
|
|t:|1757914862
|-terastallize|p2a: Amoonguss|Steel
|move|p1a: Pecharunt|Parting Shot|p2a: Amoonguss
|-unboost|p2a: Amoonguss|atk|1
|-unboost|p2a: Amoonguss|spa|1
|move|p2a: Amoonguss|Sludge Bomb|p1a: Pecharunt
|-damage|p1a: Pecharunt|32/100
|
|upkeep
|turn|33
|
|t:|1757914867
|move|p1a: Pecharunt|Parting Shot|p2a: Amoonguss
|-unboost|p2a: Amoonguss|atk|1
|-unboost|p2a: Amoonguss|spa|1
|move|p2a: Amoonguss|Sludge Bomb|p1a: Pecharunt
|-damage|p1a: Pecharunt|17/100
|
|upkeep
|turn|34
|
|t:|1757914870
|move|p1a: Pecharunt|Recover|p1a: Pecharunt
|-heal|p1a: Pecharunt|67/100
|move|p2a: Amoonguss|Sludge Bomb|p1a: Pecharunt
|-damage|p1a: Pecharunt|54/100
|
|upkeep
|turn|35
|
|t:|1757914873
|move|p1a: Pecharunt|Shadow Ball|p2a: Amoonguss
|-damage|p2a: Amoonguss|56/100
|move|p2a: Amoonguss|Sludge Bomb|p1a: Pecharunt
|-damage|p1a: Pecharunt|39/100
|
|upkeep
|turn|36
|
|t:|1757914879
|move|p1a: Pecharunt|Recover|p1a: Pecharunt
|-heal|p1a: Pecharunt|89/100
|move|p2a: Amoonguss|Synthesis|p2a: Amoonguss
|-heal|p2a: Amoonguss|100/100
|
|upkeep
|turn|37
|
|t:|1757914881
|move|p1a: Pecharunt|Parting Shot|p2a: Amoonguss
|-unboost|p2a: Amoonguss|atk|1
|-unboost|p2a: Amoonguss|spa|1
|move|p2a: Amoonguss|Sludge Bomb|p1a: Pecharunt
|-damage|p1a: Pecharunt|78/100
|-status|p1a: Pecharunt|psn
|
|-damage|p1a: Pecharunt|66/100 psn|[from] psn
|upkeep
|turn|38
|
|t:|1757914893
|move|p1a: Pecharunt|Parting Shot|p2a: Amoonguss
|-unboost|p2a: Amoonguss|atk|1
|-unboost|p2a: Amoonguss|spa|1
|move|p2a: Amoonguss|Sludge Bomb|p1a: Pecharunt
|-damage|p1a: Pecharunt|56/100 psn
|
|-damage|p1a: Pecharunt|44/100 psn|[from] psn
|upkeep
|turn|39
|
|t:|1757914910
|move|p1a: Pecharunt|Shadow Ball|p2a: Amoonguss
|-crit|p2a: Amoonguss
|-damage|p2a: Amoonguss|54/100
|move|p2a: Amoonguss|Sludge Bomb|p1a: Pecharunt
|-crit|p1a: Pecharunt
|-damage|p1a: Pecharunt|2/100 psn
|
|-damage|p1a: Pecharunt|0 fnt|[from] psn
|faint|p1a: Pecharunt
|
|win|kuroehanako0927
|raw|SamiFawad's rating: 1551 &rarr; <strong>1528</strong><br />(-23 for losing)
|raw|kuroehanako0927's rating: 1498 &rarr; <strong>1521</strong><br />(+23 for winning)
|l|☆SamiFawad
|player|p1|
|l|☆kuroehanako0927
|player|p2|
