|j|☆prideofpokemon
|j|☆spreadcrosser
|t:|1757905038
|gametype|singles
|player|p1|prideofpokemon|beauty-gen4dp|1316
|player|p2|spreadcrosser|266|1367
|gen|9
|tier|[Gen 9] OU
|rated|
|rule|HP Percentage Mod: HP is shown in percentages
|rule|Endless Battle Clause: Forcing endless battles is banned
|rule|Species Clause: Limit one of each Pokémon
|rule|OHKO Clause: OHKO moves are banned
|rule|Evasion Items Clause: Evasion items are banned
|rule|Evasion Moves Clause: Evasion moves are banned
|rule|Evasion Abilities Clause: Evasion abilities are banned
|rule|Sleep Moves Clause: Sleep-inducing moves are banned
|clearpoke
|poke|p1|Diancie|
|poke|p1|Jirachi|
|poke|p1|Manaphy|
|poke|p1|Ditto|
|poke|p1|Mew|
|poke|p1|Shaymin|
|poke|p2|Serperior, M|
|poke|p2|Kingambit, F|
|poke|p2|Excadrill, F|
|poke|p2|Iron Hands|
|poke|p2|Ceruledge, M|
|poke|p2|Raging Bolt|
|teampreview
|inactive|Battle timer is ON: inactive players will automatically lose when time's up. (requested by spreadcrosser)
|
|t:|1757905047
|teamsize|p1|6
|teamsize|p2|6
|start
|switch|p1a: Diancie|Diancie|100/100
|switch|p2a: Iron Hands|Iron Hands|100/100
|-enditem|p2a: Iron Hands|Booster Energy
|-activate|p2a: Iron Hands|ability: Quark Drive|[fromitem]
|-start|p2a: Iron Hands|quarkdriveatk
|turn|1
|
|t:|1757905056
|move|p2a: Iron Hands|Earthquake|p1a: Diancie
|-supereffective|p1a: Diancie
|-damage|p1a: Diancie|20/100
|move|p1a: Diancie|Trick Room|p1a: Diancie
|-fieldstart|move: Trick Room|[of] p1a: Diancie
|
|upkeep
|turn|2
|
|t:|1757905063
|-end|p2a: Iron Hands|Quark Drive|[silent]
|switch|p2a: Kingambit|Kingambit, F|100/100
|-item|p2a: Kingambit|Air Balloon
|move|p1a: Diancie|Moonblast|p2a: Kingambit
|-damage|p2a: Kingambit|57/100
|-unboost|p2a: Kingambit|spa|1
|-ability|p2a: Kingambit|Defiant|boost
|-boost|p2a: Kingambit|atk|2
|-enditem|p2a: Kingambit|Air Balloon
|
|upkeep
|turn|3
|
|t:|1757905072
|move|p2a: Kingambit|Sucker Punch||[still]
|-fail|p2a: Kingambit
|move|p1a: Diancie|Encore|p2a: Kingambit
|-start|p2a: Kingambit|Encore
|
|upkeep
|turn|4
|
|t:|1757905078
|move|p2a: Kingambit|Sucker Punch|p1a: Diancie
|-resisted|p1a: Diancie
|-damage|p1a: Diancie|0 fnt
|faint|p1a: Diancie
|
|upkeep
|
|t:|1757905101
|switch|p1a: Ditto|Ditto|100/100
|-transform|p1a: Ditto|p2a: Kingambit|[from] ability: Imposter
|turn|5
|
|t:|1757905109
|switch|p2a: Iron Hands|Iron Hands|100/100
|move|p1a: Ditto|Kowtow Cleave|p2a: Iron Hands
|-resisted|p2a: Iron Hands
|-damage|p2a: Iron Hands|63/100
|
|-fieldend|move: Trick Room
|upkeep
|turn|6
|
|t:|1757905119
|move|p1a: Ditto|Kowtow Cleave|p2a: Iron Hands
|-resisted|p2a: Iron Hands
|-damage|p2a: Iron Hands|28/100
|move|p2a: Iron Hands|Earthquake|p1a: Ditto
|-supereffective|p1a: Ditto
|-damage|p1a: Ditto|24/100
|
|upkeep
|turn|7
|
|t:|1757905132
|move|p1a: Ditto|Kowtow Cleave|p2a: Iron Hands
|-resisted|p2a: Iron Hands
|-damage|p2a: Iron Hands|0 fnt
|faint|p2a: Iron Hands
|-end|p2a: Iron Hands|Quark Drive|[silent]
|
|upkeep
|
|t:|1757905133
|switch|p2a: Raging Bolt|Raging Bolt|100/100
|turn|8
|
|t:|1757905136
|move|p2a: Raging Bolt|Thunderclap|p1a: Ditto
|-damage|p1a: Ditto|0 fnt
|faint|p1a: Ditto
|
|upkeep
|
|t:|1757905148
|switch|p1a: Jirachi|Jirachi|100/100
|turn|9
|
|t:|1757905159
|move|p1a: Jirachi|Doom Desire|p2a: Raging Bolt
|-start|p1a: Jirachi|Doom Desire
|move|p2a: Raging Bolt|Calm Mind|p2a: Raging Bolt
|-boost|p2a: Raging Bolt|spa|1
|-boost|p2a: Raging Bolt|spd|1
|
|upkeep
|turn|10
|
|t:|1757905168
|move|p1a: Jirachi|Encore|p2a: Raging Bolt
|-start|p2a: Raging Bolt|Encore
|move|p2a: Raging Bolt|Calm Mind|p2a: Raging Bolt
|-boost|p2a: Raging Bolt|spa|1
|-boost|p2a: Raging Bolt|spd|1
|
|upkeep
|turn|11
|
|t:|1757905178
|switch|p1a: Mew|Mew|100/100
|move|p2a: Raging Bolt|Calm Mind|p2a: Raging Bolt
|-boost|p2a: Raging Bolt|spa|1
|-boost|p2a: Raging Bolt|spd|1
|
|-end|p2a: Raging Bolt|move: Doom Desire
|-resisted|p2a: Raging Bolt
|-crit|p2a: Raging Bolt
|-damage|p2a: Raging Bolt|62/100
|-heal|p2a: Raging Bolt|68/100|[from] item: Leftovers
|upkeep
|turn|12
|
|t:|1757905187
|move|p1a: Mew|Close Combat|p2a: Raging Bolt
|-damage|p2a: Raging Bolt|39/100
|-unboost|p1a: Mew|def|1
|-unboost|p1a: Mew|spd|1
|move|p2a: Raging Bolt|Calm Mind|p2a: Raging Bolt
|-boost|p2a: Raging Bolt|spa|1
|-boost|p2a: Raging Bolt|spd|1
|
|-heal|p2a: Raging Bolt|45/100|[from] item: Leftovers
|-end|p2a: Raging Bolt|Encore
|upkeep
|turn|13
|
|t:|1757905194
|switch|p1a: Jirachi|Jirachi|100/100
|move|p2a: Raging Bolt|Thunderclap||[still]
|-fail|p2a: Raging Bolt
|
|-heal|p2a: Raging Bolt|51/100|[from] item: Leftovers
|upkeep
|turn|14
|
|t:|1757905199
|move|p1a: Jirachi|Encore|p2a: Raging Bolt
|-start|p2a: Raging Bolt|Encore
|move|p2a: Raging Bolt|Thunderclap||[still]
|-fail|p2a: Raging Bolt
|
|-heal|p2a: Raging Bolt|58/100|[from] item: Leftovers
|upkeep
|turn|15
|
|t:|1757905205
|switch|p1a: Mew|Mew|100/100
|move|p2a: Raging Bolt|Thunderclap||[still]
|-fail|p2a: Raging Bolt
|
|-heal|p2a: Raging Bolt|64/100|[from] item: Leftovers
|upkeep
|turn|16
|
|t:|1757905207
|move|p2a: Raging Bolt|Thunderclap||[still]
|-fail|p2a: Raging Bolt
|move|p1a: Mew|Reflect Type|p2a: Raging Bolt
|-start|p1a: Mew|typechange|[from] move: Reflect Type|[of] p2a: Raging Bolt
|
|-heal|p2a: Raging Bolt|70/100|[from] item: Leftovers
|-end|p2a: Raging Bolt|Encore
|upkeep
|-start|p1a: Mew|typechange|Electric/Dragon|[silent]
|turn|17
|
|t:|1757905216
|switch|p1a: Jirachi|Jirachi|100/100
|-terastallize|p2a: Raging Bolt|Fairy
|move|p2a: Raging Bolt|Dragon Pulse|p1a: Jirachi
|-resisted|p1a: Jirachi
|-damage|p1a: Jirachi|31/100
|
|-heal|p2a: Raging Bolt|76/100|[from] item: Leftovers
|upkeep
|turn|18
|
|t:|1757905223
|move|p1a: Jirachi|Doom Desire|p2a: Raging Bolt
|-start|p1a: Jirachi|Doom Desire
|move|p2a: Raging Bolt|Dragon Pulse|p1a: Jirachi
|-resisted|p1a: Jirachi
|-damage|p1a: Jirachi|0 fnt
|faint|p1a: Jirachi
|
|-heal|p2a: Raging Bolt|82/100|[from] item: Leftovers
|upkeep
|
|t:|1757905230
|switch|p1a: Mew|Mew|100/100
|turn|19
|inactive|spreadcrosser has 120 seconds left.
|
|t:|1757905275
|move|p2a: Raging Bolt|Thunderclap||[still]
|-fail|p2a: Raging Bolt
|move|p1a: Mew|Reflect Type|p2a: Raging Bolt
|-start|p1a: Mew|typechange|[from] move: Reflect Type|[of] p2a: Raging Bolt
|
|-heal|p2a: Raging Bolt|88/100|[from] item: Leftovers
|upkeep
|-start|p1a: Mew|typechange|Fairy|[silent]
|turn|20
|
|t:|1757905302
|move|p1a: Mew|Gunk Shot|p2a: Raging Bolt|[miss]
|-miss|p1a: Mew|p2a: Raging Bolt
|move|p2a: Raging Bolt|Thunderbolt|p1a: Mew
|-damage|p1a: Mew|0 fnt
|faint|p1a: Mew
|
|-end|p2a: Raging Bolt|move: Doom Desire
|-supereffective|p2a: Raging Bolt
|-damage|p2a: Raging Bolt|54/100
|-heal|p2a: Raging Bolt|60/100|[from] item: Leftovers
|upkeep
|
|t:|1757905305
|switch|p1a: Manaphy|Manaphy|100/100
|turn|21
|
|t:|1757905309
|move|p1a: Manaphy|Heart Swap|p2a: Raging Bolt
|-swapboost|p1a: Manaphy|p2a: Raging Bolt|[from] move: Heart Swap
|move|p2a: Raging Bolt|Thunderbolt|p1a: Manaphy
|-supereffective|p1a: Manaphy
|-damage|p1a: Manaphy|62/100
|
|-heal|p1a: Manaphy|68/100|[from] item: Leftovers
|-heal|p2a: Raging Bolt|66/100|[from] item: Leftovers
|upkeep
|turn|22
|
|t:|1757905321
|move|p1a: Manaphy|Scald|p2a: Raging Bolt
|-damage|p2a: Raging Bolt|0 fnt
|faint|p2a: Raging Bolt
|-end|p2a: Raging Bolt|Protosynthesis|[silent]
|
|-heal|p1a: Manaphy|74/100|[from] item: Leftovers
|upkeep
|
|t:|1757905326
|switch|p2a: Serperior|Serperior, M|100/100
|turn|23
|
|t:|1757905335
|-terastallize|p1a: Manaphy|Water
|move|p2a: Serperior|Glare|p1a: Manaphy
|-status|p1a: Manaphy|par
|move|p1a: Manaphy|Scald|p2a: Serperior
|-resisted|p2a: Serperior
|-damage|p2a: Serperior|11/100
|
|-heal|p1a: Manaphy|80/100 par|[from] item: Leftovers
|upkeep
|turn|24
|
|t:|1757905343
|move|p2a: Serperior|Leaf Storm|p1a: Manaphy
|-supereffective|p1a: Manaphy
|-damage|p1a: Manaphy|39/100 par
|-boost|p2a: Serperior|spa|2
|-damage|p2a: Serperior|1/100|[from] item: Life Orb
|move|p1a: Manaphy|Scald|p2a: Serperior
|-resisted|p2a: Serperior
|-damage|p2a: Serperior|0 fnt
|faint|p2a: Serperior
|
|-heal|p1a: Manaphy|45/100 par|[from] item: Leftovers
|upkeep
|
|t:|1757905350
|switch|p2a: Excadrill|Excadrill, F|100/100
|-ability|p2a: Excadrill|Mold Breaker
|turn|25
|
|t:|1757905355
|move|p2a: Excadrill|Earthquake|p1a: Manaphy
|-damage|p1a: Manaphy|0 fnt
|faint|p1a: Manaphy
|
|upkeep
|
|t:|1757905358
|switch|p1a: Shaymin|Shaymin|100/100
|turn|26
|
|t:|1757905362
|move|p2a: Excadrill|Swords Dance|p2a: Excadrill
|-boost|p2a: Excadrill|atk|2
|move|p1a: Shaymin|Trailblaze|p2a: Excadrill
|-damage|p2a: Excadrill|67/100
|-boost|p1a: Shaymin|spe|1
|
|upkeep
|turn|27
|
|t:|1757905368
|move|p1a: Shaymin|Swords Dance|p1a: Shaymin
|-boost|p1a: Shaymin|atk|2
|move|p2a: Excadrill|Rock Tomb|p1a: Shaymin
|-damage|p1a: Shaymin|63/100
|-unboost|p1a: Shaymin|spe|1
|
|-heal|p1a: Shaymin|69/100|[from] item: Leftovers
|upkeep
|turn|28
|
|t:|1757905373
|move|p2a: Excadrill|Rock Tomb|p1a: Shaymin
|-damage|p1a: Shaymin|33/100
|-unboost|p1a: Shaymin|spe|1
|move|p1a: Shaymin|Trailblaze|p2a: Excadrill
|-damage|p2a: Excadrill|0 fnt
|-boost|p1a: Shaymin|spe|1
|faint|p2a: Excadrill
|
|-heal|p1a: Shaymin|39/100|[from] item: Leftovers
|upkeep
|
|t:|1757905376
|switch|p2a: Ceruledge|Ceruledge, M|100/100
|turn|29
|
|t:|1757905380
|move|p2a: Ceruledge|Bitter Blade|p1a: Shaymin
|-supereffective|p1a: Shaymin
|-damage|p1a: Shaymin|0 fnt
|faint|p1a: Shaymin
|
|win|spreadcrosser
|raw|prideofpokemon's rating: 1316 &rarr; <strong>1299</strong><br />(-17 for losing)
|raw|spreadcrosser's rating: 1367 &rarr; <strong>1384</strong><br />(+17 for winning)
|l|☆prideofpokemon
|player|p1|
|l|☆spreadcrosser
|player|p2|
