|j|☆sly_sunflower
|j|☆KatiesGoodbeat2
|t:|1757904833
|gametype|singles
|player|p1|sly_sunflower|cilan|1098
|player|p2|KatiesGoodbeat2|102|1057
|gen|9
|tier|[Gen 9] OU
|rated|
|rule|HP Percentage Mod: HP is shown in percentages
|rule|Endless Battle Clause: Forcing endless battles is banned
|rule|Species Clause: Limit one of each Pokémon
|rule|OHKO Clause: OHKO moves are banned
|rule|Evasion Items Clause: Evasion items are banned
|rule|Evasion Moves Clause: Evasion moves are banned
|rule|Evasion Abilities Clause: Evasion abilities are banned
|rule|Sleep Moves Clause: Sleep-inducing moves are banned
|clearpoke
|poke|p1|Magneton|
|poke|p1|Luvdisc, M|
|poke|p1|Gogoat, M|
|poke|p1|Houndoom, F|
|poke|p1|Medicham, M|
|poke|p1|Drifblim, M|
|poke|p2|Araquanid, F|
|poke|p2|Dugtrio, M|
|poke|p2|Arcanine-Hisui, F|
|poke|p2|Maushold-Four|
|poke|p2|Frosmoth, F|
|poke|p2|Toxtricity-Low-Key, M|
|teampreview
|inactive|Battle timer is ON: inactive players will automatically lose when time's up. (requested by KatiesGoodbeat2)
|inactive|sly_sunflower also wants the timer to be on.
|
|t:|1757904845
|teamsize|p1|6
|teamsize|p2|6
|start
|switch|p1a: Magneton|Magneton|100/100
|switch|p2a: Arcanine|Arcanine-Hisui, F|100/100
|turn|1
|
|t:|1757904853
|switch|p1a: Houndoom|Houndoom, F|100/100
|move|p2a: Arcanine|Flare Blitz|p1a: Houndoom
|-start|p1a: Houndoom|ability: Flash Fire
|
|upkeep
|turn|2
|
|t:|1757904862
|move|p1a: Houndoom|Trailblaze|p2a: Arcanine
|-damage|p2a: Arcanine|82/100
|-boost|p1a: Houndoom|spe|1
|-damage|p1a: Houndoom|91/100|[from] item: Life Orb
|move|p2a: Arcanine|Head Smash|p1a: Houndoom
|-supereffective|p1a: Houndoom
|-damage|p1a: Houndoom|0 fnt
|faint|p1a: Houndoom
|
|upkeep
|
|t:|1757904881
|switch|p1a: Luvdisc|Luvdisc, M|100/100
|turn|3
|
|t:|1757904884
|move|p1a: Luvdisc|Flip Turn|p2a: Arcanine
|-supereffective|p2a: Arcanine
|-damage|p2a: Arcanine|42/100
|
|t:|1757904889
|switch|p1a: Gogoat|Gogoat, M|100/100|[from] Flip Turn
|move|p2a: Arcanine|Wild Charge|p1a: Gogoat
|-resisted|p1a: Gogoat
|-damage|p1a: Gogoat|86/100
|-damage|p2a: Arcanine|26/100|[from] item: Rocky Helmet|[of] p1a: Gogoat
|
|upkeep
|turn|4
|
|t:|1757904902
|move|p2a: Arcanine|Flare Blitz|p1a: Gogoat
|-supereffective|p1a: Gogoat
|-damage|p1a: Gogoat|0 fnt
|-damage|p2a: Arcanine|9/100|[from] item: Rocky Helmet|[of] p1a: Gogoat
|faint|p1a: Gogoat
|
|upkeep
|
|t:|1757904906
|switch|p1a: Luvdisc|Luvdisc, M|100/100
|turn|5
|
|t:|1757904915
|switch|p2a: Araquanid|Araquanid, F|100/100
|move|p1a: Luvdisc|Flip Turn|p2a: Araquanid
|-immune|p2a: Araquanid|[from] ability: Water Absorb
|
|upkeep
|turn|6
|
|t:|1757904923
|switch|p1a: Magneton|Magneton|100/100
|move|p2a: Araquanid|Sticky Web|p1a: Magneton
|-sidestart|p1: sly_sunflower|move: Sticky Web
|
|upkeep
|turn|7
|
|t:|1757904929
|move|p1a: Magneton|Volt Switch|p2a: Araquanid
|-supereffective|p2a: Araquanid
|-damage|p2a: Araquanid|35/100
|
|t:|1757904934
|switch|p1a: Luvdisc|Luvdisc, M|100/100|[from] Volt Switch
|-activate|p1a: Luvdisc|move: Sticky Web
|-unboost|p1a: Luvdisc|spe|1
|move|p2a: Araquanid|Mirror Coat|p1a: Luvdisc
|-damage|p1a: Luvdisc|0 fnt
|faint|p1a: Luvdisc
|
|-heal|p2a: Araquanid|41/100|[from] item: Leftovers
|upkeep
|
|t:|1757904937
|switch|p1a: Magneton|Magneton|100/100
|-activate|p1a: Magneton|move: Sticky Web
|-unboost|p1a: Magneton|spe|1
|turn|8
|
|t:|1757904949
|move|p1a: Magneton|Discharge|p2a: Araquanid
|-supereffective|p2a: Araquanid
|-damage|p2a: Araquanid|0 fnt
|faint|p2a: Araquanid
|
|upkeep
|
|t:|1757904960
|switch|p2a: Arcanine|Arcanine-Hisui, F|9/100
|turn|9
|
|t:|1757904970
|move|p2a: Arcanine|Flare Blitz|p1a: Magneton
|-supereffective|p1a: Magneton
|-damage|p1a: Magneton|5/100
|move|p1a: Magneton|Tri Attack|p2a: Arcanine
|-resisted|p2a: Arcanine
|-crit|p2a: Arcanine
|-damage|p2a: Arcanine|0 fnt
|faint|p2a: Arcanine
|
|upkeep
|
|t:|1757904983
|switch|p2a: Maushold|Maushold-Four|100/100
|turn|10
|
|t:|1757904989
|move|p2a: Maushold|Shadow Claw|p1a: Magneton
|-damage|p1a: Magneton|0 fnt
|faint|p1a: Magneton
|
|upkeep
|
|t:|1757904992
|switch|p1a: Drifblim|Drifblim, M|100/100
|turn|11
|
|t:|1757904996
|move|p2a: Maushold|Shadow Claw|p1a: Drifblim
|-supereffective|p1a: Drifblim
|-crit|p1a: Drifblim
|-damage|p1a: Drifblim|23/100
|-enditem|p1a: Drifblim|Weakness Policy
|-boost|p1a: Drifblim|atk|2|[from] item: Weakness Policy
|-boost|p1a: Drifblim|spa|2|[from] item: Weakness Policy
|move|p1a: Drifblim|Acrobatics|p2a: Maushold
|-damage|p2a: Maushold|0 fnt
|faint|p2a: Maushold
|
|upkeep
|
|t:|1757905007
|switch|p2a: Dugtrio|Dugtrio, M|100/100
|turn|12
|
|t:|1757905010
|move|p2a: Dugtrio|Endure|p2a: Dugtrio
|-singleturn|p2a: Dugtrio|move: Endure
|move|p1a: Drifblim|Strength Sap|p2a: Dugtrio
|-unboost|p2a: Dugtrio|atk|1
|-heal|p1a: Drifblim|91/100
|
|upkeep
|turn|13
|
|t:|1757905018
|move|p1a: Drifblim|Phantom Force||[still]
|-prepare|p1a: Drifblim|Phantom Force
|move|p2a: Dugtrio|Stone Edge|p1a: Drifblim|[miss]
|-miss|p2a: Dugtrio|p1a: Drifblim
|
|upkeep
|turn|14
|
|t:|1757905024
|move|p2a: Dugtrio|Endure|p2a: Dugtrio
|-singleturn|p2a: Dugtrio|move: Endure
|move|p1a: Drifblim|Phantom Force|p2a: Dugtrio|[from] lockedmove
|-activate|p2a: Dugtrio|move: Endure
|-damage|p2a: Dugtrio|1/100
|-enditem|p2a: Dugtrio|Liechi Berry|[eat]
|-boost|p2a: Dugtrio|atk|1|[from] item: Liechi Berry
|
|upkeep
|turn|15
|
|t:|1757905032
|move|p1a: Drifblim|Acrobatics|p2a: Dugtrio
|-damage|p2a: Dugtrio|0 fnt
|faint|p2a: Dugtrio
|
|upkeep
|
|t:|1757905040
|switch|p2a: Frosmoth|Frosmoth, F|100/100
|turn|16
|
|t:|1757905045
|move|p1a: Drifblim|Acrobatics|p2a: Frosmoth
|-supereffective|p2a: Frosmoth
|-enditem|p2a: Frosmoth|Focus Sash
|-damage|p2a: Frosmoth|1/100
|move|p2a: Frosmoth|Quiver Dance|p2a: Frosmoth
|-boost|p2a: Frosmoth|spa|1
|-boost|p2a: Frosmoth|spd|1
|-boost|p2a: Frosmoth|spe|1
|
|upkeep
|turn|17
|
|t:|1757905056
|move|p1a: Drifblim|Acrobatics|p2a: Frosmoth
|-supereffective|p2a: Frosmoth
|-damage|p2a: Frosmoth|0 fnt
|faint|p2a: Frosmoth
|
|upkeep
|c|☆KatiesGoodbeat2|Bro wtf your hacking and for what so that slow ass balloon can be faster than all my mons
|inactive|KatiesGoodbeat2 has 120 seconds left.
|
|t:|1757905089
|switch|p2a: Toxtricity|Toxtricity-Low-Key, M|100/100
|turn|18
|
|t:|1757905093
|move|p1a: Drifblim|Phantom Force||[still]
|-prepare|p1a: Drifblim|Phantom Force
|move|p2a: Toxtricity|Overdrive|p1a: Drifblim|[miss]
|-miss|p2a: Toxtricity|p1a: Drifblim
|
|upkeep
|turn|19
|
|t:|1757905105
|-terastallize|p2a: Toxtricity|Normal
|move|p1a: Drifblim|Phantom Force|p2a: Toxtricity|[from] lockedmove
|-immune|p2a: Toxtricity
|move|p2a: Toxtricity|Overdrive|p1a: Drifblim
|-supereffective|p1a: Drifblim
|-damage|p1a: Drifblim|0 fnt
|faint|p1a: Drifblim
|-enditem|p2a: Toxtricity|Throat Spray
|-boost|p2a: Toxtricity|spa|1|[from] item: Throat Spray
|
|upkeep
|
|t:|1757905111
|switch|p1a: Medicham|Medicham, M|100/100
|-activate|p1a: Medicham|move: Sticky Web
|-unboost|p1a: Medicham|spe|1
|turn|20
|c|☆KatiesGoodbeat2|Dummy
|
|t:|1757905124
|-terastallize|p1a: Medicham|Fighting
|move|p1a: Medicham|Close Combat|p2a: Toxtricity
|-supereffective|p2a: Toxtricity
|-damage|p2a: Toxtricity|0 fnt
|-unboost|p1a: Medicham|def|1
|-unboost|p1a: Medicham|spd|1
|faint|p2a: Toxtricity
|
|win|sly_sunflower
|raw|sly_sunflower's rating: 1098 &rarr; <strong>1120</strong><br />(+22 for winning)
|raw|KatiesGoodbeat2's rating: 1057 &rarr; <strong>1041</strong><br />(-16 for losing)
|l|☆KatiesGoodbeat2
|player|p2|
|l|☆sly_sunflower
|player|p1|
