|j|☆Munzz3542
|j|☆EddusEatzAlot
|t:|1757908947
|gametype|singles
|player|p1|Munzz3542|102|1208
|player|p2|EddusEatzAlot|steven|1278
|gen|9
|tier|[Gen 9] OU
|rated|
|rule|HP Percentage Mod: HP is shown in percentages
|rule|Endless Battle Clause: Forcing endless battles is banned
|rule|Species Clause: Limit one of each Pokémon
|rule|OHKO Clause: OHKO moves are banned
|rule|Evasion Items Clause: Evasion items are banned
|rule|Evasion Moves Clause: Evasion moves are banned
|rule|Evasion Abilities Clause: Evasion abilities are banned
|rule|Sleep Moves Clause: Sleep-inducing moves are banned
|clearpoke
|poke|p1|Scizor, M|
|poke|p1|Walking Wake|
|poke|p1|Wo-Chien|
|poke|p1|Great Tusk|
|poke|p1|Clodsire, F|
|poke|p1|Kingambit, M|
|poke|p2|Rillaboom, M|
|poke|p2|Kyurem|
|poke|p2|Heatran, F|
|poke|p2|Hatterene, F|
|poke|p2|Dragapult, F|
|poke|p2|Slowking-Galar, F|
|teampreview
|
|t:|1757908990
|teamsize|p1|6
|teamsize|p2|6
|start
|switch|p1a: PooperButtBooty|Clodsire, F|100/100
|switch|p2a: Heatran|Heatran, F|100/100
|turn|1
|
|t:|1757908998
|switch|p2a: Slowking|Slowking-Galar, F|100/100
|move|p1a: PooperButtBooty|Stealth Rock|p2a: Slowking
|-sidestart|p2: EddusEatzAlot|move: Stealth Rock
|
|upkeep
|turn|2
|
|t:|1757909029
|switch|p1a: Coughing Baby|Walking Wake|100/100
|-prepare|p2a: Slowking|Chilly Reception|[premajor]
|move|p2a: Slowking|Chilly Reception|p2a: Slowking
|-weather|Snowscape
|
|t:|1757909036
|switch|p2a: Hatterene|Hatterene, F|100/100|[from] Chilly Reception
|-damage|p2a: Hatterene|88/100|[from] Stealth Rock
|
|-weather|Snowscape|[upkeep]
|upkeep
|turn|3
|
|t:|1757909042
|-end|p1a: Coughing Baby|Protosynthesis|[silent]
|switch|p1a: Wash that Ass|Scizor, M|100/100
|move|p2a: Hatterene|Psyshock|p1a: Wash that Ass
|-resisted|p1a: Wash that Ass
|-damage|p1a: Wash that Ass|77/100
|
|-weather|Snowscape|[upkeep]
|upkeep
|turn|4
|
|t:|1757909049
|switch|p2a: Heatran|Heatran, F|100/100
|move|p1a: Wash that Ass|Bullet Punch|p2a: Heatran
|-resisted|p2a: Heatran
|-damage|p2a: Heatran|87/100
|
|-weather|Snowscape|[upkeep]
|upkeep
|turn|5
|
|t:|1757909054
|switch|p1a: Ukraine|Great Tusk|100/100
|move|p2a: Heatran|Stealth Rock|p1a: Ukraine
|-sidestart|p1: Munzz3542|move: Stealth Rock
|
|-weather|Snowscape|[upkeep]
|upkeep
|turn|6
|
|t:|1757909058
|switch|p2a: Kyurem|Kyurem|100/100
|-ability|p2a: Kyurem|Pressure
|move|p1a: Ukraine|Headlong Rush|p2a: Kyurem
|-damage|p2a: Kyurem|59/100
|-unboost|p1a: Ukraine|def|1
|-unboost|p1a: Ukraine|spd|1
|
|-weather|none
|upkeep
|turn|7
|
|t:|1757909064
|move|p2a: Kyurem|Freeze-Dry|p1a: Ukraine
|-supereffective|p1a: Ukraine
|-damage|p1a: Ukraine|0 fnt
|faint|p1a: Ukraine
|-end|p1a: Ukraine|Protosynthesis|[silent]
|
|upkeep
|
|t:|1757909071
|switch|p1a: Coughing Baby|Walking Wake|100/100
|-damage|p1a: Coughing Baby|88/100|[from] Stealth Rock
|turn|8
|
|t:|1757909075
|switch|p2a: Hatterene|Hatterene, F|88/100
|-damage|p2a: Hatterene|76/100|[from] Stealth Rock
|move|p1a: Coughing Baby|Draco Meteor|p2a: Hatterene
|-immune|p2a: Hatterene
|
|upkeep
|turn|9
|
|t:|1757909080
|-end|p1a: Coughing Baby|Protosynthesis|[silent]
|switch|p1a: Wash that Ass|Scizor, M|77/100
|-damage|p1a: Wash that Ass|65/100|[from] Stealth Rock
|move|p2a: Hatterene|Mystical Fire|p1a: Wash that Ass
|-supereffective|p1a: Wash that Ass
|-damage|p1a: Wash that Ass|0 fnt
|faint|p1a: Wash that Ass
|
|upkeep
|
|t:|1757909084
|switch|p1a: PooperButtBooty|Clodsire, F|100/100
|turn|10
|
|t:|1757909086
|move|p2a: Hatterene|Psyshock|p1a: PooperButtBooty
|-supereffective|p1a: PooperButtBooty
|-damage|p1a: PooperButtBooty|13/100
|move|p1a: PooperButtBooty|Poison Jab|p2a: Hatterene
|-supereffective|p2a: Hatterene
|-damage|p2a: Hatterene|30/100
|
|upkeep
|turn|11
|
|t:|1757909091
|move|p2a: Hatterene|Mystical Fire|p1a: PooperButtBooty
|-damage|p1a: PooperButtBooty|0 fnt
|faint|p1a: PooperButtBooty
|
|upkeep
|
|t:|1757909095
|switch|p1a: Punk Rock|Wo-Chien|100/100
|-damage|p1a: Punk Rock|88/100|[from] Stealth Rock
|-ability|p1a: Punk Rock|Tablets of Ruin
|turn|12
|
|t:|1757909099
|move|p1a: Punk Rock|Protect|p1a: Punk Rock
|-singleturn|p1a: Punk Rock|Protect
|move|p2a: Hatterene|Draining Kiss|p1a: Punk Rock
|-activate|p1a: Punk Rock|move: Protect
|
|-heal|p1a: Punk Rock|94/100|[from] item: Leftovers
|upkeep
|turn|13
|
|t:|1757909102
|move|p1a: Punk Rock|Giga Drain|p2a: Hatterene
|-damage|p2a: Hatterene|16/100
|-heal|p1a: Punk Rock|100/100|[from] drain|[of] p2a: Hatterene
|move|p2a: Hatterene|Nuzzle|p1a: Punk Rock
|-resisted|p1a: Punk Rock
|-damage|p1a: Punk Rock|99/100
|-status|p1a: Punk Rock|par
|
|-heal|p1a: Punk Rock|100/100 par|[from] item: Leftovers
|upkeep
|turn|14
|
|t:|1757909104
|move|p2a: Hatterene|Draining Kiss|p1a: Punk Rock
|-supereffective|p1a: Punk Rock
|-damage|p1a: Punk Rock|62/100 par
|-heal|p2a: Hatterene|50/100|[from] drain|[of] p1a: Punk Rock
|move|p1a: Punk Rock|Giga Drain|p2a: Hatterene
|-damage|p2a: Hatterene|36/100
|-heal|p1a: Punk Rock|68/100 par|[from] drain|[of] p2a: Hatterene
|
|-heal|p1a: Punk Rock|74/100 par|[from] item: Leftovers
|upkeep
|turn|15
|
|t:|1757909108
|move|p2a: Hatterene|Draining Kiss|p1a: Punk Rock
|-supereffective|p1a: Punk Rock
|-damage|p1a: Punk Rock|39/100 par
|-heal|p2a: Hatterene|67/100|[from] drain|[of] p1a: Punk Rock
|cant|p1a: Punk Rock|par
|
|-heal|p1a: Punk Rock|45/100 par|[from] item: Leftovers
|upkeep
|turn|16
|
|t:|1757909113
|move|p2a: Hatterene|Draining Kiss|p1a: Punk Rock
|-supereffective|p1a: Punk Rock
|-damage|p1a: Punk Rock|4/100 par
|-heal|p2a: Hatterene|100/100|[from] drain|[of] p1a: Punk Rock
|cant|p1a: Punk Rock|par
|
|-heal|p1a: Punk Rock|10/100 par|[from] item: Leftovers
|upkeep
|turn|17
|
|t:|1757909116
|move|p2a: Hatterene|Draining Kiss|p1a: Punk Rock
|-supereffective|p1a: Punk Rock
|-damage|p1a: Punk Rock|0 fnt
|faint|p1a: Punk Rock
|
|upkeep
|
|t:|1757909118
|switch|p1a: Coughing Baby|Walking Wake|88/100
|-damage|p1a: Coughing Baby|76/100|[from] Stealth Rock
|turn|18
|
|t:|1757909121
|move|p1a: Coughing Baby|Hydro Steam|p2a: Hatterene
|-damage|p2a: Hatterene|65/100
|move|p2a: Hatterene|Nuzzle|p1a: Coughing Baby
|-damage|p1a: Coughing Baby|71/100
|-status|p1a: Coughing Baby|par
|
|upkeep
|turn|19
|
|t:|1757909123
|cant|p1a: Coughing Baby|par
|move|p2a: Hatterene|Draining Kiss|p1a: Coughing Baby
|-supereffective|p1a: Coughing Baby
|-damage|p1a: Coughing Baby|12/100 par
|-heal|p2a: Hatterene|100/100|[from] drain|[of] p1a: Coughing Baby
|
|upkeep
|turn|20
|
|t:|1757909127
|move|p1a: Coughing Baby|Hydro Steam|p2a: Hatterene
|-damage|p2a: Hatterene|62/100
|move|p2a: Hatterene|Draining Kiss|p1a: Coughing Baby
|-supereffective|p1a: Coughing Baby
|-damage|p1a: Coughing Baby|0 fnt
|-heal|p2a: Hatterene|71/100|[from] drain|[of] p1a: Coughing Baby
|faint|p1a: Coughing Baby
|-end|p1a: Coughing Baby|Protosynthesis|[silent]
|
|upkeep
|
|t:|1757909129
|switch|p1a: General Buttlicker|Kingambit, M, shiny|100/100
|-damage|p1a: General Buttlicker|94/100|[from] Stealth Rock
|-activate|p1a: General Buttlicker|ability: Supreme Overlord
|-start|p1a: General Buttlicker|fallen5|[silent]
|turn|21
|
|t:|1757909133
|-terastallize|p1a: General Buttlicker|Dark
|move|p1a: General Buttlicker|Sucker Punch|p2a: Hatterene
|-damage|p2a: Hatterene|0 fnt
|faint|p2a: Hatterene
|
|upkeep
|
|t:|1757909138
|switch|p2a: Heatran|Heatran, F|87/100
|turn|22
|
|t:|1757909141
|move|p1a: General Buttlicker|Sucker Punch|p2a: Heatran
|-damage|p2a: Heatran|0 fnt
|faint|p2a: Heatran
|
|upkeep
|
|t:|1757909144
|switch|p2a: Rillaboom|Rillaboom, M|100/100
|-damage|p2a: Rillaboom|88/100|[from] Stealth Rock
|-fieldstart|move: Grassy Terrain|[from] ability: Grassy Surge|[of] p2a: Rillaboom
|turn|23
|
|t:|1757909146
|-terastallize|p2a: Rillaboom|Grass
|move|p2a: Rillaboom|Grassy Glide|p1a: General Buttlicker
|-damage|p1a: General Buttlicker|31/100
|move|p1a: General Buttlicker|Sucker Punch||[still]
|-fail|p1a: General Buttlicker
|
|-heal|p2a: Rillaboom|94/100|[from] Grassy Terrain
|-heal|p1a: General Buttlicker|38/100|[from] Grassy Terrain
|upkeep
|turn|24
|
|t:|1757909152
|move|p2a: Rillaboom|Grassy Glide|p1a: General Buttlicker
|-damage|p1a: General Buttlicker|0 fnt
|faint|p1a: General Buttlicker
|-end|p1a: General Buttlicker|fallen5|[silent]
|
|win|EddusEatzAlot
|raw|Munzz3542's rating: 1208 &rarr; <strong>1188</strong><br />(-20 for losing)
|raw|EddusEatzAlot's rating: 1278 &rarr; <strong>1298</strong><br />(+20 for winning)
|c|☆EddusEatzAlot|gg wp
|c|☆Munzz3542|L
|l|☆EddusEatzAlot
|player|p2|
|l|☆Munzz3542
|player|p1|
