|j|☆King12345676
|j|☆Noryemak
|t:|1757947575
|gametype|singles
|player|p1|King12345676|102|1123
|player|p2|Noryemak|gentleman-gen4|1088
|gen|9
|tier|[Gen 9] OU
|rated|
|rule|HP Percentage Mod: HP is shown in percentages
|rule|Endless Battle Clause: Forcing endless battles is banned
|rule|Species Clause: Limit one of each Pokémon
|rule|OHKO Clause: OHKO moves are banned
|rule|Evasion Items Clause: Evasion items are banned
|rule|Evasion Moves Clause: Evasion moves are banned
|rule|Evasion Abilities Clause: Evasion abilities are banned
|rule|Sleep Moves Clause: Sleep-inducing moves are banned
|clearpoke
|poke|p1|Raging Bolt|
|poke|p1|Ting-Lu|
|poke|p1|Great Tusk|
|poke|p1|Iron Crown|
|poke|p1|Dragapult, M|
|poke|p1|Primarina, F|
|poke|p2|Ceruledge, F|
|poke|p2|Kyurem|
|poke|p2|Slowking-Galar, M|
|poke|p2|Haxorus, M|
|poke|p2|Florges-Orange, F|
|poke|p2|Regigigas|
|teampreview
|inactive|Battle timer is ON: inactive players will automatically lose when time's up. (requested by Noryemak)
|
|t:|1757947591
|teamsize|p1|6
|teamsize|p2|6
|start
|switch|p1a: Ting-Lu|Ting-Lu|100/100
|switch|p2a: Kenpachi|Regigigas|100/100
|-start|p2a: Kenpachi|ability: Slow Start
|-ability|p1a: Ting-Lu|Vessel of Ruin
|turn|1
|
|t:|1757947598
|move|p1a: Ting-Lu|Spikes|p2a: Kenpachi
|-sidestart|p2: Noryemak|Spikes
|move|p2a: Kenpachi|Body Slam|p1a: Ting-Lu
|-damage|p1a: Ting-Lu|85/100
|
|upkeep
|turn|2
|
|t:|1757947610
|move|p1a: Ting-Lu|Ruination|p2a: Kenpachi
|-damage|p2a: Kenpachi|50/100
|move|p2a: Kenpachi|Body Slam|p1a: Ting-Lu
|-damage|p1a: Ting-Lu|69/100
|
|-heal|p2a: Kenpachi|57/100|[from] item: Leftovers
|upkeep
|turn|3
|
|t:|1757947622
|switch|p1a: Dragapult|Dragapult, M|100/100
|move|p2a: Kenpachi|Body Slam|p1a: Dragapult
|-immune|p1a: Dragapult
|
|-heal|p2a: Kenpachi|63/100|[from] item: Leftovers
|upkeep
|turn|4
|
|t:|1757947628
|move|p2a: Kenpachi|Protect|p2a: Kenpachi
|-singleturn|p2a: Kenpachi|Protect
|move|p1a: Dragapult|Will-O-Wisp|p2a: Kenpachi
|-activate|p2a: Kenpachi|move: Protect
|
|-heal|p2a: Kenpachi|69/100|[from] item: Leftovers
|upkeep
|turn|5
|
|t:|1757947635
|move|p1a: Dragapult|Will-O-Wisp|p2a: Kenpachi|[miss]
|-miss|p1a: Dragapult|p2a: Kenpachi
|move|p2a: Kenpachi|Heavy Slam|p1a: Dragapult
|-damage|p1a: Dragapult|63/100
|
|-heal|p2a: Kenpachi|75/100|[from] item: Leftovers
|-end|p2a: Kenpachi|Slow Start
|upkeep
|turn|6
|
|t:|1757947642
|move|p2a: Kenpachi|Protect|p2a: Kenpachi
|-singleturn|p2a: Kenpachi|Protect
|move|p1a: Dragapult|Will-O-Wisp|p2a: Kenpachi
|-activate|p2a: Kenpachi|move: Protect
|
|-heal|p2a: Kenpachi|81/100|[from] item: Leftovers
|upkeep
|turn|7
|
|t:|1757947648
|move|p1a: Dragapult|Will-O-Wisp|p2a: Kenpachi
|-status|p2a: Kenpachi|brn
|move|p2a: Kenpachi|Heavy Slam|p1a: Dragapult
|-damage|p1a: Dragapult|28/100
|
|-heal|p2a: Kenpachi|87/100 brn|[from] item: Leftovers
|-damage|p2a: Kenpachi|81/100 brn|[from] brn
|upkeep
|turn|8
|
|t:|1757947654
|move|p1a: Dragapult|U-turn|p2a: Kenpachi
|-damage|p2a: Kenpachi|67/100 brn
|
|t:|1757947660
|switch|p1a: Iron Crown|Iron Crown|100/100|[from] U-turn
|move|p2a: Kenpachi|Heavy Slam|p1a: Iron Crown
|-resisted|p1a: Iron Crown
|-damage|p1a: Iron Crown|94/100
|
|-heal|p2a: Kenpachi|74/100 brn|[from] item: Leftovers
|-damage|p2a: Kenpachi|67/100 brn|[from] brn
|upkeep
|turn|9
|
|t:|1757947664
|move|p1a: Iron Crown|Future Sight|p2a: Kenpachi
|-start|p1a: Iron Crown|move: Future Sight
|move|p2a: Kenpachi|Heat Crash|p1a: Iron Crown
|-supereffective|p1a: Iron Crown
|-damage|p1a: Iron Crown|65/100
|
|-heal|p2a: Kenpachi|74/100 brn|[from] item: Leftovers
|-damage|p2a: Kenpachi|67/100 brn|[from] brn
|upkeep
|turn|10
|
|t:|1757947669
|move|p1a: Iron Crown|Psychic Noise|p2a: Kenpachi
|-damage|p2a: Kenpachi|38/100 brn
|-start|p2a: Kenpachi|move: Heal Block
|move|p2a: Kenpachi|Heat Crash|p1a: Iron Crown
|-supereffective|p1a: Iron Crown
|-damage|p1a: Iron Crown|35/100
|
|-damage|p2a: Kenpachi|32/100 brn|[from] brn
|upkeep
|turn|11
|
|t:|1757947678
|move|p1a: Iron Crown|Volt Switch|p2a: Kenpachi
|-damage|p2a: Kenpachi|15/100 brn
|
|t:|1757947684
|-end|p1a: Iron Crown|Quark Drive|[silent]
|switch|p1a: Primarina|Primarina, F|100/100|[from] Volt Switch
|move|p2a: Kenpachi|Heat Crash|p1a: Primarina
|-resisted|p1a: Primarina
|-damage|p1a: Primarina|85/100
|
|-end|p2a: Kenpachi|move: Future Sight
|-damage|p2a: Kenpachi|0 fnt
|faint|p2a: Kenpachi
|-heal|p1a: Primarina|91/100|[from] item: Leftovers
|upkeep
|
|t:|1757947691
|switch|p2a: Ryujin Jakka|Ceruledge, F|100/100
|-damage|p2a: Ryujin Jakka|88/100|[from] Spikes
|turn|12
|
|t:|1757947697
|move|p2a: Ryujin Jakka|Bitter Blade|p1a: Primarina
|-resisted|p1a: Primarina
|-damage|p1a: Primarina|63/100
|-heal|p2a: Ryujin Jakka|100/100|[from] drain|[of] p1a: Primarina
|move|p1a: Primarina|Hyper Voice|p2a: Ryujin Jakka
|-supereffective|p2a: Ryujin Jakka
|-enditem|p2a: Ryujin Jakka|Focus Sash
|-damage|p2a: Ryujin Jakka|1/100
|
|-heal|p1a: Primarina|69/100|[from] item: Leftovers
|upkeep
|turn|13
|
|t:|1757947707
|-terastallize|p2a: Ryujin Jakka|Ghost
|move|p2a: Ryujin Jakka|Shadow Claw|p1a: Primarina
|-crit|p1a: Primarina
|-damage|p1a: Primarina|0 fnt
|faint|p1a: Primarina
|
|upkeep
|
|t:|1757947710
|switch|p1a: Raging Bolt|Raging Bolt|100/100
|-enditem|p1a: Raging Bolt|Booster Energy
|-activate|p1a: Raging Bolt|ability: Protosynthesis|[fromitem]
|-start|p1a: Raging Bolt|protosynthesisspa
|turn|14
|
|t:|1757947723
|move|p2a: Ryujin Jakka|Shadow Claw|p1a: Raging Bolt
|-damage|p1a: Raging Bolt|63/100
|move|p1a: Raging Bolt|Thunderbolt|p2a: Ryujin Jakka
|-damage|p2a: Ryujin Jakka|0 fnt
|faint|p2a: Ryujin Jakka
|
|upkeep
|
|t:|1757947726
|switch|p2a: Shorin Ryu|Florges-Orange, F|100/100
|-damage|p2a: Shorin Ryu|88/100|[from] Spikes
|turn|15
|
|t:|1757947739
|-terastallize|p1a: Raging Bolt|Fairy
|move|p1a: Raging Bolt|Calm Mind|p1a: Raging Bolt
|-boost|p1a: Raging Bolt|spa|1
|-boost|p1a: Raging Bolt|spd|1
|move|p2a: Shorin Ryu|Draining Kiss|p1a: Raging Bolt
|-damage|p1a: Raging Bolt|49/100
|-heal|p2a: Shorin Ryu|100/100|[from] drain|[of] p1a: Raging Bolt
|
|upkeep
|turn|16
|
|t:|1757947756
|move|p1a: Raging Bolt|Calm Mind|p1a: Raging Bolt
|-boost|p1a: Raging Bolt|spa|1
|-boost|p1a: Raging Bolt|spd|1
|move|p2a: Shorin Ryu|Moonblast|p1a: Raging Bolt
|-damage|p1a: Raging Bolt|29/100
|
|upkeep
|turn|17
|
|t:|1757947767
|switch|p2a: Kyoka Suigetsu|Slowking-Galar, M|100/100
|-damage|p2a: Kyoka Suigetsu|88/100|[from] Spikes
|move|p1a: Raging Bolt|Thunderbolt|p2a: Kyoka Suigetsu
|-damage|p2a: Kyoka Suigetsu|20/100
|
|upkeep
|turn|18
|
|t:|1757947775
|move|p1a: Raging Bolt|Thunderbolt|p2a: Kyoka Suigetsu
|-damage|p2a: Kyoka Suigetsu|0 fnt
|faint|p2a: Kyoka Suigetsu
|
|upkeep
|
|t:|1757947783
|switch|p2a: Zangetsu|Haxorus, M|100/100
|-damage|p2a: Zangetsu|88/100|[from] Spikes
|turn|19
|
|t:|1757947787
|move|p2a: Zangetsu|First Impression|p1a: Raging Bolt
|-resisted|p1a: Raging Bolt
|-damage|p1a: Raging Bolt|10/100
|-damage|p2a: Zangetsu|78/100|[from] item: Life Orb
|move|p1a: Raging Bolt|Tera Blast|p2a: Zangetsu|[anim] Tera Blast Fairy
|-supereffective|p2a: Zangetsu
|-damage|p2a: Zangetsu|0 fnt
|faint|p2a: Zangetsu
|
|upkeep
|
|t:|1757947792
|switch|p2a: Hyorinmaru|Kyurem|100/100
|-damage|p2a: Hyorinmaru|88/100|[from] Spikes
|-ability|p2a: Hyorinmaru|Pressure
|turn|20
|
|t:|1757947803
|move|p2a: Hyorinmaru|Icicle Spear|p1a: Raging Bolt
|-damage|p1a: Raging Bolt|0 fnt
|faint|p1a: Raging Bolt
|-end|p1a: Raging Bolt|Protosynthesis|[silent]
|-hitcount|p1: Raging Bolt|1
|
|upkeep
|
|t:|1757947809
|switch|p1a: Iron Crown|Iron Crown|35/100
|turn|21
|
|t:|1757947815
|move|p1a: Iron Crown|Tachyon Cutter|p2a: Hyorinmaru
|-supereffective|p2a: Hyorinmaru
|-crit|p2a: Hyorinmaru
|-damage|p2a: Hyorinmaru|18/100
|-supereffective|p2a: Hyorinmaru
|-damage|p2a: Hyorinmaru|0 fnt
|faint|p2a: Hyorinmaru
|-hitcount|p2: Hyorinmaru|2
|
|upkeep
|
|t:|1757947818
|switch|p2a: Shorin Ryu|Florges-Orange, F|100/100
|-damage|p2a: Shorin Ryu|88/100|[from] Spikes
|turn|22
|
|t:|1757947826
|move|p1a: Iron Crown|Tachyon Cutter|p2a: Shorin Ryu
|-supereffective|p2a: Shorin Ryu
|-damage|p2a: Shorin Ryu|53/100
|-supereffective|p2a: Shorin Ryu
|-damage|p2a: Shorin Ryu|20/100
|-hitcount|p2a: Shorin Ryu|2
|move|p2a: Shorin Ryu|Moonblast|p1a: Iron Crown
|-resisted|p1a: Iron Crown
|-damage|p1a: Iron Crown|18/100
|
|upkeep
|turn|23
|-message|Noryemak forfeited.
|
|win|King12345676
|raw|King12345676's rating: 1123 &rarr; <strong>1145</strong><br />(+22 for winning)
|raw|Noryemak's rating: 1088 &rarr; <strong>1067</strong><br />(-21 for losing)
|l|☆Noryemak
|player|p2|
|l|☆King12345676
|player|p1|
