|j|☆Passerby bye
|j|☆EddusEatzAlot
|t:|1757827799
|gametype|singles
|player|p1|Passerby bye|cyclist|1472
|player|p2|EddusEatzAlot|steven|1445
|gen|9
|tier|[Gen 9] OU
|rated|
|rule|HP Percentage Mod: HP is shown in percentages
|rule|Endless Battle Clause: Forcing endless battles is banned
|rule|Species Clause: Limit one of each Pokémon
|rule|OHKO Clause: OHKO moves are banned
|rule|Evasion Items Clause: Evasion items are banned
|rule|Evasion Moves Clause: Evasion moves are banned
|rule|Evasion Abilities Clause: Evasion abilities are banned
|rule|Sleep Moves Clause: Sleep-inducing moves are banned
|clearpoke
|poke|p1|Magnezone|
|poke|p1|Vileplume, F|
|poke|p1|Gyarados, F|
|poke|p1|Houndoom, M|
|poke|p1|Mamoswine, M|
|poke|p1|Azumarill, M|
|poke|p2|Rillaboom, M|
|poke|p2|Great Tusk|
|poke|p2|Slowking-Galar, M|
|poke|p2|Dragapult, M|
|poke|p2|Heatran, F|
|poke|p2|Weavile, F|
|teampreview
|
|t:|1757827807
|teamsize|p1|6
|teamsize|p2|6
|start
|switch|p1a: Sample Team sucks|Azumarill, M|100/100
|switch|p2a: Rillaboom|Rillaboom, M|100/100
|-fieldstart|move: Grassy Terrain|[from] ability: Grassy Surge|[of] p2a: Rillaboom
|turn|1
|
|t:|1757827812
|switch|p1a: Ordinary Pkmn only|Vileplume, F|100/100
|move|p2a: Rillaboom|Grassy Glide|p1a: Ordinary Pkmn only
|-resisted|p1a: Ordinary Pkmn only
|-damage|p1a: Ordinary Pkmn only|88/100
|-damage|p2a: Rillaboom|84/100|[from] item: Rocky Helmet|[of] p1a: Ordinary Pkmn only
|
|-heal|p2a: Rillaboom|90/100|[from] Grassy Terrain
|-heal|p1a: Ordinary Pkmn only|95/100|[from] Grassy Terrain
|upkeep
|turn|2
|
|t:|1757827829
|switch|p2a: Heatran|Heatran, F|100/100
|move|p1a: Ordinary Pkmn only|Leech Seed|p2a: Heatran
|-start|p2a: Heatran|move: Leech Seed
|
|-heal|p1a: Ordinary Pkmn only|100/100|[from] Grassy Terrain
|-damage|p2a: Heatran|88/100|[from] Leech Seed|[of] p1a: Ordinary Pkmn only
|upkeep
|turn|3
|l|☆EddusEatzAlot
|player|p2|
|
|t:|1757827837
|switch|p1a: BST＞540 Pkmn sucks|Gyarados, F, shiny|100/100
|-ability|p1a: BST＞540 Pkmn sucks|Intimidate|boost
|-unboost|p2a: Heatran|atk|1
|move|p2a: Heatran|Stealth Rock|p1a: BST＞540 Pkmn sucks
|-sidestart|p1: Passerby bye|move: Stealth Rock
|
|-heal|p2a: Heatran|94/100|[from] Grassy Terrain
|-damage|p2a: Heatran|82/100|[from] Leech Seed|[of] p1a: BST＞540 Pkmn sucks
|upkeep
|turn|4
|j|☆EddusEatzAlot
|player|p2|EddusEatzAlot|steven|
|
|t:|1757827858
|switch|p2a: Dragapult|Dragapult, M|100/100
|move|p1a: BST＞540 Pkmn sucks|Thunder Wave|p2a: Dragapult
|-status|p2a: Dragapult|par
|
|upkeep
|turn|5
|
|t:|1757827870
|switch|p1a: Legend Pkmn sucks|Magnezone|100/100
|-damage|p1a: Legend Pkmn sucks|94/100|[from] Stealth Rock
|cant|p2a: Dragapult|par
|
|-heal|p1a: Legend Pkmn sucks|100/100|[from] Grassy Terrain
|-fieldend|move: Grassy Terrain
|upkeep
|turn|6
|
|t:|1757827877
|switch|p2a: Slowking|Slowking-Galar, M|100/100
|move|p1a: Legend Pkmn sucks|Flash Cannon|p2a: Slowking
|-damage|p2a: Slowking|47/100
|
|upkeep
|turn|7
|
|t:|1757827882
|switch|p2a: Heatran|Heatran, F|82/100
|move|p1a: Legend Pkmn sucks|Flash Cannon|p2a: Heatran
|-resisted|p2a: Heatran
|-damage|p2a: Heatran|58/100
|
|upkeep
|turn|8
|
|t:|1757827888
|switch|p1a: BST＞540 Pkmn sucks|Gyarados, F, shiny|100/100
|-ability|p1a: BST＞540 Pkmn sucks|Intimidate|boost
|-unboost|p2a: Heatran|atk|1
|move|p2a: Heatran|Lava Plume|p1a: BST＞540 Pkmn sucks
|-resisted|p1a: BST＞540 Pkmn sucks
|-damage|p1a: BST＞540 Pkmn sucks|79/100
|
|upkeep
|turn|9
|
|t:|1757827898
|switch|p2a: Rillaboom|Rillaboom, M|90/100
|-fieldstart|move: Grassy Terrain|[from] ability: Grassy Surge|[of] p2a: Rillaboom
|move|p1a: BST＞540 Pkmn sucks|Waterfall|p2a: Rillaboom
|-resisted|p2a: Rillaboom
|-damage|p2a: Rillaboom|71/100
|
|-heal|p2a: Rillaboom|77/100|[from] Grassy Terrain
|upkeep
|turn|10
|
|t:|1757827905
|move|p2a: Rillaboom|Wood Hammer|p1a: BST＞540 Pkmn sucks
|-damage|p1a: BST＞540 Pkmn sucks|0 fnt
|faint|p1a: BST＞540 Pkmn sucks
|-damage|p2a: Rillaboom|56/100|[from] Recoil
|
|-heal|p2a: Rillaboom|62/100|[from] Grassy Terrain
|upkeep
|
|t:|1757827907
|switch|p1a: Ordinary Pkmn only|Vileplume, F|100/100
|-damage|p1a: Ordinary Pkmn only|88/100|[from] Stealth Rock
|turn|11
|
|t:|1757827910
|switch|p2a: Heatran|Heatran, F|58/100
|move|p1a: Ordinary Pkmn only|Leech Seed|p2a: Heatran
|-start|p2a: Heatran|move: Leech Seed
|
|-heal|p2a: Heatran|64/100|[from] Grassy Terrain
|-heal|p1a: Ordinary Pkmn only|94/100|[from] Grassy Terrain
|-damage|p2a: Heatran|52/100|[from] Leech Seed|[of] p1a: Ordinary Pkmn only
|-heal|p1a: Ordinary Pkmn only|100/100|[silent]
|upkeep
|turn|12
|
|t:|1757827914
|switch|p1a: Sample Team sucks|Azumarill, M|100/100
|-damage|p1a: Sample Team sucks|88/100|[from] Stealth Rock
|move|p2a: Heatran|Lava Plume|p1a: Sample Team sucks
|-resisted|p1a: Sample Team sucks
|-damage|p1a: Sample Team sucks|74/100
|
|-heal|p2a: Heatran|58/100|[from] Grassy Terrain
|-heal|p1a: Sample Team sucks|80/100|[from] Grassy Terrain
|-damage|p2a: Heatran|46/100|[from] Leech Seed|[of] p1a: Sample Team sucks
|-heal|p1a: Sample Team sucks|90/100|[silent]
|upkeep
|turn|13
|
|t:|1757827925
|switch|p2a: Slowking|Slowking-Galar, M|80/100
|move|p1a: Sample Team sucks|Knock Off|p2a: Slowking
|-supereffective|p2a: Slowking
|-damage|p2a: Slowking|0 fnt
|-enditem|p2a: Slowking|Heavy-Duty Boots|[from] move: Knock Off|[of] p1a: Sample Team sucks
|faint|p2a: Slowking
|
|-heal|p1a: Sample Team sucks|96/100|[from] Grassy Terrain
|-fieldend|move: Grassy Terrain
|upkeep
|
|t:|1757827928
|switch|p2a: Rillaboom|Rillaboom, M|62/100
|-fieldstart|move: Grassy Terrain|[from] ability: Grassy Surge|[of] p2a: Rillaboom
|turn|14
|
|t:|1757827932
|switch|p1a: Ordinary Pkmn only|Vileplume, F|100/100
|-damage|p1a: Ordinary Pkmn only|88/100|[from] Stealth Rock
|move|p2a: Rillaboom|Wood Hammer|p1a: Ordinary Pkmn only
|-resisted|p1a: Ordinary Pkmn only
|-damage|p1a: Ordinary Pkmn only|63/100
|-damage|p2a: Rillaboom|46/100|[from] item: Rocky Helmet|[of] p1a: Ordinary Pkmn only
|-damage|p2a: Rillaboom|38/100|[from] Recoil
|
|-heal|p2a: Rillaboom|44/100|[from] Grassy Terrain
|-heal|p1a: Ordinary Pkmn only|69/100|[from] Grassy Terrain
|upkeep
|turn|15
|
|t:|1757827940
|switch|p2a: Weavile|Weavile, F|100/100
|-ability|p2a: Weavile|Pressure
|move|p1a: Ordinary Pkmn only|Leech Seed|p2a: Weavile
|-start|p2a: Weavile|move: Leech Seed
|
|-heal|p1a: Ordinary Pkmn only|75/100|[from] Grassy Terrain
|-damage|p2a: Weavile|88/100|[from] Leech Seed|[of] p1a: Ordinary Pkmn only
|-heal|p1a: Ordinary Pkmn only|85/100|[silent]
|upkeep
|turn|16
|
|t:|1757827947
|switch|p2a: Heatran|Heatran, F|46/100
|switch|p1a: Sample Team sucks|Azumarill, M|96/100
|-damage|p1a: Sample Team sucks|84/100|[from] Stealth Rock
|
|-heal|p2a: Heatran|52/100|[from] Grassy Terrain
|-heal|p1a: Sample Team sucks|90/100|[from] Grassy Terrain
|upkeep
|turn|17
|
|t:|1757827958
|move|p2a: Heatran|Flash Cannon|p1a: Sample Team sucks
|-damage|p1a: Sample Team sucks|60/100
|move|p1a: Sample Team sucks|Play Rough|p2a: Heatran
|-resisted|p2a: Heatran
|-damage|p2a: Heatran|37/100
|
|-heal|p2a: Heatran|43/100|[from] Grassy Terrain
|-heal|p1a: Sample Team sucks|66/100|[from] Grassy Terrain
|upkeep
|turn|18
|
|t:|1757827970
|switch|p2a: Dragapult|Dragapult, M|100/100 par
|move|p1a: Sample Team sucks|Liquidation|p2a: Dragapult
|-resisted|p2a: Dragapult
|-damage|p2a: Dragapult|62/100 par
|
|-heal|p2a: Dragapult|68/100 par|[from] Grassy Terrain
|-heal|p2a: Dragapult|74/100 par|[from] item: Leftovers
|-heal|p1a: Sample Team sucks|73/100|[from] Grassy Terrain
|-fieldend|move: Grassy Terrain
|upkeep
|turn|19
|
|t:|1757827975
|move|p2a: Dragapult|Will-O-Wisp|p1a: Sample Team sucks
|-status|p1a: Sample Team sucks|brn
|move|p1a: Sample Team sucks|Knock Off|p2a: Dragapult
|-supereffective|p2a: Dragapult
|-damage|p2a: Dragapult|10/100 par
|-enditem|p2a: Dragapult|Leftovers|[from] move: Knock Off|[of] p1a: Sample Team sucks
|
|-damage|p1a: Sample Team sucks|66/100 brn|[from] brn
|upkeep
|turn|20
|
|t:|1757827980
|move|p1a: Sample Team sucks|Aqua Jet|p2a: Dragapult
|-resisted|p2a: Dragapult
|-damage|p2a: Dragapult|0 fnt
|faint|p2a: Dragapult
|
|-damage|p1a: Sample Team sucks|60/100 brn|[from] brn
|upkeep
|
|t:|1757827982
|switch|p2a: Rillaboom|Rillaboom, M|44/100
|-fieldstart|move: Grassy Terrain|[from] ability: Grassy Surge|[of] p2a: Rillaboom
|turn|21
|
|t:|1757827985
|move|p2a: Rillaboom|U-turn|p1a: Sample Team sucks
|-resisted|p1a: Sample Team sucks
|-damage|p1a: Sample Team sucks|39/100 brn
|
|t:|1757827988
|switch|p2a: Heatran|Heatran, F|43/100|[from] U-turn
|move|p1a: Sample Team sucks|Knock Off|p2a: Heatran
|-damage|p2a: Heatran|23/100
|-enditem|p2a: Heatran|Heavy-Duty Boots|[from] move: Knock Off|[of] p1a: Sample Team sucks
|
|-heal|p2a: Heatran|29/100|[from] Grassy Terrain
|-heal|p1a: Sample Team sucks|46/100 brn|[from] Grassy Terrain
|-damage|p1a: Sample Team sucks|39/100 brn|[from] brn
|upkeep
|turn|22
|
|t:|1757827995
|switch|p2a: Great Tusk|Great Tusk|100/100
|move|p1a: Sample Team sucks|Liquidation|p2a: Great Tusk
|-supereffective|p2a: Great Tusk
|-damage|p2a: Great Tusk|60/100
|
|-heal|p2a: Great Tusk|66/100|[from] Grassy Terrain
|-heal|p1a: Sample Team sucks|46/100 brn|[from] Grassy Terrain
|-damage|p1a: Sample Team sucks|39/100 brn|[from] brn
|upkeep
|turn|23
|
|t:|1757827999
|move|p2a: Great Tusk|Headlong Rush|p1a: Sample Team sucks
|-crit|p1a: Sample Team sucks
|-damage|p1a: Sample Team sucks|0 fnt
|-unboost|p2a: Great Tusk|def|1
|-unboost|p2a: Great Tusk|spd|1
|faint|p1a: Sample Team sucks
|
|-heal|p2a: Great Tusk|72/100|[from] Grassy Terrain
|upkeep
|
|t:|1757828021
|switch|p1a: Terrain Team sucks|Mamoswine, M|100/100
|-damage|p1a: Terrain Team sucks|88/100|[from] Stealth Rock
|turn|24
|
|t:|1757828035
|move|p2a: Great Tusk|Headlong Rush|p1a: Terrain Team sucks
|-damage|p1a: Terrain Team sucks|30/100
|-unboost|p2a: Great Tusk|def|1
|-unboost|p2a: Great Tusk|spd|1
|move|p1a: Terrain Team sucks|Avalanche|p2a: Great Tusk
|-supereffective|p2a: Great Tusk
|-damage|p2a: Great Tusk|0 fnt
|faint|p2a: Great Tusk
|-end|p2a: Great Tusk|Protosynthesis|[silent]
|
|-heal|p1a: Terrain Team sucks|36/100|[from] Grassy Terrain
|upkeep
|
|t:|1757828039
|switch|p2a: Weavile|Weavile, F|88/100
|-ability|p2a: Weavile|Pressure
|turn|25
|
|t:|1757828043
|move|p2a: Weavile|Knock Off|p1a: Terrain Team sucks
|-damage|p1a: Terrain Team sucks|0 fnt
|-enditem|p1a: Terrain Team sucks|Assault Vest|[from] move: Knock Off|[of] p2a: Weavile
|faint|p1a: Terrain Team sucks
|
|-heal|p2a: Weavile|94/100|[from] Grassy Terrain
|-fieldend|move: Grassy Terrain
|upkeep
|
|t:|1757828047
|switch|p1a: Legend Pkmn sucks|Magnezone|100/100
|-damage|p1a: Legend Pkmn sucks|94/100|[from] Stealth Rock
|turn|26
|
|t:|1757828055
|switch|p2a: Heatran|Heatran, F|29/100
|move|p1a: Legend Pkmn sucks|Thunderbolt|p2a: Heatran
|-damage|p2a: Heatran|0 fnt
|faint|p2a: Heatran
|
|upkeep
|
|t:|1757828059
|switch|p2a: Rillaboom|Rillaboom, M|44/100
|-fieldstart|move: Grassy Terrain|[from] ability: Grassy Surge|[of] p2a: Rillaboom
|turn|27
|
|t:|1757828065
|switch|p1a: Ordinary Pkmn only|Vileplume, F|85/100
|-damage|p1a: Ordinary Pkmn only|73/100|[from] Stealth Rock
|move|p2a: Rillaboom|U-turn|p1a: Ordinary Pkmn only
|-damage|p1a: Ordinary Pkmn only|43/100
|-damage|p2a: Rillaboom|28/100|[from] item: Rocky Helmet|[of] p1a: Ordinary Pkmn only
|
|t:|1757828068
|switch|p2a: Weavile|Weavile, F|94/100|[from] U-turn
|-ability|p2a: Weavile|Pressure
|
|-heal|p2a: Weavile|99/100|[from] Grassy Terrain
|-heal|p1a: Ordinary Pkmn only|49/100|[from] Grassy Terrain
|upkeep
|turn|28
|
|t:|1757828073
|move|p2a: Weavile|Knock Off|p1a: Ordinary Pkmn only
|-damage|p1a: Ordinary Pkmn only|12/100
|-damage|p2a: Weavile|84/100|[from] item: Rocky Helmet|[of] p1a: Ordinary Pkmn only
|-enditem|p1a: Ordinary Pkmn only|Rocky Helmet|[from] move: Knock Off|[of] p2a: Weavile
|move|p1a: Ordinary Pkmn only|Strength Sap|p2a: Weavile
|-unboost|p2a: Weavile|atk|1
|-heal|p1a: Ordinary Pkmn only|100/100
|
|-heal|p2a: Weavile|90/100|[from] Grassy Terrain
|upkeep
|turn|29
|
|t:|1757828079
|move|p2a: Weavile|Triple Axel|p1a: Ordinary Pkmn only
|-supereffective|p1a: Ordinary Pkmn only
|-damage|p1a: Ordinary Pkmn only|90/100
|-supereffective|p1a: Ordinary Pkmn only
|-damage|p1a: Ordinary Pkmn only|69/100
|-hitcount|p1a: Ordinary Pkmn only|2
|move|p1a: Ordinary Pkmn only|Sludge Wave|p2a: Weavile
|-damage|p2a: Weavile|39/100
|
|-heal|p2a: Weavile|45/100|[from] Grassy Terrain
|-heal|p1a: Ordinary Pkmn only|76/100|[from] Grassy Terrain
|upkeep
|turn|30
|
|t:|1757828087
|move|p2a: Weavile|Triple Axel|p1a: Ordinary Pkmn only
|-supereffective|p1a: Ordinary Pkmn only
|-damage|p1a: Ordinary Pkmn only|65/100
|-hitcount|p1a: Ordinary Pkmn only|1
|move|p1a: Ordinary Pkmn only|Strength Sap|p2a: Weavile
|-unboost|p2a: Weavile|atk|1
|-heal|p1a: Ordinary Pkmn only|100/100
|
|-heal|p2a: Weavile|51/100|[from] Grassy Terrain
|upkeep
|turn|31
|-message|EddusEatzAlot forfeited.
|
|win|Passerby bye
|raw|Passerby bye's rating: 1472 &rarr; <strong>1490</strong><br />(+18 for winning)
|raw|EddusEatzAlot's rating: 1445 &rarr; <strong>1427</strong><br />(-18 for losing)
|l|☆EddusEatzAlot
|player|p2|
