|j|☆I luv borger
|j|☆Pergame
|t:|1757937999
|gametype|singles
|player|p1|I luv borger|drayden|1376
|player|p2|Pergame|2|1351
|gen|9
|tier|[Gen 9] OU
|rated|
|rule|HP Percentage Mod: HP is shown in percentages
|rule|Endless Battle Clause: Forcing endless battles is banned
|rule|Species Clause: Limit one of each Pokémon
|rule|OHKO Clause: OHKO moves are banned
|rule|Evasion Items Clause: Evasion items are banned
|rule|Evasion Moves Clause: Evasion moves are banned
|rule|Evasion Abilities Clause: Evasion abilities are banned
|rule|Sleep Moves Clause: Sleep-inducing moves are banned
|clearpoke
|poke|p1|Slowking-Galar, M|
|poke|p1|Kyurem|
|poke|p1|Cetitan, F|
|poke|p1|Hatterene, F|
|poke|p1|Iron Treads|
|poke|p1|Ninetales-Alola, F|
|poke|p2|Toxapex, F|
|poke|p2|Hippowdon, M|
|poke|p2|Great Tusk|
|poke|p2|Iron Moth|
|poke|p2|Meowscarada, M|
|poke|p2|Walking Wake|
|teampreview
|
|t:|1757938008
|teamsize|p1|6
|teamsize|p2|6
|start
|switch|p1a: Iron Treads|Iron Treads|100/100
|switch|p2a: Hippowdon|Hippowdon, M|100/100
|-weather|Sandstorm|[from] ability: Sand Stream|[of] p2a: Hippowdon
|turn|1
|
|t:|1757938018
|-end|p1a: Iron Treads|Quark Drive|[silent]
|switch|p1a: Hatterene|Hatterene, F|100/100
|move|p2a: Hippowdon|Earthquake|p1a: Hatterene
|-damage|p1a: Hatterene|70/100
|
|-weather|Sandstorm|[upkeep]
|-damage|p1a: Hatterene|64/100|[from] Sandstorm
|upkeep
|turn|2
|
|t:|1757938031
|move|p2a: Hippowdon|Earthquake|p1a: Hatterene
|-damage|p1a: Hatterene|34/100
|move|p1a: Hatterene|Calm Mind|p1a: Hatterene
|-boost|p1a: Hatterene|spa|1
|-boost|p1a: Hatterene|spd|1
|
|-weather|Sandstorm|[upkeep]
|-damage|p1a: Hatterene|28/100|[from] Sandstorm
|upkeep
|turn|3
|
|t:|1757938039
|move|p2a: Hippowdon|Earthquake|p1a: Hatterene
|-damage|p1a: Hatterene|0 fnt
|faint|p1a: Hatterene
|
|-weather|Sandstorm|[upkeep]
|upkeep
|
|t:|1757938043
|switch|p1a: Ninetales|Ninetales-Alola, F|100/100
|-weather|Snowscape|[from] ability: Snow Warning|[of] p1a: Ninetales
|turn|4
|
|t:|1757938049
|switch|p2a: Iron Moth|Iron Moth|100/100
|move|p1a: Ninetales|Aurora Veil|p1a: Ninetales
|-sidestart|p1: I luv borger|move: Aurora Veil
|
|-weather|Snowscape|[upkeep]
|upkeep
|turn|5
|
|t:|1757938056
|switch|p1a: Slowking|Slowking-Galar, M|100/100
|move|p2a: Iron Moth|Fiery Dance|p1a: Slowking
|-damage|p1a: Slowking|86/100
|-boost|p2a: Iron Moth|spa|1
|
|-weather|Snowscape|[upkeep]
|upkeep
|turn|6
|
|t:|1757938067
|-end|p2a: Iron Moth|Quark Drive|[silent]
|switch|p2a: Meowscarada|Meowscarada, M|100/100
|move|p1a: Slowking|Psyshock|p2a: Meowscarada
|-immune|p2a: Meowscarada
|
|-weather|Snowscape|[upkeep]
|upkeep
|turn|7
|
|t:|1757938074
|move|p2a: Meowscarada|Knock Off|p1a: Slowking
|-start|p2a: Meowscarada|typechange|Dark|[from] ability: Protean
|-supereffective|p1a: Slowking
|-damage|p1a: Slowking|18/100
|-enditem|p1a: Slowking|Icy Rock|[from] move: Knock Off|[of] p2a: Meowscarada
|-prepare|p1a: Slowking|Chilly Reception|[premajor]
|move|p1a: Slowking|Chilly Reception|p1a: Slowking
|
|t:|1757938080
|switch|p1a: Cetitan|Cetitan, F|100/100|[from] Chilly Reception
|
|-weather|Snowscape|[upkeep]
|upkeep
|turn|8
|
|t:|1757938088
|switch|p2a: Hippowdon|Hippowdon, M|100/100
|-weather|Sandstorm|[from] ability: Sand Stream|[of] p2a: Hippowdon
|move|p1a: Cetitan|Belly Drum|p1a: Cetitan
|-damage|p1a: Cetitan|50/100
|-setboost|p1a: Cetitan|atk|6|[from] move: Belly Drum
|-enditem|p1a: Cetitan|Sitrus Berry|[eat]
|-heal|p1a: Cetitan|75/100|[from] item: Sitrus Berry
|
|-weather|Sandstorm|[upkeep]
|-damage|p1a: Cetitan|69/100|[from] Sandstorm
|-sideend|p1: I luv borger|move: Aurora Veil
|upkeep
|turn|9
|
|t:|1757938104
|switch|p2a: Toxapex|Toxapex, F|100/100
|move|p1a: Cetitan|Ice Shard|p2a: Toxapex
|-resisted|p2a: Toxapex
|-damage|p2a: Toxapex|72/100
|
|-weather|Sandstorm|[upkeep]
|-damage|p1a: Cetitan|63/100|[from] Sandstorm
|-damage|p2a: Toxapex|66/100|[from] Sandstorm
|-heal|p2a: Toxapex|72/100|[from] item: Leftovers
|upkeep
|turn|10
|
|t:|1757938114
|move|p1a: Cetitan|Earthquake|p2a: Toxapex
|-supereffective|p2a: Toxapex
|-damage|p2a: Toxapex|0 fnt
|faint|p2a: Toxapex
|
|-weather|Sandstorm|[upkeep]
|-damage|p1a: Cetitan|57/100|[from] Sandstorm
|upkeep
|
|t:|1757938121
|switch|p2a: Walking Wake|Walking Wake|100/100
|turn|11
|
|t:|1757938128
|switch|p1a: Slowking|Slowking-Galar, M|52/100
|move|p2a: Walking Wake|Flamethrower|p1a: Slowking
|-damage|p1a: Slowking|35/100
|
|-weather|Sandstorm|[upkeep]
|-damage|p2a: Walking Wake|94/100|[from] Sandstorm
|-damage|p1a: Slowking|28/100|[from] Sandstorm
|upkeep
|turn|12
|
|t:|1757938141
|-end|p2a: Walking Wake|Protosynthesis|[silent]
|switch|p2a: Meowscarada|Meowscarada, M|100/100
|switch|p1a: Ninetales|Ninetales-Alola, F|100/100
|-weather|Snowscape|[from] ability: Snow Warning|[of] p1a: Ninetales
|
|-weather|Snowscape|[upkeep]
|upkeep
|turn|13
|
|t:|1757938150
|switch|p2a: Hippowdon|Hippowdon, M|100/100
|-weather|Sandstorm|[from] ability: Sand Stream|[of] p2a: Hippowdon
|move|p1a: Ninetales|Freeze-Dry|p2a: Hippowdon
|-supereffective|p2a: Hippowdon
|-damage|p2a: Hippowdon|71/100
|-status|p2a: Hippowdon|frz
|
|-weather|Sandstorm|[upkeep]
|-damage|p1a: Ninetales|94/100|[from] Sandstorm
|-heal|p2a: Hippowdon|78/100 frz|[from] item: Leftovers
|upkeep
|turn|14
|
|t:|1757938175
|switch|p1a: Kyurem|Kyurem|100/100
|-ability|p1a: Kyurem|Pressure
|cant|p2a: Hippowdon|frz
|
|-weather|Sandstorm|[upkeep]
|-damage|p1a: Kyurem|94/100|[from] Sandstorm
|-heal|p2a: Hippowdon|84/100 frz|[from] item: Leftovers
|upkeep
|turn|15
|
|t:|1757938186
|move|p1a: Kyurem|Draco Meteor|p2a: Hippowdon
|-damage|p2a: Hippowdon|14/100 frz
|-unboost|p1a: Kyurem|spa|2
|cant|p2a: Hippowdon|frz
|
|-weather|Sandstorm|[upkeep]
|-damage|p1a: Kyurem|88/100|[from] Sandstorm
|-heal|p2a: Hippowdon|20/100 frz|[from] item: Leftovers
|upkeep
|turn|16
|
|t:|1757938196
|move|p1a: Kyurem|Draco Meteor|p2a: Hippowdon
|-damage|p2a: Hippowdon|0 fnt
|-unboost|p1a: Kyurem|spa|2
|faint|p2a: Hippowdon
|
|-weather|Sandstorm|[upkeep]
|-damage|p1a: Kyurem|82/100|[from] Sandstorm
|upkeep
|
|t:|1757938208
|switch|p2a: Walking Wake|Walking Wake|94/100
|turn|17
|
|t:|1757938214
|switch|p1a: Slowking|Slowking-Galar, M|62/100
|move|p2a: Walking Wake|Flamethrower|p1a: Slowking
|-damage|p1a: Slowking|42/100
|
|-weather|none
|upkeep
|turn|18
|
|t:|1757938222
|move|p2a: Walking Wake|Flamethrower|p1a: Slowking
|-damage|p1a: Slowking|23/100
|-prepare|p1a: Slowking|Chilly Reception|[premajor]
|move|p1a: Slowking|Chilly Reception|p1a: Slowking
|-weather|Snowscape
|inactive|Battle timer is ON: inactive players will automatically lose when time's up. (requested by Pergame)
|
|t:|1757938253
|switch|p1a: Ninetales|Ninetales-Alola, F|94/100|[from] Chilly Reception
|
|-weather|Snowscape|[upkeep]
|upkeep
|turn|19
|
|t:|1757938258
|move|p2a: Walking Wake|Flamethrower|p1a: Ninetales
|-supereffective|p1a: Ninetales
|-damage|p1a: Ninetales|30/100
|move|p1a: Ninetales|Aurora Veil|p1a: Ninetales
|-sidestart|p1: I luv borger|move: Aurora Veil
|
|-weather|Snowscape|[upkeep]
|upkeep
|turn|20
|
|t:|1757938267
|-end|p2a: Walking Wake|Protosynthesis|[silent]
|switch|p2a: Iron Moth|Iron Moth|100/100
|switch|p1a: Slowking|Slowking-Galar, M|57/100
|
|-weather|Snowscape|[upkeep]
|upkeep
|turn|21
|
|t:|1757938276
|move|p2a: Iron Moth|Fiery Dance|p1a: Slowking
|-damage|p1a: Slowking|42/100
|-prepare|p1a: Slowking|Chilly Reception|[premajor]
|move|p1a: Slowking|Chilly Reception|p1a: Slowking
|
|t:|1757938283
|switch|p1a: Cetitan|Cetitan, F|57/100|[from] Chilly Reception
|
|-weather|Snowscape|[upkeep]
|upkeep
|turn|22
|
|t:|1757938293
|move|p1a: Cetitan|Earthquake|p2a: Iron Moth
|-supereffective|p2a: Iron Moth
|-damage|p2a: Iron Moth|0 fnt
|faint|p2a: Iron Moth
|-end|p2a: Iron Moth|Quark Drive|[silent]
|
|-weather|none
|upkeep
|
|t:|1757938299
|switch|p2a: Walking Wake|Walking Wake|94/100
|turn|23
|
|t:|1757938307
|switch|p1a: Slowking|Slowking-Galar, M|75/100
|move|p2a: Walking Wake|Flamethrower|p1a: Slowking
|-damage|p1a: Slowking|66/100
|
|-sideend|p1: I luv borger|move: Aurora Veil
|upkeep
|turn|24
|
|t:|1757938323
|-end|p2a: Walking Wake|Protosynthesis|[silent]
|switch|p2a: Great Tusk|Great Tusk|100/100
|move|p1a: Slowking|Future Sight|p2a: Great Tusk
|-start|p1a: Slowking|move: Future Sight
|
|upkeep
|turn|25
|
|t:|1757938328
|switch|p1a: Ninetales|Ninetales-Alola, F|30/100
|-weather|Snowscape|[from] ability: Snow Warning|[of] p1a: Ninetales
|move|p2a: Great Tusk|Earthquake|p1a: Ninetales
|-damage|p1a: Ninetales|0 fnt
|faint|p1a: Ninetales
|
|-weather|Snowscape|[upkeep]
|upkeep
|
|t:|1757938336
|switch|p1a: Kyurem|Kyurem|82/100
|-ability|p1a: Kyurem|Pressure
|turn|26
|
|t:|1757938342
|move|p1a: Kyurem|Blizzard|p2a: Great Tusk
|-supereffective|p2a: Great Tusk
|-damage|p2a: Great Tusk|0 fnt
|faint|p2a: Great Tusk
|-end|p2a: Great Tusk|Protosynthesis|[silent]
|
|-weather|Snowscape|[upkeep]
|-hint|Future Sight did not hit because the target is fainted.
|upkeep
|
|t:|1757938349
|switch|p2a: Walking Wake|Walking Wake|94/100
|turn|27
|
|t:|1757938352
|switch|p1a: Iron Treads|Iron Treads|100/100
|move|p2a: Walking Wake|Dragon Pulse|p1a: Iron Treads
|-resisted|p1a: Iron Treads
|-crit|p1a: Iron Treads
|-damage|p1a: Iron Treads|55/100
|
|-weather|Snowscape|[upkeep]
|-heal|p1a: Iron Treads|61/100|[from] item: Leftovers
|upkeep
|turn|28
|
|t:|1757938362
|-end|p2a: Walking Wake|Protosynthesis|[silent]
|switch|p2a: Meowscarada|Meowscarada, M|100/100
|move|p1a: Iron Treads|Rapid Spin|p2a: Meowscarada
|-damage|p2a: Meowscarada|75/100
|-boost|p1a: Iron Treads|spe|1
|
|-weather|Snowscape|[upkeep]
|-heal|p1a: Iron Treads|67/100|[from] item: Leftovers
|upkeep
|turn|29
|
|t:|1757938371
|move|p1a: Iron Treads|Knock Off|p2a: Meowscarada
|-resisted|p2a: Meowscarada
|-damage|p2a: Meowscarada|51/100
|-enditem|p2a: Meowscarada|Choice Band|[from] move: Knock Off|[of] p1a: Iron Treads
|move|p2a: Meowscarada|Flower Trick|p1a: Iron Treads
|-start|p2a: Meowscarada|typechange|Grass|[from] ability: Protean
|-crit|p1a: Iron Treads
|-damage|p1a: Iron Treads|26/100
|
|-weather|Snowscape|[upkeep]
|-heal|p1a: Iron Treads|33/100|[from] item: Leftovers
|upkeep
|turn|30
|
|t:|1757938386
|move|p1a: Iron Treads|Stealth Rock|p2a: Meowscarada
|-sidestart|p2: Pergame|move: Stealth Rock
|move|p2a: Meowscarada|Flower Trick|p1a: Iron Treads
|-crit|p1a: Iron Treads
|-damage|p1a: Iron Treads|0 fnt
|faint|p1a: Iron Treads
|-end|p1a: Iron Treads|Quark Drive|[silent]
|
|-weather|Snowscape|[upkeep]
|upkeep
|
|t:|1757938392
|switch|p1a: Kyurem|Kyurem|82/100
|-ability|p1a: Kyurem|Pressure
|turn|31
|
|t:|1757938398
|move|p2a: Meowscarada|Play Rough|p1a: Kyurem
|-supereffective|p1a: Kyurem
|-damage|p1a: Kyurem|47/100
|move|p1a: Kyurem|Blizzard|p2a: Meowscarada
|-supereffective|p2a: Meowscarada
|-damage|p2a: Meowscarada|0 fnt
|faint|p2a: Meowscarada
|
|-weather|Snowscape|[upkeep]
|upkeep
|
|t:|1757938408
|switch|p2a: Walking Wake|Walking Wake|94/100
|-damage|p2a: Walking Wake|82/100|[from] Stealth Rock
|turn|32
|
|t:|1757938414
|switch|p1a: Cetitan|Cetitan, F|57/100
|move|p2a: Walking Wake|Dragon Pulse|p1a: Cetitan
|-damage|p1a: Cetitan|8/100
|
|-weather|none
|upkeep
|turn|33
|
|t:|1757938421
|move|p1a: Cetitan|Ice Shard|p2a: Walking Wake
|-damage|p2a: Walking Wake|61/100
|move|p2a: Walking Wake|Dragon Pulse|p1a: Cetitan
|-damage|p1a: Cetitan|0 fnt
|faint|p1a: Cetitan
|
|upkeep
|
|t:|1757938426
|switch|p1a: Slowking|Slowking-Galar, M|99/100
|turn|34
|
|t:|1757938432
|move|p2a: Walking Wake|Dragon Pulse|p1a: Slowking
|-damage|p1a: Slowking|74/100
|move|p1a: Slowking|Sludge Bomb|p2a: Walking Wake
|-damage|p2a: Walking Wake|20/100
|
|upkeep
|turn|35
|
|t:|1757938438
|move|p2a: Walking Wake|Dragon Pulse|p1a: Slowking
|-damage|p1a: Slowking|50/100
|move|p1a: Slowking|Sludge Bomb|p2a: Walking Wake
|-damage|p2a: Walking Wake|0 fnt
|faint|p2a: Walking Wake
|-end|p2a: Walking Wake|Protosynthesis|[silent]
|
|win|I luv borger
|raw|I luv borger's rating: 1376 &rarr; <strong>1395</strong><br />(+19 for winning)
|raw|Pergame's rating: 1351 &rarr; <strong>1332</strong><br />(-19 for losing)
|l|☆I luv borger
|player|p1|
|l|☆Pergame
|player|p2|
