|j|☆Bombastus15
|j|☆Gregory Mirabella
|t:|1757794684
|gametype|singles
|player|p1|Bombastus15|backpacker|1205
|player|p2|Gregory Mirabella|lusamine-nihilego|1244
|gen|9
|tier|[Gen 9] OU
|rated|
|rule|HP Percentage Mod: HP is shown in percentages
|rule|Endless Battle Clause: Forcing endless battles is banned
|rule|Species Clause: Limit one of each Pokémon
|rule|OHKO Clause: OHKO moves are banned
|rule|Evasion Items Clause: Evasion items are banned
|rule|Evasion Moves Clause: Evasion moves are banned
|rule|Evasion Abilities Clause: Evasion abilities are banned
|rule|Sleep Moves Clause: Sleep-inducing moves are banned
|clearpoke
|poke|p1|Scizor, M|
|poke|p1|Garganacl, M|
|poke|p1|Dragapult, M|
|poke|p1|Ogerpon-Wellspring, F|
|poke|p1|Gliscor, F|
|poke|p1|Weezing-Galar, M|
|poke|p2|Great Tusk|
|poke|p2|Scizor, F|
|poke|p2|Zapdos|
|poke|p2|Darkrai|
|poke|p2|Alomomola, F|
|poke|p2|Slowking-Galar, M|
|teampreview
|c|☆Gregory Mirabella|Glhf
|c|☆Bombastus15|glhf
|
|t:|1757794712
|teamsize|p1|6
|teamsize|p2|6
|start
|switch|p1a: Dragapult|Dragapult, M|100/100
|switch|p2a: Darkrai|Darkrai|100/100
|turn|1
|
|t:|1757794720
|move|p1a: Dragapult|U-turn|p2a: Darkrai
|-supereffective|p2a: Darkrai
|-damage|p2a: Darkrai|53/100
|
|t:|1757794724
|switch|p1a: Weezing|Weezing-Galar, M|100/100|[from] U-turn
|-ability|p1a: Weezing|Neutralizing Gas
|move|p2a: Darkrai|Knock Off|p1a: Weezing
|-resisted|p1a: Weezing
|-damage|p1a: Weezing|92/100
|-enditem|p1a: Weezing|Heavy-Duty Boots|[from] move: Knock Off|[of] p2a: Darkrai
|
|upkeep
|turn|2
|
|t:|1757794734
|switch|p2a: Slowking|Slowking-Galar, M|100/100
|move|p1a: Weezing|Sludge Bomb|p2a: Slowking
|-resisted|p2a: Slowking
|-damage|p2a: Slowking|92/100
|
|upkeep
|turn|3
|
|t:|1757794743
|-end|p1a: Weezing|ability: Neutralizing Gas
|switch|p1a: Gliscor|Gliscor, F|100/100
|move|p2a: Slowking|Future Sight|p1a: Gliscor
|-start|p2a: Slowking|move: Future Sight
|
|-status|p1a: Gliscor|tox|[from] item: Toxic Orb
|upkeep
|turn|4
|
|t:|1757794761
|switch|p2a: Alomomola|Alomomola, F, shiny|100/100
|move|p1a: Gliscor|Knock Off|p2a: Alomomola
|-damage|p2a: Alomomola|90/100
|-enditem|p2a: Alomomola|Heavy-Duty Boots|[from] move: Knock Off|[of] p1a: Gliscor
|
|upkeep
|turn|5
|
|t:|1757794772
|switch|p1a: Ogerpon|Ogerpon-Wellspring, F|100/100
|move|p2a: Alomomola|Wish|p2a: Alomomola
|
|-end|p1a: Ogerpon|move: Future Sight
|-damage|p1a: Ogerpon|52/100
|upkeep
|turn|6
|
|t:|1757794780
|switch|p2a: Zapdos|Zapdos|100/100
|move|p1a: Ogerpon|Knock Off|p2a: Zapdos
|-damage|p2a: Zapdos|51/100
|-enditem|p2a: Zapdos|Heavy-Duty Boots|[from] move: Knock Off|[of] p1a: Ogerpon
|
|-heal|p2a: Zapdos|100/100|[from] move: Wish|[wisher] Alomomola
|upkeep
|turn|7
|
|t:|1757794801
|move|p1a: Ogerpon|U-turn|p2a: Zapdos
|-resisted|p2a: Zapdos
|-damage|p2a: Zapdos|84/100
|
|t:|1757794806
|switch|p1a: Gliscor|Gliscor, F|100/100 tox|[from] U-turn
|move|p2a: Zapdos|Thunderbolt|p1a: Gliscor
|-immune|p1a: Gliscor
|
|upkeep
|turn|8
|c|☆Gregory Mirabella|Really wish I could calc right about now
|
|t:|1757794833
|switch|p2a: Darkrai|Darkrai|53/100
|move|p1a: Gliscor|Toxic|p2a: Darkrai
|-status|p2a: Darkrai|tox
|
|-damage|p2a: Darkrai|47/100 tox|[from] psn
|upkeep
|turn|9
|c|☆Bombastus15|trust the gut
|
|t:|1757794843
|move|p1a: Gliscor|Protect|p1a: Gliscor
|-singleturn|p1a: Gliscor|Protect
|move|p2a: Darkrai|Knock Off|p1a: Gliscor
|-activate|p1a: Gliscor|move: Protect
|
|-damage|p2a: Darkrai|35/100 tox|[from] psn
|upkeep
|turn|10
|
|t:|1757794851
|move|p2a: Darkrai|Ice Beam|p1a: Gliscor
|-supereffective|p1a: Gliscor
|-damage|p1a: Gliscor|0 fnt
|faint|p1a: Gliscor
|
|-damage|p2a: Darkrai|17/100 tox|[from] psn
|upkeep
|c|☆Gregory Mirabella|Okay that works
|c|☆Bombastus15|real
|
|t:|1757794861
|switch|p1a: Scizor|Scizor, M|100/100
|turn|11
|
|t:|1757794867
|move|p2a: Darkrai|Knock Off|p1a: Scizor
|-damage|p1a: Scizor|69/100
|-enditem|p1a: Scizor|Choice Band|[from] move: Knock Off|[of] p2a: Darkrai
|move|p1a: Scizor|Knock Off|p2a: Darkrai
|-resisted|p2a: Darkrai
|-damage|p2a: Darkrai|0 fnt
|-enditem|p2a: Darkrai|Heavy-Duty Boots|[from] move: Knock Off|[of] p1a: Scizor
|faint|p2a: Darkrai
|
|upkeep
|
|t:|1757794878
|switch|p2a: Zapdos|Zapdos|84/100
|turn|12
|
|t:|1757794883
|switch|p1a: Garganacl|Garganacl, M|100/100
|move|p2a: Zapdos|Thunderbolt|p1a: Garganacl
|-damage|p1a: Garganacl|70/100
|
|-heal|p1a: Garganacl|76/100|[from] item: Leftovers
|upkeep
|turn|13
|
|t:|1757794891
|move|p2a: Zapdos|Volt Switch|p1a: Garganacl
|-damage|p1a: Garganacl|52/100
|
|t:|1757794895
|switch|p2a: Slowking|Slowking-Galar, M|100/100|[from] Volt Switch
|move|p1a: Garganacl|Salt Cure|p2a: Slowking
|-damage|p2a: Slowking|85/100
|-start|p2a: Slowking|Salt Cure
|
|-heal|p1a: Garganacl|59/100|[from] item: Leftovers
|-damage|p2a: Slowking|73/100|[from] Salt Cure
|upkeep
|turn|14
|
|t:|1757794907
|switch|p1a: Dragapult|Dragapult, M|100/100
|move|p2a: Slowking|Future Sight|p1a: Dragapult
|-start|p2a: Slowking|move: Future Sight
|
|-damage|p2a: Slowking|60/100|[from] Salt Cure
|upkeep
|turn|15
|
|t:|1757794919
|switch|p2a: Scizor|Scizor, F|100/100
|move|p1a: Dragapult|Hex|p2a: Scizor
|-damage|p2a: Scizor|58/100
|
|upkeep
|turn|16
|
|t:|1757794926
|move|p1a: Dragapult|Will-O-Wisp|p2a: Scizor
|-status|p2a: Scizor|brn
|move|p2a: Scizor|Knock Off|p1a: Dragapult
|-supereffective|p1a: Dragapult
|-damage|p1a: Dragapult|56/100
|-enditem|p1a: Dragapult|Heavy-Duty Boots|[from] move: Knock Off|[of] p2a: Scizor
|
|-end|p1a: Dragapult|move: Future Sight
|-damage|p1a: Dragapult|0 fnt
|faint|p1a: Dragapult
|-damage|p2a: Scizor|52/100 brn|[from] brn
|upkeep
|
|t:|1757794941
|switch|p1a: Garganacl|Garganacl, M|59/100
|turn|17
|
|t:|1757794945
|switch|p2a: Slowking|Slowking-Galar, M|94/100
|move|p1a: Garganacl|Recover|p1a: Garganacl
|-heal|p1a: Garganacl|100/100
|
|upkeep
|turn|18
|c|☆Bombastus15|only just now realized i dont have a dark type for future sight
|c|☆Bombastus15|gg
|-message|Bombastus15 forfeited.
|
|win|Gregory Mirabella
|raw|Bombastus15's rating: 1205 &rarr; <strong>1183</strong><br />(-22 for losing)
|raw|Gregory Mirabella's rating: 1244 &rarr; <strong>1266</strong><br />(+22 for winning)
|l|☆Bombastus15
|player|p1|
|c|☆Gregory Mirabella|Gg
