|j|☆monkeyooooooo
|j|‽myree
|t:|1757917581
|gametype|singles
|player|p1|monkeyooooooo|swimmerf-gen4|1529
|player|p2|myree|benga|1557
|gen|9
|tier|[Gen 9] OU
|rated|
|rule|HP Percentage Mod: HP is shown in percentages
|rule|Endless Battle Clause: Forcing endless battles is banned
|rule|Species Clause: Limit one of each Pokémon
|rule|OHKO Clause: OHKO moves are banned
|rule|Evasion Items Clause: Evasion items are banned
|rule|Evasion Moves Clause: Evasion moves are banned
|rule|Evasion Abilities Clause: Evasion abilities are banned
|rule|Sleep Moves Clause: Sleep-inducing moves are banned
|clearpoke
|poke|p1|Dragapult, M|
|poke|p1|Slowking-Galar, F|
|poke|p1|Golem-Alola, F|
|poke|p1|Keldeo|
|poke|p1|Enamorus, F|
|poke|p1|Iron Treads|
|poke|p2|Fezandipiti, M|
|poke|p2|Iron Crown|
|poke|p2|Iron Boulder|
|poke|p2|Iron Hands|
|poke|p2|Samurott-Hisui, M|
|poke|p2|Enamorus-Therian, F|
|teampreview
|
|t:|1757917587
|teamsize|p1|6
|teamsize|p2|6
|start
|switch|p1a: Golem|Golem-Alola, F|100/100
|switch|p2a: Samurott|Samurott-Hisui, M|100/100
|turn|1
|inactive|Battle timer is ON: inactive players will automatically lose when time's up. (requested by monkeyooooooo)
|j| biryanilover
|c| biryanilover|hmmm
|
|t:|1757917618
|move|p2a: Samurott|Razor Shell|p1a: Golem
|-supereffective|p1a: Golem
|-crit|p1a: Golem
|-ability|p1a: Golem|Sturdy
|-damage|p1a: Golem|1/100
|-unboost|p1a: Golem|def|1
|move|p1a: Golem|Stealth Rock|p2a: Samurott
|-sidestart|p2: myree|move: Stealth Rock
|
|upkeep
|turn|2
|-enditem|p1a: Golem|Custap Berry|[eat]
|-activate|p1a: Golem|item: Custap Berry|[consumed]
|
|t:|1757917624
|move|p1a: Golem|Explosion|p2a: Samurott
|-damage|p2a: Samurott|1/100
|faint|p1a: Golem
|move|p2a: Samurott|Ceaseless Edge|p1: Golem|[notarget]
|-fail|p2a: Samurott
|
|upkeep
|
|t:|1757917635
|switch|p1a: Enamorus|Enamorus, F|100/100
|turn|3
|
|t:|1757917650
|move|p2a: Samurott|Sucker Punch|p1a: Enamorus
|-resisted|p1a: Enamorus
|-damage|p1a: Enamorus|68/100
|move|p1a: Enamorus|Superpower|p2a: Samurott
|-supereffective|p2a: Samurott
|-damage|p2a: Samurott|0 fnt
|-boost|p1a: Enamorus|atk|1
|-boost|p1a: Enamorus|def|1
|faint|p2a: Samurott
|
|upkeep
|
|t:|1757917657
|switch|p2a: Iron Boulder|Iron Boulder|100/100
|turn|4
|
|t:|1757917658
|move|p1a: Enamorus|Superpower|p2a: Iron Boulder
|-damage|p2a: Iron Boulder|36/100
|-boost|p1a: Enamorus|atk|1
|-boost|p1a: Enamorus|def|1
|move|p2a: Iron Boulder|Mighty Cleave|p1a: Enamorus
|-supereffective|p1a: Enamorus
|-damage|p1a: Enamorus|0 fnt
|faint|p1a: Enamorus
|
|upkeep
|
|t:|1757917674
|switch|p1a: Dragapult|Dragapult, M|100/100
|turn|5
|
|t:|1757917690
|-end|p2a: Iron Boulder|Quark Drive|[silent]
|switch|p2a: Fezandipiti|Fezandipiti, M|100/100
|-damage|p2a: Fezandipiti|88/100|[from] Stealth Rock
|-item|p2a: Fezandipiti|Air Balloon
|move|p1a: Dragapult|U-turn|p2a: Fezandipiti
|-resisted|p2a: Fezandipiti
|-damage|p2a: Fezandipiti|76/100
|-enditem|p2a: Fezandipiti|Air Balloon
|
|t:|1757917695
|switch|p1a: Slowking|Slowking-Galar, F|100/100|[from] U-turn
|
|upkeep
|turn|6
|
|t:|1757917699
|switch|p2a: Iron Crown|Iron Crown|100/100
|-damage|p2a: Iron Crown|94/100|[from] Stealth Rock
|move|p1a: Slowking|Psychic Noise|p2a: Iron Crown
|-resisted|p2a: Iron Crown
|-damage|p2a: Iron Crown|91/100
|-start|p2a: Iron Crown|move: Heal Block
|
|upkeep
|turn|7
|
|t:|1757917703
|move|p2a: Iron Crown|Future Sight|p1a: Slowking
|-start|p2a: Iron Crown|move: Future Sight
|-prepare|p1a: Slowking|Chilly Reception|[premajor]
|move|p1a: Slowking|Chilly Reception|p1a: Slowking
|-weather|Snowscape
|
|t:|1757917705
|switch|p1a: Dragapult|Dragapult, M|100/100|[from] Chilly Reception
|
|-weather|Snowscape|[upkeep]
|-end|p2a: Iron Crown|move: Heal Block
|upkeep
|turn|8
|
|t:|1757917717
|-end|p2a: Iron Crown|Quark Drive|[silent]
|switch|p2a: Enamorus|Enamorus-Therian, F|100/100
|-terastallize|p1a: Dragapult|Ghost
|move|p1a: Dragapult|Tera Blast|p2a: Enamorus|[anim] Tera Blast Ghost
|-damage|p2a: Enamorus|29/100
|
|-weather|Snowscape|[upkeep]
|upkeep
|turn|9
|
|t:|1757917726
|switch|p1a: Slowking|Slowking-Galar, F|100/100
|move|p2a: Enamorus|Draining Kiss|p1a: Slowking
|-resisted|p1a: Slowking
|-damage|p1a: Slowking|89/100
|-heal|p2a: Enamorus|39/100|[from] drain|[of] p1a: Slowking
|-damage|p2a: Enamorus|23/100|[from] item: Rocky Helmet|[of] p1a: Slowking
|
|-weather|Snowscape|[upkeep]
|-end|p1a: Slowking|move: Future Sight
|-damage|p1a: Slowking|39/100
|upkeep
|turn|10
|
|t:|1757917734
|switch|p1a: Iron Treads|Iron Treads|100/100
|-item|p1a: Iron Treads|Air Balloon
|move|p2a: Enamorus|Earth Power|p1a: Iron Treads
|-immune|p1a: Iron Treads
|
|-weather|Snowscape|[upkeep]
|upkeep
|turn|11
|
|t:|1757917743
|move|p1a: Iron Treads|Ice Spinner|p2a: Enamorus
|-supereffective|p2a: Enamorus
|-damage|p2a: Enamorus|0 fnt
|faint|p2a: Enamorus
|
|-weather|none
|upkeep
|
|t:|1757917766
|switch|p2a: Iron Hands|Iron Hands|100/100
|turn|12
|
|t:|1757917773
|move|p1a: Iron Treads|Earthquake|p2a: Iron Hands
|-supereffective|p2a: Iron Hands
|-damage|p2a: Iron Hands|38/100
|move|p2a: Iron Hands|Drain Punch|p1a: Iron Treads
|-supereffective|p1a: Iron Treads
|-damage|p1a: Iron Treads|27/100
|-heal|p2a: Iron Hands|61/100|[from] drain|[of] p1a: Iron Treads
|-enditem|p1a: Iron Treads|Air Balloon
|
|upkeep
|turn|13
|inactive|myree has 120 seconds left.
|
|t:|1757917804
|-end|p2a: Iron Hands|Quark Drive|[silent]
|switch|p2a: Fezandipiti|Fezandipiti, M|76/100
|-damage|p2a: Fezandipiti|64/100|[from] Stealth Rock
|move|p1a: Iron Treads|Earthquake|p2a: Fezandipiti
|-supereffective|p2a: Fezandipiti
|-damage|p2a: Fezandipiti|0 fnt
|faint|p2a: Fezandipiti
|
|upkeep
|
|t:|1757917806
|switch|p2a: Iron Hands|Iron Hands|61/100
|turn|14
|-message|myree forfeited.
|
|win|monkeyooooooo
|raw|monkeyooooooo's rating: 1529 &rarr; <strong>1551</strong><br />(+22 for winning)
|raw|myree's rating: 1557 &rarr; <strong>1535</strong><br />(-22 for losing)
|l|‽myree
|player|p2|
|l|☆monkeyooooooo
|player|p1|
|l| biryanilover
