|j|☆darkyrios
|j|☆xSomeday
|t:|1757791406
|gametype|singles
|player|p1|darkyrios|shadowtriad|1061
|player|p2|xSomeday|101|1000
|gen|9
|tier|[Gen 9] OU
|rated|
|rule|HP Percentage Mod: HP is shown in percentages
|rule|Endless Battle Clause: Forcing endless battles is banned
|rule|Species Clause: Limit one of each Pokémon
|rule|OHKO Clause: OHKO moves are banned
|rule|Evasion Items Clause: Evasion items are banned
|rule|Evasion Moves Clause: Evasion moves are banned
|rule|Evasion Abilities Clause: Evasion abilities are banned
|rule|Sleep Moves Clause: Sleep-inducing moves are banned
|clearpoke
|poke|p1|Ceruledge, M|
|poke|p1|Alomomola, F|
|poke|p1|Gliscor, F|
|poke|p1|Iron Crown|
|poke|p1|Serperior, F|
|poke|p1|Ursaluna, F|
|poke|p2|Great Tusk|
|poke|p2|Gholdengo|
|poke|p2|Kingambit, M|
|poke|p2|Dragonite, M|
|poke|p2|Iron Valiant|
|poke|p2|Rotom-Wash|
|teampreview
|inactive|Battle timer is ON: inactive players will automatically lose when time's up. (requested by darkyrios)
|inactive|xSomeday has 120 seconds left.
|
|t:|1757791457
|teamsize|p1|6
|teamsize|p2|6
|start
|switch|p1a: Gliscor|Gliscor, F|100/100
|switch|p2a: Great Tusk|Great Tusk|100/100
|turn|1
|
|t:|1757791474
|move|p1a: Gliscor|Swords Dance|p1a: Gliscor
|-boost|p1a: Gliscor|atk|2
|move|p2a: Great Tusk|Stealth Rock|p1a: Gliscor
|-sidestart|p1: darkyrios|move: Stealth Rock
|
|-status|p1a: Gliscor|tox|[from] item: Toxic Orb
|upkeep
|turn|2
|inactive|xSomeday has 120 seconds left.
|c|☆darkyrios|mf stop stalling
|inactive|xSomeday has 90 seconds left.
|
|t:|1757791547
|-end|p2a: Great Tusk|Protosynthesis|[silent]
|switch|p2a: Gholdengo|Gholdengo|100/100
|move|p1a: Gliscor|Dual Wingbeat|p2a: Gholdengo
|-resisted|p2a: Gholdengo
|-damage|p2a: Gholdengo|83/100
|-resisted|p2a: Gholdengo
|-damage|p2a: Gholdengo|66/100
|-hitcount|p2a: Gholdengo|2
|
|-heal|p2a: Gholdengo|72/100|[from] item: Leftovers
|upkeep
|turn|3
|c|☆darkyrios|african internet
|
|t:|1757791560
|move|p1a: Gliscor|Earthquake|p2a: Gholdengo
|-supereffective|p2a: Gholdengo
|-damage|p2a: Gholdengo|0 fnt
|faint|p2a: Gholdengo
|
|upkeep
|
|t:|1757791568
|switch|p2a: Dragonite|Dragonite, M|100/100
|turn|4
|
|t:|1757791573
|move|p2a: Dragonite|Ice Spinner|p1a: Gliscor
|-supereffective|p1a: Gliscor
|-damage|p1a: Gliscor|2/100 tox
|move|p1a: Gliscor|Swords Dance|p1a: Gliscor
|-boost|p1a: Gliscor|atk|2
|
|-heal|p1a: Gliscor|15/100 tox|[from] ability: Poison Heal
|upkeep
|turn|5
|
|t:|1757791586
|switch|p1a: Ceruledge|Ceruledge, M|100/100
|-damage|p1a: Ceruledge|75/100|[from] Stealth Rock
|move|p2a: Dragonite|Extreme Speed|p1a: Ceruledge
|-immune|p1a: Ceruledge
|
|upkeep
|turn|6
|inactive|xSomeday has 90 seconds left.
|
|t:|1757791606
|move|p2a: Dragonite|Earthquake|p1a: Ceruledge
|-supereffective|p1a: Ceruledge
|-crit|p1a: Ceruledge
|-damage|p1a: Ceruledge|0 fnt
|faint|p1a: Ceruledge
|
|upkeep
|
|t:|1757791613
|switch|p1a: Ursaluna|Ursaluna, F|100/100
|-damage|p1a: Ursaluna|94/100|[from] Stealth Rock
|turn|7
|inactive|xSomeday has 90 seconds left.
|
|t:|1757791629
|switch|p2a: Rotom|Rotom-Wash|100/100
|move|p1a: Ursaluna|Play Rough|p2a: Rotom
|-damage|p2a: Rotom|71/100
|
|-heal|p2a: Rotom|77/100|[from] item: Leftovers
|-status|p1a: Ursaluna|brn|[from] item: Flame Orb
|upkeep
|turn|8
|inactive|xSomeday has 90 seconds left.
|
|t:|1757791648
|move|p2a: Rotom|Volt Switch|p1a: Ursaluna
|-immune|p1a: Ursaluna
|move|p1a: Ursaluna|Play Rough|p2a: Rotom
|-damage|p2a: Rotom|32/100
|-unboost|p2a: Rotom|atk|1
|
|-heal|p2a: Rotom|38/100|[from] item: Leftovers
|-damage|p1a: Ursaluna|88/100 brn|[from] brn
|upkeep
|turn|9
|inactive|xSomeday has 60 seconds left.
|
|t:|1757791691
|switch|p2a: Dragonite|Dragonite, M|100/100
|move|p1a: Ursaluna|Play Rough|p2a: Dragonite
|-supereffective|p2a: Dragonite
|-damage|p2a: Dragonite|45/100
|
|-damage|p1a: Ursaluna|82/100 brn|[from] brn
|upkeep
|turn|10
|
|t:|1757791713
|-terastallize|p1a: Ursaluna|Normal
|move|p2a: Dragonite|Earthquake|p1a: Ursaluna
|-damage|p1a: Ursaluna|54/100 brn
|move|p1a: Ursaluna|Play Rough|p2a: Dragonite
|-supereffective|p2a: Dragonite
|-damage|p2a: Dragonite|0 fnt
|faint|p2a: Dragonite
|
|-damage|p1a: Ursaluna|48/100 brn|[from] brn
|upkeep
|
|t:|1757791734
|switch|p2a: Iron Valiant|Iron Valiant|100/100
|-enditem|p2a: Iron Valiant|Booster Energy
|-activate|p2a: Iron Valiant|ability: Quark Drive|[fromitem]
|-start|p2a: Iron Valiant|quarkdrivespe
|turn|11
|
|t:|1757791740
|move|p2a: Iron Valiant|Focus Blast|p1a: Ursaluna
|-supereffective|p1a: Ursaluna
|-damage|p1a: Ursaluna|0 fnt
|faint|p1a: Ursaluna
|
|upkeep
|
|t:|1757791745
|switch|p1a: Serperior|Serperior, F|100/100
|-damage|p1a: Serperior|88/100|[from] Stealth Rock
|turn|12
|
|t:|1757791769
|move|p2a: Iron Valiant|Focus Blast|p1a: Serperior|[miss]
|-miss|p2a: Iron Valiant|p1a: Serperior
|move|p1a: Serperior|Leech Seed|p2a: Iron Valiant
|-start|p2a: Iron Valiant|move: Leech Seed
|
|-damage|p2a: Iron Valiant|88/100|[from] Leech Seed|[of] p1a: Serperior
|-heal|p1a: Serperior|100/100|[silent]
|upkeep
|turn|13
|
|t:|1757791782
|move|p2a: Iron Valiant|Focus Blast|p1a: Serperior
|-damage|p1a: Serperior|45/100
|move|p1a: Serperior|Knock Off|p2a: Iron Valiant
|-resisted|p2a: Iron Valiant
|-damage|p2a: Iron Valiant|85/100
|
|-damage|p2a: Iron Valiant|72/100|[from] Leech Seed|[of] p1a: Serperior
|-heal|p1a: Serperior|57/100|[silent]
|upkeep
|turn|14
|
|t:|1757791790
|move|p1a: Serperior|Protect|p1a: Serperior
|-singleturn|p1a: Serperior|Protect
|move|p2a: Iron Valiant|Focus Blast|p1a: Serperior
|-activate|p1a: Serperior|move: Protect
|
|-damage|p2a: Iron Valiant|60/100|[from] Leech Seed|[of] p1a: Serperior
|-heal|p1a: Serperior|70/100|[silent]
|upkeep
|turn|15
|
|t:|1757791818
|move|p2a: Iron Valiant|Focus Blast|p1a: Serperior|[miss]
|-miss|p2a: Iron Valiant|p1a: Serperior
|move|p1a: Serperior|Wrap|p2a: Iron Valiant
|-damage|p2a: Iron Valiant|57/100
|-activate|p2a: Iron Valiant|move: Wrap|[of] p1a: Serperior
|
|-damage|p2a: Iron Valiant|44/100|[from] Leech Seed|[of] p1a: Serperior
|-heal|p1a: Serperior|82/100|[silent]
|-damage|p2a: Iron Valiant|32/100|[from] move: Wrap|[partiallytrapped]
|upkeep
|turn|16
|inactive|darkyrios has 120 seconds left.
|
|t:|1757791854
|-terastallize|p2a: Iron Valiant|Fairy
|move|p1a: Serperior|Protect|p1a: Serperior
|-singleturn|p1a: Serperior|Protect
|move|p2a: Iron Valiant|Moonblast|p1a: Serperior
|-activate|p1a: Serperior|move: Protect
|
|-damage|p2a: Iron Valiant|19/100|[from] Leech Seed|[of] p1a: Serperior
|-heal|p1a: Serperior|94/100|[silent]
|-damage|p2a: Iron Valiant|7/100|[from] move: Wrap|[partiallytrapped]
|upkeep
|turn|17
|inactive|darkyrios has 120 seconds left.
|
|t:|1757791869
|move|p2a: Iron Valiant|Moonblast|p1a: Serperior
|-damage|p1a: Serperior|33/100
|-boost|p1a: Serperior|spa|1
|move|p1a: Serperior|Knock Off|p2a: Iron Valiant
|-resisted|p2a: Iron Valiant
|-damage|p2a: Iron Valiant|0 fnt
|faint|p2a: Iron Valiant
|-end|p2a: Iron Valiant|Quark Drive|[silent]
|
|upkeep
|
|t:|1757791883
|switch|p2a: Kingambit|Kingambit, M|100/100
|-activate|p2a: Kingambit|ability: Supreme Overlord
|-start|p2a: Kingambit|fallen3|[silent]
|turn|18
|inactive|darkyrios has 120 seconds left.
|
|t:|1757791892
|move|p1a: Serperior|Protect|p1a: Serperior
|-singleturn|p1a: Serperior|Protect
|move|p2a: Kingambit|Sucker Punch||[still]
|-fail|p2a: Kingambit
|
|upkeep
|turn|19
|
|t:|1757791902
|move|p1a: Serperior|Leech Seed|p2a: Kingambit
|-start|p2a: Kingambit|move: Leech Seed
|move|p2a: Kingambit|Iron Head|p1a: Serperior
|-damage|p1a: Serperior|0 fnt
|-damage|p2a: Kingambit|84/100|[from] item: Rocky Helmet|[of] p1a: Serperior
|faint|p1a: Serperior
|
|upkeep
|
|t:|1757791911
|switch|p1a: Alomomola|Alomomola, F|100/100
|-damage|p1a: Alomomola|88/100|[from] Stealth Rock
|turn|20
|
|t:|1757791921
|move|p2a: Kingambit|Sucker Punch||[still]
|-fail|p2a: Kingambit
|move|p1a: Alomomola|Wish|p1a: Alomomola
|
|-damage|p2a: Kingambit|72/100|[from] Leech Seed|[of] p1a: Alomomola
|-heal|p1a: Alomomola|98/100|[silent]
|upkeep
|turn|21
|
|t:|1757791932
|switch|p1a: Gliscor|Gliscor, F|15/100 tox
|-damage|p1a: Gliscor|2/100 tox|[from] Stealth Rock
|move|p2a: Kingambit|Iron Head|p1a: Gliscor
|-damage|p1a: Gliscor|0 fnt
|faint|p1a: Gliscor
|
|upkeep
|
|t:|1757791939
|switch|p1a: Iron Crown|Iron Crown|100/100
|-damage|p1a: Iron Crown|94/100|[from] Stealth Rock
|-enditem|p1a: Iron Crown|Booster Energy
|-activate|p1a: Iron Crown|ability: Quark Drive|[fromitem]
|-start|p1a: Iron Crown|quarkdrivespa
|turn|22
|inactive|xSomeday has 60 seconds left.
|
|t:|1757791952
|move|p1a: Iron Crown|Tera Blast|p2a: Kingambit
|-resisted|p2a: Kingambit
|-damage|p2a: Kingambit|55/100
|move|p2a: Kingambit|Kowtow Cleave|p1a: Iron Crown
|-supereffective|p1a: Iron Crown
|-crit|p1a: Iron Crown
|-damage|p1a: Iron Crown|0 fnt
|faint|p1a: Iron Crown
|-end|p1a: Iron Crown|Quark Drive|[silent]
|
|upkeep
|
|t:|1757791960
|switch|p1a: Alomomola|Alomomola, F|98/100
|-damage|p1a: Alomomola|85/100|[from] Stealth Rock
|turn|23
|c|☆darkyrios|mama bicho hijo de puta
|inactive|darkyrios has 120 seconds left.
|inactiveoff|Battle timer is now OFF.
|inactive|Battle timer is ON: inactive players will automatically lose when time's up. (requested by xSomeday)
|inactive|darkyrios has 90 seconds left.
|inactive|darkyrios has 60 seconds left.
|
|t:|1757792059
|move|p1a: Alomomola|Wish|p1a: Alomomola
|move|p2a: Kingambit|Kowtow Cleave|p1a: Alomomola
|-damage|p1a: Alomomola|46/100
|-damage|p2a: Kingambit|39/100|[from] item: Rocky Helmet|[of] p1a: Alomomola
|
|-damage|p2a: Kingambit|26/100|[from] Leech Seed|[of] p1a: Alomomola
|-heal|p1a: Alomomola|56/100|[silent]
|upkeep
|turn|24
|n|☆xSomeday|xsomeday
|c|☆xSomeday|malo
|
|t:|1757792072
|move|p1a: Alomomola|Rest|p1a: Alomomola
|-status|p1a: Alomomola|slp|[from] move: Rest
|-heal|p1a: Alomomola|100/100 slp|[silent]
|move|p2a: Kingambit|Iron Head|p1a: Alomomola
|-resisted|p1a: Alomomola
|-damage|p1a: Alomomola|86/100 slp
|-damage|p2a: Kingambit|10/100|[from] item: Rocky Helmet|[of] p1a: Alomomola
|
|-heal|p1a: Alomomola|100/100 slp|[from] move: Wish|[wisher] Alomomola
|-damage|p2a: Kingambit|0 fnt|[from] Leech Seed|[of] p1a: Alomomola
|faint|p2a: Kingambit
|-end|p2a: Kingambit|fallen3|[silent]
|upkeep
|
|t:|1757792084
|switch|p2a: Rotom|Rotom-Wash|38/100
|turn|25
|
|t:|1757792088
|move|p2a: Rotom|Volt Switch|p1a: Alomomola
|-supereffective|p1a: Alomomola
|-damage|p1a: Alomomola|45/100 slp
|
|t:|1757792093
|switch|p2a: Great Tusk|Great Tusk|100/100|[from] Volt Switch
|cant|p1a: Alomomola|slp
|move|p1a: Alomomola|Sleep Talk|p1a: Alomomola
|move|p1a: Alomomola|Rest||[from] move: Sleep Talk|[still]
|-fail|p1a: Alomomola
|
|upkeep
|turn|26
|inactive|darkyrios has 90 seconds left.
|
|t:|1757792111
|move|p2a: Great Tusk|Knock Off|p1a: Alomomola
|-damage|p1a: Alomomola|30/100 slp
|-damage|p2a: Great Tusk|84/100|[from] item: Rocky Helmet|[of] p1a: Alomomola
|-enditem|p1a: Alomomola|Rocky Helmet|[from] move: Knock Off|[of] p2a: Great Tusk
|cant|p1a: Alomomola|slp
|move|p1a: Alomomola|Sleep Talk|p1a: Alomomola
|move|p1a: Alomomola|Wish|p1a: Alomomola|[from] move: Sleep Talk
|
|-heal|p2a: Great Tusk|90/100|[from] item: Leftovers
|upkeep
|turn|27
|inactive|darkyrios has 90 seconds left.
|inactive|darkyrios has 60 seconds left.
|inactive|darkyrios has 30 seconds left.
|inactive|darkyrios has 20 seconds left.
|inactive|darkyrios has 15 seconds left.
|inactive|darkyrios has 10 seconds left.
|c|☆xSomeday|me vas a regalar la win
|inactive|darkyrios has 5 seconds left.
|c|☆xSomeday|manco
|-message|darkyrios lost due to inactivity.
|
|win|xSomeday
