|j|☆peach boy test
|j|☆xjwdsg
|t:|1757927677
|gametype|singles
|player|p1|peach boy test|drayden|1169
|player|p2|xjwdsg|170|1202
|gen|9
|tier|[Gen 9] OU
|rated|
|rule|HP Percentage Mod: HP is shown in percentages
|rule|Endless Battle Clause: Forcing endless battles is banned
|rule|Species Clause: Limit one of each Pokémon
|rule|OHKO Clause: OHKO moves are banned
|rule|Evasion Items Clause: Evasion items are banned
|rule|Evasion Moves Clause: Evasion moves are banned
|rule|Evasion Abilities Clause: Evasion abilities are banned
|rule|Sleep Moves Clause: Sleep-inducing moves are banned
|clearpoke
|poke|p1|Iron Hands|
|poke|p1|Moltres|
|poke|p1|Oricorio-Sensu, F|
|poke|p1|Weezing-Galar, M|
|poke|p1|Garchomp, F|
|poke|p1|Lokix, F|
|poke|p2|Torkoal, M|
|poke|p2|Hatterene, F|
|poke|p2|Raging Bolt|
|poke|p2|Slither Wing|
|poke|p2|Venusaur, M|
|poke|p2|Walking Wake|
|teampreview
|inactive|Battle timer is ON: inactive players will automatically lose when time's up. (requested by peach boy test)
|
|t:|1757927690
|teamsize|p1|6
|teamsize|p2|6
|start
|switch|p1a: Garth Champ|Garchomp, F|100/100
|switch|p2a: Torkoal|Torkoal, M|100/100
|-weather|SunnyDay|[from] ability: Drought|[of] p2a: Torkoal
|turn|1
|
|t:|1757927700
|switch|p2a: Raging Bolt|Raging Bolt|100/100
|-activate|p2a: Raging Bolt|ability: Protosynthesis
|-start|p2a: Raging Bolt|protosynthesisspa
|move|p1a: Garth Champ|Earthquake|p2a: Raging Bolt
|-supereffective|p2a: Raging Bolt
|-damage|p2a: Raging Bolt|16/100
|
|-weather|SunnyDay|[upkeep]
|upkeep
|turn|2
|
|t:|1757927706
|switch|p1a: walling Geezer|Weezing-Galar, M|100/100
|-ability|p1a: walling Geezer|Neutralizing Gas
|move|p2a: Raging Bolt|Dragon Pulse|p1a: walling Geezer
|-immune|p1a: walling Geezer
|
|-weather|SunnyDay|[upkeep]
|upkeep
|turn|3
|c|☆peach boy test|glhf
|
|t:|1757927714
|move|p2a: Raging Bolt|Weather Ball|p1a: walling Geezer
|-damage|p1a: walling Geezer|0 fnt
|faint|p1a: walling Geezer
|-end|p1a: walling Geezer|ability: Neutralizing Gas
|-damage|p2a: Raging Bolt|6/100|[from] item: Life Orb
|
|-weather|SunnyDay|[upkeep]
|upkeep
|
|t:|1757927717
|switch|p1a: Ramen Kaider|Lokix, F|100/100
|turn|4
|
|t:|1757927732
|move|p1a: Ramen Kaider|First Impression|p2a: Raging Bolt
|-damage|p2a: Raging Bolt|0 fnt
|faint|p2a: Raging Bolt
|-end|p2a: Raging Bolt|Protosynthesis|[silent]
|
|-weather|SunnyDay|[upkeep]
|upkeep
|
|t:|1757927737
|switch|p2a: Venusaur|Venusaur, M|100/100
|turn|5
|
|t:|1757927742
|switch|p1a: trawl mez|Moltres|100/100
|move|p2a: Venusaur|Growth|p2a: Venusaur
|-boost|p2a: Venusaur|atk|2
|-boost|p2a: Venusaur|spa|2
|
|-weather|SunnyDay|[upkeep]
|upkeep
|turn|6
|
|t:|1757927747
|-terastallize|p2a: Venusaur|Fire
|move|p2a: Venusaur|Weather Ball|p1a: trawl mez
|-resisted|p1a: trawl mez
|-damage|p1a: trawl mez|12/100
|-damage|p2a: Venusaur|91/100|[from] item: Life Orb
|move|p1a: trawl mez|Roar|p2a: Venusaur
|drag|p2a: Walking Wake|Walking Wake|100/100
|-activate|p2a: Walking Wake|ability: Protosynthesis
|-start|p2a: Walking Wake|protosynthesisspe
|
|-weather|SunnyDay|[upkeep]
|upkeep
|turn|7
|
|t:|1757927757
|move|p2a: Walking Wake|Hydro Steam|p1a: trawl mez
|-supereffective|p1a: trawl mez
|-damage|p1a: trawl mez|0 fnt
|faint|p1a: trawl mez
|
|-weather|SunnyDay|[upkeep]
|upkeep
|
|t:|1757927761
|switch|p1a: Brian Hands|Iron Hands|100/100
|-enditem|p1a: Brian Hands|Booster Energy
|-activate|p1a: Brian Hands|ability: Quark Drive|[fromitem]
|-start|p1a: Brian Hands|quarkdriveatk
|turn|8
|
|t:|1757927772
|move|p2a: Walking Wake|Draco Meteor|p1a: Brian Hands
|-damage|p1a: Brian Hands|36/100
|-unboost|p2a: Walking Wake|spa|2
|move|p1a: Brian Hands|Thunder Punch|p2a: Walking Wake
|-damage|p2a: Walking Wake|38/100
|
|-weather|none
|-end|p2a: Walking Wake|Protosynthesis
|upkeep
|turn|9
|
|t:|1757927779
|-end|p2a: Walking Wake|Protosynthesis|[silent]
|switch|p2a: Torkoal|Torkoal, M|100/100
|-weather|SunnyDay|[from] ability: Drought|[of] p2a: Torkoal
|move|p1a: Brian Hands|Drain Punch|p2a: Torkoal
|-damage|p2a: Torkoal|51/100
|-heal|p1a: Brian Hands|53/100|[from] drain|[of] p2a: Torkoal
|
|-weather|SunnyDay|[upkeep]
|upkeep
|turn|10
|
|t:|1757927790
|move|p1a: Brian Hands|Swords Dance|p1a: Brian Hands
|-boost|p1a: Brian Hands|atk|2
|move|p2a: Torkoal|Earthquake|p1a: Brian Hands
|-supereffective|p1a: Brian Hands
|-damage|p1a: Brian Hands|24/100
|
|-weather|SunnyDay|[upkeep]
|upkeep
|turn|11
|
|t:|1757927793
|move|p1a: Brian Hands|Drain Punch|p2a: Torkoal
|-damage|p2a: Torkoal|0 fnt
|-heal|p1a: Brian Hands|41/100|[from] drain|[of] p2a: Torkoal
|faint|p2a: Torkoal
|
|-weather|SunnyDay|[upkeep]
|upkeep
|
|t:|1757927800
|switch|p2a: Walking Wake|Walking Wake|38/100
|-activate|p2a: Walking Wake|ability: Protosynthesis
|-start|p2a: Walking Wake|protosynthesisspe
|turn|12
|
|t:|1757927806
|move|p2a: Walking Wake|Hydro Steam|p1a: Brian Hands
|-damage|p1a: Brian Hands|0 fnt
|faint|p1a: Brian Hands
|-end|p1a: Brian Hands|Quark Drive|[silent]
|
|-weather|SunnyDay|[upkeep]
|upkeep
|
|t:|1757927807
|switch|p1a: Ramen Kaider|Lokix, F|100/100
|turn|13
|
|t:|1757927812
|-end|p2a: Walking Wake|Protosynthesis|[silent]
|switch|p2a: Slither Wing|Slither Wing|100/100
|-activate|p2a: Slither Wing|ability: Protosynthesis
|-start|p2a: Slither Wing|protosynthesisatk
|move|p1a: Ramen Kaider|First Impression|p2a: Slither Wing
|-resisted|p2a: Slither Wing
|-damage|p2a: Slither Wing|31/100
|
|-weather|SunnyDay|[upkeep]
|upkeep
|turn|14
|
|t:|1757927818
|switch|p1a: Garth Champ|Garchomp, F|100/100
|move|p2a: Slither Wing|Temper Flare|p1a: Garth Champ
|-resisted|p1a: Garth Champ
|-damage|p1a: Garth Champ|84/100
|-damage|p2a: Slither Wing|18/100|[from] ability: Rough Skin|[of] p1a: Garth Champ
|-damage|p2a: Slither Wing|2/100|[from] item: Rocky Helmet|[of] p1a: Garth Champ
|
|-weather|SunnyDay|[upkeep]
|upkeep
|turn|15
|
|t:|1757927823
|move|p2a: Slither Wing|Earthquake|p1a: Garth Champ
|-damage|p1a: Garth Champ|54/100
|move|p1a: Garth Champ|Stealth Rock|p2a: Slither Wing
|-sidestart|p2: xjwdsg|move: Stealth Rock
|
|-weather|SunnyDay|[upkeep]
|upkeep
|turn|16
|
|t:|1757927839
|move|p2a: Slither Wing|Earthquake|p1a: Garth Champ
|-crit|p1a: Garth Champ
|-damage|p1a: Garth Champ|10/100
|move|p1a: Garth Champ|Spikes|p2a: Slither Wing
|-sidestart|p2: xjwdsg|Spikes
|
|-weather|none
|-end|p2a: Slither Wing|Protosynthesis
|upkeep
|turn|17
|
|t:|1757927842
|switch|p1a: Ollie Corio|Oricorio-Sensu, F|100/100
|move|p2a: Slither Wing|Earthquake|p1a: Ollie Corio
|-immune|p1a: Ollie Corio
|
|upkeep
|turn|18
|
|t:|1757927846
|move|p2a: Slither Wing|Temper Flare|p1a: Ollie Corio
|-damage|p1a: Ollie Corio|46/100
|-damage|p2a: Slither Wing|0 fnt|[from] item: Rocky Helmet|[of] p1a: Ollie Corio
|faint|p2a: Slither Wing
|-end|p2a: Slither Wing|Protosynthesis|[silent]
|move|p1a: Ollie Corio|Quiver Dance|p1a: Ollie Corio
|-boost|p1a: Ollie Corio|spa|1
|-boost|p1a: Ollie Corio|spd|1
|-boost|p1a: Ollie Corio|spe|1
|
|upkeep
|
|t:|1757927853
|switch|p2a: Hatterene|Hatterene, F|100/100
|-damage|p2a: Hatterene|88/100|[from] Stealth Rock
|-item|p2a: Hatterene|Air Balloon
|turn|19
|
|t:|1757927861
|move|p1a: Ollie Corio|Hurricane|p2a: Hatterene|[miss]
|-miss|p1a: Ollie Corio|p2a: Hatterene
|move|p2a: Hatterene|Trick Room|p2a: Hatterene
|-fieldstart|move: Trick Room|[of] p2a: Hatterene
|
|upkeep
|turn|20
|
|t:|1757927866
|move|p2a: Hatterene|Psychic Noise|p1a: Ollie Corio
|-damage|p1a: Ollie Corio|17/100
|-start|p1a: Ollie Corio|move: Heal Block
|move|p1a: Ollie Corio|Hurricane|p2a: Hatterene
|-damage|p2a: Hatterene|32/100
|-enditem|p2a: Hatterene|Air Balloon
|
|upkeep
|turn|21
|
|t:|1757927872
|move|p2a: Hatterene|Psychic Noise|p1a: Ollie Corio
|-damage|p1a: Ollie Corio|0 fnt
|faint|p1a: Ollie Corio
|
|upkeep
|
|t:|1757927875
|switch|p1a: Ramen Kaider|Lokix, F|100/100
|turn|22
|
|t:|1757927880
|move|p1a: Ramen Kaider|First Impression|p2a: Hatterene
|-damage|p2a: Hatterene|0 fnt
|faint|p2a: Hatterene
|
|upkeep
|
|t:|1757927889
|switch|p2a: Walking Wake|Walking Wake|38/100
|-damage|p2a: Walking Wake|26/100|[from] Stealth Rock
|-damage|p2a: Walking Wake|14/100|[from] Spikes
|turn|23
|
|t:|1757927892
|move|p1a: Ramen Kaider|Sucker Punch|p2a: Walking Wake
|-damage|p2a: Walking Wake|0 fnt
|faint|p2a: Walking Wake
|-end|p2a: Walking Wake|Protosynthesis|[silent]
|
|-fieldend|move: Trick Room
|upkeep
|
|t:|1757927894
|switch|p2a: Venusaur|Venusaur, M, tera:Fire|91/100
|-damage|p2a: Venusaur|66/100|[from] Stealth Rock
|-damage|p2a: Venusaur|53/100|[from] Spikes
|turn|24
|
|t:|1757927915
|move|p2a: Venusaur|Earthquake|p1a: Ramen Kaider
|-resisted|p1a: Ramen Kaider
|-damage|p1a: Ramen Kaider|83/100
|-damage|p2a: Venusaur|43/100|[from] item: Life Orb
|move|p1a: Ramen Kaider|Knock Off|p2a: Venusaur
|-damage|p2a: Venusaur|0 fnt
|-enditem|p2a: Venusaur|Life Orb|[from] move: Knock Off|[of] p1a: Ramen Kaider
|faint|p2a: Venusaur
|
|win|peach boy test
|raw|peach boy test's rating: 1169 &rarr; <strong>1196</strong><br />(+27 for winning)
|raw|xjwdsg's rating: 1202 &rarr; <strong>1175</strong><br />(-27 for losing)
|l|☆xjwdsg
|player|p2|
|c|☆peach boy test|gg
|l|☆peach boy test
|player|p1|
