|j|☆Durianelite
|j|☆isikhombisa
|t:|1757873998
|gametype|singles
|player|p1|Durianelite|266|1305
|player|p2|isikhombisa|backpacker|1343
|gen|9
|tier|[Gen 9] OU
|rated|
|rule|HP Percentage Mod: HP is shown in percentages
|rule|Endless Battle Clause: Forcing endless battles is banned
|rule|Species Clause: Limit one of each Pokémon
|rule|OHKO Clause: OHKO moves are banned
|rule|Evasion Items Clause: Evasion items are banned
|rule|Evasion Moves Clause: Evasion moves are banned
|rule|Evasion Abilities Clause: Evasion abilities are banned
|rule|Sleep Moves Clause: Sleep-inducing moves are banned
|clearpoke
|poke|p1|Iron Treads|
|poke|p1|Pelipper, F|
|poke|p1|Kingdra, F|
|poke|p1|Rillaboom, F|
|poke|p1|Basculegion, M|
|poke|p1|Raging Bolt|
|poke|p2|Ceruledge, M|
|poke|p2|Gliscor, M|
|poke|p2|Kingambit, M|
|poke|p2|Slowking-Galar, M|
|poke|p2|Hawlucha, M|
|poke|p2|Iron Valiant|
|teampreview
|inactive|Battle timer is ON: inactive players will automatically lose when time's up. (requested by Durianelite)
|
|t:|1757874007
|teamsize|p1|6
|teamsize|p2|6
|start
|switch|p1a: Rillaboom|Rillaboom, F|100/100
|switch|p2a: BOB|Slowking-Galar, M|100/100
|-fieldstart|move: Grassy Terrain|[from] ability: Grassy Surge|[of] p1a: Rillaboom
|turn|1
|
|t:|1757874013
|move|p1a: Rillaboom|U-turn|p2a: BOB
|-damage|p2a: BOB|75/100
|
|t:|1757874016
|switch|p1a: Pelipper|Pelipper, F|100/100|[from] U-turn
|-weather|RainDance|[from] ability: Drizzle|[of] p1a: Pelipper
|move|p2a: BOB|Thunder Wave|p1a: Pelipper
|-status|p1a: Pelipper|par
|
|-weather|RainDance|[upkeep]
|-heal|p2a: BOB|81/100|[from] Grassy Terrain
|upkeep
|turn|2
|
|t:|1757874019
|move|p1a: Pelipper|U-turn|p2a: BOB
|-damage|p2a: BOB|72/100
|
|t:|1757874023
|switch|p1a: Kingdra|Kingdra, F|100/100|[from] U-turn
|-prepare|p2a: BOB|Chilly Reception|[premajor]
|move|p2a: BOB|Chilly Reception|p2a: BOB
|-weather|Snowscape
|
|t:|1757874028
|switch|p2a: Laura Palmer|Iron Valiant|100/100|[from] Chilly Reception
|-enditem|p2a: Laura Palmer|Booster Energy
|-activate|p2a: Laura Palmer|ability: Quark Drive|[fromitem]
|-start|p2a: Laura Palmer|quarkdrivespe
|
|-weather|Snowscape|[upkeep]
|upkeep
|turn|3
|inactive|Durianelite has 120 seconds left.
|
|t:|1757874061
|switch|p1a: Rillaboom|Rillaboom, F|100/100
|move|p2a: Laura Palmer|Calm Mind|p2a: Laura Palmer
|-boost|p2a: Laura Palmer|spa|1
|-boost|p2a: Laura Palmer|spd|1
|
|-weather|Snowscape|[upkeep]
|upkeep
|turn|4
|
|t:|1757874067
|move|p1a: Rillaboom|Grassy Glide|p2a: Laura Palmer
|-damage|p2a: Laura Palmer|45/100
|move|p2a: Laura Palmer|Moonblast|p1a: Rillaboom
|-damage|p1a: Rillaboom|52/100
|
|-weather|Snowscape|[upkeep]
|-heal|p2a: Laura Palmer|51/100|[from] Grassy Terrain
|-heal|p1a: Rillaboom|58/100|[from] Grassy Terrain
|upkeep
|turn|5
|
|t:|1757874075
|move|p1a: Rillaboom|Grassy Glide|p2a: Laura Palmer
|-damage|p2a: Laura Palmer|0 fnt
|faint|p2a: Laura Palmer
|-end|p2a: Laura Palmer|Quark Drive|[silent]
|
|-weather|Snowscape|[upkeep]
|-heal|p1a: Rillaboom|64/100|[from] Grassy Terrain
|-fieldend|move: Grassy Terrain
|upkeep
|
|t:|1757874080
|switch|p2a: Twin Peaks Team|Hawlucha, M|100/100
|turn|6
|
|t:|1757874086
|switch|p1a: Pelipper|Pelipper, F|100/100 par
|-weather|RainDance|[from] ability: Drizzle|[of] p1a: Pelipper
|move|p2a: Twin Peaks Team|Close Combat|p1a: Pelipper
|-resisted|p1a: Pelipper
|-damage|p1a: Pelipper|77/100 par
|-unboost|p2a: Twin Peaks Team|def|1
|-unboost|p2a: Twin Peaks Team|spd|1
|-enditem|p2a: Twin Peaks Team|White Herb
|-clearnegativeboost|p2a: Twin Peaks Team|[silent]
|
|-weather|RainDance|[upkeep]
|upkeep
|turn|7
|
|t:|1757874091
|move|p2a: Twin Peaks Team|Swords Dance|p2a: Twin Peaks Team
|-boost|p2a: Twin Peaks Team|atk|2
|move|p1a: Pelipper|Hurricane|p2a: Twin Peaks Team
|-supereffective|p2a: Twin Peaks Team
|-damage|p2a: Twin Peaks Team|0 fnt
|faint|p2a: Twin Peaks Team
|
|-weather|RainDance|[upkeep]
|upkeep
|
|t:|1757874095
|switch|p2a: BOB|Slowking-Galar, M|100/100
|turn|8
|
|t:|1757874103
|cant|p1a: Pelipper|par
|move|p2a: BOB|Future Sight|p1a: Pelipper
|-start|p2a: BOB|move: Future Sight
|
|-weather|RainDance|[upkeep]
|upkeep
|turn|9
|
|t:|1757874107
|cant|p1a: Pelipper|par
|move|p2a: BOB|Sludge Bomb|p1a: Pelipper
|-damage|p1a: Pelipper|29/100 par
|
|-weather|RainDance|[upkeep]
|upkeep
|turn|10
|
|t:|1757874113
|switch|p1a: Rillaboom|Rillaboom, F|64/100
|-fieldstart|move: Grassy Terrain|[from] ability: Grassy Surge|[of] p1a: Rillaboom
|move|p2a: BOB|Sludge Bomb|p1a: Rillaboom
|-supereffective|p1a: Rillaboom
|-damage|p1a: Rillaboom|15/100
|
|-weather|RainDance|[upkeep]
|-end|p1a: Rillaboom|move: Future Sight
|-damage|p1a: Rillaboom|0 fnt
|faint|p1a: Rillaboom
|upkeep
|
|t:|1757874117
|switch|p1a: Basculegion|Basculegion, M|100/100
|turn|11
|
|t:|1757874124
|-terastallize|p2a: BOB|Water
|move|p1a: Basculegion|Flip Turn|p2a: BOB
|-resisted|p2a: BOB
|-damage|p2a: BOB|65/100
|
|t:|1757874131
|switch|p1a: Kingdra|Kingdra, F|100/100|[from] Flip Turn
|-prepare|p2a: BOB|Chilly Reception|[premajor]
|move|p2a: BOB|Chilly Reception|p2a: BOB
|-weather|Snowscape
|
|t:|1757874137
|switch|p2a: Black Lodge|Ceruledge, M|100/100|[from] Chilly Reception
|
|-weather|Snowscape|[upkeep]
|upkeep
|turn|12
|
|t:|1757874146
|move|p2a: Black Lodge|Swords Dance|p2a: Black Lodge
|-boost|p2a: Black Lodge|atk|2
|move|p1a: Kingdra|Hydro Pump|p2a: Black Lodge
|-supereffective|p2a: Black Lodge
|-enditem|p2a: Black Lodge|Focus Sash
|-damage|p2a: Black Lodge|1/100
|-damage|p1a: Kingdra|91/100|[from] item: Life Orb
|
|-weather|Snowscape|[upkeep]
|-heal|p1a: Kingdra|97/100|[from] Grassy Terrain
|-heal|p2a: Black Lodge|7/100|[from] Grassy Terrain
|upkeep
|turn|13
|
|t:|1757874159
|move|p1a: Kingdra|Wave Crash|p2a: Black Lodge
|-supereffective|p2a: Black Lodge
|-damage|p2a: Black Lodge|0 fnt
|faint|p2a: Black Lodge
|-damage|p1a: Kingdra|95/100|[from] Recoil
|-damage|p1a: Kingdra|85/100|[from] item: Life Orb
|
|-weather|Snowscape|[upkeep]
|-heal|p1a: Kingdra|91/100|[from] Grassy Terrain
|upkeep
|
|t:|1757874169
|switch|p2a: BOB|Slowking-Galar, M, tera:Water|99/100
|turn|14
|
|t:|1757874175
|switch|p1a: Basculegion|Basculegion, M|100/100
|move|p2a: BOB|Thunder Wave|p1a: Basculegion
|-status|p1a: Basculegion|par
|
|-weather|Snowscape|[upkeep]
|-heal|p2a: BOB|100/100|[from] Grassy Terrain
|-fieldend|move: Grassy Terrain
|upkeep
|turn|15
|
|t:|1757874180
|move|p1a: Basculegion|Flip Turn|p2a: BOB
|-resisted|p2a: BOB
|-damage|p2a: BOB|80/100
|
|t:|1757874186
|switch|p1a: Kingdra|Kingdra, F|91/100|[from] Flip Turn
|move|p2a: BOB|Future Sight|p1a: Kingdra
|-start|p2a: BOB|move: Future Sight
|
|-weather|none
|upkeep
|turn|16
|
|t:|1757874192
|move|p1a: Kingdra|Draco Meteor|p2a: BOB
|-damage|p2a: BOB|40/100
|-unboost|p1a: Kingdra|spa|2
|-damage|p1a: Kingdra|81/100|[from] item: Life Orb
|move|p2a: BOB|Sludge Bomb|p1a: Kingdra
|-damage|p1a: Kingdra|31/100
|-status|p1a: Kingdra|psn
|
|-damage|p1a: Kingdra|19/100 psn|[from] psn
|upkeep
|turn|17
|
|t:|1757874197
|switch|p1a: Basculegion|Basculegion, M|100/100 par
|-prepare|p2a: BOB|Chilly Reception|[premajor]
|move|p2a: BOB|Chilly Reception|p2a: BOB
|-weather|Snowscape
|
|t:|1757874201
|switch|p2a: Leland|Gliscor, M, shiny|100/100|[from] Chilly Reception
|
|-weather|Snowscape|[upkeep]
|-end|p1a: Basculegion|move: Future Sight
|-damage|p1a: Basculegion|48/100 par
|-status|p2a: Leland|tox|[from] item: Toxic Orb
|upkeep
|turn|18
|
|t:|1757874205
|move|p2a: Leland|Knock Off|p1a: Basculegion
|-supereffective|p1a: Basculegion
|-crit|p1a: Basculegion
|-damage|p1a: Basculegion|0 fnt
|-enditem|p1a: Basculegion|Choice Band|[from] move: Knock Off|[of] p2a: Leland
|faint|p1a: Basculegion
|
|-weather|Snowscape|[upkeep]
|upkeep
|
|t:|1757874207
|switch|p1a: Pelipper|Pelipper, F|29/100 par
|-weather|RainDance|[from] ability: Drizzle|[of] p1a: Pelipper
|turn|19
|
|t:|1757874211
|move|p2a: Leland|Knock Off|p1a: Pelipper
|-damage|p1a: Pelipper|14/100 par
|-enditem|p1a: Pelipper|Damp Rock|[from] move: Knock Off|[of] p2a: Leland
|move|p1a: Pelipper|Roost|p1a: Pelipper
|-heal|p1a: Pelipper|64/100 par
|-singleturn|p1a: Pelipper|move: Roost
|
|-weather|RainDance|[upkeep]
|upkeep
|turn|20
|
|t:|1757874217
|move|p2a: Leland|Spikes|p1a: Pelipper
|-sidestart|p1: Durianelite|Spikes
|move|p1a: Pelipper|U-turn|p2a: Leland
|-resisted|p2a: Leland
|-damage|p2a: Leland|97/100 tox
|
|t:|1757874224
|switch|p1a: Kingdra|Kingdra, F|19/100 psn|[from] U-turn
|-damage|p1a: Kingdra|7/100 psn|[from] Spikes
|
|-weather|RainDance|[upkeep]
|-damage|p1a: Kingdra|0 fnt|[from] psn
|faint|p1a: Kingdra
|-heal|p2a: Leland|100/100 tox|[from] ability: Poison Heal
|upkeep
|
|t:|1757874226
|switch|p1a: Iron Treads|Iron Treads|100/100
|-damage|p1a: Iron Treads|88/100|[from] Spikes
|-enditem|p1a: Iron Treads|Booster Energy
|-activate|p1a: Iron Treads|ability: Quark Drive|[fromitem]
|-start|p1a: Iron Treads|quarkdrivespe
|turn|21
|
|t:|1757874228
|move|p2a: Leland|Protect|p2a: Leland
|-singleturn|p2a: Leland|Protect
|move|p1a: Iron Treads|Rapid Spin|p2a: Leland
|-activate|p2a: Leland|move: Protect
|
|-weather|RainDance|[upkeep]
|upkeep
|turn|22
|
|t:|1757874233
|switch|p2a: BOB|Slowking-Galar, M, tera:Water|73/100
|move|p1a: Iron Treads|Rapid Spin|p2a: BOB
|-damage|p2a: BOB|61/100
|-boost|p1a: Iron Treads|spe|1
|-sideend|p1: Durianelite|Spikes|[from] move: Rapid Spin|[of] p1a: Iron Treads
|
|-weather|RainDance|[upkeep]
|upkeep
|turn|23
|
|t:|1757874237
|switch|p2a: Leland|Gliscor, M, shiny|100/100 tox
|move|p1a: Iron Treads|Stealth Rock|p2a: Leland
|-sidestart|p2: isikhombisa|move: Stealth Rock
|
|-weather|RainDance|[upkeep]
|upkeep
|turn|24
|
|t:|1757874242
|move|p1a: Iron Treads|Steel Beam|p2a: Leland
|-damage|p2a: Leland|58/100 tox
|-damage|p1a: Iron Treads|38/100|[from] steelbeam
|move|p2a: Leland|Spikes|p1a: Iron Treads
|-sidestart|p1: Durianelite|Spikes
|
|-weather|RainDance|[upkeep]
|-heal|p2a: Leland|71/100 tox|[from] ability: Poison Heal
|upkeep
|turn|25
|
|t:|1757874245
|move|p2a: Leland|Protect|p2a: Leland
|-singleturn|p2a: Leland|Protect
|move|p1a: Iron Treads|Rapid Spin|p2a: Leland
|-activate|p2a: Leland|move: Protect
|
|-weather|RainDance|[upkeep]
|-heal|p2a: Leland|83/100 tox|[from] ability: Poison Heal
|upkeep
|turn|26
|
|t:|1757874247
|move|p1a: Iron Treads|Rapid Spin|p2a: Leland
|-damage|p2a: Leland|74/100 tox
|-boost|p1a: Iron Treads|spe|1
|-sideend|p1: Durianelite|Spikes|[from] move: Rapid Spin|[of] p1a: Iron Treads
|move|p2a: Leland|Knock Off|p1a: Iron Treads
|-damage|p1a: Iron Treads|26/100
|
|-weather|none
|-heal|p2a: Leland|87/100 tox|[from] ability: Poison Heal
|upkeep
|turn|27
|
|t:|1757874252
|move|p1a: Iron Treads|Steel Beam|p2a: Leland
|-damage|p2a: Leland|43/100 tox
|-damage|p1a: Iron Treads|0 fnt|[from] steelbeam
|faint|p1a: Iron Treads
|-end|p1a: Iron Treads|Quark Drive|[silent]
|move|p2a: Leland|Spikes|p1: Iron Treads
|-sidestart|p1: Durianelite|Spikes
|
|-heal|p2a: Leland|56/100 tox|[from] ability: Poison Heal
|upkeep
|
|t:|1757874257
|switch|p1a: Pelipper|Pelipper, F|64/100 par
|-weather|RainDance|[from] ability: Drizzle|[of] p1a: Pelipper
|turn|28
|
|t:|1757874259
|move|p2a: Leland|Spikes|p1a: Pelipper
|-sidestart|p1: Durianelite|Spikes
|move|p1a: Pelipper|Weather Ball|p2a: Leland
|-supereffective|p2a: Leland
|-damage|p2a: Leland|0 fnt
|faint|p2a: Leland
|
|-weather|RainDance|[upkeep]
|upkeep
|
|t:|1757874265
|switch|p2a: BOB|Slowking-Galar, M, tera:Water|94/100
|turn|29
|
|t:|1757874269
|move|p1a: Pelipper|Hurricane|p2a: BOB
|-damage|p2a: BOB|73/100
|move|p2a: BOB|Future Sight|p1a: Pelipper
|-start|p2a: BOB|move: Future Sight
|
|-weather|RainDance|[upkeep]
|upkeep
|turn|30
|
|t:|1757874274
|move|p1a: Pelipper|Hurricane|p2a: BOB
|-damage|p2a: BOB|53/100
|move|p2a: BOB|Sludge Bomb|p1a: Pelipper
|-damage|p1a: Pelipper|17/100 par
|
|-weather|RainDance|[upkeep]
|upkeep
|turn|31
|
|t:|1757874278
|cant|p1a: Pelipper|par
|-prepare|p2a: BOB|Chilly Reception|[premajor]
|move|p2a: BOB|Chilly Reception|p2a: BOB
|-weather|Snowscape
|
|t:|1757874280
|switch|p2a: Dale Wooper|Kingambit, M, shiny|100/100|[from] Chilly Reception
|-damage|p2a: Dale Wooper|94/100|[from] Stealth Rock
|-activate|p2a: Dale Wooper|ability: Supreme Overlord
|-start|p2a: Dale Wooper|fallen4|[silent]
|
|-weather|Snowscape|[upkeep]
|-end|p1a: Pelipper|move: Future Sight
|-damage|p1a: Pelipper|0 fnt
|faint|p1a: Pelipper
|-heal|p2a: Dale Wooper|100/100|[from] item: Leftovers
|upkeep
|
|t:|1757874283
|switch|p1a: Raging Bolt|Raging Bolt|100/100
|-damage|p1a: Raging Bolt|84/100|[from] Spikes
|turn|32
|
|t:|1757874286
|move|p1a: Raging Bolt|Calm Mind|p1a: Raging Bolt
|-boost|p1a: Raging Bolt|spa|1
|-boost|p1a: Raging Bolt|spd|1
|move|p2a: Dale Wooper|Kowtow Cleave|p1a: Raging Bolt
|-damage|p1a: Raging Bolt|27/100
|
|-weather|Snowscape|[upkeep]
|upkeep
|turn|33
|
|t:|1757874296
|-terastallize|p1a: Raging Bolt|Fairy
|move|p1a: Raging Bolt|Thunderclap|p2a: Dale Wooper
|-damage|p2a: Dale Wooper|45/100
|move|p2a: Dale Wooper|Kowtow Cleave|p1a: Raging Bolt
|-resisted|p1a: Raging Bolt
|-damage|p1a: Raging Bolt|0 fnt
|faint|p1a: Raging Bolt
|-end|p1a: Raging Bolt|Protosynthesis|[silent]
|
|win|isikhombisa
|raw|Durianelite's rating: 1305 &rarr; <strong>1287</strong><br />(-18 for losing)
|raw|isikhombisa's rating: 1343 &rarr; <strong>1361</strong><br />(+18 for winning)
|c|☆isikhombisa|Gg
