|j|☆leo111212
|j|☆brngrc
|t:|1757833867
|gametype|singles
|player|p1|leo111212|red|1348
|player|p2|brngrc|burglar|1413
|gen|9
|tier|[Gen 9] OU
|rated|
|rule|HP Percentage Mod: HP is shown in percentages
|rule|Endless Battle Clause: Forcing endless battles is banned
|rule|Species Clause: Limit one of each Pokémon
|rule|OHKO Clause: OHKO moves are banned
|rule|Evasion Items Clause: Evasion items are banned
|rule|Evasion Moves Clause: Evasion moves are banned
|rule|Evasion Abilities Clause: Evasion abilities are banned
|rule|Sleep Moves Clause: Sleep-inducing moves are banned
|clearpoke
|poke|p1|Garchomp, F|
|poke|p1|Iron Moth|
|poke|p1|Ogerpon, F|
|poke|p1|Landorus-Therian, M|
|poke|p1|Iron Treads|
|poke|p1|Primarina, F|
|poke|p2|Arcanine-Hisui, M|
|poke|p2|Gholdengo|
|poke|p2|Araquanid, M|
|poke|p2|Great Tusk|
|poke|p2|Kingambit, F|
|poke|p2|Dragapult, F|
|teampreview
|inactive|Battle timer is ON: inactive players will automatically lose when time's up. (requested by leo111212)
|inactive|brngrc has 120 seconds left.
|
|t:|1757833899
|teamsize|p1|6
|teamsize|p2|6
|start
|switch|p1a: Landorus|Landorus-Therian, M|100/100
|switch|p2a: Dragapult|Dragapult, F|100/100
|-ability|p1a: Landorus|Intimidate|boost
|-fail|p2a: Dragapult|unboost|[from] ability: Clear Body|[of] p2a: Dragapult
|turn|1
|
|t:|1757833910
|-terastallize|p2a: Dragapult|Ghost
|move|p2a: Dragapult|Shadow Ball|p1a: Landorus
|-damage|p1a: Landorus|30/100
|move|p1a: Landorus|Stealth Rock|p2a: Dragapult
|-sidestart|p2: brngrc|move: Stealth Rock
|
|-heal|p1a: Landorus|36/100|[from] item: Leftovers
|upkeep
|turn|2
|
|t:|1757833918
|switch|p1a: Primarina|Primarina, F|100/100
|move|p2a: Dragapult|Shadow Ball|p1a: Primarina
|-damage|p1a: Primarina|56/100
|
|upkeep
|turn|3
|
|t:|1757833925
|move|p2a: Dragapult|Shadow Ball|p1a: Primarina
|-damage|p1a: Primarina|13/100
|move|p1a: Primarina|Surf|p2a: Dragapult
|-damage|p2a: Dragapult|1/100
|
|upkeep
|turn|4
|
|t:|1757833934
|move|p2a: Dragapult|Shadow Ball|p1a: Primarina
|-damage|p1a: Primarina|0 fnt
|faint|p1a: Primarina
|
|upkeep
|
|t:|1757833946
|switch|p1a: Ogerpon|Ogerpon, F|100/100
|turn|5
|
|t:|1757833970
|switch|p2a: Kingambit|Kingambit, F|100/100
|-damage|p2a: Kingambit|94/100|[from] Stealth Rock
|-terastallize|p1a: Ogerpon|Grass
|detailschange|p1a: Ogerpon|Ogerpon-Teal-Tera, F, tera:Grass
|-ability|p1a: Ogerpon|Embody Aspect (Teal)|boost
|-boost|p1a: Ogerpon|spe|1
|move|p1a: Ogerpon|U-turn|p2a: Kingambit
|-damage|p2a: Kingambit|67/100
|
|t:|1757833983
|switch|p1a: Landorus|Landorus-Therian, M|36/100|[from] U-turn
|-ability|p1a: Landorus|Intimidate|boost
|-unboost|p2a: Kingambit|atk|1
|-ability|p2a: Kingambit|Defiant|boost
|-boost|p2a: Kingambit|atk|2
|
|-heal|p1a: Landorus|42/100|[from] item: Leftovers
|upkeep
|turn|6
|
|t:|1757833990
|move|p2a: Kingambit|Sucker Punch|p1a: Landorus
|-damage|p1a: Landorus|0 fnt
|faint|p1a: Landorus
|
|upkeep
|
|t:|1757833993
|switch|p1a: Iron Treads|Iron Treads|100/100
|turn|7
|inactive|brngrc has 120 seconds left.
|
|t:|1757834024
|switch|p2a: Araquanid|Araquanid, M|100/100
|move|p1a: Iron Treads|Earth Power|p2a: Araquanid
|-resisted|p2a: Araquanid
|-damage|p2a: Araquanid|88/100
|
|upkeep
|turn|8
|
|t:|1757834028
|move|p1a: Iron Treads|Volt Switch|p2a: Araquanid
|-supereffective|p2a: Araquanid
|-damage|p2a: Araquanid|62/100
|
|t:|1757834037
|-end|p1a: Iron Treads|Quark Drive|[silent]
|switch|p1a: Ogerpon|Ogerpon-Teal-Tera, F, tera:Grass|100/100|[from] Volt Switch
|-ability|p1a: Ogerpon|Embody Aspect (Teal)|boost
|-boost|p1a: Ogerpon|spe|1
|move|p2a: Araquanid|Sticky Web|p1a: Ogerpon
|-sidestart|p1: leo111212|move: Sticky Web
|
|upkeep
|turn|9
|
|t:|1757834046
|move|p1a: Ogerpon|Ivy Cudgel|p2a: Araquanid
|-damage|p2a: Araquanid|0 fnt
|faint|p2a: Araquanid
|
|upkeep
|inactive|brngrc has 120 seconds left.
|inactive|brngrc has 90 seconds left.
|
|t:|1757834114
|switch|p2a: Arcanine|Arcanine-Hisui, M|100/100
|-damage|p2a: Arcanine|76/100|[from] Stealth Rock
|turn|10
|
|t:|1757834120
|move|p2a: Arcanine|Extreme Speed|p1a: Ogerpon
|-damage|p1a: Ogerpon|44/100
|move|p1a: Ogerpon|Ivy Cudgel|p2a: Arcanine
|-damage|p2a: Arcanine|0 fnt
|faint|p2a: Arcanine
|
|upkeep
|inactive|brngrc has 90 seconds left.
|
|t:|1757834134
|switch|p2a: Kingambit|Kingambit, F|67/100
|-damage|p2a: Kingambit|61/100|[from] Stealth Rock
|turn|11
|
|t:|1757834143
|switch|p1a: Iron Treads|Iron Treads|100/100
|move|p2a: Kingambit|Sucker Punch||[still]
|-fail|p2a: Kingambit
|
|upkeep
|turn|12
|
|t:|1757834154
|switch|p2a: Great Tusk|Great Tusk|100/100
|-damage|p2a: Great Tusk|98/100|[from] Stealth Rock
|move|p1a: Iron Treads|Rapid Spin|p2a: Great Tusk
|-damage|p2a: Great Tusk|89/100
|-boost|p1a: Iron Treads|spe|1
|-sideend|p1: leo111212|Sticky Web|[from] move: Rapid Spin|[of] p1a: Iron Treads
|
|-heal|p2a: Great Tusk|95/100|[from] item: Leftovers
|upkeep
|turn|13
|
|t:|1757834163
|-end|p1a: Iron Treads|Quark Drive|[silent]
|switch|p1a: Ogerpon|Ogerpon-Teal-Tera, F, tera:Grass|44/100
|-ability|p1a: Ogerpon|Embody Aspect (Teal)|boost
|-boost|p1a: Ogerpon|spe|1
|move|p2a: Great Tusk|Rapid Spin|p1a: Ogerpon
|-damage|p1a: Ogerpon|21/100
|-boost|p2a: Great Tusk|spe|1
|-sideend|p2: brngrc|Stealth Rock|[from] move: Rapid Spin|[of] p2a: Great Tusk
|
|-heal|p2a: Great Tusk|100/100|[from] item: Leftovers
|upkeep
|turn|14
|
|t:|1757834173
|move|p1a: Ogerpon|Ivy Cudgel|p2a: Great Tusk
|-supereffective|p2a: Great Tusk
|-damage|p2a: Great Tusk|0 fnt
|faint|p2a: Great Tusk
|-end|p2a: Great Tusk|Protosynthesis|[silent]
|
|upkeep
|
|t:|1757834180
|switch|p2a: Kingambit|Kingambit, F|61/100
|turn|15
|
|t:|1757834193
|switch|p1a: Iron Treads|Iron Treads|100/100
|move|p2a: Kingambit|Low Kick|p1a: Iron Treads
|-supereffective|p1a: Iron Treads
|-damage|p1a: Iron Treads|23/100
|
|upkeep
|turn|16
|
|t:|1757834200
|move|p2a: Kingambit|Sucker Punch||[still]
|-fail|p2a: Kingambit
|move|p1a: Iron Treads|Stealth Rock|p2a: Kingambit
|-sidestart|p2: brngrc|move: Stealth Rock
|
|upkeep
|turn|17
|inactive|brngrc has 120 seconds left.
|
|t:|1757834205
|move|p2a: Kingambit|Sucker Punch|p1a: Iron Treads
|-damage|p1a: Iron Treads|0 fnt
|faint|p1a: Iron Treads
|-end|p1a: Iron Treads|Quark Drive|[silent]
|
|upkeep
|
|t:|1757834207
|switch|p1a: Garchomp|Garchomp, F|100/100
|turn|18
|
|t:|1757834222
|switch|p2a: Dragapult|Dragapult, F, tera:Ghost|1/100
|-damage|p2a: Dragapult|0 fnt|[from] Stealth Rock
|faint|p2a: Dragapult
|move|p1a: Garchomp|Earthquake|p2: Dragapult|[notarget]
|-fail|p1a: Garchomp
|
|upkeep
|inactive|brngrc has 120 seconds left.
|
|t:|1757834244
|switch|p2a: Gholdengo|Gholdengo|100/100
|-damage|p2a: Gholdengo|94/100|[from] Stealth Rock
|turn|19
|
|t:|1757834250
|move|p1a: Garchomp|Swords Dance|p1a: Garchomp
|-boost|p1a: Garchomp|atk|2
|move|p2a: Gholdengo|Dazzling Gleam|p1a: Garchomp
|-supereffective|p1a: Garchomp
|-damage|p1a: Garchomp|47/100
|
|upkeep
|turn|20
|
|t:|1757834255
|move|p1a: Garchomp|Earthquake|p2a: Gholdengo
|-supereffective|p2a: Gholdengo
|-damage|p2a: Gholdengo|0 fnt
|faint|p2a: Gholdengo
|
|upkeep
|
|t:|1757834256
|switch|p2a: Kingambit|Kingambit, F|61/100
|-damage|p2a: Kingambit|54/100|[from] Stealth Rock
|turn|21
|
|t:|1757834265
|move|p1a: Garchomp|Earthquake|p2a: Kingambit
|-supereffective|p2a: Kingambit
|-damage|p2a: Kingambit|0 fnt
|faint|p2a: Kingambit
|
|win|leo111212
|raw|leo111212's rating: 1348 &rarr; <strong>1372</strong><br />(+24 for winning)
|raw|brngrc's rating: 1413 &rarr; <strong>1389</strong><br />(-24 for losing)
|l|☆brngrc
|player|p2|
