|j|☆TangoBM
|j|‽um uww wu meow
|t:|1757826103
|gametype|singles
|player|p1|TangoBM|101|1171
|player|p2|um uww wu meow|rhi|1146
|gen|9
|tier|[Gen 9] OU
|rated|
|rule|HP Percentage Mod: HP is shown in percentages
|rule|Endless Battle Clause: Forcing endless battles is banned
|rule|Species Clause: Limit one of each Pokémon
|rule|OHKO Clause: OHKO moves are banned
|rule|Evasion Items Clause: Evasion items are banned
|rule|Evasion Moves Clause: Evasion moves are banned
|rule|Evasion Abilities Clause: Evasion abilities are banned
|rule|Sleep Moves Clause: Sleep-inducing moves are banned
|clearpoke
|poke|p1|Meowscarada, M|
|poke|p1|Iron Moth|
|poke|p1|Great Tusk|
|poke|p1|Ninetales, M|
|poke|p1|Walking Wake|
|poke|p1|Garganacl, M|
|poke|p2|Indeedee, M|
|poke|p2|Gallade, M|
|poke|p2|Polteageist|
|poke|p2|Armarouge, F|
|poke|p2|Hatterene, F|
|poke|p2|Maushold|
|teampreview
|inactive|Battle timer is ON: inactive players will automatically lose when time's up. (requested by TangoBM)
|
|t:|1757826114
|teamsize|p1|6
|teamsize|p2|6
|start
|switch|p1a: Garganacl|Garganacl, M|100/100
|switch|p2a: Indeedee|Indeedee, M|100/100
|-fieldstart|move: Psychic Terrain|[from] ability: Psychic Surge|[of] p2a: Indeedee
|turn|1
|
|t:|1757826123
|move|p2a: Indeedee|Expanding Force|p1a: Garganacl
|-damage|p1a: Garganacl|52/100
|move|p1a: Garganacl|Salt Cure|p2a: Indeedee
|-damage|p2a: Indeedee|73/100
|-start|p2a: Indeedee|Salt Cure
|
|-heal|p1a: Garganacl|58/100|[from] item: Leftovers
|-damage|p2a: Indeedee|60/100|[from] Salt Cure
|upkeep
|turn|2
|
|t:|1757826131
|switch|p2a: Armarouge|Armarouge, F|100/100
|move|p1a: Garganacl|Stealth Rock|p2a: Armarouge
|-sidestart|p2: um uww wu meow|move: Stealth Rock
|
|-heal|p1a: Garganacl|64/100|[from] item: Leftovers
|upkeep
|turn|3
|
|t:|1757826136
|move|p2a: Armarouge|Expanding Force|p1a: Garganacl
|-damage|p1a: Garganacl|8/100
|move|p1a: Garganacl|Salt Cure|p2a: Armarouge
|-supereffective|p2a: Armarouge
|-damage|p2a: Armarouge|72/100
|-start|p2a: Armarouge|Salt Cure
|-ability|p2a: Armarouge|Weak Armor|boost
|-unboost|p2a: Armarouge|def|1
|-boost|p2a: Armarouge|spe|2
|-enditem|p2a: Armarouge|Weakness Policy
|-boost|p2a: Armarouge|atk|2|[from] item: Weakness Policy
|-boost|p2a: Armarouge|spa|2|[from] item: Weakness Policy
|
|-heal|p1a: Garganacl|15/100|[from] item: Leftovers
|-damage|p2a: Armarouge|59/100|[from] Salt Cure
|upkeep
|turn|4
|
|t:|1757826152
|move|p2a: Armarouge|Energy Ball|p1a: Garganacl
|-supereffective|p1a: Garganacl
|-damage|p1a: Garganacl|0 fnt
|faint|p1a: Garganacl
|
|-damage|p2a: Armarouge|47/100|[from] Salt Cure
|upkeep
|
|t:|1757826156
|switch|p1a: Ninetales|Ninetales, M|100/100
|-weather|SunnyDay|[from] ability: Drought|[of] p1a: Ninetales
|turn|5
|
|t:|1757826166
|move|p2a: Armarouge|Expanding Force|p1a: Ninetales
|-damage|p1a: Ninetales|0 fnt
|faint|p1a: Ninetales
|
|-weather|SunnyDay|[upkeep]
|-damage|p2a: Armarouge|35/100|[from] Salt Cure
|upkeep
|
|t:|1757826171
|switch|p1a: Great Tusk|Great Tusk|100/100
|-activate|p1a: Great Tusk|ability: Protosynthesis
|-start|p1a: Great Tusk|protosynthesisatk
|turn|6
|
|t:|1757826179
|move|p2a: Armarouge|Armor Cannon|p1a: Great Tusk
|-damage|p1a: Great Tusk|0 fnt
|-unboost|p2a: Armarouge|def|1
|-unboost|p2a: Armarouge|spd|1
|faint|p1a: Great Tusk
|-end|p1a: Great Tusk|Protosynthesis|[silent]
|
|-weather|SunnyDay|[upkeep]
|-damage|p2a: Armarouge|23/100|[from] Salt Cure
|upkeep
|
|t:|1757826183
|switch|p1a: Walking Wake|Walking Wake|100/100
|-activate|p1a: Walking Wake|ability: Protosynthesis
|-start|p1a: Walking Wake|protosynthesisspa
|turn|7
|
|t:|1757826186
|move|p2a: Armarouge|Expanding Force|p1a: Walking Wake
|-damage|p1a: Walking Wake|0 fnt
|faint|p1a: Walking Wake
|-end|p1a: Walking Wake|Protosynthesis|[silent]
|
|-weather|SunnyDay|[upkeep]
|-damage|p2a: Armarouge|10/100|[from] Salt Cure
|upkeep
|
|t:|1757826192
|switch|p1a: Iron Moth|Iron Moth|100/100
|-enditem|p1a: Iron Moth|Booster Energy
|-activate|p1a: Iron Moth|ability: Quark Drive|[fromitem]
|-start|p1a: Iron Moth|quarkdrivespa
|turn|8
|
|t:|1757826197
|move|p2a: Armarouge|Expanding Force|p1a: Iron Moth
|-supereffective|p1a: Iron Moth
|-damage|p1a: Iron Moth|0 fnt
|faint|p1a: Iron Moth
|-end|p1a: Iron Moth|Quark Drive|[silent]
|
|-weather|SunnyDay|[upkeep]
|-damage|p2a: Armarouge|0 fnt|[from] Salt Cure
|faint|p2a: Armarouge
|-fieldend|move: Psychic Terrain
|upkeep
|
|t:|1757826209
|switch|p1a: Meowscarada|Meowscarada, M|100/100
|switch|p2a: Indeedee|Indeedee, M|60/100
|-damage|p2a: Indeedee|48/100|[from] Stealth Rock
|-fieldstart|move: Psychic Terrain|[from] ability: Psychic Surge|[of] p2a: Indeedee
|turn|9
|
|t:|1757826213
|move|p1a: Meowscarada|Knock Off|p2a: Indeedee
|-start|p1a: Meowscarada|typechange|Dark|[from] ability: Protean
|-supereffective|p2a: Indeedee
|-damage|p2a: Indeedee|0 fnt
|-enditem|p2a: Indeedee|Terrain Extender|[from] move: Knock Off|[of] p1a: Meowscarada
|faint|p2a: Indeedee
|
|-weather|none
|upkeep
|
|t:|1757826218
|switch|p2a: Polteageist|Polteageist|100/100
|-damage|p2a: Polteageist|88/100|[from] Stealth Rock
|turn|10
|
|t:|1757826221
|-terastallize|p2a: Polteageist|Fighting
|move|p1a: Meowscarada|Knock Off|p2a: Polteageist
|-resisted|p2a: Polteageist
|-damage|p2a: Polteageist|23/100
|-ability|p2a: Polteageist|Weak Armor|boost
|-unboost|p2a: Polteageist|def|1
|-boost|p2a: Polteageist|spe|2
|-enditem|p2a: Polteageist|Focus Sash|[from] move: Knock Off|[of] p1a: Meowscarada
|move|p2a: Polteageist|Tera Blast|p1a: Meowscarada|[anim] Tera Blast Fighting
|-supereffective|p1a: Meowscarada
|-damage|p1a: Meowscarada|0 fnt
|faint|p1a: Meowscarada
|
|win|um uww wu meow
|raw|TangoBM's rating: 1171 &rarr; <strong>1144</strong><br />(-27 for losing)
|raw|um uww wu meow's rating: 1146 &rarr; <strong>1173</strong><br />(+27 for winning)
|l|☆TangoBM
|player|p1|
|l|‽um uww wu meow
|player|p2|
