|j|☆nzerode
|j|☆Beauty Nova
|t:|1757871470
|gametype|singles
|player|p1|nzerode|clown|1158
|player|p2|Beauty Nova|beauty-gen6xy|1120
|gen|9
|tier|[Gen 9] OU
|rated|
|rule|HP Percentage Mod: HP is shown in percentages
|rule|Endless Battle Clause: Forcing endless battles is banned
|rule|Species Clause: Limit one of each Pokémon
|rule|OHKO Clause: OHKO moves are banned
|rule|Evasion Items Clause: Evasion items are banned
|rule|Evasion Moves Clause: Evasion moves are banned
|rule|Evasion Abilities Clause: Evasion abilities are banned
|rule|Sleep Moves Clause: Sleep-inducing moves are banned
|clearpoke
|poke|p1|Gliscor, F|
|poke|p1|Scizor, F|
|poke|p1|Zapdos|
|poke|p1|Slowking-Galar, F|
|poke|p1|Weavile, M|
|poke|p1|Primarina, F|
|poke|p2|Indeedee, M|
|poke|p2|Hatterene, F|
|poke|p2|Ursaluna, F|
|poke|p2|Mimikyu, F|
|poke|p2|Hoopa-Unbound|
|poke|p2|Iron Hands|
|teampreview
|
|t:|1757871487
|teamsize|p1|6
|teamsize|p2|6
|start
|switch|p1a: Slowking|Slowking-Galar, F, shiny|100/100
|switch|p2a: Iron Hands|Iron Hands|100/100
|-enditem|p2a: Iron Hands|Booster Energy
|-activate|p2a: Iron Hands|ability: Quark Drive|[fromitem]
|-start|p2a: Iron Hands|quarkdriveatk
|turn|1
|
|t:|1757871494
|move|p2a: Iron Hands|Supercell Slam|p1a: Slowking
|-damage|p1a: Slowking|19/100
|move|p1a: Slowking|Future Sight|p2a: Iron Hands
|-start|p1a: Slowking|move: Future Sight
|
|upkeep
|turn|2
|
|t:|1757871503
|switch|p1a: Gliscor|Gliscor, F|100/100
|move|p2a: Iron Hands|Heavy Slam|p1a: Gliscor
|-damage|p1a: Gliscor|39/100
|
|-status|p1a: Gliscor|tox|[from] item: Toxic Orb
|upkeep
|turn|3
|
|t:|1757871511
|-terastallize|p2a: Iron Hands|Flying
|move|p1a: Gliscor|Protect|p1a: Gliscor
|-singleturn|p1a: Gliscor|Protect
|move|p2a: Iron Hands|Ice Punch|p1a: Gliscor
|-activate|p1a: Gliscor|move: Protect
|
|-end|p2a: Iron Hands|move: Future Sight
|-damage|p2a: Iron Hands|61/100
|-heal|p1a: Gliscor|51/100 tox|[from] ability: Poison Heal
|upkeep
|turn|4
|
|t:|1757871526
|switch|p1a: Zapdos|Zapdos|100/100
|move|p2a: Iron Hands|Ice Punch|p1a: Zapdos
|-supereffective|p1a: Zapdos
|-damage|p1a: Zapdos|25/100
|
|upkeep
|turn|5
|
|t:|1757871534
|-end|p2a: Iron Hands|Quark Drive|[silent]
|switch|p2a: Ursaluna|Ursaluna, F, shiny|100/100
|move|p1a: Zapdos|Discharge|p2a: Ursaluna
|-immune|p2a: Ursaluna
|
|-status|p2a: Ursaluna|brn|[from] item: Flame Orb
|upkeep
|turn|6
|
|t:|1757871553
|switch|p1a: Primarina|Primarina, F|100/100
|move|p2a: Ursaluna|Headlong Rush|p1a: Primarina
|-damage|p1a: Primarina|0 fnt
|-unboost|p2a: Ursaluna|def|1
|-unboost|p2a: Ursaluna|spd|1
|faint|p1a: Primarina
|
|-damage|p2a: Ursaluna|94/100 brn|[from] brn
|upkeep
|
|t:|1757871572
|switch|p1a: Weavile|Weavile, M|100/100
|-ability|p1a: Weavile|Pressure
|turn|7
|
|t:|1757871585
|switch|p2a: Indeedee|Indeedee, M, shiny|100/100
|-fieldstart|move: Psychic Terrain|[from] ability: Psychic Surge|[of] p2a: Indeedee
|move|p1a: Weavile|Knock Off|p2a: Indeedee
|-supereffective|p2a: Indeedee
|-damage|p2a: Indeedee|0 fnt
|-enditem|p2a: Indeedee|Terrain Extender|[from] move: Knock Off|[of] p1a: Weavile
|faint|p2a: Indeedee
|
|upkeep
|
|t:|1757871593
|switch|p2a: Hoopa|Hoopa-Unbound|100/100
|-enditem|p2a: Hoopa|Psychic Seed
|-boost|p2a: Hoopa|spd|1|[from] item: Psychic Seed
|turn|8
|
|t:|1757871598
|move|p1a: Weavile|Knock Off|p2a: Hoopa
|-damage|p2a: Hoopa|61/100
|move|p2a: Hoopa|Focus Blast|p1a: Weavile
|-supereffective|p1a: Weavile
|-damage|p1a: Weavile|0 fnt
|faint|p1a: Weavile
|-item|p2a: Hoopa|Heavy-Duty Boots|[from] ability: Magician|[of] p1: Weavile
|
|upkeep
|
|t:|1757871606
|switch|p1a: Scizor|Scizor, F|100/100
|turn|9
|
|t:|1757871614
|move|p1a: Scizor|U-turn|p2a: Hoopa
|-supereffective|p2a: Hoopa
|-damage|p2a: Hoopa|0 fnt
|faint|p2a: Hoopa
|
|t:|1757871618
|switch|p1a: Gliscor|Gliscor, F|51/100 tox|[from] U-turn
|
|-heal|p1a: Gliscor|63/100 tox|[from] ability: Poison Heal
|upkeep
|
|t:|1757871622
|switch|p2a: Mimikyu|Mimikyu, F, shiny|100/100
|turn|10
|
|t:|1757871627
|move|p1a: Gliscor|Poison Jab|p2a: Mimikyu
|-activate|p2a: Mimikyu|ability: Disguise
|-damage|p2a: Mimikyu|100/100
|detailschange|p2a: Mimikyu|Mimikyu-Busted, F, shiny
|-damage|p2a: Mimikyu|88/100|[from] pokemon: Mimikyu-Busted
|-enditem|p2a: Mimikyu|Red Card|[of] p1a: Gliscor
|drag|p1a: Zapdos|Zapdos|25/100
|move|p2a: Mimikyu|Trick Room|p2a: Mimikyu
|-fieldstart|move: Trick Room|[of] p2a: Mimikyu
|
|upkeep
|turn|11
|
|t:|1757871645
|move|p2a: Mimikyu|Play Rough|p1a: Zapdos
|-damage|p1a: Zapdos|0 fnt
|faint|p1a: Zapdos
|
|upkeep
|
|t:|1757871652
|switch|p1a: Gliscor|Gliscor, F|63/100 tox
|turn|12
|
|t:|1757871654
|move|p2a: Mimikyu|Curse|p1a: Gliscor
|-start|p1a: Gliscor|Curse|[of] p2a: Mimikyu
|-damage|p2a: Mimikyu|38/100
|move|p1a: Gliscor|Poison Jab|p2a: Mimikyu
|-damage|p2a: Mimikyu|17/100
|
|-heal|p1a: Gliscor|76/100 tox|[from] ability: Poison Heal
|-damage|p1a: Gliscor|51/100 tox|[from] Curse
|upkeep
|turn|13
|
|t:|1757871665
|move|p2a: Mimikyu|Destiny Bond|p2a: Mimikyu
|-singlemove|p2a: Mimikyu|Destiny Bond
|move|p1a: Gliscor|Poison Jab|p2a: Mimikyu
|-damage|p2a: Mimikyu|0 fnt
|faint|p2a: Mimikyu
|-activate|p2a: Mimikyu|move: Destiny Bond
|faint|p1a: Gliscor
|
|upkeep
|
|t:|1757871675
|switch|p2a: Ursaluna|Ursaluna, F, shiny|94/100 brn
|switch|p1a: Slowking|Slowking-Galar, F, shiny|52/100
|turn|14
|
|t:|1757871680
|move|p1a: Slowking|Future Sight|p2a: Ursaluna
|-start|p1a: Slowking|move: Future Sight
|move|p2a: Ursaluna|Headlong Rush|p1a: Slowking
|-supereffective|p1a: Slowking
|-damage|p1a: Slowking|0 fnt
|-unboost|p2a: Ursaluna|def|1
|-unboost|p2a: Ursaluna|spd|1
|faint|p1a: Slowking
|
|-damage|p2a: Ursaluna|88/100 brn|[from] brn
|-fieldend|move: Trick Room
|-fieldend|move: Psychic Terrain
|upkeep
|
|t:|1757871690
|switch|p1a: Scizor|Scizor, F|100/100
|turn|15
|
|t:|1757871700
|move|p1a: Scizor|Knock Off|p2a: Ursaluna
|-damage|p2a: Ursaluna|29/100 brn
|-enditem|p2a: Ursaluna|Flame Orb|[from] move: Knock Off|[of] p1a: Scizor
|move|p2a: Ursaluna|Headlong Rush|p1a: Scizor
|-damage|p1a: Scizor|0 fnt
|-unboost|p2a: Ursaluna|def|1
|-unboost|p2a: Ursaluna|spd|1
|faint|p1a: Scizor
|
|win|Beauty Nova
|raw|nzerode's rating: 1158 &rarr; <strong>1130</strong><br />(-28 for losing)
|raw|Beauty Nova's rating: 1120 &rarr; <strong>1148</strong><br />(+28 for winning)
|l|☆nzerode
|player|p1|
