|j|☆extgg
|j|☆Yewkx
|t:|1757828892
|gametype|singles
|player|p1|extgg|fantina|1100
|player|p2|Yewkx|wulfric|1078
|gen|9
|tier|[Gen 9] OU
|rated|
|rule|HP Percentage Mod: HP is shown in percentages
|rule|Endless Battle Clause: Forcing endless battles is banned
|rule|Species Clause: Limit one of each Pokémon
|rule|OHKO Clause: OHKO moves are banned
|rule|Evasion Items Clause: Evasion items are banned
|rule|Evasion Moves Clause: Evasion moves are banned
|rule|Evasion Abilities Clause: Evasion abilities are banned
|rule|Sleep Moves Clause: Sleep-inducing moves are banned
|clearpoke
|poke|p1|Tornadus, M|
|poke|p1|Toxtricity, M|
|poke|p1|Iron Valiant|
|poke|p1|Arcanine-Hisui, M|
|poke|p1|Brambleghast, F|
|poke|p1|Hydreigon, M|
|poke|p2|Abomasnow, M|
|poke|p2|Brambleghast, M|
|poke|p2|Whimsicott, F|
|poke|p2|Sawsbuck-Autumn, F|
|poke|p2|Sceptile, M|
|poke|p2|Hydrapple, F|
|teampreview
|inactive|Battle timer is ON: inactive players will automatically lose when time's up. (requested by Yewkx)
|c|☆Yewkx|gl hf
|
|t:|1757828898
|teamsize|p1|6
|teamsize|p2|6
|start
|switch|p1a: Arcanine|Arcanine-Hisui, M, shiny|100/100
|switch|p2a: be kind to him|Sceptile, M, shiny|100/100
|turn|1
|
|t:|1757828916
|-terastallize|p1a: Arcanine|Normal
|move|p2a: be kind to him|Swords Dance|p2a: be kind to him
|-boost|p2a: be kind to him|atk|2
|move|p1a: Arcanine|Double-Edge|p2a: be kind to him
|-damage|p2a: be kind to him|0 fnt
|faint|p2a: be kind to him
|
|upkeep
|
|t:|1757828926
|switch|p2a: Fluff Ball|Whimsicott, F, shiny|100/100
|turn|2
|
|t:|1757828929
|move|p2a: Fluff Ball|Tailwind|p2a: Fluff Ball
|-sidestart|p2: Yewkx|move: Tailwind
|move|p1a: Arcanine|Double-Edge|p2a: Fluff Ball
|-damage|p2a: Fluff Ball|33/100
|-enditem|p2a: Fluff Ball|Eject Button
|
|t:|1757828934
|switch|p2a: Cooler Western|Brambleghast, M, shiny|100/100
|-ability|p2a: Cooler Western|Wind Rider|boost
|-boost|p2a: Cooler Western|atk|1
|
|upkeep
|turn|3
|
|t:|1757828949
|switch|p1a: Hydreigon|Hydreigon, M|100/100
|move|p2a: Cooler Western|Power Whip|p1a: Hydreigon
|-resisted|p1a: Hydreigon
|-damage|p1a: Hydreigon|52/100
|
|upkeep
|turn|4
|
|t:|1757828959
|move|p2a: Cooler Western|Power Whip|p1a: Hydreigon
|-resisted|p1a: Hydreigon
|-damage|p1a: Hydreigon|2/100
|move|p1a: Hydreigon|Stealth Rock|p2a: Cooler Western
|-sidestart|p2: Yewkx|move: Stealth Rock
|
|upkeep
|turn|5
|
|t:|1757828968
|move|p2a: Cooler Western|Rapid Spin|p1a: Hydreigon
|-damage|p1a: Hydreigon|0 fnt
|-boost|p2a: Cooler Western|spe|1
|-sideend|p2: Yewkx|Stealth Rock|[from] move: Rapid Spin|[of] p2a: Cooler Western
|faint|p1a: Hydreigon
|
|-sideend|p2: Yewkx|move: Tailwind
|upkeep
|
|t:|1757828983
|switch|p1a: Tornadus|Tornadus, M|100/100
|turn|6
|
|t:|1757828987
|move|p1a: Tornadus|Tailwind|p1a: Tornadus
|-sidestart|p1: extgg|move: Tailwind
|move|p2a: Cooler Western|Poltergeist|p1a: Tornadus
|-activate|p1a: Tornadus|move: Poltergeist|Eject Button
|-damage|p1a: Tornadus|0 fnt
|faint|p1a: Tornadus
|
|upkeep
|
|t:|1757828994
|switch|p1a: Brambleghast|Brambleghast, F|100/100
|-ability|p1a: Brambleghast|Wind Rider|boost
|-boost|p1a: Brambleghast|atk|1
|turn|7
|c|☆Yewkx|lol same strat
|
|t:|1757829003
|-terastallize|p2a: Cooler Western|Grass
|move|p1a: Brambleghast|Poltergeist|p2a: Cooler Western|[miss]
|-miss|p1a: Brambleghast|p2a: Cooler Western
|move|p2a: Cooler Western|Poltergeist|p1a: Brambleghast
|-activate|p1a: Brambleghast|move: Poltergeist|Life Orb
|-supereffective|p1a: Brambleghast
|-damage|p1a: Brambleghast|0 fnt
|faint|p1a: Brambleghast
|
|upkeep
|
|t:|1757829014
|switch|p1a: Arcanine|Arcanine-Hisui, M, shiny, tera:Normal|100/100
|turn|8
|
|t:|1757829017
|move|p1a: Arcanine|Flare Blitz|p2a: Cooler Western
|-supereffective|p2a: Cooler Western
|-damage|p2a: Cooler Western|0 fnt
|faint|p2a: Cooler Western
|
|upkeep
|
|t:|1757829029
|switch|p2a: Fluff Ball|Whimsicott, F, shiny|33/100
|turn|9
|
|t:|1757829036
|move|p2a: Fluff Ball|Tailwind|p2a: Fluff Ball
|-sidestart|p2: Yewkx|move: Tailwind
|move|p1a: Arcanine|Flare Blitz|p2a: Fluff Ball
|-supereffective|p2a: Fluff Ball
|-damage|p2a: Fluff Ball|0 fnt
|faint|p2a: Fluff Ball
|
|-sideend|p1: extgg|move: Tailwind
|upkeep
|
|t:|1757829048
|switch|p2a: Bomma|Abomasnow, M, shiny|100/100
|-weather|Snowscape|[from] ability: Snow Warning|[of] p2a: Bomma
|turn|10
|
|t:|1757829061
|switch|p1a: Toxtricity|Toxtricity, M|100/100
|move|p2a: Bomma|Blizzard|p1a: Toxtricity
|-damage|p1a: Toxtricity|32/100
|-status|p1a: Toxtricity|frz
|
|-weather|Snowscape|[upkeep]
|upkeep
|turn|11
|
|t:|1757829073
|move|p2a: Bomma|Blizzard|p1a: Toxtricity
|-damage|p1a: Toxtricity|0 fnt
|faint|p1a: Toxtricity
|
|-weather|Snowscape|[upkeep]
|upkeep
|
|t:|1757829079
|switch|p1a: Arcanine|Arcanine-Hisui, M, shiny, tera:Normal|100/100
|turn|12
|
|t:|1757829085
|move|p1a: Arcanine|Extreme Speed|p2a: Bomma
|-damage|p2a: Bomma|46/100
|move|p2a: Bomma|Blizzard|p1a: Arcanine
|-damage|p1a: Arcanine|43/100
|-status|p1a: Arcanine|frz
|
|-weather|Snowscape|[upkeep]
|-sideend|p2: Yewkx|move: Tailwind
|upkeep
|turn|13
|c|☆Yewkx|crazy
|
|t:|1757829094
|switch|p1a: Iron Valiant|Iron Valiant, shiny|100/100
|move|p2a: Bomma|Blizzard|p1a: Iron Valiant
|-damage|p1a: Iron Valiant|24/100
|
|-weather|Snowscape|[upkeep]
|upkeep
|turn|14
|
|t:|1757829105
|move|p1a: Iron Valiant|Moonblast|p2a: Bomma
|-damage|p2a: Bomma|0 fnt
|faint|p2a: Bomma
|
|-weather|none
|upkeep
|
|t:|1757829108
|switch|p2a: I <3 Gambling|Sawsbuck-Autumn, F, shiny|100/100
|turn|15
|
|t:|1757829112
|move|p2a: I <3 Gambling|Headbutt|p1a: Iron Valiant
|-damage|p1a: Iron Valiant|0 fnt
|faint|p1a: Iron Valiant
|-end|p1a: Iron Valiant|Quark Drive|[silent]
|
|upkeep
|
|t:|1757829116
|switch|p1a: Arcanine|Arcanine-Hisui, M, shiny, tera:Normal|43/100 frz
|turn|16
|
|t:|1757829119
|cant|p1a: Arcanine|frz
|move|p2a: I <3 Gambling|Headbutt|p1a: Arcanine
|-damage|p1a: Arcanine|4/100 frz
|
|upkeep
|turn|17
|
|t:|1757829123
|cant|p1a: Arcanine|frz
|move|p2a: I <3 Gambling|Headbutt|p1a: Arcanine
|-damage|p1a: Arcanine|0 fnt
|faint|p1a: Arcanine
|
|win|Yewkx
|raw|extgg's rating: 1100 &rarr; <strong>1073</strong><br />(-27 for losing)
|raw|Yewkx's rating: 1078 &rarr; <strong>1108</strong><br />(+30 for winning)
|c|☆Yewkx|ggs
|l|☆Yewkx
|player|p2|
|l|☆extgg
|player|p1|
