|j|☆Rectusempra
|j|☆ImageryBless
|t:|1757912100
|gametype|singles
|player|p1|Rectusempra|265|1376
|player|p2|ImageryBless|170|1436
|gen|9
|tier|[Gen 9] OU
|rated|
|rule|HP Percentage Mod: HP is shown in percentages
|rule|Endless Battle Clause: Forcing endless battles is banned
|rule|Species Clause: Limit one of each Pokémon
|rule|OHKO Clause: OHKO moves are banned
|rule|Evasion Items Clause: Evasion items are banned
|rule|Evasion Moves Clause: Evasion moves are banned
|rule|Evasion Abilities Clause: Evasion abilities are banned
|rule|Sleep Moves Clause: Sleep-inducing moves are banned
|clearpoke
|poke|p1|Rillaboom, F|
|poke|p1|Slowking-Galar, M|
|poke|p1|Dragapult, M|
|poke|p1|Great Tusk|
|poke|p1|Zamazenta-*|
|poke|p1|Kyurem|
|poke|p2|Iron Moth|
|poke|p2|Ting-Lu|
|poke|p2|Torkoal, F|
|poke|p2|Walking Wake|
|poke|p2|Great Tusk|
|poke|p2|Slither Wing|
|teampreview
|inactive|Battle timer is ON: inactive players will automatically lose when time's up. (requested by Rectusempra)
|
|t:|1757912122
|teamsize|p1|6
|teamsize|p2|6
|start
|switch|p1a: Slowking|Slowking-Galar, M|100/100
|switch|p2a: Torkoal|Torkoal, F|100/100
|-weather|SunnyDay|[from] ability: Drought|[of] p2a: Torkoal
|turn|1
|
|t:|1757912134
|move|p1a: Slowking|Sludge Wave|p2a: Torkoal
|-damage|p2a: Torkoal|55/100
|move|p2a: Torkoal|Stealth Rock|p1a: Slowking
|-sidestart|p1: Rectusempra|move: Stealth Rock
|
|-weather|SunnyDay|[upkeep]
|upkeep
|turn|2
|
|t:|1757912148
|switch|p2a: Great Tusk|Great Tusk|100/100
|-activate|p2a: Great Tusk|ability: Protosynthesis
|-start|p2a: Great Tusk|protosynthesisspe
|-prepare|p1a: Slowking|Chilly Reception|[premajor]
|move|p1a: Slowking|Chilly Reception|p1a: Slowking
|-weather|Snowscape
|-end|p2a: Great Tusk|Protosynthesis
|
|t:|1757912153
|switch|p1a: Dragapult|Dragapult, M|100/100|[from] Chilly Reception
|-damage|p1a: Dragapult|88/100|[from] Stealth Rock
|
|-weather|Snowscape|[upkeep]
|upkeep
|turn|3
|
|t:|1757912156
|-end|p2a: Great Tusk|Protosynthesis|[silent]
|switch|p2a: Ting-Lu|Ting-Lu|100/100
|-ability|p2a: Ting-Lu|Vessel of Ruin
|move|p1a: Dragapult|U-turn|p2a: Ting-Lu
|-supereffective|p2a: Ting-Lu
|-damage|p2a: Ting-Lu|80/100
|-damage|p1a: Dragapult|72/100|[from] item: Rocky Helmet|[of] p2a: Ting-Lu
|
|t:|1757912160
|switch|p1a: Great Tusk|Great Tusk|100/100|[from] U-turn
|-damage|p1a: Great Tusk|98/100|[from] Stealth Rock
|
|-weather|Snowscape|[upkeep]
|-heal|p1a: Great Tusk|100/100|[from] item: Leftovers
|upkeep
|turn|4
|
|t:|1757912178
|switch|p2a: Walking Wake|Walking Wake|100/100
|move|p1a: Great Tusk|Rapid Spin|p2a: Walking Wake
|-crit|p2a: Walking Wake
|-damage|p2a: Walking Wake|75/100
|-boost|p1a: Great Tusk|spe|1
|-sideend|p1: Rectusempra|Stealth Rock|[from] move: Rapid Spin|[of] p1a: Great Tusk
|
|-weather|Snowscape|[upkeep]
|upkeep
|turn|5
|
|t:|1757912201
|-end|p1a: Great Tusk|Protosynthesis|[silent]
|switch|p1a: Slowking|Slowking-Galar, M|100/100
|-terastallize|p2a: Walking Wake|Dragon
|move|p2a: Walking Wake|Draco Meteor|p1a: Slowking
|-damage|p1a: Slowking|19/100
|-unboost|p2a: Walking Wake|spa|2
|
|-weather|Snowscape|[upkeep]
|upkeep
|turn|6
|
|t:|1757912226
|switch|p1a: Rillaboom|Rillaboom, F|100/100
|-fieldstart|move: Grassy Terrain|[from] ability: Grassy Surge|[of] p1a: Rillaboom
|move|p2a: Walking Wake|Draco Meteor|p1a: Rillaboom
|-damage|p1a: Rillaboom|21/100
|-unboost|p2a: Walking Wake|spa|2
|
|-weather|none
|-heal|p2a: Walking Wake|81/100|[from] Grassy Terrain
|-heal|p1a: Rillaboom|27/100|[from] Grassy Terrain
|-heal|p1a: Rillaboom|33/100|[from] item: Leftovers
|upkeep
|turn|7
|
|t:|1757912233
|-end|p2a: Walking Wake|Protosynthesis|[silent]
|switch|p2a: Torkoal|Torkoal, F|55/100
|-weather|SunnyDay|[from] ability: Drought|[of] p2a: Torkoal
|move|p1a: Rillaboom|U-turn|p2a: Torkoal
|-resisted|p2a: Torkoal
|-damage|p2a: Torkoal|47/100
|
|t:|1757912241
|switch|p1a: Slowking|Slowking-Galar, M|53/100|[from] U-turn
|
|-weather|SunnyDay|[upkeep]
|-heal|p1a: Slowking|59/100|[from] Grassy Terrain
|-heal|p2a: Torkoal|54/100|[from] Grassy Terrain
|upkeep
|turn|8
|inactive|ImageryBless has 120 seconds left.
|
|t:|1757912279
|switch|p2a: Slither Wing|Slither Wing|100/100
|-activate|p2a: Slither Wing|ability: Protosynthesis
|-start|p2a: Slither Wing|protosynthesisatk
|move|p1a: Slowking|Sludge Wave|p2a: Slither Wing
|-damage|p2a: Slither Wing|60/100
|
|-weather|SunnyDay|[upkeep]
|-heal|p2a: Slither Wing|67/100|[from] Grassy Terrain
|-heal|p1a: Slowking|65/100|[from] Grassy Terrain
|upkeep
|turn|9
|inactive|ImageryBless has 120 seconds left.
|
|t:|1757912290
|switch|p1a: Great Tusk|Great Tusk|100/100
|-activate|p1a: Great Tusk|ability: Protosynthesis
|-start|p1a: Great Tusk|protosynthesisdef
|move|p2a: Slither Wing|U-turn|p1a: Great Tusk
|-resisted|p1a: Great Tusk
|-damage|p1a: Great Tusk|87/100
|
|t:|1757912292
|-end|p2a: Slither Wing|Protosynthesis|[silent]
|switch|p2a: Walking Wake|Walking Wake, tera:Dragon|81/100|[from] U-turn
|-activate|p2a: Walking Wake|ability: Protosynthesis
|-start|p2a: Walking Wake|protosynthesisspe
|
|-weather|SunnyDay|[upkeep]
|-heal|p2a: Walking Wake|88/100|[from] Grassy Terrain
|-heal|p1a: Great Tusk|93/100|[from] Grassy Terrain
|-heal|p1a: Great Tusk|99/100|[from] item: Leftovers
|upkeep
|turn|10
|
|t:|1757912307
|-end|p1a: Great Tusk|Protosynthesis|[silent]
|switch|p1a: Rillaboom|Rillaboom, F|33/100
|move|p2a: Walking Wake|Draco Meteor|p1a: Rillaboom
|-damage|p1a: Rillaboom|0 fnt
|-unboost|p2a: Walking Wake|spa|2
|faint|p1a: Rillaboom
|
|-weather|SunnyDay|[upkeep]
|-heal|p2a: Walking Wake|94/100|[from] Grassy Terrain
|-fieldend|move: Grassy Terrain
|upkeep
|
|t:|1757912314
|switch|p1a: Slowking|Slowking-Galar, M|98/100
|turn|11
|
|t:|1757912326
|-end|p2a: Walking Wake|Protosynthesis|[silent]
|switch|p2a: Iron Moth|Iron Moth|100/100
|-prepare|p1a: Slowking|Chilly Reception|[premajor]
|move|p1a: Slowking|Chilly Reception|p1a: Slowking
|-weather|Snowscape
|
|t:|1757912333
|switch|p1a: Kyurem|Kyurem|100/100|[from] Chilly Reception
|-ability|p1a: Kyurem|Pressure
|
|-weather|Snowscape|[upkeep]
|upkeep
|turn|12
|
|t:|1757912340
|move|p2a: Iron Moth|Overheat|p1a: Kyurem
|-damage|p1a: Kyurem|0 fnt
|-unboost|p2a: Iron Moth|spa|2
|faint|p1a: Kyurem
|
|-weather|Snowscape|[upkeep]
|upkeep
|
|t:|1757912348
|switch|p1a: Zamazenta|Zamazenta|100/100
|-ability|p1a: Zamazenta|Dauntless Shield|boost
|-boost|p1a: Zamazenta|def|1
|turn|13
|
|t:|1757912355
|-end|p2a: Iron Moth|Quark Drive|[silent]
|switch|p2a: Torkoal|Torkoal, F|54/100
|-weather|SunnyDay|[from] ability: Drought|[of] p2a: Torkoal
|move|p1a: Zamazenta|Substitute|p1a: Zamazenta
|-start|p1a: Zamazenta|Substitute
|-damage|p1a: Zamazenta|75/100
|
|-weather|SunnyDay|[upkeep]
|-heal|p1a: Zamazenta|82/100|[from] item: Leftovers
|upkeep
|turn|14
|
|t:|1757912367
|-terastallize|p1a: Zamazenta|Fighting
|move|p1a: Zamazenta|Close Combat|p2a: Torkoal
|-damage|p2a: Torkoal|6/100
|-unboost|p1a: Zamazenta|def|1
|-unboost|p1a: Zamazenta|spd|1
|move|p2a: Torkoal|Lava Plume|p1a: Zamazenta
|-end|p1a: Zamazenta|Substitute
|
|-weather|SunnyDay|[upkeep]
|-heal|p1a: Zamazenta|88/100|[from] item: Leftovers
|upkeep
|turn|15
|
|t:|1757912379
|switch|p2a: Great Tusk|Great Tusk|100/100
|-activate|p2a: Great Tusk|ability: Protosynthesis
|-start|p2a: Great Tusk|protosynthesisspe
|move|p1a: Zamazenta|Substitute|p1a: Zamazenta
|-start|p1a: Zamazenta|Substitute
|-damage|p1a: Zamazenta|63/100
|
|-weather|SunnyDay|[upkeep]
|-heal|p1a: Zamazenta|69/100|[from] item: Leftovers
|upkeep
|turn|16
|
|t:|1757912388
|move|p2a: Great Tusk|Bulk Up|p2a: Great Tusk
|-boost|p2a: Great Tusk|atk|1
|-boost|p2a: Great Tusk|def|1
|move|p1a: Zamazenta|Close Combat|p2a: Great Tusk
|-damage|p2a: Great Tusk|66/100
|-unboost|p1a: Zamazenta|def|1
|-unboost|p1a: Zamazenta|spd|1
|
|-weather|SunnyDay|[upkeep]
|-heal|p1a: Zamazenta|75/100|[from] item: Leftovers
|upkeep
|turn|17
|-message|Rectusempra forfeited.
|
|win|ImageryBless
|raw|Rectusempra's rating: 1376 &rarr; <strong>1359</strong><br />(-17 for losing)
|raw|ImageryBless's rating: 1436 &rarr; <strong>1453</strong><br />(+17 for winning)
|l|☆Rectusempra
|player|p1|
|l|☆ImageryBless
|player|p2|
