|j|☆kisstal
|j|☆cdglo
|t:|1757834656
|gametype|singles
|player|p1|kisstal|2|1181
|player|p2|cdglo|sailor|1190
|gen|9
|tier|[Gen 9] OU
|rated|
|rule|HP Percentage Mod: HP is shown in percentages
|rule|Endless Battle Clause: Forcing endless battles is banned
|rule|Species Clause: Limit one of each Pokémon
|rule|OHKO Clause: OHKO moves are banned
|rule|Evasion Items Clause: Evasion items are banned
|rule|Evasion Moves Clause: Evasion moves are banned
|rule|Evasion Abilities Clause: Evasion abilities are banned
|rule|Sleep Moves Clause: Sleep-inducing moves are banned
|clearpoke
|poke|p1|Great Tusk|
|poke|p1|Kingambit, M|
|poke|p1|Rotom-Wash|
|poke|p1|Moltres|
|poke|p1|Iron Valiant|
|poke|p1|Kyurem|
|poke|p2|Ting-Lu|
|poke|p2|Zangoose, F|
|poke|p2|Masquerain, F|
|poke|p2|Iron Valiant|
|poke|p2|Entei|
|poke|p2|Mew|
|teampreview
|inactive|Battle timer is ON: inactive players will automatically lose when time's up. (requested by kisstal)
|
|t:|1757834709
|teamsize|p1|6
|teamsize|p2|6
|start
|switch|p1a: Great Tusk|Great Tusk, shiny|100/100
|switch|p2a: Zangoose|Zangoose, F|100/100
|turn|1
|
|t:|1757834716
|move|p1a: Great Tusk|Stealth Rock|p2a: Zangoose
|-sidestart|p2: cdglo|move: Stealth Rock
|move|p2a: Zangoose|Belly Drum|p2a: Zangoose
|-damage|p2a: Zangoose|50/100
|-setboost|p2a: Zangoose|atk|6|[from] move: Belly Drum
|-enditem|p2a: Zangoose|Sitrus Berry|[eat]
|-heal|p2a: Zangoose|75/100|[from] item: Sitrus Berry
|
|upkeep
|turn|2
|
|t:|1757834730
|-terastallize|p2a: Zangoose|Normal
|move|p2a: Zangoose|Quick Attack|p1a: Great Tusk
|-damage|p1a: Great Tusk|20/100
|-damage|p2a: Zangoose|59/100|[from] item: Rocky Helmet|[of] p1a: Great Tusk
|move|p1a: Great Tusk|Rapid Spin|p2a: Zangoose
|-damage|p2a: Zangoose|27/100
|-boost|p1a: Great Tusk|spe|1
|
|upkeep
|turn|3
|
|t:|1757834743
|-end|p1a: Great Tusk|Protosynthesis|[silent]
|switch|p1a: Kingambit|Kingambit, M|100/100
|move|p2a: Zangoose|Quick Attack|p1a: Kingambit
|-resisted|p1a: Kingambit
|-damage|p1a: Kingambit|57/100
|
|-heal|p1a: Kingambit|63/100|[from] item: Leftovers
|upkeep
|turn|4
|
|t:|1757834752
|move|p2a: Zangoose|Upper Hand|p1a: Kingambit
|-supereffective|p1a: Kingambit
|-damage|p1a: Kingambit|0 fnt
|faint|p1a: Kingambit
|-end|p1a: Kingambit|fallenundefined|[silent]
|
|upkeep
|
|t:|1757834762
|switch|p1a: Rotom|Rotom-Wash, shiny|100/100
|turn|5
|c|☆cdglo|Bye bye kingambit
|
|t:|1757834766
|move|p2a: Zangoose|Quick Attack|p1a: Rotom
|-damage|p1a: Rotom|10/100
|move|p1a: Rotom|Volt Switch|p2a: Zangoose
|-damage|p2a: Zangoose|0 fnt
|faint|p2a: Zangoose
|
|t:|1757834772
|switch|p1a: Great Tusk|Great Tusk, shiny|20/100|[from] Volt Switch
|
|upkeep
|
|t:|1757834797
|switch|p2a: Entei|Entei|100/100
|-damage|p2a: Entei|76/100|[from] Stealth Rock
|turn|6
|
|t:|1757834807
|-end|p1a: Great Tusk|Protosynthesis|[silent]
|switch|p1a: Moltres|Moltres, shiny|100/100
|move|p2a: Entei|Trailblaze|p1a: Moltres
|-resisted|p1a: Moltres
|-damage|p1a: Moltres|94/100
|-boost|p2a: Entei|spe|1
|-damage|p2a: Entei|66/100|[from] item: Life Orb
|
|upkeep
|turn|7
|
|t:|1757834818
|move|p2a: Entei|Crunch|p1a: Moltres
|-damage|p1a: Moltres|55/100
|-damage|p2a: Entei|56/100|[from] item: Life Orb
|move|p1a: Moltres|Hurricane|p2a: Entei
|-damage|p2a: Entei|0 fnt
|faint|p2a: Entei
|
|upkeep
|
|t:|1757834828
|switch|p2a: Masquerain|Masquerain, F|100/100
|-damage|p2a: Masquerain|50/100|[from] Stealth Rock
|-ability|p2a: Masquerain|Intimidate|boost
|-unboost|p1a: Moltres|atk|1
|turn|8
|
|t:|1757834835
|move|p1a: Moltres|Hurricane|p2a: Masquerain|[miss]
|-miss|p1a: Moltres|p2a: Masquerain
|move|p2a: Masquerain|Sticky Web|p1a: Moltres
|-sidestart|p1: kisstal|move: Sticky Web
|
|upkeep
|turn|9
|
|t:|1757834844
|move|p1a: Moltres|Hurricane|p2a: Masquerain
|-supereffective|p2a: Masquerain
|-damage|p2a: Masquerain|0 fnt
|faint|p2a: Masquerain
|
|upkeep
|
|t:|1757834852
|switch|p2a: Iron Valiant|Iron Valiant, shiny|100/100
|-damage|p2a: Iron Valiant|94/100|[from] Stealth Rock
|-enditem|p2a: Iron Valiant|Booster Energy
|-activate|p2a: Iron Valiant|ability: Quark Drive|[fromitem]
|-start|p2a: Iron Valiant|quarkdrivespe
|turn|10
|inactive|kisstal has 120 seconds left.
|inactive|kisstal has 90 seconds left.
|
|t:|1757834913
|switch|p1a: Kyurem|Kyurem, shiny|100/100
|-ability|p1a: Kyurem|Pressure
|move|p2a: Iron Valiant|Spirit Break|p1a: Kyurem
|-supereffective|p1a: Kyurem
|-damage|p1a: Kyurem|19/100
|-unboost|p1a: Kyurem|spa|1
|
|upkeep
|turn|11
|inactive|kisstal has 90 seconds left.
|
|t:|1757834940
|move|p2a: Iron Valiant|Shadow Sneak|p1a: Kyurem
|-damage|p1a: Kyurem|6/100
|move|p1a: Kyurem|Ice Beam|p2a: Iron Valiant
|-damage|p2a: Iron Valiant|42/100
|
|upkeep
|turn|12
|inactive|cdglo has 120 seconds left.
|inactive|kisstal has 60 seconds left.
|
|t:|1757834995
|move|p2a: Iron Valiant|Spirit Break|p1a: Kyurem
|-supereffective|p1a: Kyurem
|-damage|p1a: Kyurem|0 fnt
|faint|p1a: Kyurem
|
|upkeep
|
|t:|1757835004
|switch|p1a: Moltres|Moltres, shiny|55/100
|turn|13
|inactive|cdglo has 120 seconds left.
|
|t:|1757835022
|move|p2a: Iron Valiant|Close Combat|p1a: Moltres
|-resisted|p1a: Moltres
|-damage|p1a: Moltres|16/100
|-unboost|p2a: Iron Valiant|def|1
|-unboost|p2a: Iron Valiant|spd|1
|move|p1a: Moltres|Fire Blast|p2a: Iron Valiant
|-damage|p2a: Iron Valiant|0 fnt
|faint|p2a: Iron Valiant
|-end|p2a: Iron Valiant|Quark Drive|[silent]
|
|upkeep
|inactive|cdglo has 120 seconds left.
|
|t:|1757835031
|switch|p2a: Mew|Mew, shiny|100/100
|-damage|p2a: Mew|88/100|[from] Stealth Rock
|turn|14
|inactive|cdglo has 120 seconds left.
|
|t:|1757835044
|move|p1a: Moltres|Fire Blast|p2a: Mew
|-damage|p2a: Mew|21/100
|move|p2a: Mew|Stored Power|p1a: Moltres
|-damage|p1a: Moltres|5/100
|
|upkeep
|turn|15
|
|t:|1757835050
|move|p1a: Moltres|Fire Blast|p2a: Mew
|-damage|p2a: Mew|0 fnt
|faint|p2a: Mew
|
|upkeep
|c|☆cdglo|Oops
|
|t:|1757835056
|switch|p2a: Ting-Lu|Ting-Lu|100/100
|-damage|p2a: Ting-Lu|94/100|[from] Stealth Rock
|-ability|p2a: Ting-Lu|Vessel of Ruin
|turn|16
|
|t:|1757835067
|switch|p1a: Rotom|Rotom-Wash, shiny|10/100
|move|p2a: Ting-Lu|Stealth Rock|p1a: Rotom
|-sidestart|p1: kisstal|move: Stealth Rock
|
|-heal|p1a: Rotom|17/100|[from] item: Leftovers
|-heal|p2a: Ting-Lu|100/100|[from] item: Leftovers
|upkeep
|turn|17
|
|t:|1757835078
|move|p1a: Rotom|Pain Split|p2a: Ting-Lu
|-sethp|p2a: Ting-Lu|55/100|[from] move: Pain Split|[silent]
|-sethp|p1a: Rotom|93/100|[from] move: Pain Split
|move|p2a: Ting-Lu|Body Press|p1a: Rotom
|-damage|p1a: Rotom|70/100
|
|-heal|p1a: Rotom|76/100|[from] item: Leftovers
|-heal|p2a: Ting-Lu|61/100|[from] item: Leftovers
|upkeep
|turn|18
|
|t:|1757835090
|move|p1a: Rotom|Will-O-Wisp|p2a: Ting-Lu
|-status|p2a: Ting-Lu|brn
|move|p2a: Ting-Lu|Whirlwind|p1a: Rotom
|drag|p1a: Moltres|Moltres, shiny|5/100
|-damage|p1a: Moltres|0 fnt|[from] Stealth Rock
|faint|p1a: Moltres
|
|-heal|p2a: Ting-Lu|68/100 brn|[from] item: Leftovers
|-damage|p2a: Ting-Lu|61/100 brn|[from] brn
|upkeep
|
|t:|1757835100
|switch|p1a: Great Tusk|Great Tusk, shiny|20/100
|-activate|p1a: Great Tusk|move: Sticky Web
|-unboost|p1a: Great Tusk|spe|1
|-damage|p1a: Great Tusk|17/100|[from] Stealth Rock
|turn|19
|
|t:|1757835107
|move|p1a: Great Tusk|Rapid Spin|p2a: Ting-Lu
|-damage|p2a: Ting-Lu|54/100 brn
|-boost|p1a: Great Tusk|spe|1
|-sideend|p1: kisstal|Stealth Rock|[from] move: Rapid Spin|[of] p1a: Great Tusk
|-sideend|p1: kisstal|Sticky Web|[from] move: Rapid Spin|[of] p1a: Great Tusk
|move|p2a: Ting-Lu|Whirlwind|p1a: Great Tusk
|-end|p1a: Great Tusk|Protosynthesis|[silent]
|drag|p1a: Rotom|Rotom-Wash, shiny|76/100
|
|-heal|p1a: Rotom|82/100|[from] item: Leftovers
|-heal|p2a: Ting-Lu|60/100 brn|[from] item: Leftovers
|-damage|p2a: Ting-Lu|54/100 brn|[from] brn
|upkeep
|turn|20
|
|t:|1757835118
|move|p1a: Rotom|Hydro Pump|p2a: Ting-Lu|[miss]
|-miss|p1a: Rotom|p2a: Ting-Lu
|move|p2a: Ting-Lu|Stealth Rock|p1a: Rotom
|-sidestart|p1: kisstal|move: Stealth Rock
|
|-heal|p1a: Rotom|89/100|[from] item: Leftovers
|-heal|p2a: Ting-Lu|60/100 brn|[from] item: Leftovers
|-damage|p2a: Ting-Lu|54/100 brn|[from] brn
|upkeep
|turn|21
|
|t:|1757835126
|move|p1a: Rotom|Hydro Pump|p2a: Ting-Lu
|-supereffective|p2a: Ting-Lu
|-damage|p2a: Ting-Lu|15/100 brn
|move|p2a: Ting-Lu|Whirlwind|p1a: Rotom
|drag|p1a: Iron Valiant|Iron Valiant, shiny|100/100
|-damage|p1a: Iron Valiant|94/100|[from] Stealth Rock
|-enditem|p1a: Iron Valiant|Booster Energy
|-activate|p1a: Iron Valiant|ability: Quark Drive|[fromitem]
|-start|p1a: Iron Valiant|quarkdrivespe
|
|-heal|p2a: Ting-Lu|21/100 brn|[from] item: Leftovers
|-damage|p2a: Ting-Lu|15/100 brn|[from] brn
|upkeep
|turn|22
|-message|cdglo forfeited.
|
|win|kisstal
|raw|kisstal's rating: 1181 &rarr; <strong>1207</strong><br />(+26 for winning)
|raw|cdglo's rating: 1190 &rarr; <strong>1164</strong><br />(-26 for losing)
|l|☆cdglo
|player|p2|
|l|☆kisstal
|player|p1|
