|badge|p1|bronze|gen9randombattle|100-6
|uhtml|medal-msg|<div class="broadcast-blue">Curious what those medals under the avatar are? PS now has Ladder Seasons! For more information, check out the <a href="https://www.smogon.com/forums/threads/3740067/">thread on Smogon.</a></div>
|j|☆O1V7O2X9O
|j|☆TrapLyf
|t:|1757931554
|gametype|singles
|player|p1|O1V7O2X9O|#rbtt8teamzeraora2|1560
|player|p2|TrapLyf|265|1557
|gen|9
|tier|[Gen 9] OU
|rated|
|rule|HP Percentage Mod: HP is shown in percentages
|rule|Endless Battle Clause: Forcing endless battles is banned
|rule|Species Clause: Limit one of each Pokémon
|rule|OHKO Clause: OHKO moves are banned
|rule|Evasion Items Clause: Evasion items are banned
|rule|Evasion Moves Clause: Evasion moves are banned
|rule|Evasion Abilities Clause: Evasion abilities are banned
|rule|Sleep Moves Clause: Sleep-inducing moves are banned
|clearpoke
|poke|p1|Dondozo, F|
|poke|p1|Blissey, F|
|poke|p1|Corviknight, F|
|poke|p1|Weezing-Galar, M|
|poke|p1|Gliscor, F|
|poke|p1|Toxapex, F|
|poke|p2|Ogerpon-Wellspring, F|
|poke|p2|Rillaboom, F|
|poke|p2|Heatran, M|
|poke|p2|Weezing-Galar, F|
|poke|p2|Ursaluna, M|
|poke|p2|Raging Bolt|
|teampreview
|j| argotheleaf
|c| argotheleaf|hi
|c|☆O1V7O2X9O|hi again
|c| argotheleaf|:D
|c|☆O1V7O2X9O|weezing on weezing action
|inactive|Battle timer is ON: inactive players will automatically lose when time's up. (requested by TrapLyf)
|
|t:|1757931612
|teamsize|p1|6
|teamsize|p2|6
|start
|switch|p1a: Toxapex|Toxapex, F|100/100
|switch|p2a: Rillaboom|Rillaboom, F|100/100
|-fieldstart|move: Grassy Terrain|[from] ability: Grassy Surge|[of] p2a: Rillaboom
|turn|1
|
|t:|1757931624
|switch|p1a: Weezing|Weezing-Galar, M|100/100
|-ability|p1a: Weezing|Neutralizing Gas
|move|p2a: Rillaboom|Wood Hammer|p1a: Weezing
|-resisted|p1a: Weezing
|-damage|p1a: Weezing|61/100
|-damage|p2a: Rillaboom|88/100|[from] Recoil
|
|-heal|p2a: Rillaboom|94/100|[from] Grassy Terrain
|-heal|p1a: Weezing|67/100|[from] Grassy Terrain
|upkeep
|turn|2
|
|t:|1757931643
|switch|p2a: Heatran|Heatran, M|100/100
|-end|p1a: Weezing|ability: Neutralizing Gas
|switch|p1a: Gliscor|Gliscor, F|100/100
|
|-status|p1a: Gliscor|tox|[from] item: Toxic Orb
|upkeep
|turn|3
|
|t:|1757931650
|switch|p2a: Ursaluna|Ursaluna, M|100/100
|move|p1a: Gliscor|Knock Off|p2a: Ursaluna
|-damage|p2a: Ursaluna|87/100
|-enditem|p2a: Ursaluna|Assault Vest|[from] move: Knock Off|[of] p1a: Gliscor
|
|-heal|p2a: Ursaluna|93/100|[from] Grassy Terrain
|upkeep
|turn|4
|
|t:|1757931666
|move|p1a: Gliscor|Spikes|p2a: Ursaluna
|-sidestart|p2: TrapLyf|Spikes
|move|p2a: Ursaluna|Ice Punch|p1a: Gliscor
|-supereffective|p1a: Gliscor
|-damage|p1a: Gliscor|31/100 tox
|
|-heal|p2a: Ursaluna|99/100|[from] Grassy Terrain
|-heal|p1a: Gliscor|44/100 tox|[from] ability: Poison Heal
|upkeep
|turn|5
|
|t:|1757931674
|move|p1a: Gliscor|Protect|p1a: Gliscor
|-singleturn|p1a: Gliscor|Protect
|move|p2a: Ursaluna|Ice Punch|p1a: Gliscor
|-activate|p1a: Gliscor|move: Protect
|
|-heal|p2a: Ursaluna|100/100|[from] Grassy Terrain
|-heal|p1a: Gliscor|56/100 tox|[from] ability: Poison Heal
|-fieldend|move: Grassy Terrain
|upkeep
|turn|6
|
|t:|1757931678
|switch|p1a: Dondozo|Dondozo, F|100/100
|move|p2a: Ursaluna|Headlong Rush|p1a: Dondozo
|-crit|p1a: Dondozo
|-damage|p1a: Dondozo|62/100
|-unboost|p2a: Ursaluna|def|1
|-unboost|p2a: Ursaluna|spd|1
|
|-heal|p1a: Dondozo|68/100|[from] item: Leftovers
|upkeep
|turn|7
|
|t:|1757931681
|switch|p2a: Raging Bolt|Raging Bolt|100/100
|-damage|p2a: Raging Bolt|88/100|[from] Spikes
|move|p1a: Dondozo|Avalanche|p2a: Raging Bolt
|-supereffective|p2a: Raging Bolt
|-damage|p2a: Raging Bolt|64/100
|
|-heal|p1a: Dondozo|74/100|[from] item: Leftovers
|upkeep
|turn|8
|
|t:|1757931690
|switch|p1a: Blissey|Blissey, F|100/100
|move|p2a: Raging Bolt|Volt Switch|p1a: Blissey
|-damage|p1a: Blissey|83/100
|
|t:|1757931697
|-end|p2a: Raging Bolt|Protosynthesis|[silent]
|switch|p2a: Rillaboom|Rillaboom, F|94/100|[from] Volt Switch
|-damage|p2a: Rillaboom|82/100|[from] Spikes
|-fieldstart|move: Grassy Terrain|[from] ability: Grassy Surge|[of] p2a: Rillaboom
|
|-heal|p2a: Rillaboom|88/100|[from] Grassy Terrain
|-heal|p1a: Blissey|89/100|[from] Grassy Terrain
|-heal|p1a: Blissey|95/100|[from] item: Leftovers
|upkeep
|turn|9
|
|t:|1757931700
|switch|p1a: Corviknight|Corviknight, F|100/100
|-ability|p1a: Corviknight|Pressure
|move|p2a: Rillaboom|Knock Off|p1a: Corviknight
|-damage|p1a: Corviknight|70/100
|-enditem|p1a: Corviknight|Leftovers|[from] move: Knock Off|[of] p2a: Rillaboom
|
|-heal|p2a: Rillaboom|94/100|[from] Grassy Terrain
|upkeep
|turn|10
|
|t:|1757931715
|switch|p2a: Weezing|Weezing-Galar, F|100/100
|-ability|p2a: Weezing|Neutralizing Gas
|-damage|p2a: Weezing|88/100|[from] Spikes
|switch|p1a: Weezing|Weezing-Galar, M|67/100
|-ability|p1a: Weezing|Neutralizing Gas
|
|-heal|p1a: Weezing|73/100|[from] Grassy Terrain
|-heal|p2a: Weezing|94/100|[from] Grassy Terrain
|upkeep
|turn|11
|
|t:|1757931722
|move|p1a: Weezing|Will-O-Wisp|p2a: Weezing
|-status|p2a: Weezing|brn
|move|p2a: Weezing|Defog|p1a: Weezing
|-unboost|p1a: Weezing|evasion|1
|-sideend|p2: TrapLyf|Spikes|[from] move: Defog|[of] p2a: Weezing
|-fieldend|move: Grassy Terrain
|
|-damage|p2a: Weezing|88/100 brn|[from] brn
|upkeep
|turn|12
|
|t:|1757931732
|switch|p1a: Blissey|Blissey, F|95/100
|move|p2a: Weezing|Will-O-Wisp|p1a: Blissey
|-status|p1a: Blissey|brn
|
|-heal|p1a: Blissey|100/100 brn|[from] item: Leftovers
|-damage|p2a: Weezing|82/100 brn|[from] brn
|-damage|p1a: Blissey|94/100 brn|[from] brn
|upkeep
|turn|13
|
|t:|1757931740
|-end|p2a: Weezing|ability: Neutralizing Gas
|switch|p2a: Rillaboom|Rillaboom, F|94/100
|-fieldstart|move: Grassy Terrain|[from] ability: Grassy Surge|[of] p2a: Rillaboom
|move|p1a: Blissey|Seismic Toss|p2a: Rillaboom
|-damage|p2a: Rillaboom|65/100
|
|-heal|p2a: Rillaboom|71/100|[from] Grassy Terrain
|-heal|p1a: Blissey|100/100 brn|[from] Grassy Terrain
|-damage|p1a: Blissey|94/100 brn|[from] brn
|upkeep
|turn|14
|
|t:|1757931747
|-curestatus|p1a: Blissey|brn|[from] ability: Natural Cure
|switch|p1a: Corviknight|Corviknight, F|70/100
|-ability|p1a: Corviknight|Pressure
|move|p2a: Rillaboom|U-turn|p1a: Corviknight
|-resisted|p1a: Corviknight
|-damage|p1a: Corviknight|65/100
|
|t:|1757931751
|switch|p2a: Raging Bolt|Raging Bolt|64/100|[from] U-turn
|
|-heal|p2a: Raging Bolt|71/100|[from] Grassy Terrain
|upkeep
|turn|15
|
|t:|1757931757
|switch|p1a: Blissey|Blissey, F|94/100
|move|p2a: Raging Bolt|Volt Switch|p1a: Blissey
|-damage|p1a: Blissey|76/100
|
|t:|1757931760
|-end|p2a: Raging Bolt|Protosynthesis|[silent]
|switch|p2a: Rillaboom|Rillaboom, F|71/100|[from] Volt Switch
|
|-heal|p2a: Rillaboom|77/100|[from] Grassy Terrain
|-heal|p1a: Blissey|83/100|[from] Grassy Terrain
|-heal|p1a: Blissey|89/100|[from] item: Leftovers
|upkeep
|turn|16
|
|t:|1757931767
|switch|p1a: Weezing|Weezing-Galar, M|73/100
|-ability|p1a: Weezing|Neutralizing Gas
|move|p2a: Rillaboom|U-turn|p1a: Weezing
|-resisted|p1a: Weezing
|-damage|p1a: Weezing|68/100
|
|t:|1757931793
|switch|p2a: Heatran|Heatran, M|100/100|[from] U-turn
|
|-heal|p1a: Weezing|74/100|[from] Grassy Terrain
|upkeep
|turn|17
|
|t:|1757931808
|-end|p1a: Weezing|ability: Neutralizing Gas
|switch|p1a: Blissey|Blissey, F|89/100
|move|p2a: Heatran|Stealth Rock|p1a: Blissey
|-sidestart|p1: O1V7O2X9O|move: Stealth Rock
|
|-heal|p1a: Blissey|95/100|[from] Grassy Terrain
|-heal|p1a: Blissey|100/100|[from] item: Leftovers
|-fieldend|move: Grassy Terrain
|upkeep
|turn|18
|
|t:|1757931814
|switch|p2a: Ursaluna|Ursaluna, M|100/100
|move|p1a: Blissey|Stealth Rock|p2a: Ursaluna
|-sidestart|p2: TrapLyf|move: Stealth Rock
|
|upkeep
|turn|19
|
|t:|1757931822
|switch|p1a: Dondozo|Dondozo, F|74/100
|-damage|p1a: Dondozo|62/100|[from] Stealth Rock
|switch|p2a: Rillaboom|Rillaboom, F|77/100
|-damage|p2a: Rillaboom|65/100|[from] Stealth Rock
|-fieldstart|move: Grassy Terrain|[from] ability: Grassy Surge|[of] p2a: Rillaboom
|
|-heal|p2a: Rillaboom|71/100|[from] Grassy Terrain
|-heal|p1a: Dondozo|68/100|[from] Grassy Terrain
|-heal|p1a: Dondozo|74/100|[from] item: Leftovers
|upkeep
|turn|20
|
|t:|1757931836
|switch|p1a: Weezing|Weezing-Galar, M|74/100
|-ability|p1a: Weezing|Neutralizing Gas
|-terastallize|p2a: Rillaboom|Grass
|move|p2a: Rillaboom|Wood Hammer|p1a: Weezing
|-resisted|p1a: Weezing
|-damage|p1a: Weezing|19/100
|-damage|p2a: Rillaboom|53/100|[from] Recoil
|
|-heal|p2a: Rillaboom|59/100|[from] Grassy Terrain
|-heal|p1a: Weezing|25/100|[from] Grassy Terrain
|upkeep
|turn|21
|
|t:|1757931855
|move|p2a: Rillaboom|Wood Hammer|p1a: Weezing
|-resisted|p1a: Weezing
|-damage|p1a: Weezing|0 fnt
|faint|p1a: Weezing
|-end|p1a: Weezing|ability: Neutralizing Gas
|-damage|p2a: Rillaboom|52/100|[from] Recoil
|
|-heal|p2a: Rillaboom|58/100|[from] Grassy Terrain
|upkeep
|
|t:|1757931858
|switch|p1a: Corviknight|Corviknight, F|65/100
|-damage|p1a: Corviknight|52/100|[from] Stealth Rock
|-ability|p1a: Corviknight|Pressure
|turn|22
|
|t:|1757931866
|switch|p2a: Raging Bolt|Raging Bolt|71/100
|-damage|p2a: Raging Bolt|58/100|[from] Stealth Rock
|move|p1a: Corviknight|Roost|p1a: Corviknight
|-heal|p1a: Corviknight|100/100
|-singleturn|p1a: Corviknight|move: Roost
|
|-heal|p2a: Raging Bolt|64/100|[from] Grassy Terrain
|upkeep
|turn|23
|
|t:|1757931872
|switch|p1a: Blissey|Blissey, F|100/100
|-damage|p1a: Blissey|88/100|[from] Stealth Rock
|move|p2a: Raging Bolt|Volt Switch|p1a: Blissey
|-damage|p1a: Blissey|68/100
|
|t:|1757931884
|-end|p2a: Raging Bolt|Protosynthesis|[silent]
|switch|p2a: Ogerpon|Ogerpon-Wellspring, F|100/100|[from] Volt Switch
|-damage|p2a: Ogerpon|88/100|[from] Stealth Rock
|
|-heal|p2a: Ogerpon|94/100|[from] Grassy Terrain
|-heal|p1a: Blissey|74/100|[from] Grassy Terrain
|-heal|p1a: Blissey|81/100|[from] item: Leftovers
|-fieldend|move: Grassy Terrain
|upkeep
|turn|24
|
|t:|1757931891
|switch|p1a: Toxapex|Toxapex, F|100/100
|-damage|p1a: Toxapex|88/100|[from] Stealth Rock
|move|p2a: Ogerpon|Substitute|p2a: Ogerpon
|-start|p2a: Ogerpon|Substitute
|-damage|p2a: Ogerpon|69/100
|
|-heal|p1a: Toxapex|94/100|[from] item: Leftovers
|upkeep
|turn|25
|
|t:|1757931916
|move|p2a: Ogerpon|Ivy Cudgel|p1a: Toxapex|[anim] Ivy Cudgel Water
|-resisted|p1a: Toxapex
|-damage|p1a: Toxapex|70/100
|move|p1a: Toxapex|Haze|p1a: Toxapex
|-clearallboost
|
|-heal|p1a: Toxapex|76/100|[from] item: Leftovers
|upkeep
|turn|26
|inactive|O1V7O2X9O has 120 seconds left.
|
|t:|1757931937
|switch|p2a: Weezing|Weezing-Galar, F|82/100 brn
|-ability|p2a: Weezing|Neutralizing Gas
|-damage|p2a: Weezing|70/100 brn|[from] Stealth Rock
|move|p1a: Toxapex|Toxic Spikes|p2a: Weezing
|-sidestart|p2: TrapLyf|move: Toxic Spikes
|
|-heal|p1a: Toxapex|83/100|[from] item: Leftovers
|-damage|p2a: Weezing|64/100 brn|[from] brn
|upkeep
|turn|27
|inactive|O1V7O2X9O has 120 seconds left.
|
|t:|1757931955
|switch|p1a: Blissey|Blissey, F|81/100
|-damage|p1a: Blissey|68/100|[from] Stealth Rock
|move|p2a: Weezing|Defog|p1a: Blissey
|-unboost|p1a: Blissey|evasion|1
|-sideend|p1: O1V7O2X9O|Stealth Rock|[from] move: Defog|[of] p2a: Weezing
|-sideend|p2: TrapLyf|Toxic Spikes|[from] move: Defog|[of] p2a: Weezing
|-sideend|p2: TrapLyf|Stealth Rock|[from] move: Defog|[of] p2a: Weezing
|
|-heal|p1a: Blissey|74/100|[from] item: Leftovers
|-damage|p2a: Weezing|58/100 brn|[from] brn
|upkeep
|turn|28
|inactive|O1V7O2X9O has 120 seconds left.
|
|t:|1757931961
|move|p2a: Weezing|Pain Split|p1a: Blissey
|-sethp|p1a: Blissey|52/100|[from] move: Pain Split|[silent]
|-sethp|p2a: Weezing|100/100 brn|[from] move: Pain Split
|move|p1a: Blissey|Stealth Rock|p2a: Weezing
|-sidestart|p2: TrapLyf|move: Stealth Rock
|
|-heal|p1a: Blissey|58/100|[from] item: Leftovers
|-damage|p2a: Weezing|95/100 brn|[from] brn
|upkeep
|turn|29
|
|t:|1757931967
|move|p2a: Weezing|Defog|p1a: Blissey
|-unboost|p1a: Blissey|evasion|1
|-sideend|p2: TrapLyf|Stealth Rock|[from] move: Defog|[of] p2a: Weezing
|move|p1a: Blissey|Seismic Toss|p2a: Weezing
|-damage|p2a: Weezing|65/100 brn
|-damage|p1a: Blissey|42/100|[from] item: Rocky Helmet|[of] p2a: Weezing
|
|-heal|p1a: Blissey|48/100|[from] item: Leftovers
|-damage|p2a: Weezing|59/100 brn|[from] brn
|upkeep
|turn|30
|
|t:|1757931973
|move|p2a: Weezing|Pain Split|p1a: Blissey
|-sethp|p1a: Blissey|39/100|[from] move: Pain Split|[silent]
|-sethp|p2a: Weezing|76/100 brn|[from] move: Pain Split
|move|p1a: Blissey|Stealth Rock|p2a: Weezing
|-sidestart|p2: TrapLyf|move: Stealth Rock
|
|-heal|p1a: Blissey|45/100|[from] item: Leftovers
|-damage|p2a: Weezing|70/100 brn|[from] brn
|upkeep
|turn|31
|
|t:|1757931981
|move|p2a: Weezing|Defog|p1a: Blissey
|-unboost|p1a: Blissey|evasion|1
|-sideend|p2: TrapLyf|Stealth Rock|[from] move: Defog|[of] p2a: Weezing
|move|p1a: Blissey|Seismic Toss|p2a: Weezing
|-damage|p2a: Weezing|40/100 brn
|-damage|p1a: Blissey|29/100|[from] item: Rocky Helmet|[of] p2a: Weezing
|
|-heal|p1a: Blissey|35/100|[from] item: Leftovers
|-damage|p2a: Weezing|34/100 brn|[from] brn
|upkeep
|turn|32
|
|t:|1757931994
|-end|p2a: Weezing|ability: Neutralizing Gas
|switch|p2a: Rillaboom|Rillaboom, F, tera:Grass|58/100
|-fieldstart|move: Grassy Terrain|[from] ability: Grassy Surge|[of] p2a: Rillaboom
|move|p1a: Blissey|Stealth Rock|p2a: Rillaboom
|-sidestart|p2: TrapLyf|move: Stealth Rock
|
|-heal|p2a: Rillaboom|64/100|[from] Grassy Terrain
|-heal|p1a: Blissey|41/100|[from] Grassy Terrain
|-heal|p1a: Blissey|47/100|[from] item: Leftovers
|upkeep
|turn|33
|
|t:|1757931999
|switch|p1a: Corviknight|Corviknight, F|100/100
|-ability|p1a: Corviknight|Pressure
|move|p2a: Rillaboom|U-turn|p1a: Corviknight
|-resisted|p1a: Corviknight
|-damage|p1a: Corviknight|95/100
|
|t:|1757932007
|switch|p2a: Weezing|Weezing-Galar, F|34/100 brn|[from] U-turn
|-ability|p2a: Weezing|Neutralizing Gas
|-damage|p2a: Weezing|22/100 brn|[from] Stealth Rock
|
|-heal|p2a: Weezing|28/100 brn|[from] Grassy Terrain
|-damage|p2a: Weezing|22/100 brn|[from] brn
|upkeep
|turn|34
|
|t:|1757932024
|switch|p1a: Blissey|Blissey, F|47/100
|move|p2a: Weezing|Pain Split|p1a: Blissey
|-sethp|p1a: Blissey|29/100|[from] move: Pain Split|[silent]
|-sethp|p2a: Weezing|57/100 brn|[from] move: Pain Split
|
|-heal|p2a: Weezing|63/100 brn|[from] Grassy Terrain
|-heal|p1a: Blissey|36/100|[from] Grassy Terrain
|-heal|p1a: Blissey|42/100|[from] item: Leftovers
|-damage|p2a: Weezing|57/100 brn|[from] brn
|upkeep
|turn|35
|
|t:|1757932029
|move|p2a: Weezing|Defog|p1a: Blissey
|-unboost|p1a: Blissey|evasion|1
|-sideend|p2: TrapLyf|Stealth Rock|[from] move: Defog|[of] p2a: Weezing
|-fieldend|move: Grassy Terrain
|move|p1a: Blissey|Seismic Toss|p2a: Weezing
|-damage|p2a: Weezing|27/100 brn
|-damage|p1a: Blissey|25/100|[from] item: Rocky Helmet|[of] p2a: Weezing
|
|-heal|p1a: Blissey|31/100|[from] item: Leftovers
|-damage|p2a: Weezing|21/100 brn|[from] brn
|upkeep
|turn|36
|
|t:|1757932048
|-end|p2a: Weezing|ability: Neutralizing Gas
|switch|p2a: Raging Bolt|Raging Bolt|64/100
|move|p1a: Blissey|Stealth Rock|p2a: Raging Bolt
|-sidestart|p2: TrapLyf|move: Stealth Rock
|
|-heal|p1a: Blissey|38/100|[from] item: Leftovers
|upkeep
|turn|37
|
|t:|1757932053
|move|p2a: Raging Bolt|Draco Meteor|p1a: Blissey
|-damage|p1a: Blissey|2/100
|-unboost|p2a: Raging Bolt|spa|2
|move|p1a: Blissey|Soft-Boiled|p1a: Blissey
|-heal|p1a: Blissey|52/100
|
|-heal|p1a: Blissey|59/100|[from] item: Leftovers
|upkeep
|turn|38
|
|t:|1757932069
|-end|p2a: Raging Bolt|Protosynthesis|[silent]
|switch|p2a: Ursaluna|Ursaluna, M|100/100
|-damage|p2a: Ursaluna|94/100|[from] Stealth Rock
|move|p1a: Blissey|Seismic Toss|p2a: Ursaluna
|-damage|p2a: Ursaluna|73/100
|
|-heal|p1a: Blissey|65/100|[from] item: Leftovers
|upkeep
|turn|39
|
|t:|1757932074
|switch|p1a: Dondozo|Dondozo, F|74/100
|move|p2a: Ursaluna|Ice Punch|p1a: Dondozo
|-resisted|p1a: Dondozo
|-damage|p1a: Dondozo|69/100
|
|-heal|p1a: Dondozo|75/100|[from] item: Leftovers
|upkeep
|turn|40
|
|t:|1757932083
|switch|p2a: Heatran|Heatran, M|100/100
|-damage|p2a: Heatran|88/100|[from] Stealth Rock
|move|p1a: Dondozo|Body Press|p2a: Heatran
|-supereffective|p2a: Heatran
|-damage|p2a: Heatran|45/100
|
|-heal|p2a: Heatran|51/100|[from] item: Leftovers
|-heal|p1a: Dondozo|81/100|[from] item: Leftovers
|upkeep
|turn|41
|
|t:|1757932092
|switch|p2a: Raging Bolt|Raging Bolt|64/100
|-damage|p2a: Raging Bolt|52/100|[from] Stealth Rock
|move|p1a: Dondozo|Body Press|p2a: Raging Bolt
|-damage|p2a: Raging Bolt|28/100
|
|-heal|p1a: Dondozo|87/100|[from] item: Leftovers
|upkeep
|turn|42
|
|t:|1757932098
|switch|p1a: Blissey|Blissey, F|65/100
|move|p2a: Raging Bolt|Volt Switch|p1a: Blissey
|-damage|p1a: Blissey|44/100
|
|t:|1757932107
|-end|p2a: Raging Bolt|Protosynthesis|[silent]
|switch|p2a: Ogerpon|Ogerpon-Wellspring, F|69/100|[from] Volt Switch
|-damage|p2a: Ogerpon|57/100|[from] Stealth Rock
|
|-heal|p1a: Blissey|50/100|[from] item: Leftovers
|upkeep
|turn|43
|
|t:|1757932120
|switch|p2a: Raging Bolt|Raging Bolt|28/100
|-damage|p2a: Raging Bolt|15/100|[from] Stealth Rock
|switch|p1a: Toxapex|Toxapex, F|83/100
|
|-heal|p1a: Toxapex|89/100|[from] item: Leftovers
|upkeep
|turn|44
|
|t:|1757932127
|switch|p1a: Blissey|Blissey, F|50/100
|move|p2a: Raging Bolt|Volt Switch|p1a: Blissey
|-damage|p1a: Blissey|29/100
|
|t:|1757932132
|-end|p2a: Raging Bolt|Protosynthesis|[silent]
|switch|p2a: Rillaboom|Rillaboom, F, tera:Grass|64/100|[from] Volt Switch
|-damage|p2a: Rillaboom|52/100|[from] Stealth Rock
|-fieldstart|move: Grassy Terrain|[from] ability: Grassy Surge|[of] p2a: Rillaboom
|
|-heal|p2a: Rillaboom|58/100|[from] Grassy Terrain
|-heal|p1a: Blissey|36/100|[from] Grassy Terrain
|-heal|p1a: Blissey|42/100|[from] item: Leftovers
|upkeep
|turn|45
|
|t:|1757932136
|switch|p1a: Corviknight|Corviknight, F|95/100
|-ability|p1a: Corviknight|Pressure
|move|p2a: Rillaboom|U-turn|p1a: Corviknight
|-resisted|p1a: Corviknight
|-damage|p1a: Corviknight|90/100
|
|t:|1757932138
|switch|p2a: Raging Bolt|Raging Bolt|15/100|[from] U-turn
|-damage|p2a: Raging Bolt|3/100|[from] Stealth Rock
|
|-heal|p2a: Raging Bolt|9/100|[from] Grassy Terrain
|upkeep
|turn|46
|
|t:|1757932144
|switch|p1a: Gliscor|Gliscor, F|56/100 tox
|move|p2a: Raging Bolt|Draco Meteor|p1a: Gliscor
|-damage|p1a: Gliscor|0 fnt
|-unboost|p2a: Raging Bolt|spa|2
|faint|p1a: Gliscor
|
|-heal|p2a: Raging Bolt|15/100|[from] Grassy Terrain
|upkeep
|
|t:|1757932147
|switch|p1a: Blissey|Blissey, F|42/100
|turn|47
|
|t:|1757932163
|-end|p2a: Raging Bolt|Protosynthesis|[silent]
|switch|p2a: Ursaluna|Ursaluna, M|73/100
|-damage|p2a: Ursaluna|67/100|[from] Stealth Rock
|move|p1a: Blissey|Soft-Boiled|p1a: Blissey
|-heal|p1a: Blissey|92/100
|
|-heal|p1a: Blissey|98/100|[from] Grassy Terrain
|-heal|p1a: Blissey|100/100|[from] item: Leftovers
|-heal|p2a: Ursaluna|73/100|[from] Grassy Terrain
|upkeep
|turn|48
|
|t:|1757932180
|switch|p1a: Dondozo|Dondozo, F|87/100
|switch|p2a: Weezing|Weezing-Galar, F|21/100 brn
|-ability|p2a: Weezing|Neutralizing Gas
|-damage|p2a: Weezing|9/100 brn|[from] Stealth Rock
|
|-heal|p2a: Weezing|15/100 brn|[from] Grassy Terrain
|-heal|p1a: Dondozo|93/100|[from] Grassy Terrain
|-heal|p1a: Dondozo|99/100|[from] item: Leftovers
|-damage|p2a: Weezing|9/100 brn|[from] brn
|-fieldend|move: Grassy Terrain
|upkeep
|turn|49
|
|t:|1757932206
|switch|p1a: Blissey|Blissey, F|100/100
|move|p2a: Weezing|Pain Split|p1a: Blissey
|-sethp|p1a: Blissey|53/100|[from] move: Pain Split|[silent]
|-sethp|p2a: Weezing|100/100 brn|[from] move: Pain Split
|
|-heal|p1a: Blissey|59/100|[from] item: Leftovers
|-damage|p2a: Weezing|95/100 brn|[from] brn
|upkeep
|turn|50
|
|t:|1757932214
|move|p2a: Weezing|Defog|p1a: Blissey
|-unboost|p1a: Blissey|evasion|1
|-sideend|p2: TrapLyf|Stealth Rock|[from] move: Defog|[of] p2a: Weezing
|move|p1a: Blissey|Seismic Toss|p2a: Weezing
|-damage|p2a: Weezing|65/100 brn
|-damage|p1a: Blissey|42/100|[from] item: Rocky Helmet|[of] p2a: Weezing
|
|-heal|p1a: Blissey|49/100|[from] item: Leftovers
|-damage|p2a: Weezing|59/100 brn|[from] brn
|upkeep
|turn|51
|inactive|TrapLyf has 120 seconds left.
|
|t:|1757932247
|-end|p2a: Weezing|ability: Neutralizing Gas
|switch|p2a: Rillaboom|Rillaboom, F, tera:Grass|58/100
|-fieldstart|move: Grassy Terrain|[from] ability: Grassy Surge|[of] p2a: Rillaboom
|move|p1a: Blissey|Stealth Rock|p2a: Rillaboom
|-sidestart|p2: TrapLyf|move: Stealth Rock
|
|-heal|p2a: Rillaboom|64/100|[from] Grassy Terrain
|-heal|p1a: Blissey|55/100|[from] Grassy Terrain
|-heal|p1a: Blissey|61/100|[from] item: Leftovers
|upkeep
|turn|52
|
|t:|1757932253
|switch|p2a: Weezing|Weezing-Galar, F|59/100 brn
|-ability|p2a: Weezing|Neutralizing Gas
|-damage|p2a: Weezing|46/100 brn|[from] Stealth Rock
|switch|p1a: Corviknight|Corviknight, F|90/100
|
|-heal|p2a: Weezing|52/100 brn|[from] Grassy Terrain
|-damage|p2a: Weezing|46/100 brn|[from] brn
|upkeep
|turn|53
|
|t:|1757932258
|switch|p1a: Blissey|Blissey, F|61/100
|move|p2a: Weezing|Will-O-Wisp|p1a: Blissey
|-status|p1a: Blissey|brn
|
|-heal|p2a: Weezing|52/100 brn|[from] Grassy Terrain
|-heal|p1a: Blissey|67/100 brn|[from] Grassy Terrain
|-heal|p1a: Blissey|74/100 brn|[from] item: Leftovers
|-damage|p2a: Weezing|46/100 brn|[from] brn
|-damage|p1a: Blissey|67/100 brn|[from] brn
|upkeep
|turn|54
|
|t:|1757932262
|move|p2a: Weezing|Pain Split|p1a: Blissey
|-sethp|p1a: Blissey|45/100 brn|[from] move: Pain Split|[silent]
|-sethp|p2a: Weezing|89/100 brn|[from] move: Pain Split
|move|p1a: Blissey|Seismic Toss|p2a: Weezing
|-damage|p2a: Weezing|59/100 brn
|-damage|p1a: Blissey|29/100 brn|[from] item: Rocky Helmet|[of] p2a: Weezing
|
|-heal|p2a: Weezing|65/100 brn|[from] Grassy Terrain
|-heal|p1a: Blissey|35/100 brn|[from] Grassy Terrain
|-heal|p1a: Blissey|41/100 brn|[from] item: Leftovers
|-damage|p2a: Weezing|59/100 brn|[from] brn
|-damage|p1a: Blissey|35/100 brn|[from] brn
|upkeep
|turn|55
|
|t:|1757932269
|move|p2a: Weezing|Defog|p1a: Blissey
|-unboost|p1a: Blissey|evasion|1
|-sideend|p2: TrapLyf|Stealth Rock|[from] move: Defog|[of] p2a: Weezing
|-fieldend|move: Grassy Terrain
|move|p1a: Blissey|Seismic Toss|p2a: Weezing
|-damage|p2a: Weezing|29/100 brn
|-damage|p1a: Blissey|18/100 brn|[from] item: Rocky Helmet|[of] p2a: Weezing
|
|-heal|p1a: Blissey|25/100 brn|[from] item: Leftovers
|-damage|p2a: Weezing|23/100 brn|[from] brn
|-damage|p1a: Blissey|18/100 brn|[from] brn
|upkeep
|turn|56
|
|t:|1757932281
|-end|p2a: Weezing|ability: Neutralizing Gas
|switch|p2a: Raging Bolt|Raging Bolt|15/100
|move|p1a: Blissey|Seismic Toss|p2a: Raging Bolt
|-damage|p2a: Raging Bolt|0 fnt
|faint|p2a: Raging Bolt
|-end|p2a: Raging Bolt|Protosynthesis|[silent]
|
|-heal|p1a: Blissey|25/100 brn|[from] item: Leftovers
|-damage|p1a: Blissey|18/100 brn|[from] brn
|upkeep
|
|t:|1757932295
|switch|p2a: Ogerpon|Ogerpon-Wellspring, F|57/100
|turn|57
|
|t:|1757932299
|switch|p2a: Rillaboom|Rillaboom, F, tera:Grass|64/100
|-fieldstart|move: Grassy Terrain|[from] ability: Grassy Surge|[of] p2a: Rillaboom
|-curestatus|p1a: Blissey|brn|[from] ability: Natural Cure
|switch|p1a: Toxapex|Toxapex, F|100/100
|
|-heal|p2a: Rillaboom|70/100|[from] Grassy Terrain
|upkeep
|turn|58
|
|t:|1757932302
|switch|p1a: Corviknight|Corviknight, F|90/100
|-ability|p1a: Corviknight|Pressure
|move|p2a: Rillaboom|Wood Hammer|p1a: Corviknight
|-resisted|p1a: Corviknight
|-damage|p1a: Corviknight|65/100
|-damage|p2a: Rillaboom|61/100|[from] Recoil
|
|-heal|p2a: Rillaboom|67/100|[from] Grassy Terrain
|upkeep
|turn|59
|
|t:|1757932319
|switch|p2a: Ogerpon|Ogerpon-Wellspring, F|57/100
|switch|p1a: Blissey|Blissey, F|18/100
|
|-heal|p2a: Ogerpon|63/100|[from] Grassy Terrain
|-heal|p1a: Blissey|25/100|[from] Grassy Terrain
|-heal|p1a: Blissey|31/100|[from] item: Leftovers
|upkeep
|turn|60
|
|t:|1757932323
|switch|p1a: Toxapex|Toxapex, F|100/100
|move|p2a: Ogerpon|Ivy Cudgel|p1a: Toxapex|[anim] Ivy Cudgel Water
|-resisted|p1a: Toxapex
|-damage|p1a: Toxapex|78/100
|
|-heal|p2a: Ogerpon|69/100|[from] Grassy Terrain
|-heal|p1a: Toxapex|84/100|[from] Grassy Terrain
|-heal|p1a: Toxapex|90/100|[from] item: Leftovers
|upkeep
|turn|61
|
|t:|1757932330
|switch|p2a: Ursaluna|Ursaluna, M|73/100
|move|p1a: Toxapex|Toxic|p2a: Ursaluna
|-status|p2a: Ursaluna|tox
|
|-heal|p2a: Ursaluna|79/100 tox|[from] Grassy Terrain
|-heal|p1a: Toxapex|97/100|[from] Grassy Terrain
|-heal|p1a: Toxapex|100/100|[from] item: Leftovers
|-damage|p2a: Ursaluna|73/100 tox|[from] psn
|-fieldend|move: Grassy Terrain
|upkeep
|turn|62
|
|t:|1757932334
|switch|p1a: Dondozo|Dondozo, F|99/100
|move|p2a: Ursaluna|Headlong Rush|p1a: Dondozo
|-damage|p1a: Dondozo|76/100
|-unboost|p2a: Ursaluna|def|1
|-unboost|p2a: Ursaluna|spd|1
|
|-heal|p1a: Dondozo|82/100|[from] item: Leftovers
|-damage|p2a: Ursaluna|61/100 tox|[from] psn
|upkeep
|turn|63
|
|t:|1757932346
|switch|p2a: Heatran|Heatran, M|51/100
|move|p1a: Dondozo|Avalanche|p2a: Heatran
|-resisted|p2a: Heatran
|-damage|p2a: Heatran|48/100
|
|-heal|p2a: Heatran|54/100|[from] item: Leftovers
|-heal|p1a: Dondozo|88/100|[from] item: Leftovers
|upkeep
|turn|64
|
|t:|1757932355
|switch|p2a: Rillaboom|Rillaboom, F, tera:Grass|67/100
|-fieldstart|move: Grassy Terrain|[from] ability: Grassy Surge|[of] p2a: Rillaboom
|move|p1a: Dondozo|Body Press|p2a: Rillaboom
|-damage|p2a: Rillaboom|34/100
|
|-heal|p2a: Rillaboom|40/100|[from] Grassy Terrain
|-heal|p1a: Dondozo|94/100|[from] Grassy Terrain
|-heal|p1a: Dondozo|99/100|[from] item: Leftovers
|upkeep
|turn|65
|
|t:|1757932361
|switch|p1a: Corviknight|Corviknight, F|65/100
|-ability|p1a: Corviknight|Pressure
|move|p2a: Rillaboom|Knock Off|p1a: Corviknight
|-damage|p1a: Corviknight|44/100
|
|-heal|p2a: Rillaboom|47/100|[from] Grassy Terrain
|upkeep
|turn|66
|
|t:|1757932365
|switch|p2a: Heatran|Heatran, M|54/100
|move|p1a: Corviknight|Roost|p1a: Corviknight
|-heal|p1a: Corviknight|94/100
|-singleturn|p1a: Corviknight|move: Roost
|
|-heal|p2a: Heatran|60/100|[from] Grassy Terrain
|-heal|p2a: Heatran|67/100|[from] item: Leftovers
|-heal|p1a: Corviknight|99/100|[from] Grassy Terrain
|upkeep
|turn|67
|
|t:|1757932376
|switch|p1a: Blissey|Blissey, F|31/100
|move|p2a: Heatran|Stealth Rock|p1a: Blissey
|-sidestart|p1: O1V7O2X9O|move: Stealth Rock
|
|-heal|p2a: Heatran|73/100|[from] Grassy Terrain
|-heal|p2a: Heatran|79/100|[from] item: Leftovers
|-heal|p1a: Blissey|37/100|[from] Grassy Terrain
|-heal|p1a: Blissey|43/100|[from] item: Leftovers
|upkeep
|turn|68
|
|t:|1757932386
|switch|p2a: Rillaboom|Rillaboom, F, tera:Grass|47/100
|move|p1a: Blissey|Stealth Rock|p2a: Rillaboom
|-sidestart|p2: TrapLyf|move: Stealth Rock
|
|-heal|p2a: Rillaboom|53/100|[from] Grassy Terrain
|-heal|p1a: Blissey|50/100|[from] Grassy Terrain
|-heal|p1a: Blissey|56/100|[from] item: Leftovers
|-fieldend|move: Grassy Terrain
|upkeep
|turn|69
|
|t:|1757932395
|switch|p1a: Corviknight|Corviknight, F|99/100
|-damage|p1a: Corviknight|88/100|[from] Stealth Rock
|-ability|p1a: Corviknight|Pressure
|move|p2a: Rillaboom|U-turn|p1a: Corviknight
|-resisted|p1a: Corviknight
|-damage|p1a: Corviknight|83/100
|
|t:|1757932404
|switch|p2a: Weezing|Weezing-Galar, F|23/100 brn|[from] U-turn
|-ability|p2a: Weezing|Neutralizing Gas
|-damage|p2a: Weezing|11/100 brn|[from] Stealth Rock
|
|-damage|p2a: Weezing|5/100 brn|[from] brn
|upkeep
|turn|70
|
|t:|1757932422
|switch|p1a: Blissey|Blissey, F|56/100
|-damage|p1a: Blissey|43/100|[from] Stealth Rock
|move|p2a: Weezing|Pain Split|p1a: Blissey
|-sethp|p1a: Blissey|23/100|[from] move: Pain Split|[silent]
|-sethp|p2a: Weezing|45/100 brn|[from] move: Pain Split
|
|-heal|p1a: Blissey|29/100|[from] item: Leftovers
|-damage|p2a: Weezing|39/100 brn|[from] brn
|upkeep
|turn|71
|
|t:|1757932425
|move|p2a: Weezing|Defog|p1a: Blissey
|-unboost|p1a: Blissey|evasion|1
|-sideend|p1: O1V7O2X9O|Stealth Rock|[from] move: Defog|[of] p2a: Weezing
|-sideend|p2: TrapLyf|Stealth Rock|[from] move: Defog|[of] p2a: Weezing
|move|p1a: Blissey|Seismic Toss|p2a: Weezing
|-damage|p2a: Weezing|9/100 brn
|-damage|p1a: Blissey|13/100|[from] item: Rocky Helmet|[of] p2a: Weezing
|
|-heal|p1a: Blissey|19/100|[from] item: Leftovers
|-damage|p2a: Weezing|3/100 brn|[from] brn
|upkeep
|turn|72
|
|t:|1757932444
|move|p2a: Weezing|Pain Split|p1a: Blissey
|-sethp|p1a: Blissey|10/100|[from] move: Pain Split|[silent]
|-sethp|p2a: Weezing|20/100 brn|[from] move: Pain Split
|move|p1a: Blissey|Stealth Rock|p2a: Weezing
|-sidestart|p2: TrapLyf|move: Stealth Rock
|
|-heal|p1a: Blissey|17/100|[from] item: Leftovers
|-damage|p2a: Weezing|14/100 brn|[from] brn
|upkeep
|turn|73
|
|t:|1757932451
|move|p2a: Weezing|Defog|p1a: Blissey
|-unboost|p1a: Blissey|evasion|1
|-sideend|p2: TrapLyf|Stealth Rock|[from] move: Defog|[of] p2a: Weezing
|move|p1a: Blissey|Seismic Toss|p2a: Weezing
|-damage|p2a: Weezing|0 fnt
|-damage|p1a: Blissey|0 fnt|[from] item: Rocky Helmet|[of] p2a: Weezing
|faint|p2a: Weezing
|-end|p2a: Weezing|ability: Neutralizing Gas
|faint|p1a: Blissey
|
|upkeep
|
|t:|1757932461
|switch|p2a: Heatran|Heatran, M|79/100
|switch|p1a: Corviknight|Corviknight, F|83/100
|-ability|p1a: Corviknight|Pressure
|turn|74
|c| argotheleaf|lol
|
|t:|1757932465
|-terastallize|p1a: Corviknight|Fighting
|move|p2a: Heatran|Stealth Rock|p1a: Corviknight
|-sidestart|p1: O1V7O2X9O|move: Stealth Rock
|move|p1a: Corviknight|Iron Defense|p1a: Corviknight
|-boost|p1a: Corviknight|def|2
|
|-heal|p2a: Heatran|85/100|[from] item: Leftovers
|upkeep
|turn|75
|
|t:|1757932475
|move|p2a: Heatran|Lava Plume|p1a: Corviknight
|-damage|p1a: Corviknight|47/100
|-status|p1a: Corviknight|brn
|move|p1a: Corviknight|Body Press|p2a: Heatran
|-supereffective|p2a: Heatran
|-damage|p2a: Heatran|21/100
|
|-heal|p2a: Heatran|28/100|[from] item: Leftovers
|-damage|p1a: Corviknight|41/100 brn|[from] brn
|upkeep
|turn|76
|
|t:|1757932483
|move|p2a: Heatran|Protect|p2a: Heatran
|-singleturn|p2a: Heatran|Protect
|move|p1a: Corviknight|Roost|p1a: Corviknight
|-heal|p1a: Corviknight|91/100 brn
|
|-heal|p2a: Heatran|34/100|[from] item: Leftovers
|-damage|p1a: Corviknight|84/100 brn|[from] brn
|upkeep
|turn|77
|
|t:|1757932488
|move|p2a: Heatran|Lava Plume|p1a: Corviknight
|-damage|p1a: Corviknight|52/100 brn
|move|p1a: Corviknight|Iron Defense|p1a: Corviknight
|-boost|p1a: Corviknight|def|2
|
|-heal|p2a: Heatran|40/100|[from] item: Leftovers
|-damage|p1a: Corviknight|46/100 brn|[from] brn
|upkeep
|turn|78
|
|t:|1757932494
|move|p2a: Heatran|Lava Plume|p1a: Corviknight
|-damage|p1a: Corviknight|13/100 brn
|move|p1a: Corviknight|Roost|p1a: Corviknight
|-heal|p1a: Corviknight|63/100 brn
|
|-heal|p2a: Heatran|46/100|[from] item: Leftovers
|-damage|p1a: Corviknight|57/100 brn|[from] brn
|upkeep
|turn|79
|
|t:|1757932498
|move|p2a: Heatran|Lava Plume|p1a: Corviknight
|-damage|p1a: Corviknight|21/100 brn
|move|p1a: Corviknight|Roost|p1a: Corviknight
|-heal|p1a: Corviknight|71/100 brn
|
|-heal|p2a: Heatran|53/100|[from] item: Leftovers
|-damage|p1a: Corviknight|64/100 brn|[from] brn
|upkeep
|turn|80
|
|t:|1757932501
|switch|p2a: Ogerpon|Ogerpon-Wellspring, F|69/100
|move|p1a: Corviknight|Roost|p1a: Corviknight
|-heal|p1a: Corviknight|100/100 brn
|
|-damage|p1a: Corviknight|94/100 brn|[from] brn
|upkeep
|turn|81
|
|t:|1757932503
|move|p2a: Ogerpon|Encore|p1a: Corviknight
|-start|p1a: Corviknight|Encore
|move|p1a: Corviknight|Roost|p1a: Corviknight
|-heal|p1a: Corviknight|100/100 brn
|
|-damage|p1a: Corviknight|94/100 brn|[from] brn
|upkeep
|turn|82
|
|t:|1757932508
|switch|p2a: Rillaboom|Rillaboom, F, tera:Grass|53/100
|-fieldstart|move: Grassy Terrain|[from] ability: Grassy Surge|[of] p2a: Rillaboom
|switch|p1a: Toxapex|Toxapex, F|100/100
|-damage|p1a: Toxapex|88/100|[from] Stealth Rock
|
|-heal|p2a: Rillaboom|59/100|[from] Grassy Terrain
|-heal|p1a: Toxapex|94/100|[from] Grassy Terrain
|-heal|p1a: Toxapex|100/100|[from] item: Leftovers
|upkeep
|turn|83
|-message|O1V7O2X9O forfeited.
|
|win|TrapLyf
|raw|O1V7O2X9O's rating: 1560 &rarr; <strong>1540</strong><br />(-20 for losing)
|raw|TrapLyf's rating: 1557 &rarr; <strong>1577</strong><br />(+20 for winning)
|l|☆O1V7O2X9O
|player|p1|
|c|☆TrapLyf|damn
|c|☆TrapLyf|gg
|c| argotheleaf|gg
|l| argotheleaf
