|j|☆Brother Bilo
|j|☆guerrero105
|t:|1757822489
|gametype|singles
|player|p1|Brother Bilo|169|1317
|player|p2|guerrero105|170|1356
|gen|9
|tier|[Gen 9] OU
|rated|
|rule|HP Percentage Mod: HP is shown in percentages
|rule|Endless Battle Clause: Forcing endless battles is banned
|rule|Species Clause: Limit one of each Pokémon
|rule|OHKO Clause: OHKO moves are banned
|rule|Evasion Items Clause: Evasion items are banned
|rule|Evasion Moves Clause: Evasion moves are banned
|rule|Evasion Abilities Clause: Evasion abilities are banned
|rule|Sleep Moves Clause: Sleep-inducing moves are banned
|clearpoke
|poke|p1|Darkrai|
|poke|p1|Gholdengo|
|poke|p1|Primarina, F|
|poke|p1|Cinderace, M|
|poke|p1|Great Tusk|
|poke|p1|Ogerpon-Wellspring, F|
|poke|p2|Clodsire, M|
|poke|p2|Mandibuzz, F|
|poke|p2|Sinistcha-Masterpiece|
|poke|p2|Cinderace, M|
|poke|p2|Tauros-Paldea-Aqua, M|
|poke|p2|Tinkaton, F|
|teampreview
|
|t:|1757822538
|teamsize|p1|6
|teamsize|p2|6
|start
|switch|p1a: Cinderace|Cinderace, M|100/100
|switch|p2a: Cinderace|Cinderace, M|100/100
|turn|1
|
|t:|1757822547
|move|p1a: Cinderace|U-turn|p2a: Cinderace
|-start|p1a: Cinderace|typechange|Bug|[from] ability: Libero
|-resisted|p2a: Cinderace
|-damage|p2a: Cinderace|77/100
|
|t:|1757822552
|switch|p1a: Great Tusk|Great Tusk|100/100|[from] U-turn
|move|p2a: Cinderace|Pyro Ball|p1a: Great Tusk
|-damage|p1a: Great Tusk|72/100
|
|upkeep
|turn|2
|
|t:|1757822562
|-end|p1a: Great Tusk|Protosynthesis|[silent]
|switch|p1a: Cinderace|Cinderace, M|100/100
|move|p2a: Cinderace|U-turn|p1a: Cinderace
|-start|p2a: Cinderace|typechange|Bug|[from] ability: Libero
|-resisted|p1a: Cinderace
|-damage|p1a: Cinderace|76/100
|
|t:|1757822586
|switch|p2a: Tauros|Tauros-Paldea-Aqua, M|100/100|[from] U-turn
|-ability|p2a: Tauros|Intimidate|boost
|-unboost|p1a: Cinderace|atk|1
|
|upkeep
|turn|3
|
|t:|1757822619
|move|p1a: Cinderace|U-turn|p2a: Tauros
|-start|p1a: Cinderace|typechange|Bug|[from] ability: Libero
|-resisted|p2a: Tauros
|-damage|p2a: Tauros|90/100
|
|t:|1757822626
|switch|p1a: Primarina|Primarina, F|100/100|[from] U-turn
|move|p2a: Tauros|Bulk Up|p2a: Tauros
|-boost|p2a: Tauros|atk|1
|-boost|p2a: Tauros|def|1
|
|-heal|p2a: Tauros|96/100|[from] item: Leftovers
|upkeep
|turn|4
|
|t:|1757822652
|switch|p2a: Clodsire|Clodsire, M|100/100
|move|p1a: Primarina|Moonblast|p2a: Clodsire
|-resisted|p2a: Clodsire
|-damage|p2a: Clodsire|90/100
|
|-heal|p2a: Clodsire|96/100|[from] item: Leftovers
|upkeep
|turn|5
|
|t:|1757822664
|switch|p1a: Gholdengo|Gholdengo|100/100
|move|p2a: Clodsire|Toxic|p1a: Gholdengo
|-immune|p1a: Gholdengo|[from] ability: Good as Gold
|
|-heal|p2a: Clodsire|100/100|[from] item: Leftovers
|upkeep
|turn|6
|
|t:|1757822672
|switch|p1a: Ogerpon|Ogerpon-Wellspring, F|100/100
|switch|p2a: Tinkaton|Tinkaton, F|100/100
|-ability|p2a: Tinkaton|Mold Breaker
|-item|p2a: Tinkaton|Air Balloon
|
|upkeep
|turn|7
|
|t:|1757822683
|move|p1a: Ogerpon|Ivy Cudgel|p2a: Tinkaton|[anim] Ivy Cudgel Water
|-damage|p2a: Tinkaton|19/100
|-enditem|p2a: Tinkaton|Air Balloon
|move|p2a: Tinkaton|Thunder Wave|p1a: Ogerpon
|-status|p1a: Ogerpon|par
|
|upkeep
|turn|8
|
|t:|1757822692
|switch|p2a: Sinistcha|Sinistcha-Masterpiece|100/100
|move|p1a: Ogerpon|Knock Off|p2a: Sinistcha
|-supereffective|p2a: Sinistcha
|-damage|p2a: Sinistcha|19/100
|-enditem|p2a: Sinistcha|Leftovers|[from] move: Knock Off|[of] p1a: Ogerpon
|
|upkeep
|turn|9
|
|t:|1757822700
|switch|p1a: Gholdengo|Gholdengo|100/100
|move|p2a: Sinistcha|Strength Sap|p1a: Gholdengo
|-immune|p1a: Gholdengo|[from] ability: Good as Gold
|
|upkeep
|turn|10
|
|t:|1757822708
|switch|p2a: Mandibuzz|Mandibuzz, F|100/100
|move|p1a: Gholdengo|Hex|p2a: Mandibuzz
|-resisted|p2a: Mandibuzz
|-damage|p2a: Mandibuzz|88/100
|
|upkeep
|turn|11
|
|t:|1757822715
|move|p1a: Gholdengo|Thunder Wave|p2a: Mandibuzz
|-status|p2a: Mandibuzz|par
|move|p2a: Mandibuzz|U-turn|p1a: Gholdengo
|-resisted|p1a: Gholdengo
|-damage|p1a: Gholdengo|99/100
|
|t:|1757822721
|switch|p2a: Cinderace|Cinderace, M|77/100|[from] U-turn
|
|-heal|p1a: Gholdengo|100/100|[from] item: Leftovers
|upkeep
|turn|12
|
|t:|1757822730
|switch|p1a: Great Tusk|Great Tusk|72/100
|move|p2a: Cinderace|Pyro Ball|p1a: Great Tusk
|-damage|p1a: Great Tusk|45/100
|
|upkeep
|turn|13
|
|t:|1757822750
|move|p2a: Cinderace|Pyro Ball|p1a: Great Tusk
|-damage|p1a: Great Tusk|17/100
|move|p1a: Great Tusk|Headlong Rush|p2a: Cinderace
|-supereffective|p2a: Cinderace
|-damage|p2a: Cinderace|0 fnt
|-unboost|p1a: Great Tusk|def|1
|-unboost|p1a: Great Tusk|spd|1
|faint|p2a: Cinderace
|
|upkeep
|
|t:|1757822761
|switch|p2a: Tauros|Tauros-Paldea-Aqua, M|96/100
|-ability|p2a: Tauros|Intimidate|boost
|-unboost|p1a: Great Tusk|atk|1
|turn|14
|
|t:|1757822765
|-end|p1a: Great Tusk|Protosynthesis|[silent]
|switch|p1a: Primarina|Primarina, F|100/100
|move|p2a: Tauros|Bulk Up|p2a: Tauros
|-boost|p2a: Tauros|atk|1
|-boost|p2a: Tauros|def|1
|
|-heal|p2a: Tauros|100/100|[from] item: Leftovers
|upkeep
|turn|15
|
|t:|1757822776
|-terastallize|p2a: Tauros|Electric
|move|p2a: Tauros|Trailblaze|p1a: Primarina
|-supereffective|p1a: Primarina
|-damage|p1a: Primarina|49/100
|-boost|p2a: Tauros|spe|1
|move|p1a: Primarina|Moonblast|p2a: Tauros
|-crit|p2a: Tauros
|-damage|p2a: Tauros|10/100
|
|-heal|p2a: Tauros|16/100|[from] item: Leftovers
|upkeep
|turn|16
|
|t:|1757822796
|move|p2a: Tauros|Trailblaze|p1a: Primarina
|-supereffective|p1a: Primarina
|-damage|p1a: Primarina|0 fnt
|-boost|p2a: Tauros|spe|1
|faint|p1a: Primarina
|
|-heal|p2a: Tauros|22/100|[from] item: Leftovers
|upkeep
|
|t:|1757822806
|switch|p1a: Gholdengo|Gholdengo|100/100
|turn|17
|
|t:|1757822811
|move|p2a: Tauros|Wave Crash|p1a: Gholdengo
|-damage|p1a: Gholdengo|49/100
|-damage|p2a: Tauros|3/100|[from] Recoil
|move|p1a: Gholdengo|Hex|p2a: Tauros
|-damage|p2a: Tauros|0 fnt
|faint|p2a: Tauros
|
|-heal|p1a: Gholdengo|56/100|[from] item: Leftovers
|upkeep
|
|t:|1757822819
|switch|p2a: Clodsire|Clodsire, M|100/100
|turn|18
|
|t:|1757822823
|switch|p1a: Ogerpon|Ogerpon-Wellspring, F|100/100 par
|move|p2a: Clodsire|Earthquake|p1a: Ogerpon
|-resisted|p1a: Ogerpon
|-damage|p1a: Ogerpon|84/100 par
|
|upkeep
|turn|19
|
|t:|1757822831
|move|p1a: Ogerpon|Spikes|p2a: Clodsire
|-sidestart|p2: guerrero105|Spikes
|move|p2a: Clodsire|Stealth Rock|p1a: Ogerpon
|-sidestart|p1: Brother Bilo|move: Stealth Rock
|
|upkeep
|turn|20
|
|t:|1757822837
|switch|p2a: Mandibuzz|Mandibuzz, F|88/100 par
|move|p1a: Ogerpon|Knock Off|p2a: Mandibuzz
|-resisted|p2a: Mandibuzz
|-damage|p2a: Mandibuzz|76/100 par
|-enditem|p2a: Mandibuzz|Heavy-Duty Boots|[from] move: Knock Off|[of] p1a: Ogerpon
|
|upkeep
|turn|21
|
|t:|1757822847
|move|p1a: Ogerpon|Spikes|p2a: Mandibuzz
|-sidestart|p2: guerrero105|Spikes
|move|p2a: Mandibuzz|Foul Play|p1a: Ogerpon
|-damage|p1a: Ogerpon|22/100 par
|
|upkeep
|turn|22
|
|t:|1757822853
|move|p1a: Ogerpon|Spikes|p2a: Mandibuzz
|-sidestart|p2: guerrero105|Spikes
|move|p2a: Mandibuzz|Foul Play|p1a: Ogerpon
|-damage|p1a: Ogerpon|0 fnt
|faint|p1a: Ogerpon
|
|upkeep
|
|t:|1757822865
|switch|p1a: Darkrai|Darkrai|100/100
|-damage|p1a: Darkrai|88/100|[from] Stealth Rock
|turn|23
|
|t:|1757822872
|move|p1a: Darkrai|Ice Beam|p2a: Mandibuzz
|-supereffective|p2a: Mandibuzz
|-damage|p2a: Mandibuzz|0 fnt
|faint|p2a: Mandibuzz
|
|upkeep
|
|t:|1757822877
|switch|p2a: Clodsire|Clodsire, M|100/100
|-damage|p2a: Clodsire|75/100|[from] Spikes
|turn|24
|
|t:|1757822883
|-terastallize|p1a: Darkrai|Poison
|move|p1a: Darkrai|Ice Beam|p2a: Clodsire
|-supereffective|p2a: Clodsire
|-damage|p2a: Clodsire|21/100
|-status|p2a: Clodsire|frz
|-curestatus|p2a: Clodsire|frz|[msg]
|move|p2a: Clodsire|Earthquake|p1a: Darkrai
|-supereffective|p1a: Darkrai
|-damage|p1a: Darkrai|19/100
|
|-heal|p2a: Clodsire|27/100|[from] item: Leftovers
|upkeep
|turn|25
|-message|guerrero105 forfeited.
|
|win|Brother Bilo
|raw|Brother Bilo's rating: 1317 &rarr; <strong>1339</strong><br />(+22 for winning)
|raw|guerrero105's rating: 1356 &rarr; <strong>1334</strong><br />(-22 for losing)
|l|☆guerrero105
|player|p2|
|l|☆Brother Bilo
|player|p1|
