|j|☆YEAAAAAH
|j|☆Avl2121
|t:|1757955114
|gametype|singles
|player|p1|YEAAAAAH|burgh|1185
|player|p2|Avl2121|dragontamer|1209
|gen|9
|tier|[Gen 9] OU
|rated|
|rule|HP Percentage Mod: HP is shown in percentages
|rule|Endless Battle Clause: Forcing endless battles is banned
|rule|Species Clause: Limit one of each Pokémon
|rule|OHKO Clause: OHKO moves are banned
|rule|Evasion Items Clause: Evasion items are banned
|rule|Evasion Moves Clause: Evasion moves are banned
|rule|Evasion Abilities Clause: Evasion abilities are banned
|rule|Sleep Moves Clause: Sleep-inducing moves are banned
|clearpoke
|poke|p1|Malamar, F|
|poke|p1|Rillaboom, M|
|poke|p1|Chesnaught, M|
|poke|p1|Munkidori, M|
|poke|p1|Primarina, F|
|poke|p1|Thundurus-Therian, M|
|poke|p2|Sinistcha-Masterpiece|
|poke|p2|Blaziken, F|
|poke|p2|Garganacl, F|
|poke|p2|Weavile, F|
|poke|p2|Garchomp, F|
|poke|p2|Regidrago|
|teampreview
|inactive|Battle timer is ON: inactive players will automatically lose when time's up. (requested by Avl2121)
|
|t:|1757955120
|teamsize|p1|6
|teamsize|p2|6
|start
|switch|p1a: Munkidori|Munkidori, M|100/100
|switch|p2a: Weavile|Weavile, F|100/100
|-ability|p2a: Weavile|Pressure
|turn|1
|
|t:|1757955122
|move|p2a: Weavile|Fake Out|p1a: Munkidori
|-damage|p1a: Munkidori|73/100
|-damage|p2a: Weavile|91/100|[from] item: Life Orb
|cant|p1a: Munkidori|flinch
|
|upkeep
|turn|2
|
|t:|1757955140
|-terastallize|p1a: Munkidori|Fighting
|move|p2a: Weavile|Knock Off|p1a: Munkidori
|-resisted|p1a: Munkidori
|-damage|p1a: Munkidori|25/100
|-enditem|p1a: Munkidori|Assault Vest|[from] move: Knock Off|[of] p2a: Weavile
|-damage|p2a: Weavile|81/100|[from] item: Life Orb
|move|p1a: Munkidori|Tera Blast|p2a: Weavile|[anim] Tera Blast Fighting
|-supereffective|p2a: Weavile
|-damage|p2a: Weavile|0 fnt
|faint|p2a: Weavile
|
|upkeep
|l|☆Avl2121
|inactive|Avl2121 disconnected and has a minute to reconnect!
|player|p2|
|j|☆Avl2121
|inactive|Avl2121 reconnected and has 135 seconds left.
|player|p2|Avl2121|dragontamer|
|
|t:|1757955163
|switch|p2a: Sinistcha|Sinistcha-Masterpiece|100/100
|turn|3
|
|t:|1757955166
|move|p1a: Munkidori|Sludge Bomb|p2a: Sinistcha
|-damage|p2a: Sinistcha|46/100
|move|p2a: Sinistcha|Strength Sap|p1a: Munkidori
|-unboost|p1a: Munkidori|atk|1
|-heal|p2a: Sinistcha|95/100
|
|upkeep
|turn|4
|
|t:|1757955171
|move|p1a: Munkidori|Sludge Bomb|p2a: Sinistcha
|-damage|p2a: Sinistcha|41/100
|-status|p2a: Sinistcha|tox|[from] ability: Toxic Chain|[of] p1a: Munkidori
|move|p2a: Sinistcha|Calm Mind|p2a: Sinistcha
|-boost|p2a: Sinistcha|spa|1
|-boost|p2a: Sinistcha|spd|1
|
|-damage|p2a: Sinistcha|35/100 tox|[from] psn
|upkeep
|turn|5
|
|t:|1757955176
|move|p1a: Munkidori|Psychic Noise|p2a: Sinistcha
|-damage|p2a: Sinistcha|1/100 tox
|-start|p2a: Sinistcha|move: Heal Block
|cant|p2a: Sinistcha|move: Heal Block|Matcha Gotcha
|
|-damage|p2a: Sinistcha|0 fnt|[from] psn
|faint|p2a: Sinistcha
|upkeep
|
|t:|1757955191
|switch|p2a: Blaziken|Blaziken, F|100/100
|turn|6
|
|t:|1757955194
|move|p2a: Blaziken|Protect|p2a: Blaziken
|-singleturn|p2a: Blaziken|Protect
|move|p1a: Munkidori|Psychic Noise|p2a: Blaziken
|-activate|p2a: Blaziken|move: Protect
|
|-ability|p2a: Blaziken|Speed Boost|boost
|-boost|p2a: Blaziken|spe|1
|upkeep
|turn|7
|
|t:|1757955201
|move|p2a: Blaziken|Flare Blitz|p1a: Munkidori
|-damage|p1a: Munkidori|0 fnt
|faint|p1a: Munkidori
|-damage|p2a: Blaziken|92/100|[from] Recoil
|
|-heal|p2a: Blaziken|98/100|[from] item: Leftovers
|-ability|p2a: Blaziken|Speed Boost|boost
|-boost|p2a: Blaziken|spe|1
|upkeep
|
|t:|1757955210
|switch|p1a: Primarina|Primarina, F, shiny|100/100
|turn|8
|
|t:|1757955214
|-terastallize|p2a: Blaziken|Grass
|move|p2a: Blaziken|Swords Dance|p2a: Blaziken
|-boost|p2a: Blaziken|atk|2
|move|p1a: Primarina|Hyper Voice|p2a: Blaziken
|-resisted|p2a: Blaziken
|-damage|p2a: Blaziken|57/100
|-enditem|p1a: Primarina|Throat Spray
|-boost|p1a: Primarina|spa|1|[from] item: Throat Spray
|
|-heal|p2a: Blaziken|63/100|[from] item: Leftovers
|-ability|p2a: Blaziken|Speed Boost|boost
|-boost|p2a: Blaziken|spe|1
|upkeep
|turn|9
|
|t:|1757955219
|move|p2a: Blaziken|Close Combat|p1a: Primarina
|-resisted|p1a: Primarina
|-damage|p1a: Primarina|36/100
|-unboost|p2a: Blaziken|def|1
|-unboost|p2a: Blaziken|spd|1
|move|p1a: Primarina|Draining Kiss|p2a: Blaziken
|-damage|p2a: Blaziken|0 fnt
|-heal|p1a: Primarina|83/100|[from] drain|[of] p2a: Blaziken
|faint|p2a: Blaziken
|
|upkeep
|
|t:|1757955224
|switch|p2a: Regidrago|Regidrago|100/100
|turn|10
|
|t:|1757955230
|move|p2a: Regidrago|Explosion|p1a: Primarina
|-damage|p1a: Primarina|4/100
|faint|p2a: Regidrago
|move|p1a: Primarina|Draining Kiss|p2: Regidrago|[notarget]
|-fail|p1a: Primarina
|
|upkeep
|
|t:|1757955235
|switch|p2a: Something|Garchomp, F|100/100
|turn|11
|
|t:|1757955246
|move|p2a: Something|Earthquake|p1a: Primarina
|-damage|p1a: Primarina|0 fnt
|faint|p1a: Primarina
|
|upkeep
|
|t:|1757955248
|switch|p1a: Rillaboom|Rillaboom, M, shiny|100/100
|-fieldstart|move: Grassy Terrain|[from] ability: Grassy Surge|[of] p1a: Rillaboom
|turn|12
|
|t:|1757955257
|move|p2a: Something|Swords Dance|p2a: Something
|-boost|p2a: Something|atk|2
|move|p1a: Rillaboom|Wood Hammer|p2a: Something
|-damage|p2a: Something|16/100
|-damage|p1a: Rillaboom|88/100|[from] ability: Rough Skin|[of] p2a: Something
|-damage|p1a: Rillaboom|59/100|[from] Recoil
|
|-heal|p2a: Something|22/100|[from] Grassy Terrain
|-heal|p2a: Something|28/100|[from] item: Leftovers
|-heal|p1a: Rillaboom|65/100|[from] Grassy Terrain
|upkeep
|turn|13
|
|t:|1757955262
|move|p1a: Rillaboom|Grassy Glide|p2a: Something
|-damage|p2a: Something|0 fnt
|-damage|p1a: Rillaboom|53/100|[from] ability: Rough Skin|[of] p2a: Something
|faint|p2a: Something
|
|-heal|p1a: Rillaboom|59/100|[from] Grassy Terrain
|upkeep
|
|t:|1757955264
|switch|p2a: Garganacl|Garganacl, F|100/100
|turn|14
|
|t:|1757955267
|move|p1a: Rillaboom|Wood Hammer|p2a: Garganacl
|-supereffective|p2a: Garganacl
|-damage|p2a: Garganacl|13/100
|-damage|p1a: Rillaboom|25/100|[from] Recoil
|move|p2a: Garganacl|Curse|p2a: Garganacl
|-unboost|p2a: Garganacl|spe|1
|-boost|p2a: Garganacl|atk|1
|-boost|p2a: Garganacl|def|1
|
|-heal|p1a: Rillaboom|31/100|[from] Grassy Terrain
|-heal|p2a: Garganacl|19/100|[from] Grassy Terrain
|-heal|p2a: Garganacl|25/100|[from] item: Leftovers
|upkeep
|turn|15
|
|t:|1757955269
|move|p2a: Garganacl|Protect|p2a: Garganacl
|-singleturn|p2a: Garganacl|Protect
|move|p1a: Rillaboom|Grassy Glide|p2a: Garganacl
|-activate|p2a: Garganacl|move: Protect
|
|-heal|p1a: Rillaboom|37/100|[from] Grassy Terrain
|-heal|p2a: Garganacl|31/100|[from] Grassy Terrain
|-heal|p2a: Garganacl|38/100|[from] item: Leftovers
|upkeep
|turn|16
|
|t:|1757955273
|move|p1a: Rillaboom|Wood Hammer|p2a: Garganacl
|-supereffective|p2a: Garganacl
|-damage|p2a: Garganacl|0 fnt
|faint|p2a: Garganacl
|-damage|p1a: Rillaboom|22/100|[from] Recoil
|
|win|YEAAAAAH
|raw|YEAAAAAH's rating: 1185 &rarr; <strong>1212</strong><br />(+27 for winning)
|raw|Avl2121's rating: 1209 &rarr; <strong>1182</strong><br />(-27 for losing)
|l|☆Avl2121
|player|p2|
|l|☆YEAAAAAH
|player|p1|
