|j|☆filthinator
|j|☆clail
|t:|1757849038
|gametype|singles
|player|p1|filthinator|hiker-gen4|1590
|player|p2|clail|266|1691
|gen|9
|tier|[Gen 9] OU
|rated|
|rule|HP Percentage Mod: HP is shown in percentages
|rule|Endless Battle Clause: Forcing endless battles is banned
|rule|Species Clause: Limit one of each Pokémon
|rule|OHKO Clause: OHKO moves are banned
|rule|Evasion Items Clause: Evasion items are banned
|rule|Evasion Moves Clause: Evasion moves are banned
|rule|Evasion Abilities Clause: Evasion abilities are banned
|rule|Sleep Moves Clause: Sleep-inducing moves are banned
|clearpoke
|poke|p1|Ogerpon-Cornerstone, F|
|poke|p1|Hatterene, F|
|poke|p1|Pecharunt|
|poke|p1|Landorus-Therian, M|
|poke|p1|Kingambit, F|
|poke|p1|Latios, M|
|poke|p2|Ribombee, M|
|poke|p2|Ogerpon-Wellspring, F|
|poke|p2|Great Tusk|
|poke|p2|Gholdengo|
|poke|p2|Ceruledge, F|
|poke|p2|Glimmora, M|
|teampreview
|inactive|Battle timer is ON: inactive players will automatically lose when time's up. (requested by filthinator)
|inactive|filthinator has 120 seconds left.
|
|t:|1757849129
|teamsize|p1|6
|teamsize|p2|6
|start
|switch|p1a: Landorus|Landorus-Therian, M|100/100
|switch|p2a: Glimmora|Glimmora, M|100/100
|-ability|p1a: Landorus|Intimidate|boost
|-unboost|p2a: Glimmora|atk|1
|turn|1
|
|t:|1757849142
|move|p2a: Glimmora|Meteor Beam||[still]
|-prepare|p2a: Glimmora|Meteor Beam
|-boost|p2a: Glimmora|spa|1
|-enditem|p2a: Glimmora|Power Herb
|-anim|p2a: Glimmora|Meteor Beam|p1a: Landorus|[miss]
|-miss|p2a: Glimmora|p1a: Landorus
|move|p1a: Landorus|Earthquake|p2a: Glimmora
|-supereffective|p2a: Glimmora
|-damage|p2a: Glimmora|0 fnt
|-activate|p2a: Glimmora|ability: Toxic Debris
|-sidestart|p1: filthinator|move: Toxic Spikes
|faint|p2a: Glimmora
|
|upkeep
|
|t:|1757849146
|switch|p2a: Ogerpon|Ogerpon-Wellspring, F|100/100
|turn|2
|
|t:|1757849154
|switch|p1a: Pecharunt|Pecharunt|100/100
|-sideend|p1: filthinator|move: Toxic Spikes|[of] p1a: Pecharunt
|move|p2a: Ogerpon|Ivy Cudgel|p1a: Pecharunt|[anim] Ivy Cudgel Water
|-crit|p1a: Pecharunt
|-damage|p1a: Pecharunt|55/100
|
|upkeep
|turn|3
|
|t:|1757849161
|-terastallize|p2a: Ogerpon|Water
|detailschange|p2a: Ogerpon|Ogerpon-Wellspring-Tera, F, tera:Water
|-ability|p2a: Ogerpon|Embody Aspect (Wellspring)|boost
|-boost|p2a: Ogerpon|spd|1
|move|p2a: Ogerpon|Ivy Cudgel|p1a: Pecharunt|[anim] Ivy Cudgel Water
|-crit|p1a: Pecharunt
|-damage|p1a: Pecharunt|1/100
|move|p1a: Pecharunt|Recover|p1a: Pecharunt
|-heal|p1a: Pecharunt|51/100
|
|upkeep
|turn|4
|
|t:|1757849167
|move|p2a: Ogerpon|Ivy Cudgel|p1a: Pecharunt|[anim] Ivy Cudgel Water
|-damage|p1a: Pecharunt|13/100
|move|p1a: Pecharunt|Recover|p1a: Pecharunt
|-heal|p1a: Pecharunt|63/100
|
|upkeep
|turn|5
|
|t:|1757849173
|move|p2a: Ogerpon|Ivy Cudgel|p1a: Pecharunt|[anim] Ivy Cudgel Water
|-damage|p1a: Pecharunt|27/100
|move|p1a: Pecharunt|Recover|p1a: Pecharunt
|-heal|p1a: Pecharunt|77/100
|
|upkeep
|turn|6
|
|t:|1757849194
|switch|p1a: Latios|Latios, M|100/100
|move|p2a: Ogerpon|Ivy Cudgel|p1a: Latios|[anim] Ivy Cudgel Water
|-resisted|p1a: Latios
|-crit|p1a: Latios
|-damage|p1a: Latios|13/100
|
|upkeep
|turn|7
|
|t:|1757849212
|move|p1a: Latios|Luster Purge|p2a: Ogerpon
|-damage|p2a: Ogerpon|64/100
|move|p2a: Ogerpon|Ivy Cudgel|p1a: Latios|[anim] Ivy Cudgel Water
|-resisted|p1a: Latios
|-damage|p1a: Latios|0 fnt
|faint|p1a: Latios
|
|upkeep
|
|t:|1757849221
|switch|p1a: Ogerpon|Ogerpon-Cornerstone, F|100/100
|turn|8
|
|t:|1757849229
|move|p2a: Ogerpon|U-turn|p1a: Ogerpon
|-supereffective|p1a: Ogerpon
|-damage|p1a: Ogerpon|25/100
|
|t:|1757849231
|switch|p2a: Ribombee|Ribombee, M|100/100|[from] U-turn
|move|p1a: Ogerpon|Ivy Cudgel|p2a: Ribombee|[anim] Ivy Cudgel Rock
|-supereffective|p2a: Ribombee
|-enditem|p2a: Ribombee|Focus Sash
|-damage|p2a: Ribombee|1/100
|
|upkeep
|turn|9
|
|t:|1757849237
|switch|p1a: Hatterene|Hatterene, F|100/100
|move|p2a: Ribombee|Moonblast|p1a: Hatterene
|-damage|p1a: Hatterene|78/100
|-unboost|p1a: Hatterene|spa|1
|
|upkeep
|turn|10
|
|t:|1757849245
|switch|p2a: Ceruledge|Ceruledge, F|100/100
|move|p1a: Hatterene|Mystical Fire|p2a: Ceruledge
|-start|p2a: Ceruledge|ability: Flash Fire
|
|upkeep
|turn|11
|
|t:|1757849248
|move|p2a: Ceruledge|Bitter Blade|p1a: Hatterene
|-damage|p1a: Hatterene|4/100
|move|p1a: Hatterene|Psychic Noise|p2a: Ceruledge
|-damage|p2a: Ceruledge|72/100
|-start|p2a: Ceruledge|move: Heal Block
|
|upkeep
|turn|12
|
|t:|1757849261
|switch|p1a: Landorus|Landorus-Therian, M|100/100
|-ability|p1a: Landorus|Intimidate|boost
|-unboost|p2a: Ceruledge|atk|1
|move|p2a: Ceruledge|Poltergeist|p1a: Landorus
|-activate|p1a: Landorus|move: Poltergeist|Rocky Helmet
|-damage|p1a: Landorus|63/100
|
|-end|p2a: Ceruledge|move: Heal Block
|upkeep
|turn|13
|l|☆clail
|inactive|clail disconnected and has a minute to reconnect!
|player|p2|
|j|☆clail
|inactive|clail reconnected and has 115 seconds left.
|player|p2|clail|266|
|
|t:|1757849306
|-end|p2a: Ceruledge|ability: Flash Fire|[silent]
|switch|p2a: Gholdengo|Gholdengo|100/100
|-item|p2a: Gholdengo|Air Balloon
|move|p1a: Landorus|Earthquake|p2a: Gholdengo
|-immune|p2a: Gholdengo
|
|upkeep
|turn|14
|
|t:|1757849324
|switch|p1a: Hatterene|Hatterene, F|4/100
|move|p2a: Gholdengo|Shadow Ball|p1a: Hatterene
|-supereffective|p1a: Hatterene
|-damage|p1a: Hatterene|0 fnt
|faint|p1a: Hatterene
|
|upkeep
|
|t:|1757849328
|switch|p1a: Ogerpon|Ogerpon-Cornerstone, F|25/100
|turn|15
|
|t:|1757849334
|move|p1a: Ogerpon|Knock Off|p2a: Gholdengo
|-supereffective|p2a: Gholdengo
|-damage|p2a: Gholdengo|17/100
|-enditem|p2a: Gholdengo|Air Balloon
|move|p2a: Gholdengo|Shadow Ball|p1a: Ogerpon
|-damage|p1a: Ogerpon|0 fnt
|faint|p1a: Ogerpon
|
|upkeep
|
|t:|1757849341
|switch|p1a: Kingambit|Kingambit, F|100/100
|-activate|p1a: Kingambit|ability: Supreme Overlord
|-start|p1a: Kingambit|fallen3|[silent]
|turn|16
|
|t:|1757849351
|switch|p2a: Great Tusk|Great Tusk|100/100
|-end|p1a: Kingambit|fallen3|[silent]
|switch|p1a: Landorus|Landorus-Therian, M|63/100
|-ability|p1a: Landorus|Intimidate|boost
|-unboost|p2a: Great Tusk|atk|1
|
|upkeep
|turn|17
|
|t:|1757849354
|move|p2a: Great Tusk|Ice Spinner|p1a: Landorus
|-supereffective|p1a: Landorus
|-damage|p1a: Landorus|0 fnt
|-damage|p2a: Great Tusk|84/100|[from] item: Rocky Helmet|[of] p1a: Landorus
|faint|p1a: Landorus
|
|upkeep
|
|t:|1757849359
|switch|p1a: Pecharunt|Pecharunt|77/100
|turn|18
|
|t:|1757849374
|-end|p2a: Great Tusk|Protosynthesis|[silent]
|switch|p2a: Ogerpon|Ogerpon-Wellspring-Tera, F, tera:Water|64/100
|-ability|p2a: Ogerpon|Embody Aspect (Wellspring)|boost
|-boost|p2a: Ogerpon|spd|1
|move|p1a: Pecharunt|Shadow Ball|p2a: Ogerpon
|-damage|p2a: Ogerpon|44/100
|-unboost|p2a: Ogerpon|spd|1
|
|upkeep
|turn|19
|
|t:|1757849383
|move|p2a: Ogerpon|Ivy Cudgel|p1a: Pecharunt|[anim] Ivy Cudgel Water
|-crit|p1a: Pecharunt
|-damage|p1a: Pecharunt|16/100
|move|p1a: Pecharunt|Malignant Chain|p2a: Ogerpon
|-damage|p2a: Ogerpon|5/100
|-status|p2a: Ogerpon|tox
|-start|p2a: Ogerpon|confusion|[from] ability: Poison Puppeteer|[of] p1a: Pecharunt
|
|-damage|p2a: Ogerpon|0 fnt|[from] psn
|faint|p2a: Ogerpon
|detailschange|p2: Ogerpon|Ogerpon-Wellspring, F|[silent]
|upkeep
|
|t:|1757849388
|switch|p2a: Ribombee|Ribombee, M|1/100
|turn|20
|
|t:|1757849391
|move|p2a: Ribombee|Moonblast|p1a: Pecharunt
|-resisted|p1a: Pecharunt
|-damage|p1a: Pecharunt|0 fnt
|faint|p1a: Pecharunt
|
|upkeep
|
|t:|1757849393
|switch|p1a: Kingambit|Kingambit, F|100/100
|-activate|p1a: Kingambit|ability: Supreme Overlord
|-start|p1a: Kingambit|fallen5|[silent]
|turn|21
|
|t:|1757849396
|move|p2a: Ribombee|Moonblast|p1a: Kingambit
|-damage|p1a: Kingambit|57/100
|move|p1a: Kingambit|Swords Dance|p1a: Kingambit
|-boost|p1a: Kingambit|atk|2
|
|-heal|p1a: Kingambit|64/100|[from] item: Leftovers
|upkeep
|turn|22
|
|t:|1757849404
|move|p1a: Kingambit|Sucker Punch|p2a: Ribombee
|-resisted|p2a: Ribombee
|-damage|p2a: Ribombee|0 fnt
|faint|p2a: Ribombee
|
|-heal|p1a: Kingambit|70/100|[from] item: Leftovers
|upkeep
|
|t:|1757849406
|switch|p2a: Great Tusk|Great Tusk|84/100
|turn|23
|
|t:|1757849427
|-end|p2a: Great Tusk|Protosynthesis|[silent]
|switch|p2a: Gholdengo|Gholdengo|17/100
|-terastallize|p1a: Kingambit|Ghost
|move|p1a: Kingambit|Low Kick|p2a: Gholdengo
|-immune|p2a: Gholdengo
|
|-heal|p1a: Kingambit|76/100|[from] item: Leftovers
|upkeep
|turn|24
|
|t:|1757849430
|move|p1a: Kingambit|Sucker Punch|p2a: Gholdengo
|-supereffective|p2a: Gholdengo
|-damage|p2a: Gholdengo|0 fnt
|faint|p2a: Gholdengo
|
|-heal|p1a: Kingambit|82/100|[from] item: Leftovers
|upkeep
|
|t:|1757849432
|switch|p2a: Ceruledge|Ceruledge, F|72/100
|turn|25
|
|t:|1757849439
|move|p2a: Ceruledge|Shadow Sneak|p1a: Kingambit
|-supereffective|p1a: Kingambit
|-damage|p1a: Kingambit|47/100
|move|p1a: Kingambit|Kowtow Cleave|p2a: Ceruledge
|-supereffective|p2a: Ceruledge
|-damage|p2a: Ceruledge|0 fnt
|faint|p2a: Ceruledge
|
|-heal|p1a: Kingambit|53/100|[from] item: Leftovers
|upkeep
|
|t:|1757849441
|switch|p2a: Great Tusk|Great Tusk|84/100
|turn|26
|
|t:|1757849445
|move|p2a: Great Tusk|Headlong Rush|p1a: Kingambit
|-damage|p1a: Kingambit|0 fnt
|-unboost|p2a: Great Tusk|def|1
|-unboost|p2a: Great Tusk|spd|1
|faint|p1a: Kingambit
|-end|p1a: Kingambit|fallen5|[silent]
|
|win|clail
|raw|filthinator's rating: 1590 &rarr; <strong>1576</strong><br />(-14 for losing)
|raw|clail's rating: 1691 &rarr; <strong>1705</strong><br />(+14 for winning)
|l|☆clail
|player|p2|
|l|☆filthinator
|player|p1|
