|j|☆YumeKasumi76
|j|☆mathismathin
|t:|1757899440
|gametype|singles
|player|p1|YumeKasumi76|169|1515
|player|p2|mathismathin|hilbert|1593
|gen|9
|tier|[Gen 9] OU
|rated|
|rule|HP Percentage Mod: HP is shown in percentages
|rule|Endless Battle Clause: Forcing endless battles is banned
|rule|Species Clause: Limit one of each Pokémon
|rule|OHKO Clause: OHKO moves are banned
|rule|Evasion Items Clause: Evasion items are banned
|rule|Evasion Moves Clause: Evasion moves are banned
|rule|Evasion Abilities Clause: Evasion abilities are banned
|rule|Sleep Moves Clause: Sleep-inducing moves are banned
|clearpoke
|poke|p1|Cobalion|
|poke|p1|Weezing-Galar, M|
|poke|p1|Lokix, F|
|poke|p1|Arboliva, M|
|poke|p1|Ceruledge, F|
|poke|p1|Latios, M|
|poke|p2|Heatran, F|
|poke|p2|Zapdos|
|poke|p2|Primarina, F|
|poke|p2|Toxtricity, M|
|poke|p2|Yanmega, M|
|poke|p2|Iron Crown|
|teampreview
|inactive|Battle timer is ON: inactive players will automatically lose when time's up. (requested by YumeKasumi76)
|
|t:|1757899454
|teamsize|p1|6
|teamsize|p2|6
|start
|switch|p1a: Ironhyde|Cobalion|100/100
|switch|p2a: Zapdos|Zapdos|100/100
|-ability|p2a: Zapdos|Pressure
|turn|1
|c|☆YumeKasumi76|Bro left static at home.
|
|t:|1757899484
|move|p1a: Ironhyde|Volt Switch|p2a: Zapdos
|-damage|p2a: Zapdos|83/100
|
|t:|1757899486
|switch|p1a: Iverson|Latios, M|100/100|[from] Volt Switch
|move|p2a: Zapdos|Metal Sound|p1a: Iverson
|-unboost|p1a: Iverson|spd|2
|-enditem|p2a: Zapdos|Throat Spray
|-boost|p2a: Zapdos|spa|1|[from] item: Throat Spray
|
|upkeep
|turn|2
|
|t:|1757899494
|switch|p2a: Primarina|Primarina, F|100/100
|move|p1a: Iverson|Draco Meteor|p2a: Primarina
|-immune|p2a: Primarina
|
|upkeep
|turn|3
|
|t:|1757899498
|switch|p1a: Pantheon|Arboliva, M|100/100
|move|p2a: Primarina|Moonblast|p1a: Pantheon
|-damage|p1a: Pantheon|74/100
|-fieldstart|move: Grassy Terrain|[from] ability: Seed Sower|[of] p1a: Pantheon
|
|-heal|p1a: Pantheon|80/100|[from] Grassy Terrain
|upkeep
|turn|4
|
|t:|1757899505
|switch|p2a: Heatran|Heatran, F|100/100
|move|p1a: Pantheon|Tera Blast|p2a: Heatran
|-resisted|p2a: Heatran
|-damage|p2a: Heatran|80/100
|
|-heal|p2a: Heatran|86/100|[from] Grassy Terrain
|-heal|p1a: Pantheon|86/100|[from] Grassy Terrain
|upkeep
|turn|5
|
|t:|1757899507
|move|p2a: Heatran|Fire Blast|p1a: Pantheon
|-supereffective|p1a: Pantheon
|-damage|p1a: Pantheon|16/100
|move|p1a: Pantheon|Earth Power|p2a: Heatran
|-supereffective|p2a: Heatran
|-damage|p2a: Heatran|0 fnt
|faint|p2a: Heatran
|
|-heal|p1a: Pantheon|22/100|[from] Grassy Terrain
|upkeep
|
|t:|1757899513
|switch|p2a: Yanmega|Yanmega, M|100/100
|turn|6
|
|t:|1757899517
|switch|p1a: Jalter|Ceruledge, F|100/100
|move|p2a: Yanmega|Bug Buzz|p1a: Jalter
|-resisted|p1a: Jalter
|-damage|p1a: Jalter|92/100
|-enditem|p2a: Yanmega|Throat Spray
|-boost|p2a: Yanmega|spa|1|[from] item: Throat Spray
|
|-heal|p1a: Jalter|98/100|[from] Grassy Terrain
|-heal|p1a: Jalter|100/100|[from] item: Leftovers
|-ability|p2a: Yanmega|Speed Boost|boost
|-boost|p2a: Yanmega|spe|1
|upkeep
|turn|7
|inactive|mathismathin has 120 seconds left.
|
|t:|1757899557
|switch|p1a: Pantheon|Arboliva, M|22/100
|-terastallize|p2a: Yanmega|Ground
|move|p2a: Yanmega|Tera Blast|p1a: Pantheon|[anim] Tera Blast Ground
|-resisted|p1a: Pantheon
|-damage|p1a: Pantheon|5/100
|
|-heal|p1a: Pantheon|11/100|[from] Grassy Terrain
|-fieldend|move: Grassy Terrain
|-ability|p2a: Yanmega|Speed Boost|boost
|-boost|p2a: Yanmega|spe|1
|upkeep
|turn|8
|
|t:|1757899565
|move|p2a: Yanmega|Bug Buzz|p1a: Pantheon
|-supereffective|p1a: Pantheon
|-damage|p1a: Pantheon|0 fnt
|-fieldstart|move: Grassy Terrain|[from] ability: Seed Sower|[of] p1a: Pantheon
|faint|p1a: Pantheon
|
|-ability|p2a: Yanmega|Speed Boost|boost
|-boost|p2a: Yanmega|spe|1
|upkeep
|
|t:|1757899575
|switch|p1a: Iverson|Latios, M|100/100
|turn|9
|inactive|mathismathin has 120 seconds left.
|
|t:|1757899592
|-terastallize|p1a: Iverson|Dragon
|move|p2a: Yanmega|Protect|p2a: Yanmega
|-singleturn|p2a: Yanmega|Protect
|move|p1a: Iverson|Luster Purge|p2a: Yanmega
|-activate|p2a: Yanmega|move: Protect
|
|-ability|p2a: Yanmega|Speed Boost|boost
|-boost|p2a: Yanmega|spe|1
|upkeep
|turn|10
|
|t:|1757899597
|switch|p2a: Iron Crown|Iron Crown|100/100
|move|p1a: Iverson|Luster Purge|p2a: Iron Crown
|-resisted|p2a: Iron Crown
|-damage|p2a: Iron Crown|88/100
|
|-heal|p2a: Iron Crown|94/100|[from] Grassy Terrain
|upkeep
|turn|11
|inactive|mathismathin has 120 seconds left.
|
|t:|1757899644
|switch|p1a: Jalter|Ceruledge, F|100/100
|move|p2a: Iron Crown|Psychic Noise|p1a: Jalter
|-damage|p1a: Jalter|72/100
|-start|p1a: Jalter|move: Heal Block
|-enditem|p2a: Iron Crown|Throat Spray
|-boost|p2a: Iron Crown|spa|1|[from] item: Throat Spray
|
|-heal|p2a: Iron Crown|100/100|[from] Grassy Terrain
|upkeep
|turn|12
|
|t:|1757899663
|move|p2a: Iron Crown|Psychic Noise|p1a: Jalter
|-damage|p1a: Jalter|27/100
|move|p1a: Jalter|Poltergeist||[still]
|-fail|p1a: Jalter
|
|-end|p1a: Jalter|move: Heal Block
|-fieldend|move: Grassy Terrain
|upkeep
|turn|13
|inactive|mathismathin has 90 seconds left.
|
|t:|1757899716
|switch|p1a: Satsuki|Lokix, F, shiny|100/100
|move|p2a: Iron Crown|Psychic Noise|p1a: Satsuki
|-immune|p1a: Satsuki
|
|upkeep
|turn|14
|
|t:|1757899723
|move|p2a: Iron Crown|Tachyon Cutter|p1a: Satsuki
|-damage|p1a: Satsuki|22/100
|-crit|p1a: Satsuki
|-damage|p1a: Satsuki|0 fnt
|faint|p1a: Satsuki
|-hitcount|p1: Satsuki|2
|
|upkeep
|-message|YumeKasumi76 forfeited.
|
|win|mathismathin
|raw|YumeKasumi76's rating: 1515 &rarr; <strong>1498</strong><br />(-17 for losing)
|raw|mathismathin's rating: 1568 &rarr; <strong>1585</strong><br />(+17 for winning)
|l|☆YumeKasumi76
|player|p1|
|l|☆mathismathin
|player|p2|
