|j|☆jean moula
|j|☆la3yat 45
|t:|1757855200
|gametype|singles
|player|p1|jean moula|burglar|1109
|player|p2|la3yat 45|lucas|1110
|gen|9
|tier|[Gen 9] OU
|rated|
|rule|HP Percentage Mod: HP is shown in percentages
|rule|Endless Battle Clause: Forcing endless battles is banned
|rule|Species Clause: Limit one of each Pokémon
|rule|OHKO Clause: OHKO moves are banned
|rule|Evasion Items Clause: Evasion items are banned
|rule|Evasion Moves Clause: Evasion moves are banned
|rule|Evasion Abilities Clause: Evasion abilities are banned
|rule|Sleep Moves Clause: Sleep-inducing moves are banned
|clearpoke
|poke|p1|Toxapex, F|
|poke|p1|Gliscor, F|
|poke|p1|Gholdengo|
|poke|p1|Great Tusk|
|poke|p1|Ceruledge, M|
|poke|p1|Ribombee, M|
|poke|p2|Greninja-*, M|
|poke|p2|Infernape, F|
|poke|p2|Munkidori, M|
|poke|p2|Rotom-Mow|
|poke|p2|Iron Boulder|
|poke|p2|Zarude|
|teampreview
|
|t:|1757855212
|teamsize|p1|6
|teamsize|p2|6
|start
|switch|p1a: Ribombee|Ribombee, M|100/100
|switch|p2a: Zarude|Zarude|100/100
|turn|1
|
|t:|1757855220
|switch|p2a: Infernape|Infernape, F|100/100
|move|p1a: Ribombee|Sticky Web|p2a: Infernape
|-sidestart|p2: la3yat 45|move: Sticky Web
|
|upkeep
|turn|2
|
|t:|1757855226
|move|p1a: Ribombee|Stun Spore|p2a: Infernape
|-status|p2a: Infernape|par
|move|p2a: Infernape|Flare Blitz|p1a: Ribombee
|-supereffective|p1a: Ribombee
|-enditem|p1a: Ribombee|Focus Sash
|-damage|p1a: Ribombee|1/100
|-damage|p2a: Infernape|71/100 par|[from] Recoil
|
|upkeep
|turn|3
|
|t:|1757855232
|move|p2a: Infernape|Mach Punch|p1a: Ribombee
|-resisted|p1a: Ribombee
|-damage|p1a: Ribombee|0 fnt
|faint|p1a: Ribombee
|
|upkeep
|
|t:|1757855243
|switch|p1a: Great Tusk|Great Tusk, shiny|100/100
|turn|4
|inactive|Battle timer is ON: inactive players will automatically lose when time's up. (requested by jean moula)
|
|t:|1757855254
|switch|p2a: Zarude|Zarude|100/100
|-activate|p2a: Zarude|move: Sticky Web
|-unboost|p2a: Zarude|spe|1
|move|p1a: Great Tusk|Stealth Rock|p2a: Zarude
|-sidestart|p2: la3yat 45|move: Stealth Rock
|
|upkeep
|turn|5
|
|t:|1757855266
|-end|p1a: Great Tusk|Protosynthesis|[silent]
|switch|p1a: Toxapex|Toxapex, F|100/100
|-terastallize|p2a: Zarude|Fairy
|move|p2a: Zarude|Power Whip|p1a: Toxapex
|-damage|p1a: Toxapex|64/100
|-damage|p2a: Zarude|84/100|[from] item: Rocky Helmet|[of] p1a: Toxapex
|
|upkeep
|turn|6
|
|t:|1757855278
|switch|p2a: Munkidori|Munkidori, M|100/100
|move|p1a: Toxapex|Recover|p1a: Toxapex
|-heal|p1a: Toxapex|100/100
|
|upkeep
|turn|7
|
|t:|1757855284
|move|p2a: Munkidori|Psyshock|p1a: Toxapex
|-supereffective|p1a: Toxapex
|-damage|p1a: Toxapex|49/100
|move|p1a: Toxapex|Toxic Spikes|p2a: Munkidori
|-sidestart|p2: la3yat 45|move: Toxic Spikes
|
|upkeep
|turn|8
|
|t:|1757855291
|-terastallize|p1a: Toxapex|Ground
|move|p2a: Munkidori|Psyshock|p1a: Toxapex
|-damage|p1a: Toxapex|24/100
|move|p1a: Toxapex|Toxic Spikes|p2a: Munkidori
|-sidestart|p2: la3yat 45|move: Toxic Spikes
|
|upkeep
|turn|9
|
|t:|1757855301
|switch|p1a: Gliscor|Gliscor, F|100/100
|move|p2a: Munkidori|Sludge Bomb|p1a: Gliscor
|-resisted|p1a: Gliscor
|-crit|p1a: Gliscor
|-damage|p1a: Gliscor|54/100
|-status|p1a: Gliscor|tox|[from] ability: Toxic Chain|[of] p2a: Munkidori
|
|-heal|p1a: Gliscor|67/100 tox|[from] ability: Poison Heal
|upkeep
|turn|10
|
|t:|1757855313
|switch|p2a: Rotom|Rotom-Mow|100/100
|-damage|p2a: Rotom|88/100|[from] Stealth Rock
|move|p1a: Gliscor|Spikes|p2a: Rotom
|-sidestart|p2: la3yat 45|Spikes
|
|-heal|p1a: Gliscor|79/100 tox|[from] ability: Poison Heal
|upkeep
|turn|11
|
|t:|1757855322
|switch|p2a: Munkidori|Munkidori, M|100/100
|-sideend|p2: la3yat 45|move: Toxic Spikes|[of] p2a: Munkidori
|move|p1a: Gliscor|Protect||[still]
|-fail|p1a: Gliscor
|
|-heal|p1a: Gliscor|92/100 tox|[from] ability: Poison Heal
|upkeep
|turn|12
|
|t:|1757855333
|switch|p2a: Zarude|Zarude, tera:Fairy|84/100
|-activate|p2a: Zarude|move: Sticky Web
|-unboost|p2a: Zarude|spe|1
|-damage|p2a: Zarude|72/100|[from] Stealth Rock
|-damage|p2a: Zarude|59/100|[from] Spikes
|move|p1a: Gliscor|Knock Off|p2a: Zarude
|-resisted|p2a: Zarude
|-damage|p2a: Zarude|52/100
|-damage|p1a: Gliscor|75/100 tox|[from] item: Rocky Helmet|[of] p2a: Zarude
|-enditem|p2a: Zarude|Rocky Helmet|[from] move: Knock Off|[of] p1a: Gliscor
|
|-heal|p1a: Gliscor|88/100 tox|[from] ability: Poison Heal
|upkeep
|turn|13
|
|t:|1757855347
|move|p1a: Gliscor|Protect|p1a: Gliscor
|-singleturn|p1a: Gliscor|Protect
|move|p2a: Zarude|Jungle Healing|p2a: Zarude
|-heal|p2a: Zarude|77/100
|
|-heal|p1a: Gliscor|99/100 tox|[from] ability: Poison Heal
|upkeep
|turn|14
|
|t:|1757855357
|move|p1a: Gliscor|Spikes|p2a: Zarude
|-sidestart|p2: la3yat 45|Spikes
|move|p2a: Zarude|Knock Off|p1a: Gliscor
|-damage|p1a: Gliscor|72/100 tox
|-enditem|p1a: Gliscor|Toxic Orb|[from] move: Knock Off|[of] p2a: Zarude
|
|-heal|p1a: Gliscor|85/100 tox|[from] ability: Poison Heal
|upkeep
|turn|15
|
|t:|1757855364
|move|p1a: Gliscor|Spikes|p2a: Zarude
|-sidestart|p2: la3yat 45|Spikes
|move|p2a: Zarude|Knock Off|p1a: Gliscor
|-damage|p1a: Gliscor|65/100 tox
|
|-heal|p1a: Gliscor|77/100 tox|[from] ability: Poison Heal
|upkeep
|turn|16
|
|t:|1757855371
|move|p1a: Gliscor|Earthquake|p2a: Zarude
|-damage|p2a: Zarude|53/100
|move|p2a: Zarude|Knock Off|p1a: Gliscor
|-damage|p1a: Gliscor|57/100 tox
|
|-heal|p1a: Gliscor|69/100 tox|[from] ability: Poison Heal
|upkeep
|turn|17
|
|t:|1757855380
|move|p1a: Gliscor|Protect|p1a: Gliscor
|-singleturn|p1a: Gliscor|Protect
|move|p2a: Zarude|Jungle Healing|p2a: Zarude
|-heal|p2a: Zarude|78/100
|
|-heal|p1a: Gliscor|82/100 tox|[from] ability: Poison Heal
|upkeep
|turn|18
|
|t:|1757855388
|move|p1a: Gliscor|Earthquake|p2a: Zarude
|-damage|p2a: Zarude|56/100
|move|p2a: Zarude|Knock Off|p1a: Gliscor
|-damage|p1a: Gliscor|63/100 tox
|
|-heal|p1a: Gliscor|75/100 tox|[from] ability: Poison Heal
|upkeep
|turn|19
|
|t:|1757855402
|move|p1a: Gliscor|Earthquake|p2a: Zarude
|-damage|p2a: Zarude|33/100
|move|p2a: Zarude|Jungle Healing|p2a: Zarude
|-heal|p2a: Zarude|58/100
|
|-heal|p1a: Gliscor|88/100 tox|[from] ability: Poison Heal
|upkeep
|turn|20
|
|t:|1757855416
|switch|p2a: Greninja|Greninja, M|100/100
|-activate|p2a: Greninja|move: Sticky Web
|-unboost|p2a: Greninja|spe|1
|-damage|p2a: Greninja|88/100|[from] Stealth Rock
|-damage|p2a: Greninja|63/100|[from] Spikes
|move|p1a: Gliscor|Knock Off|p2a: Greninja
|-resisted|p2a: Greninja
|-damage|p2a: Greninja|46/100
|-enditem|p2a: Greninja|Life Orb|[from] move: Knock Off|[of] p1a: Gliscor
|
|-heal|p1a: Gliscor|100/100 tox|[from] ability: Poison Heal
|upkeep
|turn|21
|
|t:|1757855430
|switch|p1a: Toxapex|Toxapex, F, tera:Ground|57/100
|move|p2a: Greninja|Ice Beam|p1a: Toxapex
|-supereffective|p1a: Toxapex
|-damage|p1a: Toxapex|7/100
|-status|p1a: Toxapex|frz
|
|upkeep
|turn|22
|
|t:|1757855448
|move|p2a: Greninja|Dark Pulse|p1a: Toxapex
|-crit|p1a: Toxapex
|-damage|p1a: Toxapex|0 fnt
|faint|p1a: Toxapex
|-ability|p2a: Greninja|Battle Bond|boost
|-boost|p2a: Greninja|atk|1
|-boost|p2a: Greninja|spa|1
|-boost|p2a: Greninja|spe|1
|-activate|p2a: Greninja|ability: Battle Bond
|
|upkeep
|
|t:|1757855460
|switch|p1a: Gholdengo|Gholdengo|100/100
|turn|23
|
|t:|1757855464
|move|p2a: Greninja|Dark Pulse|p1a: Gholdengo
|-supereffective|p1a: Gholdengo
|-damage|p1a: Gholdengo|0 fnt
|faint|p1a: Gholdengo
|
|upkeep
|
|t:|1757855470
|switch|p1a: Ceruledge|Ceruledge, M, shiny|100/100
|turn|24
|
|t:|1757855476
|move|p2a: Greninja|Surf|p1a: Ceruledge
|-supereffective|p1a: Ceruledge
|-enditem|p1a: Ceruledge|Focus Sash
|-damage|p1a: Ceruledge|1/100
|move|p1a: Ceruledge|Swords Dance|p1a: Ceruledge
|-boost|p1a: Ceruledge|atk|2
|
|upkeep
|turn|25
|
|t:|1757855483
|move|p2a: Greninja|Surf|p1a: Ceruledge
|-supereffective|p1a: Ceruledge
|-damage|p1a: Ceruledge|0 fnt
|faint|p1a: Ceruledge
|
|upkeep
|
|t:|1757855487
|switch|p1a: Great Tusk|Great Tusk, shiny|100/100
|turn|26
|
|t:|1757855494
|move|p2a: Greninja|Surf|p1a: Great Tusk
|-supereffective|p1a: Great Tusk
|-damage|p1a: Great Tusk|0 fnt
|faint|p1a: Great Tusk
|-end|p1a: Great Tusk|Protosynthesis|[silent]
|
|upkeep
|c|☆jean moula|Gg
|
|t:|1757855502
|switch|p1a: Gliscor|Gliscor, F|100/100 tox
|turn|27
|
|t:|1757855505
|move|p2a: Greninja|Ice Beam|p1a: Gliscor
|-supereffective|p1a: Gliscor
|-damage|p1a: Gliscor|0 fnt
|faint|p1a: Gliscor
|
|win|la3yat 45
|raw|jean moula's rating: 1109 &rarr; <strong>1084</strong><br />(-25 for losing)
|raw|la3yat 45's rating: 1110 &rarr; <strong>1135</strong><br />(+25 for winning)
|l|☆jean moula
|player|p1|
