|j|☆ROHANG
|j|☆kpo2022
|t:|1757824905
|gametype|singles
|player|p1|ROHANG|2|1185
|player|p2|kpo2022|265|1135
|gen|9
|tier|[Gen 9] OU
|rated|
|rule|HP Percentage Mod: HP is shown in percentages
|rule|Endless Battle Clause: Forcing endless battles is banned
|rule|Species Clause: Limit one of each Pokémon
|rule|OHKO Clause: OHKO moves are banned
|rule|Evasion Items Clause: Evasion items are banned
|rule|Evasion Moves Clause: Evasion moves are banned
|rule|Evasion Abilities Clause: Evasion abilities are banned
|rule|Sleep Moves Clause: Sleep-inducing moves are banned
|clearpoke
|poke|p1|Malamar, F|
|poke|p1|Alomomola, F|
|poke|p1|Clefable, M|
|poke|p1|Gliscor, F|
|poke|p1|Ceruledge, M|
|poke|p1|Walking Wake|
|poke|p2|Pelipper, F|
|poke|p2|Overqwil, F|
|poke|p2|Azumarill, M|
|poke|p2|Basculegion, M|
|poke|p2|Greninja-*, M|
|poke|p2|Rotom-Mow|
|teampreview
|inactive|Battle timer is ON: inactive players will automatically lose when time's up. (requested by kpo2022)
|
|t:|1757824925
|teamsize|p1|6
|teamsize|p2|6
|start
|switch|p1a: Malamar|Malamar, F|100/100
|switch|p2a: Pelipper|Pelipper, F|100/100
|-weather|RainDance|[from] ability: Drizzle|[of] p2a: Pelipper
|turn|1
|
|t:|1757824954
|move|p1a: Malamar|Superpower|p2a: Pelipper
|-resisted|p2a: Pelipper
|-damage|p2a: Pelipper|84/100
|-boost|p1a: Malamar|atk|1
|-boost|p1a: Malamar|def|1
|move|p2a: Pelipper|U-turn|p1a: Malamar
|-supereffective|p1a: Malamar
|-damage|p1a: Malamar|70/100
|
|t:|1757824962
|switch|p2a: Overqwil|Overqwil, F|100/100|[from] U-turn
|
|-weather|RainDance|[upkeep]
|upkeep
|turn|2
|
|t:|1757824972
|move|p2a: Overqwil|Fell Stinger|p1a: Malamar
|-supereffective|p1a: Malamar
|-damage|p1a: Malamar|5/100
|move|p1a: Malamar|Superpower|p2a: Overqwil
|-damage|p2a: Overqwil|44/100
|-boost|p1a: Malamar|atk|1
|-boost|p1a: Malamar|def|1
|
|-weather|RainDance|[upkeep]
|upkeep
|turn|3
|inactive|ROHANG has 120 seconds left.
|
|t:|1757825005
|switch|p1a: Alomomola|Alomomola, F|100/100
|move|p2a: Overqwil|Fell Stinger|p1a: Alomomola
|-damage|p1a: Alomomola|91/100
|
|-weather|RainDance|[upkeep]
|-heal|p1a: Alomomola|97/100|[from] item: Leftovers
|upkeep
|turn|4
|
|t:|1757825022
|move|p2a: Overqwil|Poison Jab|p1a: Alomomola
|-damage|p1a: Alomomola|75/100
|-status|p1a: Alomomola|psn
|move|p1a: Alomomola|Flip Turn|p2a: Overqwil
|-damage|p2a: Overqwil|15/100
|inactive|ROHANG has 90 seconds left.
|
|t:|1757825049
|switch|p1a: Gliscor|Gliscor, F|100/100|[from] Flip Turn
|
|-weather|RainDance|[upkeep]
|-status|p1a: Gliscor|tox|[from] item: Toxic Orb
|upkeep
|turn|5
|
|t:|1757825066
|move|p2a: Overqwil|Waterfall|p1a: Gliscor
|-supereffective|p1a: Gliscor
|-damage|p1a: Gliscor|36/100 tox
|move|p1a: Gliscor|Earthquake|p2a: Overqwil
|-supereffective|p2a: Overqwil
|-damage|p2a: Overqwil|0 fnt
|faint|p2a: Overqwil
|
|-weather|RainDance|[upkeep]
|-heal|p1a: Gliscor|49/100 tox|[from] ability: Poison Heal
|upkeep
|
|t:|1757825071
|switch|p2a: Greninja|Greninja, M|100/100
|turn|6
|l|☆kpo2022
|inactive|kpo2022 disconnected and has a minute to reconnect!
|player|p2|
|inactive|ROHANG has 90 seconds left.
|j|☆kpo2022
|inactive|kpo2022 reconnected and has 115 seconds left.
|player|p2|kpo2022|265|
|
|t:|1757825114
|move|p1a: Gliscor|Protect|p1a: Gliscor
|-singleturn|p1a: Gliscor|Protect
|move|p2a: Greninja|Ice Beam|p1a: Gliscor
|-activate|p1a: Gliscor|move: Protect
|
|-weather|RainDance|[upkeep]
|-heal|p1a: Gliscor|61/100 tox|[from] ability: Poison Heal
|upkeep
|turn|7
|inactive|ROHANG has 90 seconds left.
|inactive|ROHANG has 60 seconds left.
|
|t:|1757825152
|switch|p1a: Alomomola|Alomomola, F|100/100 psn
|move|p2a: Greninja|Ice Beam|p1a: Alomomola
|-resisted|p1a: Alomomola
|-damage|p1a: Alomomola|80/100 psn
|-damage|p2a: Greninja|91/100|[from] item: Life Orb
|
|-weather|RainDance|[upkeep]
|-heal|p1a: Alomomola|86/100 psn|[from] item: Leftovers
|-damage|p1a: Alomomola|73/100 psn|[from] psn
|upkeep
|turn|8
|inactive|ROHANG has 60 seconds left.
|inactive|kpo2022 has 120 seconds left.
|
|t:|1757825187
|switch|p2a: Rotom|Rotom-Mow|100/100
|move|p1a: Alomomola|Flip Turn|p2a: Rotom
|-resisted|p2a: Rotom
|-damage|p2a: Rotom|87/100
|inactive|ROHANG has 60 seconds left.
|
|t:|1757825215
|switch|p1a: Ceruledge|Ceruledge, M|100/100|[from] Flip Turn
|
|-weather|none
|-heal|p2a: Rotom|93/100|[from] item: Leftovers
|upkeep
|turn|9
|
|t:|1757825230
|move|p1a: Ceruledge|Poltergeist|p2a: Rotom
|-activate|p2a: Rotom|move: Poltergeist|Leftovers
|-damage|p2a: Rotom|29/100
|move|p2a: Rotom|Volt Switch|p1a: Ceruledge
|-damage|p1a: Ceruledge|69/100
|
|t:|1757825239
|switch|p2a: Pelipper|Pelipper, F|84/100|[from] Volt Switch
|-weather|RainDance|[from] ability: Drizzle|[of] p2a: Pelipper
|
|-weather|RainDance|[upkeep]
|-heal|p1a: Ceruledge|75/100|[from] item: Leftovers
|upkeep
|turn|10
|
|t:|1757825249
|switch|p1a: Alomomola|Alomomola, F|100/100 psn
|move|p2a: Pelipper|Weather Ball|p1a: Alomomola
|-resisted|p1a: Alomomola
|-damage|p1a: Alomomola|58/100 psn
|
|-weather|RainDance|[upkeep]
|-heal|p1a: Alomomola|64/100 psn|[from] item: Leftovers
|-damage|p1a: Alomomola|52/100 psn|[from] psn
|upkeep
|turn|11
|inactive|kpo2022 has 120 seconds left.
|
|t:|1757825259
|move|p1a: Alomomola|Healing Wish|p1a: Alomomola
|faint|p1a: Alomomola
|move|p2a: Pelipper|Weather Ball|p1: Alomomola|[notarget]
|-fail|p2a: Pelipper
|
|-weather|RainDance|[upkeep]
|upkeep
|
|t:|1757825265
|switch|p1a: Malamar|Malamar, F|5/100
|-heal|p1a: Malamar|100/100|[from] move: Healing Wish
|turn|12
|inactive|ROHANG has 30 seconds left.
|inactive|ROHANG has 20 seconds left.
|
|t:|1757825296
|move|p1a: Malamar|Superpower|p2a: Pelipper
|-resisted|p2a: Pelipper
|-damage|p2a: Pelipper|68/100
|-boost|p1a: Malamar|atk|1
|-boost|p1a: Malamar|def|1
|move|p2a: Pelipper|U-turn|p1a: Malamar
|-supereffective|p1a: Malamar
|-damage|p1a: Malamar|70/100
|
|t:|1757825307
|switch|p2a: Basculegion|Basculegion, M|100/100|[from] U-turn
|
|-weather|RainDance|[upkeep]
|upkeep
|turn|13
|inactive|ROHANG has 30 seconds left.
|inactive|ROHANG has 20 seconds left.
|inactive|ROHANG has 15 seconds left.
|
|t:|1757825328
|switch|p1a: Walking Wake|Walking Wake|100/100
|-enditem|p1a: Walking Wake|Booster Energy
|-activate|p1a: Walking Wake|ability: Protosynthesis|[fromitem]
|-start|p1a: Walking Wake|protosynthesisspe
|-terastallize|p2a: Basculegion|Water
|move|p2a: Basculegion|Aqua Jet|p1a: Walking Wake
|-resisted|p1a: Walking Wake
|-damage|p1a: Walking Wake|81/100
|
|-weather|RainDance|[upkeep]
|upkeep
|turn|14
|inactive|ROHANG has 25 seconds left this turn.
|inactive|ROHANG has 20 seconds left.
|inactive|ROHANG has 15 seconds left.
|inactive|ROHANG has 10 seconds left.
|
|t:|1757825347
|switch|p2a: Rotom|Rotom-Mow|29/100
|move|p1a: Walking Wake|Dragon Pulse|p2a: Rotom
|-damage|p2a: Rotom|0 fnt
|faint|p2a: Rotom
|
|-weather|RainDance|[upkeep]
|upkeep
|
|t:|1757825356
|switch|p2a: Azumarill|Azumarill, M|100/100
|turn|15
|inactive|ROHANG has 25 seconds left this turn.
|inactive|ROHANG has 20 seconds left.
|inactive|ROHANG has 15 seconds left.
|inactive|ROHANG has 10 seconds left.
|
|t:|1757825374
|-end|p1a: Walking Wake|Protosynthesis|[silent]
|switch|p1a: Clefable|Clefable, M|100/100
|move|p2a: Azumarill|Belly Drum|p2a: Azumarill
|-damage|p2a: Azumarill|50/100
|-setboost|p2a: Azumarill|atk|6|[from] move: Belly Drum
|
|-weather|RainDance|[upkeep]
|upkeep
|turn|16
|inactive|ROHANG has 20 seconds left this turn.
|inactive|ROHANG has 15 seconds left.
|
|t:|1757825382
|move|p2a: Azumarill|Aqua Jet|p1a: Clefable
|-damage|p1a: Clefable|55/100
|move|p1a: Clefable|Moonblast|p2a: Azumarill
|-damage|p2a: Azumarill|7/100
|
|-weather|none
|-heal|p1a: Clefable|61/100|[from] item: Leftovers
|upkeep
|turn|17
|inactive|ROHANG has 25 seconds left this turn.
|inactive|ROHANG has 20 seconds left.
|inactive|ROHANG has 15 seconds left.
|
|t:|1757825402
|move|p2a: Azumarill|Aqua Jet|p1a: Clefable
|-damage|p1a: Clefable|30/100
|move|p1a: Clefable|Moonblast|p2a: Azumarill
|-damage|p2a: Azumarill|0 fnt
|faint|p2a: Azumarill
|
|-heal|p1a: Clefable|36/100|[from] item: Leftovers
|upkeep
|
|t:|1757825408
|switch|p2a: Pelipper|Pelipper, F|68/100
|-weather|RainDance|[from] ability: Drizzle|[of] p2a: Pelipper
|turn|18
|inactive|ROHANG has 30 seconds left this turn.
|inactive|ROHANG has 20 seconds left.
|
|t:|1757825421
|move|p1a: Clefable|Moonblast|p2a: Pelipper
|-crit|p2a: Pelipper
|-damage|p2a: Pelipper|0 fnt
|faint|p2a: Pelipper
|
|-weather|RainDance|[upkeep]
|-heal|p1a: Clefable|42/100|[from] item: Leftovers
|upkeep
|
|t:|1757825435
|switch|p2a: Basculegion|Basculegion, M, tera:Water|100/100
|turn|19
|inactive|ROHANG has 30 seconds left.
|inactive|ROHANG has 20 seconds left.
|
|t:|1757825451
|switch|p1a: Walking Wake|Walking Wake|81/100
|move|p2a: Basculegion|Wave Crash|p1a: Walking Wake
|-resisted|p1a: Walking Wake
|-crit|p1a: Walking Wake
|-damage|p1a: Walking Wake|0 fnt
|faint|p1a: Walking Wake
|-end|p1a: Walking Wake|Protosynthesis|[silent]
|-damage|p2a: Basculegion|80/100|[from] Recoil
|
|-weather|RainDance|[upkeep]
|upkeep
|inactive|ROHANG has 25 seconds left this turn.
|inactive|ROHANG has 20 seconds left.
|inactive|ROHANG has 15 seconds left.
|inactive|ROHANG has 10 seconds left.
|
|t:|1757825470
|switch|p1a: Malamar|Malamar, F|70/100
|turn|20
|inactive|ROHANG has 20 seconds left this turn.
|inactive|ROHANG has 15 seconds left.
|
|t:|1757825476
|move|p1a: Malamar|Superpower|p2a: Basculegion
|-damage|p2a: Basculegion|42/100
|-boost|p1a: Malamar|atk|1
|-boost|p1a: Malamar|def|1
|move|p2a: Basculegion|Wave Crash|p1a: Malamar
|-damage|p1a: Malamar|0 fnt
|faint|p1a: Malamar
|-damage|p2a: Basculegion|26/100|[from] Recoil
|
|-weather|RainDance|[upkeep]
|upkeep
|inactive|ROHANG has 20 seconds left this turn.
|inactive|ROHANG has 15 seconds left.
|inactive|ROHANG has 10 seconds left.
|
|t:|1757825491
|switch|p1a: Ceruledge|Ceruledge, M|75/100
|turn|21
|inactive|ROHANG has 20 seconds left this turn.
|
|t:|1757825496
|move|p1a: Ceruledge|Poltergeist|p2a: Basculegion|[miss]
|-miss|p1a: Ceruledge|p2a: Basculegion
|move|p2a: Basculegion|Wave Crash|p1a: Ceruledge
|-supereffective|p1a: Ceruledge
|-damage|p1a: Ceruledge|0 fnt
|faint|p1a: Ceruledge
|-damage|p2a: Basculegion|10/100|[from] Recoil
|
|-weather|RainDance|[upkeep]
|upkeep
|inactive|ROHANG has 25 seconds left this turn.
|inactive|ROHANG has 20 seconds left.
|inactive|ROHANG has 15 seconds left.
|
|t:|1757825507
|switch|p1a: Clefable|Clefable, M|42/100
|turn|22
|inactive|ROHANG has 25 seconds left this turn.
|
|t:|1757825510
|move|p2a: Basculegion|Wave Crash|p1a: Clefable
|-damage|p1a: Clefable|0 fnt
|faint|p1a: Clefable
|-damage|p2a: Basculegion|0 fnt|[from] Recoil
|faint|p2a: Basculegion
|
|-weather|RainDance|[upkeep]
|upkeep
|inactive|ROHANG has 30 seconds left this turn.
|
|t:|1757825516
|switch|p2a: Greninja|Greninja, M|91/100
|switch|p1a: Gliscor|Gliscor, F|61/100 tox
|turn|23
|inactive|ROHANG has 30 seconds left.
|
|t:|1757825522
|move|p1a: Gliscor|Protect|p1a: Gliscor
|-singleturn|p1a: Gliscor|Protect
|move|p2a: Greninja|Ice Beam|p1a: Gliscor
|-activate|p1a: Gliscor|move: Protect
|
|-weather|RainDance|[upkeep]
|-heal|p1a: Gliscor|73/100 tox|[from] ability: Poison Heal
|upkeep
|turn|24
|inactive|ROHANG has 30 seconds left.
|inactive|ROHANG has 20 seconds left.
|
|t:|1757825542
|-terastallize|p1a: Gliscor|Ground
|move|p2a: Greninja|Ice Beam|p1a: Gliscor
|-supereffective|p1a: Gliscor
|-damage|p1a: Gliscor|0 fnt
|faint|p1a: Gliscor
|-damage|p2a: Greninja|81/100|[from] item: Life Orb
|
|win|kpo2022
|raw|ROHANG's rating: 1185 &rarr; <strong>1156</strong><br />(-29 for losing)
|raw|kpo2022's rating: 1135 &rarr; <strong>1164</strong><br />(+29 for winning)
|l|☆ROHANG
|player|p1|
|l|☆kpo2022
|player|p2|
