|j|☆overheat xyz
|j|☆hungrymane
|t:|1757826182
|gametype|singles
|player|p1|overheat xyz|170|1681
|player|p2|hungrymane|1|1746
|gen|9
|tier|[Gen 9] OU
|rated|
|rule|HP Percentage Mod: HP is shown in percentages
|rule|Endless Battle Clause: Forcing endless battles is banned
|rule|Species Clause: Limit one of each Pokémon
|rule|OHKO Clause: OHKO moves are banned
|rule|Evasion Items Clause: Evasion items are banned
|rule|Evasion Moves Clause: Evasion moves are banned
|rule|Evasion Abilities Clause: Evasion abilities are banned
|rule|Sleep Moves Clause: Sleep-inducing moves are banned
|clearpoke
|poke|p1|Kingambit, M|
|poke|p1|Garganacl, F|
|poke|p1|Rillaboom, M|
|poke|p1|Hatterene, F|
|poke|p1|Dragapult, M|
|poke|p1|Corviknight, M|
|poke|p2|Mesprit|
|poke|p2|Zoroark-Hisui, M|
|poke|p2|Thundurus, M|
|poke|p2|Okidogi, M|
|poke|p2|Goodra-Hisui, F|
|poke|p2|Alomomola, F|
|teampreview
|inactive|Battle timer is ON: inactive players will automatically lose when time's up. (requested by overheat xyz)
|
|t:|1757826197
|teamsize|p1|6
|teamsize|p2|6
|start
|switch|p1a: Dragapult|Dragapult, M|100/100
|switch|p2a: Big bad wolf?|Thundurus, M|100/100
|turn|1
|
|t:|1757826202
|switch|p1a: Garganacl|Garganacl, F|100/100
|move|p2a: Big bad wolf?|Thunder Wave|p1a: Garganacl
|-immune|p1a: Garganacl|[from] ability: Purifying Salt
|
|upkeep
|turn|2
|
|t:|1757826211
|move|p2a: Big bad wolf?|Volt Switch|p1a: Garganacl
|-damage|p1a: Garganacl|82/100
|
|t:|1757826212
|switch|p2a: I aint afraid of a|Okidogi, M|100/100|[from] Volt Switch
|move|p1a: Garganacl|Salt Cure|p2a: I aint afraid of a
|-resisted|p2a: I aint afraid of a
|-damage|p2a: I aint afraid of a|95/100
|-start|p2a: I aint afraid of a|Salt Cure
|
|-heal|p1a: Garganacl|88/100|[from] item: Leftovers
|-damage|p2a: I aint afraid of a|83/100|[from] Salt Cure
|upkeep
|turn|3
|
|t:|1757826223
|move|p2a: I aint afraid of a|Knock Off|p1a: Garganacl
|-damage|p1a: Garganacl|69/100
|-enditem|p1a: Garganacl|Leftovers|[from] move: Knock Off|[of] p2a: I aint afraid of a
|move|p1a: Garganacl|Stealth Rock|p2a: I aint afraid of a
|-sidestart|p2: hungrymane|move: Stealth Rock
|
|-damage|p2a: I aint afraid of a|70/100|[from] Salt Cure
|upkeep
|turn|4
|
|t:|1757826227
|switch|p2a: Big bad wolf?|Thundurus, M|100/100
|move|p1a: Garganacl|Recover|p1a: Garganacl
|-heal|p1a: Garganacl|100/100
|
|upkeep
|turn|5
|
|t:|1757826232
|move|p1a: Garganacl|Protect|p1a: Garganacl
|-singleturn|p1a: Garganacl|Protect
|move|p2a: Big bad wolf?|Volt Switch|p1a: Garganacl
|-activate|p1a: Garganacl|move: Protect
|
|upkeep
|turn|6
|
|t:|1757826237
|move|p2a: Big bad wolf?|Volt Switch|p1a: Garganacl
|-damage|p1a: Garganacl|82/100
|
|t:|1757826239
|switch|p2a: Whos afraid of the|Mesprit|100/100|[from] Volt Switch
|move|p1a: Garganacl|Salt Cure|p2a: Whos afraid of the
|-damage|p2a: Whos afraid of the|91/100
|-start|p2a: Whos afraid of the|Salt Cure
|
|-damage|p2a: Whos afraid of the|78/100|[from] Salt Cure
|upkeep
|turn|7
|
|t:|1757826245
|switch|p1a: Dragapult|Dragapult, M|100/100
|move|p2a: Whos afraid of the|Stealth Rock|p1a: Dragapult
|-sidestart|p1: overheat xyz|move: Stealth Rock
|
|-damage|p2a: Whos afraid of the|66/100|[from] Salt Cure
|upkeep
|turn|8
|
|t:|1757826252
|switch|p2a: Tuteetudleetutu|Alomomola, F|100/100
|move|p1a: Dragapult|Shadow Ball|p2a: Tuteetudleetutu
|-immune|p2a: Tuteetudleetutu
|
|upkeep
|turn|9
|
|t:|1757826262
|switch|p1a: Hatterene|Hatterene, F|100/100
|-damage|p1a: Hatterene|88/100|[from] Stealth Rock
|move|p2a: Tuteetudleetutu|Focus Blast|p1a: Hatterene
|-resisted|p1a: Hatterene
|-damage|p1a: Hatterene|81/100
|
|upkeep
|turn|10
|
|t:|1757826271
|move|p2a: Tuteetudleetutu|Hex|p1a: Hatterene
|-supereffective|p1a: Hatterene
|-damage|p1a: Hatterene|34/100
|move|p1a: Hatterene|Nuzzle|p2a: Tuteetudleetutu
|-damage|p2a: Tuteetudleetutu|93/100
|-status|p2a: Tuteetudleetutu|par
|replace|p2a: The big bad wolf?|Zoroark-Hisui, M
|-end|p2a: The big bad wolf?|Illusion
|
|upkeep
|turn|11
|
|t:|1757826288
|move|p2a: The big bad wolf?|Hex|p1a: Hatterene
|-supereffective|p1a: Hatterene
|-damage|p1a: Hatterene|0 fnt
|faint|p1a: Hatterene
|
|upkeep
|
|t:|1757826291
|switch|p1a: Rillaboom|Rillaboom, M|100/100
|-damage|p1a: Rillaboom|88/100|[from] Stealth Rock
|-fieldstart|move: Grassy Terrain|[from] ability: Grassy Surge|[of] p1a: Rillaboom
|turn|12
|
|t:|1757826311
|switch|p2a: Big bad wolf.|Goodra-Hisui, F|100/100
|move|p1a: Rillaboom|Knock Off|p2a: Big bad wolf.
|-damage|p2a: Big bad wolf.|58/100
|-enditem|p2a: Big bad wolf.|Heavy-Duty Boots|[from] move: Knock Off|[of] p1a: Rillaboom
|
|-heal|p1a: Rillaboom|94/100|[from] Grassy Terrain
|-heal|p2a: Big bad wolf.|64/100|[from] Grassy Terrain
|upkeep
|turn|13
|
|t:|1757826336
|switch|p1a: Garganacl|Garganacl, F|82/100
|-damage|p1a: Garganacl|69/100|[from] Stealth Rock
|move|p2a: Big bad wolf.|Surf|p1a: Garganacl
|-supereffective|p1a: Garganacl
|-damage|p1a: Garganacl|37/100
|
|-heal|p2a: Big bad wolf.|70/100|[from] Grassy Terrain
|-heal|p1a: Garganacl|43/100|[from] Grassy Terrain
|upkeep
|turn|14
|
|t:|1757826345
|move|p1a: Garganacl|Protect|p1a: Garganacl
|-singleturn|p1a: Garganacl|Protect
|move|p2a: Big bad wolf.|Surf|p1a: Garganacl
|-activate|p1a: Garganacl|move: Protect
|
|-heal|p2a: Big bad wolf.|76/100|[from] Grassy Terrain
|-heal|p1a: Garganacl|49/100|[from] Grassy Terrain
|upkeep
|turn|15
|j| sidechicked
|
|t:|1757826352
|-terastallize|p1a: Garganacl|Water
|move|p2a: Big bad wolf.|Surf|p1a: Garganacl
|-resisted|p1a: Garganacl
|-damage|p1a: Garganacl|40/100
|move|p1a: Garganacl|Salt Cure|p2a: Big bad wolf.
|-resisted|p2a: Big bad wolf.
|-damage|p2a: Big bad wolf.|71/100
|-start|p2a: Big bad wolf.|Salt Cure
|
|-heal|p2a: Big bad wolf.|77/100|[from] Grassy Terrain
|-heal|p1a: Garganacl|46/100|[from] Grassy Terrain
|-damage|p2a: Big bad wolf.|52/100|[from] Salt Cure
|upkeep
|turn|16
|
|t:|1757826358
|switch|p2a: Tuteetudleetutu|Alomomola, F|100/100
|move|p1a: Garganacl|Salt Cure|p2a: Tuteetudleetutu
|-damage|p2a: Tuteetudleetutu|91/100
|-start|p2a: Tuteetudleetutu|Salt Cure
|
|-heal|p2a: Tuteetudleetutu|98/100|[from] Grassy Terrain
|-heal|p1a: Garganacl|52/100|[from] Grassy Terrain
|-damage|p2a: Tuteetudleetutu|73/100|[from] Salt Cure
|-fieldend|move: Grassy Terrain
|upkeep
|turn|17
|
|t:|1757826361
|move|p2a: Tuteetudleetutu|Wish|p2a: Tuteetudleetutu
|move|p1a: Garganacl|Recover|p1a: Garganacl
|-heal|p1a: Garganacl|100/100
|
|-damage|p2a: Tuteetudleetutu|48/100|[from] Salt Cure
|upkeep
|turn|18
|
|t:|1757826373
|switch|p2a: Whos afraid of the|Mesprit|66/100
|move|p1a: Garganacl|Salt Cure|p2a: Whos afraid of the
|-damage|p2a: Whos afraid of the|56/100
|-start|p2a: Whos afraid of the|Salt Cure
|
|-heal|p2a: Whos afraid of the|100/100|[from] move: Wish|[wisher] Tuteetudleetutu
|-damage|p2a: Whos afraid of the|88/100|[from] Salt Cure
|upkeep
|turn|19
|
|t:|1757826383
|switch|p2a: Tuteetudleetutu|Alomomola, F|81/100
|switch|p1a: Dragapult|Dragapult, M|100/100
|-damage|p1a: Dragapult|88/100|[from] Stealth Rock
|
|upkeep
|turn|20
|
|t:|1757826389
|move|p2a: Tuteetudleetutu|Protect|p2a: Tuteetudleetutu
|-singleturn|p2a: Tuteetudleetutu|Protect
|move|p1a: Dragapult|Draco Meteor|p2a: Tuteetudleetutu
|-activate|p2a: Tuteetudleetutu|move: Protect
|
|upkeep
|turn|21
|
|t:|1757826394
|move|p1a: Dragapult|Draco Meteor|p2a: Tuteetudleetutu
|-damage|p2a: Tuteetudleetutu|15/100
|-unboost|p1a: Dragapult|spa|2
|move|p2a: Tuteetudleetutu|Wish|p2a: Tuteetudleetutu
|
|upkeep
|turn|22
|
|t:|1757826402
|switch|p1a: Rillaboom|Rillaboom, M|94/100
|-damage|p1a: Rillaboom|82/100|[from] Stealth Rock
|-fieldstart|move: Grassy Terrain|[from] ability: Grassy Surge|[of] p1a: Rillaboom
|switch|p2a: Big bad wolf.|Goodra-Hisui, F|52/100
|-damage|p2a: Big bad wolf.|46/100|[from] Stealth Rock
|
|-heal|p2a: Big bad wolf.|100/100|[from] move: Wish|[wisher] Tuteetudleetutu
|-heal|p1a: Rillaboom|88/100|[from] Grassy Terrain
|upkeep
|turn|23
|
|t:|1757826418
|move|p1a: Rillaboom|U-turn|p2a: Big bad wolf.
|-resisted|p2a: Big bad wolf.
|-damage|p2a: Big bad wolf.|86/100
|
|t:|1757826421
|switch|p1a: Garganacl|Garganacl, F, tera:Water|100/100|[from] U-turn
|-damage|p1a: Garganacl|88/100|[from] Stealth Rock
|move|p2a: Big bad wolf.|Sludge Bomb|p1a: Garganacl
|-damage|p1a: Garganacl|69/100
|
|-heal|p2a: Big bad wolf.|92/100|[from] Grassy Terrain
|-heal|p1a: Garganacl|75/100|[from] Grassy Terrain
|upkeep
|turn|24
|
|t:|1757826433
|-terastallize|p2a: Big bad wolf.|Poison
|move|p2a: Big bad wolf.|Sludge Bomb|p1a: Garganacl
|-damage|p1a: Garganacl|50/100
|move|p1a: Garganacl|Salt Cure|p2a: Big bad wolf.
|-damage|p2a: Big bad wolf.|81/100
|-start|p2a: Big bad wolf.|Salt Cure
|
|-heal|p2a: Big bad wolf.|87/100|[from] Grassy Terrain
|-heal|p1a: Garganacl|56/100|[from] Grassy Terrain
|-damage|p2a: Big bad wolf.|74/100|[from] Salt Cure
|upkeep
|turn|25
|
|t:|1757826444
|switch|p2a: Tuteetudleetutu|Alomomola, F|48/100
|move|p1a: Garganacl|Salt Cure|p2a: Tuteetudleetutu
|-damage|p2a: Tuteetudleetutu|37/100
|-start|p2a: Tuteetudleetutu|Salt Cure
|
|-heal|p2a: Tuteetudleetutu|44/100|[from] Grassy Terrain
|-heal|p1a: Garganacl|63/100|[from] Grassy Terrain
|-damage|p2a: Tuteetudleetutu|19/100|[from] Salt Cure
|upkeep
|turn|26
|
|t:|1757826451
|switch|p2a: Whos afraid of the|Mesprit|88/100
|switch|p1a: Kingambit|Kingambit, M|100/100
|-damage|p1a: Kingambit|94/100|[from] Stealth Rock
|-activate|p1a: Kingambit|ability: Supreme Overlord
|-start|p1a: Kingambit|fallen1|[silent]
|-enditem|p1a: Kingambit|Grassy Seed
|-boost|p1a: Kingambit|def|1|[from] item: Grassy Seed
|
|-heal|p1a: Kingambit|100/100|[from] Grassy Terrain
|-fieldend|move: Grassy Terrain
|upkeep
|turn|27
|
|t:|1757826459
|move|p2a: Whos afraid of the|U-turn|p1a: Kingambit
|-damage|p1a: Kingambit|93/100
|
|t:|1757826460
|switch|p2a: I aint afraid of a|Okidogi, M|70/100|[from] U-turn
|move|p1a: Kingambit|Kowtow Cleave|p2a: I aint afraid of a
|-resisted|p2a: I aint afraid of a
|-damage|p2a: I aint afraid of a|50/100
|
|upkeep
|turn|28
|
|t:|1757826472
|switch|p2a: Tuteetudleetutu|Alomomola, F|52/100
|-end|p1a: Kingambit|fallen1|[silent]
|switch|p1a: Dragapult|Dragapult, M|88/100
|-damage|p1a: Dragapult|76/100|[from] Stealth Rock
|
|upkeep
|turn|29
|
|t:|1757826478
|move|p2a: Tuteetudleetutu|Protect|p2a: Tuteetudleetutu
|-singleturn|p2a: Tuteetudleetutu|Protect
|move|p1a: Dragapult|Draco Meteor|p2a: Tuteetudleetutu
|-activate|p2a: Tuteetudleetutu|move: Protect
|
|upkeep
|turn|30
|
|t:|1757826486
|switch|p2a: Big bad wolf.|Goodra-Hisui, F|93/100 par
|move|p1a: Dragapult|Draco Meteor|p2a: Big bad wolf.
|-damage|p2a: Big bad wolf.|0 fnt
|-unboost|p1a: Dragapult|spa|2
|replace|p2a: The big bad wolf?|Zoroark-Hisui, M
|-end|p2a: The big bad wolf?|Illusion
|faint|p2a: The big bad wolf?
|
|upkeep
|
|t:|1757826488
|switch|p2a: Tuteetudleetutu|Alomomola, F|85/100
|turn|31
|
|t:|1757826502
|switch|p1a: Garganacl|Garganacl, F, tera:Water|63/100
|-damage|p1a: Garganacl|50/100|[from] Stealth Rock
|move|p2a: Tuteetudleetutu|Wish|p2a: Tuteetudleetutu
|
|upkeep
|turn|32
|
|t:|1757826522
|switch|p2a: I aint afraid of a|Okidogi, M|50/100
|move|p1a: Garganacl|Recover|p1a: Garganacl
|-heal|p1a: Garganacl|99/100
|
|-heal|p2a: I aint afraid of a|100/100|[from] move: Wish|[wisher] Tuteetudleetutu
|upkeep
|turn|33
|inactive|overheat xyz has 120 seconds left.
|
|t:|1757826549
|move|p2a: I aint afraid of a|Close Combat|p1a: Garganacl
|-damage|p1a: Garganacl|68/100
|-unboost|p2a: I aint afraid of a|def|1
|-unboost|p2a: I aint afraid of a|spd|1
|move|p1a: Garganacl|Salt Cure|p2a: I aint afraid of a
|-resisted|p2a: I aint afraid of a
|-damage|p2a: I aint afraid of a|93/100
|-start|p2a: I aint afraid of a|Salt Cure
|
|-damage|p2a: I aint afraid of a|80/100|[from] Salt Cure
|upkeep
|turn|34
|
|t:|1757826562
|move|p2a: I aint afraid of a|Close Combat|p1a: Garganacl
|-crit|p1a: Garganacl
|-damage|p1a: Garganacl|17/100
|-unboost|p2a: I aint afraid of a|def|1
|-unboost|p2a: I aint afraid of a|spd|1
|move|p1a: Garganacl|Salt Cure|p2a: I aint afraid of a
|-resisted|p2a: I aint afraid of a
|-damage|p2a: I aint afraid of a|70/100
|
|-damage|p2a: I aint afraid of a|58/100|[from] Salt Cure
|upkeep
|turn|35
|
|t:|1757826572
|switch|p1a: Corviknight|Corviknight, M|100/100
|-damage|p1a: Corviknight|88/100|[from] Stealth Rock
|-ability|p1a: Corviknight|Pressure
|move|p2a: I aint afraid of a|Close Combat|p1a: Corviknight
|-damage|p1a: Corviknight|58/100
|-unboost|p2a: I aint afraid of a|def|1
|-unboost|p2a: I aint afraid of a|spd|1
|-damage|p2a: I aint afraid of a|41/100|[from] item: Rocky Helmet|[of] p1a: Corviknight
|
|-damage|p2a: I aint afraid of a|29/100|[from] Salt Cure
|upkeep
|turn|36
|
|t:|1757826582
|switch|p2a: Tuteetudleetutu|Alomomola, F|100/100
|switch|p1a: Dragapult|Dragapult, M|76/100
|-damage|p1a: Dragapult|64/100|[from] Stealth Rock
|
|upkeep
|turn|37
|
|t:|1757826588
|move|p1a: Dragapult|Shadow Ball|p2a: Tuteetudleetutu
|-damage|p2a: Tuteetudleetutu|57/100
|move|p2a: Tuteetudleetutu|Wish|p2a: Tuteetudleetutu
|
|upkeep
|turn|38
|
|t:|1757826593
|move|p1a: Dragapult|Shadow Ball|p2a: Tuteetudleetutu
|-crit|p2a: Tuteetudleetutu
|-damage|p2a: Tuteetudleetutu|0 fnt
|faint|p2a: Tuteetudleetutu
|
|upkeep
|
|t:|1757826602
|switch|p2a: Big bad wolf?|Thundurus, M|100/100
|turn|39
|
|t:|1757826621
|move|p1a: Dragapult|Shadow Ball|p2a: Big bad wolf?
|-damage|p2a: Big bad wolf?|40/100
|-unboost|p2a: Big bad wolf?|spd|1
|move|p2a: Big bad wolf?|Volt Switch|p1a: Dragapult
|-resisted|p1a: Dragapult
|-damage|p1a: Dragapult|43/100
|
|t:|1757826625
|switch|p2a: Big bad wolf.|Goodra-Hisui, F, tera:Poison|74/100|[from] Volt Switch
|-damage|p2a: Big bad wolf.|62/100|[from] Stealth Rock
|
|upkeep
|turn|40
|
|t:|1757826635
|switch|p1a: Garganacl|Garganacl, F, tera:Water|17/100
|-damage|p1a: Garganacl|4/100|[from] Stealth Rock
|move|p2a: Big bad wolf.|Knock Off|p1a: Garganacl
|-damage|p1a: Garganacl|0 fnt
|faint|p1a: Garganacl
|
|upkeep
|
|t:|1757826637
|switch|p1a: Kingambit|Kingambit, M|93/100
|-damage|p1a: Kingambit|87/100|[from] Stealth Rock
|-activate|p1a: Kingambit|ability: Supreme Overlord
|-start|p1a: Kingambit|fallen2|[silent]
|turn|41
|
|t:|1757826643
|move|p1a: Kingambit|Kowtow Cleave|p2a: Big bad wolf.
|-damage|p2a: Big bad wolf.|13/100
|move|p2a: Big bad wolf.|Flamethrower|p1a: Kingambit
|-supereffective|p1a: Kingambit
|-damage|p1a: Kingambit|32/100
|
|upkeep
|turn|42
|
|t:|1757826651
|move|p1a: Kingambit|Iron Head|p2a: Big bad wolf.
|-damage|p2a: Big bad wolf.|0 fnt
|faint|p2a: Big bad wolf.
|
|upkeep
|
|t:|1757826653
|switch|p2a: I aint afraid of a|Okidogi, M|29/100
|turn|43
|
|t:|1757826661
|-end|p1a: Kingambit|fallen2|[silent]
|switch|p1a: Corviknight|Corviknight, M|58/100
|-damage|p1a: Corviknight|45/100|[from] Stealth Rock
|-ability|p1a: Corviknight|Pressure
|move|p2a: I aint afraid of a|High Horsepower|p1a: Corviknight
|-immune|p1a: Corviknight
|
|upkeep
|turn|44
|
|t:|1757826673
|switch|p2a: Big bad wolf?|Thundurus, M|40/100
|move|p1a: Corviknight|Roost|p1a: Corviknight
|-heal|p1a: Corviknight|95/100
|-singleturn|p1a: Corviknight|move: Roost
|
|upkeep
|turn|45
|
|t:|1757826680
|switch|p1a: Kingambit|Kingambit, M|32/100
|-damage|p1a: Kingambit|26/100|[from] Stealth Rock
|-activate|p1a: Kingambit|ability: Supreme Overlord
|-start|p1a: Kingambit|fallen2|[silent]
|move|p2a: Big bad wolf?|Thunder Wave|p1a: Kingambit
|-hint|Since gen 7, Dark is immune to Prankster moves.
|-immune|p1a: Kingambit
|
|upkeep
|turn|46
|
|t:|1757826693
|switch|p2a: I aint afraid of a|Okidogi, M|29/100
|move|p1a: Kingambit|Iron Head|p2a: I aint afraid of a
|-damage|p2a: I aint afraid of a|0 fnt
|faint|p2a: I aint afraid of a
|
|upkeep
|-message|hungrymane forfeited.
|
|win|overheat xyz
|raw|overheat xyz's rating: 1681 &rarr; <strong>1705</strong><br />(+24 for winning)
|raw|hungrymane's rating: 1746 &rarr; <strong>1722</strong><br />(-24 for losing)
|l|☆hungrymane
|player|p2|
