|j|☆vryfast
|j|☆10086qaz
|t:|1757829113
|gametype|singles
|player|p1|vryfast|266|1143
|player|p2|10086qaz|dawn-gen4pt|1232
|gen|9
|tier|[Gen 9] OU
|rated|
|rule|HP Percentage Mod: HP is shown in percentages
|rule|Endless Battle Clause: Forcing endless battles is banned
|rule|Species Clause: Limit one of each Pokémon
|rule|OHKO Clause: OHKO moves are banned
|rule|Evasion Items Clause: Evasion items are banned
|rule|Evasion Moves Clause: Evasion moves are banned
|rule|Evasion Abilities Clause: Evasion abilities are banned
|rule|Sleep Moves Clause: Sleep-inducing moves are banned
|clearpoke
|poke|p1|Kingambit, M|
|poke|p1|Inteleon, M|
|poke|p1|Masquerain, F|
|poke|p1|Donphan, M|
|poke|p1|Gholdengo|
|poke|p1|Feraligatr, M|
|poke|p2|Scizor, M|
|poke|p2|Landorus-Therian, M|
|poke|p2|Raging Bolt|
|poke|p2|Ogerpon-Wellspring, F|
|poke|p2|Gholdengo|
|poke|p2|Cinderace, F|
|teampreview
|inactive|Battle timer is ON: inactive players will automatically lose when time's up. (requested by 10086qaz)
|
|t:|1757829128
|teamsize|p1|6
|teamsize|p2|6
|start
|switch|p1a: Inteleon|Inteleon, M|100/100
|switch|p2a: Cinderace|Cinderace, F|100/100
|turn|1
|
|t:|1757829133
|switch|p2a: Ogerpon|Ogerpon-Wellspring, F|100/100
|move|p1a: Inteleon|Snipe Shot|p2a: Ogerpon
|-immune|p2a: Ogerpon|[from] ability: Water Absorb
|
|upkeep
|turn|2
|
|t:|1757829146
|switch|p2a: Landorus|Landorus-Therian, M|100/100
|-ability|p2a: Landorus|Intimidate|boost
|-unboost|p1a: Inteleon|atk|1
|switch|p1a: Masquerain|Masquerain, F|100/100
|-ability|p1a: Masquerain|Intimidate|boost
|-unboost|p2a: Landorus|atk|1
|
|upkeep
|turn|3
|
|t:|1757829154
|move|p2a: Landorus|Stone Edge|p1a: Masquerain
|-supereffective|p1a: Masquerain
|-enditem|p1a: Masquerain|Focus Sash
|-damage|p1a: Masquerain|1/100
|move|p1a: Masquerain|Sticky Web|p2a: Landorus
|-sidestart|p2: 10086qaz|move: Sticky Web
|
|upkeep
|turn|4
|
|t:|1757829161
|move|p1a: Masquerain|Aqua Jet|p2a: Landorus
|-supereffective|p2a: Landorus
|-damage|p2a: Landorus|77/100
|move|p2a: Landorus|U-turn|p1a: Masquerain
|-resisted|p1a: Masquerain
|-damage|p1a: Masquerain|0 fnt
|faint|p1a: Masquerain
|
|t:|1757829168
|switch|p2a: Cinderace|Cinderace, F|100/100|[from] U-turn
|
|upkeep
|
|t:|1757829181
|switch|p1a: Feraligatr|Feraligatr, M, shiny|100/100
|turn|5
|
|t:|1757829189
|move|p2a: Cinderace|U-turn|p1a: Feraligatr
|-start|p2a: Cinderace|typechange|Bug|[from] ability: Libero
|-damage|p1a: Feraligatr|71/100
|
|t:|1757829196
|switch|p2a: Ogerpon|Ogerpon-Wellspring, F|100/100|[from] U-turn
|-activate|p2a: Ogerpon|move: Sticky Web
|-unboost|p2a: Ogerpon|spe|1
|move|p1a: Feraligatr|Dragon Dance|p1a: Feraligatr
|-boost|p1a: Feraligatr|atk|1
|-boost|p1a: Feraligatr|spe|1
|
|upkeep
|turn|6
|
|t:|1757829210
|-terastallize|p1a: Feraligatr|Ice
|move|p1a: Feraligatr|Crunch|p2a: Ogerpon
|-damage|p2a: Ogerpon|36/100
|move|p2a: Ogerpon|Horn Leech|p1a: Feraligatr
|-damage|p1a: Feraligatr|29/100
|-heal|p2a: Ogerpon|62/100|[from] drain|[of] p1a: Feraligatr
|
|upkeep
|turn|7
|
|t:|1757829219
|switch|p2a: Landorus|Landorus-Therian, M|77/100
|-ability|p2a: Landorus|Intimidate|boost
|-unboost|p1a: Feraligatr|atk|1
|move|p1a: Feraligatr|Crunch|p2a: Landorus
|-damage|p2a: Landorus|32/100
|
|upkeep
|turn|8
|
|t:|1757829228
|move|p1a: Feraligatr|Crunch|p2a: Landorus
|-damage|p2a: Landorus|0 fnt
|faint|p2a: Landorus
|
|upkeep
|
|t:|1757829236
|switch|p2a: Scizor|Scizor, M|100/100
|-activate|p2a: Scizor|move: Sticky Web
|-unboost|p2a: Scizor|spe|1
|turn|9
|
|t:|1757829240
|move|p2a: Scizor|Bullet Punch|p1a: Feraligatr
|-supereffective|p1a: Feraligatr
|-damage|p1a: Feraligatr|0 fnt
|faint|p1a: Feraligatr
|
|upkeep
|
|t:|1757829254
|switch|p1a: Gholdengo|Gholdengo|100/100
|turn|10
|
|t:|1757829258
|switch|p2a: Cinderace|Cinderace, F|100/100
|move|p1a: Gholdengo|Nasty Plot|p1a: Gholdengo
|-boost|p1a: Gholdengo|spa|2
|
|upkeep
|turn|11
|
|t:|1757829269
|move|p2a: Cinderace|Pyro Ball|p1a: Gholdengo
|-supereffective|p1a: Gholdengo
|-damage|p1a: Gholdengo|0 fnt
|faint|p1a: Gholdengo
|
|upkeep
|
|t:|1757829274
|switch|p1a: Donphan|Donphan, M|100/100
|turn|12
|
|t:|1757829282
|move|p2a: Cinderace|U-turn|p1a: Donphan
|-start|p2a: Cinderace|typechange|Bug|[from] ability: Libero
|-damage|p1a: Donphan|73/100
|
|t:|1757829285
|switch|p2a: Ogerpon|Ogerpon-Wellspring, F|62/100|[from] U-turn
|-activate|p2a: Ogerpon|move: Sticky Web
|-unboost|p2a: Ogerpon|spe|1
|move|p1a: Donphan|Earthquake|p2a: Ogerpon
|-resisted|p2a: Ogerpon
|-damage|p2a: Ogerpon|27/100
|
|upkeep
|turn|13
|
|t:|1757829294
|move|p2a: Ogerpon|Horn Leech|p1a: Donphan
|-supereffective|p1a: Donphan
|-damage|p1a: Donphan|6/100
|-heal|p2a: Ogerpon|64/100|[from] drain|[of] p1a: Donphan
|move|p1a: Donphan|Rapid Spin|p2a: Ogerpon
|-damage|p2a: Ogerpon|41/100
|-boost|p1a: Donphan|spe|1
|
|upkeep
|turn|14
|
|t:|1757829300
|move|p2a: Ogerpon|Horn Leech|p1a: Donphan
|-supereffective|p1a: Donphan
|-damage|p1a: Donphan|0 fnt
|-heal|p2a: Ogerpon|44/100|[from] drain|[of] p1a: Donphan
|faint|p1a: Donphan
|
|upkeep
|
|t:|1757829305
|switch|p1a: Kingambit|Kingambit, M|100/100
|-activate|p1a: Kingambit|ability: Supreme Overlord
|-start|p1a: Kingambit|fallen4|[silent]
|turn|15
|
|t:|1757829309
|move|p2a: Ogerpon|Encore||[still]
|-fail|p2a: Ogerpon
|move|p1a: Kingambit|Kowtow Cleave|p2a: Ogerpon
|-damage|p2a: Ogerpon|0 fnt
|faint|p2a: Ogerpon
|
|upkeep
|
|t:|1757829313
|switch|p2a: Cinderace|Cinderace, F|100/100
|turn|16
|
|t:|1757829319
|move|p1a: Kingambit|Sucker Punch|p2a: Cinderace
|-damage|p2a: Cinderace|32/100
|move|p2a: Cinderace|High Jump Kick|p1a: Kingambit
|-start|p2a: Cinderace|typechange|Fighting|[from] ability: Libero
|-supereffective|p1a: Kingambit
|-damage|p1a: Kingambit|0 fnt
|faint|p1a: Kingambit
|-end|p1a: Kingambit|fallen4|[silent]
|
|upkeep
|
|t:|1757829326
|switch|p1a: Inteleon|Inteleon, M|100/100
|turn|17
|
|t:|1757829329
|move|p2a: Cinderace|High Jump Kick|p1a: Inteleon
|-damage|p1a: Inteleon|0 fnt
|faint|p1a: Inteleon
|
|win|10086qaz
|raw|vryfast's rating: 1143 &rarr; <strong>1124</strong><br />(-19 for losing)
|raw|10086qaz's rating: 1232 &rarr; <strong>1251</strong><br />(+19 for winning)
|l|☆vryfast
|player|p1|
|l|☆10086qaz
|player|p2|
