|j|☆ElTunas_502
|j|☆aladdin2000
|t:|1757866818
|gametype|singles
|player|p1|ElTunas_502|aaron|1309
|player|p2|aladdin2000|101|1319
|gen|9
|tier|[Gen 9] OU
|rated|
|rule|HP Percentage Mod: HP is shown in percentages
|rule|Endless Battle Clause: Forcing endless battles is banned
|rule|Species Clause: Limit one of each Pokémon
|rule|OHKO Clause: OHKO moves are banned
|rule|Evasion Items Clause: Evasion items are banned
|rule|Evasion Moves Clause: Evasion moves are banned
|rule|Evasion Abilities Clause: Evasion abilities are banned
|rule|Sleep Moves Clause: Sleep-inducing moves are banned
|clearpoke
|poke|p1|Blaziken, F|
|poke|p1|Slowking-Galar, M|
|poke|p1|Kyurem|
|poke|p1|Corviknight, M|
|poke|p1|Electivire, F|
|poke|p1|Darkrai|
|poke|p2|Glimmora, F|
|poke|p2|Avalugg, M|
|poke|p2|Garchomp, F|
|poke|p2|Darkrai|
|poke|p2|Gardevoir, M|
|poke|p2|Cinderace, F|
|teampreview
|inactive|Battle timer is ON: inactive players will automatically lose when time's up. (requested by ElTunas_502)
|
|t:|1757866846
|teamsize|p1|6
|teamsize|p2|6
|start
|switch|p1a: Electivire|Electivire, F|100/100
|switch|p2a: Glimmora|Glimmora, F, shiny|100/100
|turn|1
|
|t:|1757866855
|move|p1a: Electivire|Earthquake|p2a: Glimmora
|-supereffective|p2a: Glimmora
|-enditem|p2a: Glimmora|Focus Sash
|-damage|p2a: Glimmora|1/100
|move|p2a: Glimmora|Power Gem|p1a: Electivire
|-damage|p1a: Electivire|41/100
|
|upkeep
|turn|2
|
|t:|1757866863
|move|p1a: Electivire|Earthquake|p2a: Glimmora
|-supereffective|p2a: Glimmora
|-damage|p2a: Glimmora|0 fnt
|faint|p2a: Glimmora
|
|upkeep
|
|t:|1757866867
|switch|p2a: Avalugg|Avalugg, M|100/100
|turn|3
|
|t:|1757866872
|switch|p1a: Corviknight|Corviknight, M|100/100
|move|p2a: Avalugg|Earthquake|p1a: Corviknight
|-immune|p1a: Corviknight
|
|upkeep
|turn|4
|
|t:|1757866884
|move|p1a: Corviknight|Body Press|p2a: Avalugg
|-supereffective|p2a: Avalugg
|-damage|p2a: Avalugg|74/100
|move|p2a: Avalugg|Ice Spinner|p1a: Corviknight
|-damage|p1a: Corviknight|75/100
|-damage|p2a: Avalugg|58/100|[from] item: Rocky Helmet|[of] p1a: Corviknight
|
|-heal|p2a: Avalugg|64/100|[from] item: Leftovers
|upkeep
|turn|5
|
|t:|1757866898
|switch|p2a: Garchomp|Garchomp, F|100/100
|move|p1a: Corviknight|Body Press|p2a: Garchomp
|-damage|p2a: Garchomp|73/100
|-damage|p1a: Corviknight|62/100|[from] ability: Rough Skin|[of] p2a: Garchomp
|
|upkeep
|turn|6
|
|t:|1757866906
|move|p2a: Garchomp|Swords Dance|p2a: Garchomp
|-boost|p2a: Garchomp|atk|2
|move|p1a: Corviknight|U-turn|p2a: Garchomp
|-damage|p2a: Garchomp|59/100
|-damage|p1a: Corviknight|50/100|[from] ability: Rough Skin|[of] p2a: Garchomp
|
|t:|1757866923
|switch|p1a: Blaziken|Blaziken, F|100/100|[from] U-turn
|
|upkeep
|turn|7
|
|t:|1757866927
|move|p1a: Blaziken|Protect|p1a: Blaziken
|-singleturn|p1a: Blaziken|Protect
|move|p2a: Garchomp|Swords Dance|p2a: Garchomp
|-boost|p2a: Garchomp|atk|2
|
|-ability|p1a: Blaziken|Speed Boost|boost
|-boost|p1a: Blaziken|spe|1
|upkeep
|turn|8
|
|t:|1757866937
|move|p1a: Blaziken|Close Combat|p2a: Garchomp
|-damage|p2a: Garchomp|0 fnt
|-unboost|p1a: Blaziken|def|1
|-unboost|p1a: Blaziken|spd|1
|-damage|p1a: Blaziken|88/100|[from] ability: Rough Skin|[of] p2a: Garchomp
|faint|p2a: Garchomp
|-damage|p1a: Blaziken|78/100|[from] item: Life Orb
|
|-ability|p1a: Blaziken|Speed Boost|boost
|-boost|p1a: Blaziken|spe|1
|upkeep
|
|t:|1757866948
|switch|p2a: Gardevoir|Gardevoir, M|100/100
|-ability|p2a: Gardevoir|Speed Boost|Trace|[from] ability: Trace|[of] p1a: Blaziken
|turn|9
|
|t:|1757866961
|-terastallize|p1a: Blaziken|Fire
|move|p1a: Blaziken|Flare Blitz|p2a: Gardevoir
|-damage|p2a: Gardevoir|0 fnt
|faint|p2a: Gardevoir
|-damage|p1a: Blaziken|48/100|[from] Recoil
|-damage|p1a: Blaziken|38/100|[from] item: Life Orb
|
|-ability|p1a: Blaziken|Speed Boost|boost
|-boost|p1a: Blaziken|spe|1
|upkeep
|
|t:|1757866972
|switch|p2a: Cinderace|Cinderace, F|100/100
|turn|10
|
|t:|1757866989
|switch|p1a: Slowking|Slowking-Galar, M|100/100
|move|p2a: Cinderace|Pyro Ball|p1a: Slowking|[miss]
|-miss|p2a: Cinderace|p1a: Slowking
|
|upkeep
|turn|11
|
|t:|1757866997
|move|p2a: Cinderace|Pyro Ball|p1a: Slowking
|-damage|p1a: Slowking|44/100
|move|p1a: Slowking|Psychic Noise|p2a: Cinderace
|-damage|p2a: Cinderace|61/100
|-start|p2a: Cinderace|move: Heal Block
|
|upkeep
|turn|12
|
|t:|1757867008
|move|p2a: Cinderace|Pyro Ball|p1a: Slowking
|-damage|p1a: Slowking|0 fnt
|faint|p1a: Slowking
|
|-end|p2a: Cinderace|move: Heal Block
|upkeep
|
|t:|1757867018
|switch|p1a: Electivire|Electivire, F|41/100
|turn|13
|
|t:|1757867022
|move|p1a: Electivire|Supercell Slam|p2a: Cinderace
|-damage|p2a: Cinderace|0 fnt
|faint|p2a: Cinderace
|
|upkeep
|
|t:|1757867028
|switch|p2a: Avalugg|Avalugg, M|64/100
|turn|14
|
|t:|1757867041
|switch|p1a: Corviknight|Corviknight, M|50/100
|move|p2a: Avalugg|Ice Spinner|p1a: Corviknight
|-damage|p1a: Corviknight|26/100
|-damage|p2a: Avalugg|47/100|[from] item: Rocky Helmet|[of] p1a: Corviknight
|
|-heal|p2a: Avalugg|53/100|[from] item: Leftovers
|upkeep
|turn|15
|
|t:|1757867049
|move|p1a: Corviknight|Roost|p1a: Corviknight
|-heal|p1a: Corviknight|76/100
|-singleturn|p1a: Corviknight|move: Roost
|move|p2a: Avalugg|Ice Spinner|p1a: Corviknight
|-resisted|p1a: Corviknight
|-damage|p1a: Corviknight|64/100
|-damage|p2a: Avalugg|37/100|[from] item: Rocky Helmet|[of] p1a: Corviknight
|
|-heal|p2a: Avalugg|43/100|[from] item: Leftovers
|upkeep
|turn|16
|
|t:|1757867059
|move|p1a: Corviknight|Body Press|p2a: Avalugg
|-supereffective|p2a: Avalugg
|-damage|p2a: Avalugg|20/100
|move|p2a: Avalugg|Earthquake|p1a: Corviknight
|-immune|p1a: Corviknight
|
|-heal|p2a: Avalugg|26/100|[from] item: Leftovers
|upkeep
|turn|17
|
|t:|1757867068
|move|p1a: Corviknight|Body Press|p2a: Avalugg
|-supereffective|p2a: Avalugg
|-damage|p2a: Avalugg|0 fnt
|faint|p2a: Avalugg
|
|upkeep
|
|t:|1757867073
|switch|p2a: Darkrai|Darkrai|100/100
|turn|18
|
|t:|1757867077
|move|p2a: Darkrai|Dark Pulse|p1a: Corviknight
|-damage|p1a: Corviknight|19/100
|move|p1a: Corviknight|U-turn|p2a: Darkrai
|-supereffective|p2a: Darkrai
|-damage|p2a: Darkrai|63/100
|
|t:|1757867084
|switch|p1a: Electivire|Electivire, F|41/100|[from] U-turn
|
|upkeep
|turn|19
|
|t:|1757867090
|move|p1a: Electivire|Supercell Slam|p2a: Darkrai
|-damage|p2a: Darkrai|0 fnt
|faint|p2a: Darkrai
|
|win|ElTunas_502
|raw|ElTunas_502's rating: 1309 &rarr; <strong>1330</strong><br />(+21 for winning)
|raw|aladdin2000's rating: 1319 &rarr; <strong>1298</strong><br />(-21 for losing)
|l|☆aladdin2000
|player|p2|
