|j|☆UNBAN SOLGALEO
|j|☆lxymxn
|t:|1757841932
|gametype|singles
|player|p1|UNBAN SOLGALEO|lillie-z|1444
|player|p2|lxymxn|265|1448
|gen|9
|tier|[Gen 9] OU
|rated|
|rule|HP Percentage Mod: HP is shown in percentages
|rule|Endless Battle Clause: Forcing endless battles is banned
|rule|Species Clause: Limit one of each Pokémon
|rule|OHKO Clause: OHKO moves are banned
|rule|Evasion Items Clause: Evasion items are banned
|rule|Evasion Moves Clause: Evasion moves are banned
|rule|Evasion Abilities Clause: Evasion abilities are banned
|rule|Sleep Moves Clause: Sleep-inducing moves are banned
|clearpoke
|poke|p1|Iron Treads|
|poke|p1|Gliscor, M|
|poke|p1|Iron Moth|
|poke|p1|Dragonite, M|
|poke|p1|Zamazenta-*|
|poke|p1|Primarina, F|
|poke|p2|Torkoal, F|
|poke|p2|Walking Wake|
|poke|p2|Great Tusk|
|poke|p2|Ninetales, M|
|poke|p2|Sandy Shocks|
|poke|p2|Ditto|
|teampreview
|inactive|Battle timer is ON: inactive players will automatically lose when time's up. (requested by lxymxn)
|
|t:|1757841948
|teamsize|p1|6
|teamsize|p2|6
|start
|switch|p1a: Iron Moth|Iron Moth|100/100
|switch|p2a: Torkoal|Torkoal, F|100/100
|-weather|SunnyDay|[from] ability: Drought|[of] p2a: Torkoal
|-enditem|p1a: Iron Moth|Booster Energy
|-activate|p1a: Iron Moth|ability: Quark Drive|[fromitem]
|-start|p1a: Iron Moth|quarkdrivespa
|turn|1
|
|t:|1757841953
|move|p1a: Iron Moth|Sludge Wave|p2a: Torkoal
|-damage|p2a: Torkoal|17/100
|move|p2a: Torkoal|Earth Power|p1a: Iron Moth
|-supereffective|p1a: Iron Moth
|-damage|p1a: Iron Moth|21/100
|-unboost|p1a: Iron Moth|spd|1
|
|-weather|SunnyDay|[upkeep]
|upkeep
|turn|2
|
|t:|1757841959
|move|p1a: Iron Moth|Fiery Dance|p2a: Torkoal
|-resisted|p2a: Torkoal
|-damage|p2a: Torkoal|0 fnt
|-boost|p1a: Iron Moth|spa|1
|faint|p2a: Torkoal
|
|-weather|SunnyDay|[upkeep]
|upkeep
|inactive|lxymxn has 120 seconds left.
|
|t:|1757841991
|switch|p2a: Sandy Shocks|Sandy Shocks|100/100
|-activate|p2a: Sandy Shocks|ability: Protosynthesis
|-start|p2a: Sandy Shocks|protosynthesisspe
|turn|3
|inactive|lxymxn has 120 seconds left.
|
|t:|1757842003
|move|p2a: Sandy Shocks|Earth Power|p1a: Iron Moth
|-supereffective|p1a: Iron Moth
|-damage|p1a: Iron Moth|0 fnt
|faint|p1a: Iron Moth
|-end|p1a: Iron Moth|Quark Drive|[silent]
|
|-weather|SunnyDay|[upkeep]
|upkeep
|
|t:|1757842007
|switch|p1a: Gliscor|Gliscor, M|100/100
|turn|4
|
|t:|1757842017
|-end|p2a: Sandy Shocks|Protosynthesis|[silent]
|switch|p2a: Great Tusk|Great Tusk|100/100
|-activate|p2a: Great Tusk|ability: Protosynthesis
|-start|p2a: Great Tusk|protosynthesisatk
|move|p1a: Gliscor|Protect||[still]
|-fail|p1a: Gliscor
|
|-weather|SunnyDay|[upkeep]
|-status|p1a: Gliscor|tox|[from] item: Toxic Orb
|upkeep
|turn|5
|
|t:|1757842026
|-terastallize|p1a: Gliscor|Water
|move|p2a: Great Tusk|Ice Spinner|p1a: Gliscor
|-resisted|p1a: Gliscor
|-damage|p1a: Gliscor|88/100 tox
|move|p1a: Gliscor|Toxic|p2a: Great Tusk
|-status|p2a: Great Tusk|tox
|
|-weather|SunnyDay|[upkeep]
|-damage|p2a: Great Tusk|94/100 tox|[from] psn
|-heal|p1a: Gliscor|100/100 tox|[from] ability: Poison Heal
|upkeep
|turn|6
|
|t:|1757842044
|-end|p2a: Great Tusk|Protosynthesis|[silent]
|switch|p2a: Walking Wake|Walking Wake|100/100
|-activate|p2a: Walking Wake|ability: Protosynthesis
|-start|p2a: Walking Wake|protosynthesisspe
|move|p1a: Gliscor|Spikes|p2a: Walking Wake
|-sidestart|p2: lxymxn|Spikes
|
|-weather|SunnyDay|[upkeep]
|upkeep
|turn|7
|
|t:|1757842059
|move|p1a: Gliscor|Protect|p1a: Gliscor
|-singleturn|p1a: Gliscor|Protect
|move|p2a: Walking Wake|Draco Meteor|p1a: Gliscor
|-activate|p1a: Gliscor|move: Protect
|
|-weather|SunnyDay|[upkeep]
|upkeep
|turn|8
|
|t:|1757842065
|-end|p2a: Walking Wake|Protosynthesis|[silent]
|switch|p2a: Great Tusk|Great Tusk|94/100 tox
|-damage|p2a: Great Tusk|82/100 tox|[from] Spikes
|-activate|p2a: Great Tusk|ability: Protosynthesis
|-start|p2a: Great Tusk|protosynthesisatk
|switch|p1a: Primarina|Primarina, F|100/100
|
|-weather|none
|-end|p2a: Great Tusk|Protosynthesis
|-heal|p2a: Great Tusk|88/100 tox|[from] item: Leftovers
|-damage|p2a: Great Tusk|82/100 tox|[from] psn
|upkeep
|turn|9
|
|t:|1757842075
|move|p2a: Great Tusk|Rapid Spin|p1a: Primarina
|-damage|p1a: Primarina|78/100
|-boost|p2a: Great Tusk|spe|1
|-sideend|p2: lxymxn|Spikes|[from] move: Rapid Spin|[of] p2a: Great Tusk
|move|p1a: Primarina|Surf|p2a: Great Tusk
|-supereffective|p2a: Great Tusk
|-damage|p2a: Great Tusk|0 fnt
|faint|p2a: Great Tusk
|-end|p2a: Great Tusk|Protosynthesis|[silent]
|
|upkeep
|
|t:|1757842087
|switch|p2a: Sandy Shocks|Sandy Shocks|100/100
|turn|10
|
|t:|1757842092
|move|p2a: Sandy Shocks|Thunderbolt|p1a: Primarina
|-supereffective|p1a: Primarina
|-damage|p1a: Primarina|10/100
|move|p1a: Primarina|Surf|p2a: Sandy Shocks
|-supereffective|p2a: Sandy Shocks
|-damage|p2a: Sandy Shocks|0 fnt
|faint|p2a: Sandy Shocks
|-end|p2a: Sandy Shocks|Protosynthesis|[silent]
|
|upkeep
|
|t:|1757842099
|switch|p2a: Ninetales|Ninetales, M|100/100
|-weather|SunnyDay|[from] ability: Drought|[of] p2a: Ninetales
|turn|11
|
|t:|1757842106
|switch|p1a: Gliscor|Gliscor, M, tera:Water|100/100 tox
|move|p2a: Ninetales|Overheat|p1a: Gliscor
|-resisted|p1a: Gliscor
|-damage|p1a: Gliscor|60/100 tox
|-unboost|p2a: Ninetales|spa|2
|-enditem|p2a: Ninetales|Eject Pack
|
|t:|1757842113
|switch|p2a: Walking Wake|Walking Wake|100/100
|-activate|p2a: Walking Wake|ability: Protosynthesis
|-start|p2a: Walking Wake|protosynthesisspe
|
|-weather|SunnyDay|[upkeep]
|-heal|p1a: Gliscor|72/100 tox|[from] ability: Poison Heal
|upkeep
|turn|12
|l|☆lxymxn
|inactive|lxymxn disconnected and has a minute to reconnect!
|player|p2|
|j|☆lxymxn
|inactive|lxymxn reconnected and has 120 seconds left.
|player|p2|lxymxn|265|
|
|t:|1757842151
|-terastallize|p2a: Walking Wake|Water
|move|p1a: Gliscor|Protect|p1a: Gliscor
|-singleturn|p1a: Gliscor|Protect
|move|p2a: Walking Wake|Hydro Steam|p1a: Gliscor
|-activate|p1a: Gliscor|move: Protect
|
|-weather|SunnyDay|[upkeep]
|-heal|p1a: Gliscor|85/100 tox|[from] ability: Poison Heal
|upkeep
|turn|13
|
|t:|1757842161
|move|p2a: Walking Wake|Hydro Steam|p1a: Gliscor
|-resisted|p1a: Gliscor
|-damage|p1a: Gliscor|14/100 tox
|move|p1a: Gliscor|Earthquake|p2a: Walking Wake
|-damage|p2a: Walking Wake|66/100
|
|-weather|SunnyDay|[upkeep]
|-heal|p1a: Gliscor|27/100 tox|[from] ability: Poison Heal
|upkeep
|turn|14
|
|t:|1757842169
|move|p1a: Gliscor|Protect|p1a: Gliscor
|-singleturn|p1a: Gliscor|Protect
|move|p2a: Walking Wake|Hydro Steam|p1a: Gliscor
|-activate|p1a: Gliscor|move: Protect
|
|-weather|SunnyDay|[upkeep]
|-heal|p1a: Gliscor|39/100 tox|[from] ability: Poison Heal
|upkeep
|turn|15
|
|t:|1757842188
|switch|p1a: Iron Treads|Iron Treads|100/100
|-enditem|p1a: Iron Treads|Booster Energy
|-activate|p1a: Iron Treads|ability: Quark Drive|[fromitem]
|-start|p1a: Iron Treads|quarkdrivespe
|move|p2a: Walking Wake|Hydro Steam|p1a: Iron Treads
|-supereffective|p1a: Iron Treads
|-damage|p1a: Iron Treads|0 fnt
|faint|p1a: Iron Treads
|-end|p1a: Iron Treads|Quark Drive|[silent]
|
|-weather|none
|-end|p2a: Walking Wake|Protosynthesis
|upkeep
|
|t:|1757842191
|switch|p1a: Dragonite|Dragonite, M|100/100
|turn|16
|
|t:|1757842194
|-end|p2a: Walking Wake|Protosynthesis|[silent]
|switch|p2a: Ninetales|Ninetales, M|100/100
|-weather|SunnyDay|[from] ability: Drought|[of] p2a: Ninetales
|move|p1a: Dragonite|Earthquake|p2a: Ninetales
|-supereffective|p2a: Ninetales
|-damage|p2a: Ninetales|0 fnt
|faint|p2a: Ninetales
|
|-weather|SunnyDay|[upkeep]
|upkeep
|
|t:|1757842204
|switch|p2a: Ditto|Ditto|100/100
|-transform|p2a: Ditto|p1a: Dragonite|[from] ability: Imposter
|turn|17
|
|t:|1757842219
|move|p2a: Ditto|Extreme Speed|p1a: Dragonite
|-damage|p1a: Dragonite|83/100
|move|p1a: Dragonite|Fire Punch|p2a: Ditto
|-resisted|p2a: Ditto
|-damage|p2a: Ditto|88/100
|
|-weather|SunnyDay|[upkeep]
|upkeep
|turn|18
|c|☆UNBAN SOLGALEO|come on hit me
|
|t:|1757842225
|switch|p1a: Zamazenta|Zamazenta|100/100
|-ability|p1a: Zamazenta|Dauntless Shield|boost
|-boost|p1a: Zamazenta|def|1
|move|p2a: Ditto|Extreme Speed|p1a: Zamazenta
|-damage|p1a: Zamazenta|82/100
|
|-weather|SunnyDay|[upkeep]
|upkeep
|turn|19
|
|t:|1757842233
|switch|p2a: Walking Wake|Walking Wake, tera:Water|66/100
|-activate|p2a: Walking Wake|ability: Protosynthesis
|-start|p2a: Walking Wake|protosynthesisspe
|move|p1a: Zamazenta|Stone Edge|p2a: Walking Wake
|-crit|p2a: Walking Wake
|-damage|p2a: Walking Wake|12/100
|
|-weather|SunnyDay|[upkeep]
|upkeep
|turn|20
|
|t:|1757842241
|switch|p1a: Primarina|Primarina, F|10/100
|move|p2a: Walking Wake|Hydro Steam|p1a: Primarina
|-resisted|p1a: Primarina
|-damage|p1a: Primarina|0 fnt
|faint|p1a: Primarina
|
|-weather|none
|-end|p2a: Walking Wake|Protosynthesis
|upkeep
|
|t:|1757842243
|switch|p1a: Dragonite|Dragonite, M|83/100
|turn|21
|
|t:|1757842248
|-end|p2a: Walking Wake|Protosynthesis|[silent]
|switch|p2a: Ditto|Ditto|88/100
|-transform|p2a: Ditto|p1a: Dragonite|[from] ability: Imposter
|move|p1a: Dragonite|Extreme Speed|p2a: Ditto
|-damage|p2a: Ditto|53/100
|
|upkeep
|turn|22
|
|t:|1757842253
|switch|p1a: Zamazenta|Zamazenta|82/100
|move|p2a: Ditto|Extreme Speed|p1a: Zamazenta
|-damage|p1a: Zamazenta|52/100
|
|upkeep
|turn|23
|
|t:|1757842256
|move|p2a: Ditto|Extreme Speed|p1a: Zamazenta
|-damage|p1a: Zamazenta|25/100
|move|p1a: Zamazenta|Stone Edge|p2a: Ditto|[miss]
|-miss|p1a: Zamazenta|p2a: Ditto
|
|upkeep
|turn|24
|
|t:|1757842262
|move|p2a: Ditto|Extreme Speed|p1a: Zamazenta
|-damage|p1a: Zamazenta|0 fnt
|faint|p1a: Zamazenta
|
|upkeep
|
|t:|1757842269
|switch|p1a: Gliscor|Gliscor, M, tera:Water|39/100 tox
|turn|25
|
|t:|1757842271
|move|p2a: Ditto|Extreme Speed|p1a: Gliscor
|-damage|p1a: Gliscor|19/100 tox
|move|p1a: Gliscor|Toxic|p2a: Ditto
|-status|p2a: Ditto|tox
|
|-damage|p2a: Ditto|47/100 tox|[from] psn
|-heal|p1a: Gliscor|32/100 tox|[from] ability: Poison Heal
|upkeep
|turn|26
|
|t:|1757842278
|switch|p2a: Walking Wake|Walking Wake, tera:Water|12/100
|move|p1a: Gliscor|Spikes|p2a: Walking Wake
|-sidestart|p2: lxymxn|Spikes
|
|-heal|p1a: Gliscor|44/100 tox|[from] ability: Poison Heal
|upkeep
|turn|27
|
|t:|1757842285
|move|p1a: Gliscor|Protect|p1a: Gliscor
|-singleturn|p1a: Gliscor|Protect
|move|p2a: Walking Wake|Dragon Pulse|p1a: Gliscor
|-activate|p1a: Gliscor|move: Protect
|
|-heal|p1a: Gliscor|56/100 tox|[from] ability: Poison Heal
|upkeep
|turn|28
|
|t:|1757842289
|move|p2a: Walking Wake|Dragon Pulse|p1a: Gliscor
|-damage|p1a: Gliscor|0 fnt
|faint|p1a: Gliscor
|
|upkeep
|
|t:|1757842291
|switch|p1a: Dragonite|Dragonite, M|83/100
|turn|29
|
|t:|1757842294
|move|p1a: Dragonite|Extreme Speed|p2a: Walking Wake
|-damage|p2a: Walking Wake|0 fnt
|faint|p2a: Walking Wake
|-end|p2a: Walking Wake|Protosynthesis|[silent]
|
|upkeep
|
|t:|1757842296
|switch|p2a: Ditto|Ditto|47/100 tox
|-damage|p2a: Ditto|34/100 tox|[from] Spikes
|-transform|p2a: Ditto|p1a: Dragonite|[from] ability: Imposter
|turn|30
|
|t:|1757842299
|move|p2a: Ditto|Extreme Speed|p1a: Dragonite
|-damage|p1a: Dragonite|50/100
|move|p1a: Dragonite|Extreme Speed|p2a: Ditto
|-damage|p2a: Ditto|0 fnt
|faint|p2a: Ditto
|
|win|UNBAN SOLGALEO
|raw|UNBAN SOLGALEO's rating: 1444 &rarr; <strong>1464</strong><br />(+20 for winning)
|raw|lxymxn's rating: 1448 &rarr; <strong>1428</strong><br />(-20 for losing)
|l|☆lxymxn
|player|p2|
|l|☆UNBAN SOLGALEO
|player|p1|
