|j|☆REX_1A91S
|j|☆go7777777
|t:|1757941462
|gametype|singles
|player|p1|REX_1A91S|riley|1468
|player|p2|go7777777|red|1510
|gen|9
|tier|[Gen 9] OU
|rated|
|rule|HP Percentage Mod: HP is shown in percentages
|rule|Endless Battle Clause: Forcing endless battles is banned
|rule|Species Clause: Limit one of each Pokémon
|rule|OHKO Clause: OHKO moves are banned
|rule|Evasion Items Clause: Evasion items are banned
|rule|Evasion Moves Clause: Evasion moves are banned
|rule|Evasion Abilities Clause: Evasion abilities are banned
|rule|Sleep Moves Clause: Sleep-inducing moves are banned
|clearpoke
|poke|p1|Corviknight, M|
|poke|p1|Slowking-Galar, F|
|poke|p1|Pecharunt|
|poke|p1|Kyurem|
|poke|p1|Great Tusk|
|poke|p1|Dragapult, M|
|poke|p2|Braviary-Hisui, M|
|poke|p2|Pelipper, M|
|poke|p2|Porygon2|
|poke|p2|Hatterene, F|
|poke|p2|Basculegion, M|
|poke|p2|Floatzel, M|
|teampreview
|inactive|Battle timer is ON: inactive players will automatically lose when time's up. (requested by go7777777)
|
|t:|1757941476
|teamsize|p1|6
|teamsize|p2|6
|start
|switch|p1a: Slowking|Slowking-Galar, F|100/100
|switch|p2a: Porygon2|Porygon2|100/100
|-ability|p2a: Porygon2|Download|boost
|-boost|p2a: Porygon2|atk|1
|turn|1
|
|t:|1757941483
|move|p2a: Porygon2|Shadow Ball|p1a: Slowking
|-supereffective|p1a: Slowking
|-damage|p1a: Slowking|80/100
|move|p1a: Slowking|Sludge Bomb|p2a: Porygon2
|-damage|p2a: Porygon2|78/100
|
|upkeep
|turn|2
|
|t:|1757941489
|move|p2a: Porygon2|Shadow Ball|p1a: Slowking
|-supereffective|p1a: Slowking
|-damage|p1a: Slowking|60/100
|-unboost|p1a: Slowking|spd|1
|move|p1a: Slowking|Sludge Bomb|p2a: Porygon2
|-damage|p2a: Porygon2|55/100
|
|upkeep
|turn|3
|
|t:|1757941499
|switch|p1a: Corviknight|Corviknight, M|100/100
|-ability|p1a: Corviknight|Pressure
|move|p2a: Porygon2|Recover|p2a: Porygon2
|-heal|p2a: Porygon2|100/100
|
|upkeep
|turn|4
|
|t:|1757941505
|move|p1a: Corviknight|U-turn|p2a: Porygon2
|-damage|p2a: Porygon2|91/100
|
|t:|1757941510
|switch|p1a: Slowking|Slowking-Galar, F|94/100|[from] U-turn
|move|p2a: Porygon2|Trick Room|p2a: Porygon2
|-fieldstart|move: Trick Room|[of] p2a: Porygon2
|
|upkeep
|turn|5
|
|t:|1757941523
|switch|p2a: Braviary|Braviary-Hisui, M|100/100
|move|p1a: Slowking|Sludge Bomb|p2a: Braviary
|-damage|p2a: Braviary|58/100
|
|upkeep
|turn|6
|
|t:|1757941529
|move|p1a: Slowking|Sludge Bomb|p2a: Braviary
|-damage|p2a: Braviary|10/100
|move|p2a: Braviary|Psyshock|p1a: Slowking
|-damage|p1a: Slowking|27/100
|
|upkeep
|turn|7
|
|t:|1757941535
|switch|p2a: Pelipper|Pelipper, M|100/100
|-weather|RainDance|[from] ability: Drizzle|[of] p2a: Pelipper
|move|p1a: Slowking|Sludge Bomb|p2a: Pelipper
|-damage|p2a: Pelipper|42/100
|
|-weather|RainDance|[upkeep]
|upkeep
|turn|8
|
|t:|1757941545
|switch|p2a: Basculegion|Basculegion, M|100/100
|move|p1a: Slowking|Sludge Bomb|p2a: Basculegion
|-resisted|p2a: Basculegion
|-damage|p2a: Basculegion|78/100
|
|-weather|RainDance|[upkeep]
|-fieldend|move: Trick Room
|upkeep
|turn|9
|
|t:|1757941554
|switch|p1a: Corviknight|Corviknight, M|100/100
|-ability|p1a: Corviknight|Pressure
|move|p2a: Basculegion|Wave Crash|p1a: Corviknight
|-damage|p1a: Corviknight|12/100
|-damage|p2a: Basculegion|48/100|[from] Recoil
|
|-weather|RainDance|[upkeep]
|-heal|p1a: Corviknight|18/100|[from] item: Leftovers
|upkeep
|turn|10
|
|t:|1757941566
|move|p2a: Basculegion|Wave Crash|p1a: Corviknight
|-damage|p1a: Corviknight|0 fnt
|faint|p1a: Corviknight
|-damage|p2a: Basculegion|42/100|[from] Recoil
|
|-weather|RainDance|[upkeep]
|upkeep
|
|t:|1757941572
|switch|p1a: Pecharunt|Pecharunt|100/100
|turn|11
|
|t:|1757941576
|-terastallize|p1a: Pecharunt|Water
|move|p2a: Basculegion|Wave Crash|p1a: Pecharunt
|-resisted|p1a: Pecharunt
|-damage|p1a: Pecharunt|69/100
|-damage|p2a: Basculegion|32/100|[from] Recoil
|move|p1a: Pecharunt|Malignant Chain|p2a: Basculegion
|-resisted|p2a: Basculegion
|-damage|p2a: Basculegion|15/100
|-status|p2a: Basculegion|tox
|-start|p2a: Basculegion|confusion|[from] ability: Poison Puppeteer|[of] p1a: Pecharunt
|
|-weather|RainDance|[upkeep]
|-damage|p2a: Basculegion|9/100 tox|[from] psn
|upkeep
|turn|12
|
|t:|1757941590
|switch|p2a: Porygon2|Porygon2|91/100
|-ability|p2a: Porygon2|Download|boost
|-boost|p2a: Porygon2|spa|1
|move|p1a: Pecharunt|Parting Shot|p2a: Porygon2
|-unboost|p2a: Porygon2|atk|1
|-unboost|p2a: Porygon2|spa|1
|
|t:|1757941597
|switch|p1a: Slowking|Slowking-Galar, F|60/100|[from] Parting Shot
|
|-weather|RainDance|[upkeep]
|upkeep
|turn|13
|
|t:|1757941602
|move|p2a: Porygon2|Shadow Ball|p1a: Slowking
|-supereffective|p1a: Slowking
|-damage|p1a: Slowking|41/100
|move|p1a: Slowking|Sludge Bomb|p2a: Porygon2
|-damage|p2a: Porygon2|70/100
|-status|p2a: Porygon2|psn
|
|-weather|RainDance|[upkeep]
|-damage|p2a: Porygon2|58/100 psn|[from] psn
|upkeep
|turn|14
|
|t:|1757941616
|move|p1a: Slowking|Sludge Bomb|p2a: Porygon2
|-damage|p2a: Porygon2|38/100 psn
|move|p2a: Porygon2|Trick Room|p2a: Porygon2
|-fieldstart|move: Trick Room|[of] p2a: Porygon2
|
|-weather|none
|-damage|p2a: Porygon2|26/100 psn|[from] psn
|upkeep
|turn|15
|
|t:|1757941622
|switch|p2a: Braviary|Braviary-Hisui, M|10/100
|move|p1a: Slowking|Sludge Bomb|p2a: Braviary
|-damage|p2a: Braviary|0 fnt
|faint|p2a: Braviary
|
|upkeep
|
|t:|1757941624
|switch|p2a: Hatterene|Hatterene, F|100/100
|turn|16
|
|t:|1757941630
|move|p2a: Hatterene|Psychic Noise|p1a: Slowking
|-damage|p1a: Slowking|18/100
|-start|p1a: Slowking|move: Heal Block
|move|p1a: Slowking|Sludge Bomb|p2a: Hatterene
|-supereffective|p2a: Hatterene
|-damage|p2a: Hatterene|16/100
|-status|p2a: Hatterene|psn
|
|-damage|p2a: Hatterene|3/100 psn|[from] psn
|upkeep
|turn|17
|
|t:|1757941643
|switch|p1a: Pecharunt|Pecharunt, tera:Water|69/100
|move|p2a: Hatterene|Healing Wish|p2a: Hatterene
|faint|p2a: Hatterene
|
|upkeep
|
|t:|1757941646
|switch|p2a: Basculegion|Basculegion, M|9/100 tox
|-heal|p2a: Basculegion|100/100|[from] move: Healing Wish
|turn|18
|
|t:|1757941652
|switch|p2a: Pelipper|Pelipper, M|42/100
|-weather|RainDance|[from] ability: Drizzle|[of] p2a: Pelipper
|move|p1a: Pecharunt|Malignant Chain|p2a: Pelipper
|-damage|p2a: Pelipper|2/100
|-status|p2a: Pelipper|tox
|-start|p2a: Pelipper|confusion|[from] ability: Poison Puppeteer|[of] p1a: Pecharunt
|
|-weather|RainDance|[upkeep]
|-damage|p2a: Pelipper|0 fnt|[from] psn
|faint|p2a: Pelipper
|-fieldend|move: Trick Room
|upkeep
|
|t:|1757941656
|switch|p2a: Basculegion|Basculegion, M|100/100
|turn|19
|
|t:|1757941666
|-terastallize|p2a: Basculegion|Ghost
|move|p2a: Basculegion|Tera Blast|p1a: Pecharunt|[anim] Tera Blast Ghost
|-damage|p1a: Pecharunt|27/100
|move|p1a: Pecharunt|Recover|p1a: Pecharunt
|-heal|p1a: Pecharunt|77/100
|
|-weather|RainDance|[upkeep]
|upkeep
|turn|20
|
|t:|1757941675
|move|p2a: Basculegion|Tera Blast|p1a: Pecharunt|[anim] Tera Blast Ghost
|-damage|p1a: Pecharunt|37/100
|move|p1a: Pecharunt|Recover|p1a: Pecharunt
|-heal|p1a: Pecharunt|87/100
|
|-weather|RainDance|[upkeep]
|upkeep
|turn|21
|
|t:|1757941685
|move|p2a: Basculegion|Tera Blast|p1a: Pecharunt|[anim] Tera Blast Ghost
|-damage|p1a: Pecharunt|49/100
|move|p1a: Pecharunt|Recover|p1a: Pecharunt
|-heal|p1a: Pecharunt|99/100
|
|-weather|RainDance|[upkeep]
|upkeep
|turn|22
|
|t:|1757941693
|move|p2a: Basculegion|Tera Blast|p1a: Pecharunt|[anim] Tera Blast Ghost
|-damage|p1a: Pecharunt|59/100
|move|p1a: Pecharunt|Shadow Ball|p2a: Basculegion
|-supereffective|p2a: Basculegion
|-damage|p2a: Basculegion|45/100
|-unboost|p2a: Basculegion|spd|1
|
|-weather|RainDance|[upkeep]
|upkeep
|turn|23
|
|t:|1757941701
|move|p2a: Basculegion|Tera Blast|p1a: Pecharunt|[anim] Tera Blast Ghost
|-damage|p1a: Pecharunt|18/100
|move|p1a: Pecharunt|Shadow Ball|p2a: Basculegion
|-supereffective|p2a: Basculegion
|-damage|p2a: Basculegion|0 fnt
|faint|p2a: Basculegion
|
|-weather|RainDance|[upkeep]
|upkeep
|
|t:|1757941704
|switch|p2a: Floatzel|Floatzel, M|100/100
|turn|24
|
|t:|1757941711
|move|p2a: Floatzel|Wave Crash|p1a: Pecharunt
|-resisted|p1a: Pecharunt
|-damage|p1a: Pecharunt|0 fnt
|faint|p1a: Pecharunt
|-damage|p2a: Floatzel|94/100|[from] Recoil
|
|-weather|RainDance|[upkeep]
|upkeep
|
|t:|1757941717
|switch|p1a: Kyurem|Kyurem|100/100
|-ability|p1a: Kyurem|Pressure
|turn|25
|
|t:|1757941721
|move|p2a: Floatzel|Wave Crash|p1a: Kyurem
|-resisted|p1a: Kyurem
|-damage|p1a: Kyurem|34/100
|-damage|p2a: Floatzel|67/100|[from] Recoil
|move|p1a: Kyurem|Freeze-Dry|p2a: Floatzel
|-supereffective|p2a: Floatzel
|-damage|p2a: Floatzel|0 fnt
|faint|p2a: Floatzel
|
|-weather|none
|upkeep
|
|t:|1757941724
|switch|p2a: Porygon2|Porygon2|26/100 psn
|-ability|p2a: Porygon2|Download|boost
|-boost|p2a: Porygon2|atk|1
|turn|26
|
|t:|1757941733
|move|p1a: Kyurem|Freeze-Dry|p2a: Porygon2
|-damage|p2a: Porygon2|0 fnt
|faint|p2a: Porygon2
|
|win|REX_1A91S
|raw|REX_1A91S's rating: 1468 &rarr; <strong>1490</strong><br />(+22 for winning)
|raw|go7777777's rating: 1510 &rarr; <strong>1488</strong><br />(-22 for losing)
|l|☆go7777777
|player|p2|
|l|☆REX_1A91S
|player|p1|
