|j|☆James1715
|j|☆dw junkie
|t:|1757938799
|gametype|singles
|player|p1|James1715|red|1329
|player|p2|dw junkie|102|1301
|gen|9
|tier|[Gen 9] OU
|rated|
|rule|HP Percentage Mod: HP is shown in percentages
|rule|Endless Battle Clause: Forcing endless battles is banned
|rule|Species Clause: Limit one of each Pokémon
|rule|OHKO Clause: OHKO moves are banned
|rule|Evasion Items Clause: Evasion items are banned
|rule|Evasion Moves Clause: Evasion moves are banned
|rule|Evasion Abilities Clause: Evasion abilities are banned
|rule|Sleep Moves Clause: Sleep-inducing moves are banned
|clearpoke
|poke|p1|Greninja-*, M|
|poke|p1|Cinderace, F|
|poke|p1|Raging Bolt|
|poke|p1|Serperior, M|
|poke|p1|Dragapult, M|
|poke|p1|Iron Valiant|
|poke|p2|Araquanid, F|
|poke|p2|Weezing-Galar, F|
|poke|p2|Raging Bolt|
|poke|p2|Weavile, M|
|poke|p2|Breloom, F|
|poke|p2|Garganacl, M|
|teampreview
|inactive|Battle timer is ON: inactive players will automatically lose when time's up. (requested by dw junkie)
|
|t:|1757938806
|teamsize|p1|6
|teamsize|p2|6
|start
|switch|p1a: Serperior|Serperior, M|100/100
|switch|p2a: Araquanid|Araquanid, F|100/100
|turn|1
|
|t:|1757938813
|move|p1a: Serperior|Leaf Storm|p2a: Araquanid
|-damage|p2a: Araquanid|62/100
|-boost|p1a: Serperior|spa|2
|move|p2a: Araquanid|Lunge|p1a: Serperior
|-supereffective|p1a: Serperior
|-damage|p1a: Serperior|24/100
|-boost|p1a: Serperior|atk|1
|
|-heal|p1a: Serperior|31/100|[from] item: Leftovers
|upkeep
|turn|2
|
|t:|1757938827
|move|p1a: Serperior|Leaf Storm|p2a: Araquanid
|-damage|p2a: Araquanid|0 fnt
|-boost|p1a: Serperior|spa|2
|faint|p2a: Araquanid
|
|-heal|p1a: Serperior|37/100|[from] item: Leftovers
|upkeep
|
|t:|1757938835
|switch|p2a: Breloom|Breloom, F|100/100
|turn|3
|
|t:|1757938839
|-terastallize|p1a: Serperior|Fire
|move|p2a: Breloom|Mach Punch|p1a: Serperior
|-damage|p1a: Serperior|0 fnt
|faint|p1a: Serperior
|
|upkeep
|
|t:|1757938858
|switch|p1a: Cinderace|Cinderace, F|100/100
|turn|4
|
|t:|1757938866
|-terastallize|p2a: Breloom|Rock
|move|p1a: Cinderace|Pyro Ball|p2a: Breloom
|-resisted|p2a: Breloom
|-damage|p2a: Breloom|52/100
|move|p2a: Breloom|Rock Tomb|p1a: Cinderace
|-supereffective|p1a: Cinderace
|-damage|p1a: Cinderace|0 fnt
|faint|p1a: Cinderace
|
|upkeep
|
|t:|1757938876
|switch|p1a: Greninja|Greninja, M|100/100
|turn|5
|
|t:|1757938880
|move|p1a: Greninja|Water Shuriken|p2a: Breloom
|-supereffective|p2a: Breloom
|-damage|p2a: Breloom|20/100
|-supereffective|p2a: Breloom
|-damage|p2a: Breloom|0 fnt
|faint|p2a: Breloom
|-ability|p1a: Greninja|Battle Bond|boost
|-boost|p1a: Greninja|atk|1
|-boost|p1a: Greninja|spa|1
|-boost|p1a: Greninja|spe|1
|-activate|p1a: Greninja|ability: Battle Bond
|-hitcount|p2: Breloom|2
|
|upkeep
|
|t:|1757938891
|switch|p2a: Raging Bolt|Raging Bolt|100/100
|-enditem|p2a: Raging Bolt|Booster Energy
|-activate|p2a: Raging Bolt|ability: Protosynthesis|[fromitem]
|-start|p2a: Raging Bolt|protosynthesisspa
|turn|6
|
|t:|1757938909
|switch|p1a: Iron Valiant|Iron Valiant|100/100
|-enditem|p1a: Iron Valiant|Booster Energy
|-activate|p1a: Iron Valiant|ability: Quark Drive|[fromitem]
|-start|p1a: Iron Valiant|quarkdrivespe
|move|p2a: Raging Bolt|Volt Switch|p1a: Iron Valiant
|-damage|p1a: Iron Valiant|0 fnt
|faint|p1a: Iron Valiant
|-end|p1a: Iron Valiant|Quark Drive|[silent]
|
|t:|1757938919
|-end|p2a: Raging Bolt|Protosynthesis|[silent]
|switch|p2a: Weezing|Weezing-Galar, F|100/100|[from] Volt Switch
|-ability|p2a: Weezing|Neutralizing Gas
|
|upkeep
|
|t:|1757938929
|switch|p1a: Raging Bolt|Raging Bolt|100/100
|turn|7
|
|t:|1757938934
|move|p1a: Raging Bolt|Thunderbolt|p2a: Weezing
|-damage|p2a: Weezing|51/100
|move|p2a: Weezing|Strange Steam|p1a: Raging Bolt
|-supereffective|p1a: Raging Bolt
|-damage|p1a: Raging Bolt|48/100
|
|-heal|p2a: Weezing|57/100|[from] item: Black Sludge
|upkeep
|turn|8
|
|t:|1757938949
|move|p1a: Raging Bolt|Thunderbolt|p2a: Weezing
|-damage|p2a: Weezing|11/100
|move|p2a: Weezing|Strange Steam|p1a: Raging Bolt
|-supereffective|p1a: Raging Bolt
|-crit|p1a: Raging Bolt
|-damage|p1a: Raging Bolt|0 fnt
|faint|p1a: Raging Bolt
|-end|p1a: Raging Bolt|Protosynthesis|[silent]
|
|-heal|p2a: Weezing|17/100|[from] item: Black Sludge
|upkeep
|
|t:|1757938959
|switch|p1a: Greninja|Greninja, M|100/100
|turn|9
|
|t:|1757938963
|move|p1a: Greninja|Water Shuriken|p2a: Weezing
|-damage|p2a: Weezing|9/100
|-damage|p2a: Weezing|2/100
|-damage|p2a: Weezing|0 fnt
|faint|p2a: Weezing
|-end|p2a: Weezing|ability: Neutralizing Gas
|-hitcount|p2: Weezing|3
|
|upkeep
|
|t:|1757938975
|switch|p2a: Raging Bolt|Raging Bolt|100/100
|turn|10
|
|t:|1757938980
|move|p2a: Raging Bolt|Thunderclap|p1a: Greninja
|-supereffective|p1a: Greninja
|-damage|p1a: Greninja|0 fnt
|faint|p1a: Greninja
|
|upkeep
|
|t:|1757938985
|switch|p1a: Dragapult|Dragapult, M, shiny|100/100
|turn|11
|
|t:|1757938989
|move|p1a: Dragapult|Dragon Darts|p2a: Raging Bolt
|-supereffective|p2a: Raging Bolt
|-damage|p2a: Raging Bolt|48/100
|-anim|p1a: Dragapult|Dragon Darts|p2a: Raging Bolt
|-supereffective|p2a: Raging Bolt
|-damage|p2a: Raging Bolt|0 fnt
|faint|p2a: Raging Bolt
|-end|p2a: Raging Bolt|Protosynthesis|[silent]
|-damage|p1a: Dragapult|91/100|[from] item: Life Orb
|
|upkeep
|
|t:|1757938997
|switch|p2a: Garganacl|Garganacl, M|100/100
|turn|12
|
|t:|1757939005
|move|p1a: Dragapult|Shadow Ball|p2a: Garganacl
|-damage|p2a: Garganacl|84/100
|-damage|p1a: Dragapult|81/100|[from] item: Life Orb
|move|p2a: Garganacl|Salt Cure|p1a: Dragapult
|-damage|p1a: Dragapult|63/100
|-start|p1a: Dragapult|Salt Cure
|
|-heal|p2a: Garganacl|90/100|[from] item: Leftovers
|-damage|p1a: Dragapult|51/100|[from] Salt Cure
|upkeep
|turn|13
|
|t:|1757939016
|move|p1a: Dragapult|Dragon Darts|p2a: Garganacl
|-damage|p2a: Garganacl|74/100
|-anim|p1a: Dragapult|Dragon Darts|p2a: Garganacl
|-damage|p2a: Garganacl|57/100
|-damage|p1a: Dragapult|41/100|[from] item: Life Orb
|move|p2a: Garganacl|Salt Cure|p1a: Dragapult
|-damage|p1a: Dragapult|23/100
|
|-heal|p2a: Garganacl|63/100|[from] item: Leftovers
|-damage|p1a: Dragapult|10/100|[from] Salt Cure
|upkeep
|turn|14
|
|t:|1757939029
|move|p1a: Dragapult|Draco Meteor|p2a: Garganacl
|-damage|p2a: Garganacl|13/100
|-unboost|p1a: Dragapult|spa|2
|-damage|p1a: Dragapult|0 fnt|[from] item: Life Orb
|faint|p1a: Dragapult
|
|win|dw junkie
|raw|James1715's rating: 1329 &rarr; <strong>1307</strong><br />(-22 for losing)
|raw|dw junkie's rating: 1301 &rarr; <strong>1323</strong><br />(+22 for winning)
|l|☆dw junkie
|player|p2|
