|j|☆mulinhan
|j|‽Flocking glock
|t:|1757910016
|gametype|singles
|player|p1|mulinhan|1|1344
|player|p2|Flocking glock|266|1378
|gen|9
|tier|[Gen 9] OU
|rated|
|rule|HP Percentage Mod: HP is shown in percentages
|rule|Endless Battle Clause: Forcing endless battles is banned
|rule|Species Clause: Limit one of each Pokémon
|rule|OHKO Clause: OHKO moves are banned
|rule|Evasion Items Clause: Evasion items are banned
|rule|Evasion Moves Clause: Evasion moves are banned
|rule|Evasion Abilities Clause: Evasion abilities are banned
|rule|Sleep Moves Clause: Sleep-inducing moves are banned
|clearpoke
|poke|p1|Dragapult, M|
|poke|p1|Meowscarada, M|
|poke|p1|Iron Treads|
|poke|p1|Gardevoir, M|
|poke|p1|Zoroark-Hisui, F|
|poke|p1|Kingambit, M|
|poke|p2|Samurott-Hisui, F|
|poke|p2|Great Tusk|
|poke|p2|Volcanion|
|poke|p2|Hydrapple, M|
|poke|p2|Gholdengo|
|poke|p2|Landorus-Therian, M|
|teampreview
|
|t:|1757910042
|teamsize|p1|6
|teamsize|p2|6
|start
|switch|p1a: Meowscarada|Meowscarada, M|100/100
|switch|p2a: Volcanion|Volcanion|100/100
|turn|1
|
|t:|1757910061
|move|p1a: Meowscarada|Hyper Voice|p2a: Volcanion
|-damage|p2a: Volcanion|27/100
|move|p2a: Volcanion|Will-O-Wisp|p1a: Meowscarada|[miss]
|-miss|p2a: Volcanion|p1a: Meowscarada
|
|upkeep
|turn|2
|
|t:|1757910075
|switch|p1a: Dragapult|Dragapult, M|100/100
|switch|p2a: Samurott|Samurott-Hisui, F|100/100
|
|upkeep
|turn|3
|
|t:|1757910086
|switch|p1a: Kingambit|Kingambit, M|100/100
|move|p2a: Samurott|Ceaseless Edge|p1a: Kingambit
|-resisted|p1a: Kingambit
|-damage|p1a: Kingambit|86/100
|-sidestart|p1: mulinhan|Spikes
|
|upkeep
|turn|4
|
|t:|1757910093
|move|p2a: Samurott|Ceaseless Edge|p1a: Kingambit
|-resisted|p1a: Kingambit
|-damage|p1a: Kingambit|71/100
|-sidestart|p1: mulinhan|Spikes
|move|p1a: Kingambit|Low Kick|p2a: Samurott
|-supereffective|p2a: Samurott
|-damage|p2a: Samurott|30/100
|
|upkeep
|turn|5
|
|t:|1757910101
|move|p2a: Samurott|Razor Shell|p1a: Kingambit
|-damage|p1a: Kingambit|36/100
|move|p1a: Kingambit|Swords Dance|p1a: Kingambit
|-boost|p1a: Kingambit|atk|2
|
|upkeep
|turn|6
|
|t:|1757910108
|move|p2a: Samurott|Sucker Punch|p1a: Kingambit
|-resisted|p1a: Kingambit
|-damage|p1a: Kingambit|24/100
|move|p1a: Kingambit|Sucker Punch||[still]
|-fail|p1a: Kingambit
|
|upkeep
|turn|7
|
|t:|1757910113
|move|p2a: Samurott|Razor Shell|p1a: Kingambit
|-damage|p1a: Kingambit|0 fnt
|faint|p1a: Kingambit
|-end|p1a: Kingambit|fallenundefined|[silent]
|
|upkeep
|
|t:|1757910123
|switch|p1a: Iron Treads|Iron Treads|100/100
|-damage|p1a: Iron Treads|84/100|[from] Spikes
|turn|8
|
|t:|1757910127
|switch|p2a: Gholdengo|Gholdengo|100/100
|-item|p2a: Gholdengo|Air Balloon
|move|p1a: Iron Treads|Rapid Spin|p2a: Gholdengo
|-immune|p2a: Gholdengo
|
|upkeep
|turn|9
|
|t:|1757910135
|move|p1a: Iron Treads|Knock Off|p2a: Gholdengo
|-supereffective|p2a: Gholdengo
|-damage|p2a: Gholdengo|53/100
|-enditem|p2a: Gholdengo|Air Balloon
|move|p2a: Gholdengo|Shadow Ball|p1a: Iron Treads
|-damage|p1a: Iron Treads|60/100
|
|upkeep
|turn|10
|
|t:|1757910143
|switch|p2a: Landorus|Landorus-Therian, M|100/100
|-ability|p2a: Landorus|Intimidate|boost
|-unboost|p1a: Iron Treads|atk|1
|move|p1a: Iron Treads|Earthquake|p2a: Landorus
|-immune|p2a: Landorus
|
|upkeep
|turn|11
|
|t:|1757910149
|move|p2a: Landorus|Earthquake|p1a: Iron Treads
|-supereffective|p1a: Iron Treads
|-damage|p1a: Iron Treads|0 fnt
|faint|p1a: Iron Treads
|-end|p1a: Iron Treads|Quark Drive|[silent]
|
|upkeep
|
|t:|1757910154
|switch|p1a: Meowscarada|Meowscarada, M|100/100
|-damage|p1a: Meowscarada|84/100|[from] Spikes
|turn|12
|
|t:|1757910163
|switch|p2a: Volcanion|Volcanion|27/100
|-terastallize|p1a: Meowscarada|Ghost
|move|p1a: Meowscarada|Shadow Ball|p2a: Volcanion
|-damage|p2a: Volcanion|0 fnt
|faint|p2a: Volcanion
|
|upkeep
|
|t:|1757910169
|switch|p2a: Samurott|Samurott-Hisui, F|30/100
|turn|13
|
|t:|1757910178
|switch|p1a: Meowscarada|Meowscarada, M|100/100
|-damage|p1a: Meowscarada|84/100|[from] Spikes
|move|p2a: Samurott|Ceaseless Edge|p1a: Meowscarada
|-resisted|p1a: Meowscarada
|-damage|p1a: Meowscarada|53/100
|-sidestart|p1: mulinhan|Spikes
|
|upkeep
|turn|14
|
|t:|1757910188
|switch|p2a: Hydrapple|Hydrapple, M|100/100
|move|p1a: Meowscarada|Triple Axel|p2a: Hydrapple
|-start|p1a: Meowscarada|typechange|Ice|[from] ability: Protean
|-supereffective|p2a: Hydrapple
|-damage|p2a: Hydrapple|69/100
|-damage|p1a: Meowscarada|37/100|[from] item: Rocky Helmet|[of] p2a: Hydrapple
|-supereffective|p2a: Hydrapple
|-damage|p2a: Hydrapple|7/100
|-damage|p1a: Meowscarada|21/100|[from] item: Rocky Helmet|[of] p2a: Hydrapple
|-supereffective|p2a: Hydrapple
|-damage|p2a: Hydrapple|0 fnt
|-damage|p1a: Meowscarada|4/100|[from] item: Rocky Helmet|[of] p2a: Hydrapple
|faint|p2a: Hydrapple
|-hitcount|p2: Hydrapple|3
|
|upkeep
|
|t:|1757910194
|switch|p2a: Samurott|Samurott-Hisui, F|30/100
|turn|15
|
|t:|1757910204
|move|p2a: Samurott|Sucker Punch|p1a: Meowscarada
|-damage|p1a: Meowscarada|0 fnt
|faint|p1a: Meowscarada
|
|upkeep
|
|t:|1757910208
|switch|p1a: Gardevoir|Gardevoir, M|100/100
|-damage|p1a: Gardevoir|76/100|[from] Spikes
|-ability|p1a: Gardevoir|Sharpness|Trace|[from] ability: Trace|[of] p2a: Samurott
|turn|16
|
|t:|1757910216
|switch|p2a: Gholdengo|Gholdengo|53/100
|move|p1a: Gardevoir|Moonblast|p2a: Gholdengo
|-resisted|p2a: Gholdengo
|-damage|p2a: Gholdengo|30/100
|
|upkeep
|turn|17
|
|t:|1757910224
|move|p1a: Gardevoir|Moonblast|p2a: Gholdengo
|-resisted|p2a: Gholdengo
|-damage|p2a: Gholdengo|6/100
|move|p2a: Gholdengo|Shadow Ball|p1a: Gardevoir
|-supereffective|p1a: Gardevoir
|-damage|p1a: Gardevoir|0 fnt
|faint|p1a: Gardevoir
|
|upkeep
|
|t:|1757910231
|switch|p1a: Dragapult|Dragapult, M, tera:Ghost|84/100
|-damage|p1a: Dragapult|59/100|[from] Spikes
|turn|18
|
|t:|1757910245
|switch|p2a: Samurott|Samurott-Hisui, F|30/100
|move|p1a: Dragapult|Shadow Ball|p2a: Samurott
|-resisted|p2a: Samurott
|-damage|p2a: Samurott|0 fnt
|faint|p2a: Samurott
|
|upkeep
|
|t:|1757910252
|switch|p2a: Landorus|Landorus-Therian, M|100/100
|-ability|p2a: Landorus|Intimidate|boost
|-unboost|p1a: Dragapult|atk|1
|turn|19
|
|t:|1757910257
|-terastallize|p2a: Landorus|Flying
|move|p2a: Landorus|Tera Blast|p1a: Dragapult|[anim] Tera Blast Flying
|-damage|p1a: Dragapult|0 fnt
|replace|p1a: Zoroark|Zoroark-Hisui, F
|-end|p1a: Zoroark|Illusion
|faint|p1a: Zoroark
|
|upkeep
|
|t:|1757910262
|switch|p1a: Dragapult|Dragapult, M|100/100
|-damage|p1a: Dragapult|76/100|[from] Spikes
|turn|20
|
|t:|1757910267
|move|p2a: Landorus|Tera Blast|p1a: Dragapult|[anim] Tera Blast Flying
|-damage|p1a: Dragapult|0 fnt
|faint|p1a: Dragapult
|
|win|Flocking glock
|raw|mulinhan's rating: 1344 &rarr; <strong>1326</strong><br />(-18 for losing)
|raw|Flocking glock's rating: 1378 &rarr; <strong>1396</strong><br />(+18 for winning)
|l|☆mulinhan
|player|p1|
