|j|☆Fachemaispasfacho
|j|☆gen 9 overly used
|t:|1757943897
|gametype|singles
|player|p1|Fachemaispasfacho|backpacker|1367
|player|p2|gen 9 overly used|firebreather|1357
|gen|9
|tier|[Gen 9] OU
|rated|
|rule|HP Percentage Mod: HP is shown in percentages
|rule|Endless Battle Clause: Forcing endless battles is banned
|rule|Species Clause: Limit one of each Pokémon
|rule|OHKO Clause: OHKO moves are banned
|rule|Evasion Items Clause: Evasion items are banned
|rule|Evasion Moves Clause: Evasion moves are banned
|rule|Evasion Abilities Clause: Evasion abilities are banned
|rule|Sleep Moves Clause: Sleep-inducing moves are banned
|clearpoke
|poke|p1|Golduck, M|
|poke|p1|Dragapult, M|
|poke|p1|Zapdos|
|poke|p1|Pelipper, M|
|poke|p1|Iron Treads|
|poke|p1|Samurott-Hisui, M|
|poke|p2|Zamazenta-*|
|poke|p2|Ninetales-Alola, M|
|poke|p2|Darkrai|
|poke|p2|Ceruledge, F|
|poke|p2|Gliscor, M|
|poke|p2|Hatterene, F|
|teampreview
|
|t:|1757943910
|teamsize|p1|6
|teamsize|p2|6
|start
|switch|p1a: Dauntless|Samurott-Hisui, M|100/100
|switch|p2a: Ninetales|Ninetales-Alola, M|100/100
|-weather|Snowscape|[from] ability: Snow Warning|[of] p2a: Ninetales
|turn|1
|
|t:|1757943916
|move|p2a: Ninetales|Aurora Veil|p2a: Ninetales
|-sidestart|p2: gen 9 overly used|move: Aurora Veil
|move|p1a: Dauntless|Ceaseless Edge|p2a: Ninetales
|-resisted|p2a: Ninetales
|-damage|p2a: Ninetales|86/100
|-sidestart|p2: gen 9 overly used|Spikes
|
|-weather|Snowscape|[upkeep]
|upkeep
|turn|2
|
|t:|1757943920
|move|p2a: Ninetales|Freeze-Dry|p1a: Dauntless
|-supereffective|p1a: Dauntless
|-damage|p1a: Dauntless|42/100
|move|p1a: Dauntless|Ceaseless Edge|p2a: Ninetales
|-resisted|p2a: Ninetales
|-damage|p2a: Ninetales|71/100
|-sidestart|p2: gen 9 overly used|Spikes
|
|-weather|Snowscape|[upkeep]
|upkeep
|turn|3
|
|t:|1757943926
|move|p2a: Ninetales|Freeze-Dry|p1a: Dauntless
|-supereffective|p1a: Dauntless
|-damage|p1a: Dauntless|0 fnt
|faint|p1a: Dauntless
|
|-weather|Snowscape|[upkeep]
|upkeep
|
|t:|1757943928
|switch|p1a: Droideka|Iron Treads|100/100
|turn|4
|
|t:|1757943935
|switch|p2a: Ceruledge|Ceruledge, F|100/100
|-damage|p2a: Ceruledge|84/100|[from] Spikes
|move|p1a: Droideka|Volt Switch|p2a: Ceruledge
|-damage|p2a: Ceruledge|79/100
|
|t:|1757943940
|-end|p1a: Droideka|Quark Drive|[silent]
|switch|p1a: WingedRat|Pelipper, M|100/100|[from] Volt Switch
|-weather|RainDance|[from] ability: Drizzle|[of] p1a: WingedRat
|
|-weather|RainDance|[upkeep]
|upkeep
|turn|5
|
|t:|1757943949
|switch|p2a: Ninetales|Ninetales-Alola, M|71/100
|-damage|p2a: Ninetales|54/100|[from] Spikes
|-weather|Snowscape|[from] ability: Snow Warning|[of] p2a: Ninetales
|switch|p1a: BigBird|Zapdos|100/100
|
|-weather|Snowscape|[upkeep]
|upkeep
|turn|6
|
|t:|1757943953
|move|p2a: Ninetales|Freeze-Dry|p1a: BigBird
|-supereffective|p1a: BigBird
|-damage|p1a: BigBird|63/100
|move|p1a: BigBird|U-turn|p2a: Ninetales
|-resisted|p2a: Ninetales
|-damage|p2a: Ninetales|51/100
|
|t:|1757943958
|switch|p1a: WingedRat|Pelipper, M|100/100|[from] U-turn
|-weather|RainDance|[from] ability: Drizzle|[of] p1a: WingedRat
|
|-weather|RainDance|[upkeep]
|upkeep
|turn|7
|
|t:|1757943963
|switch|p1a: Droideka|Iron Treads|100/100
|move|p2a: Ninetales|Freeze-Dry|p1a: Droideka
|-damage|p1a: Droideka|83/100
|
|-weather|RainDance|[upkeep]
|-heal|p1a: Droideka|90/100|[from] item: Leftovers
|upkeep
|turn|8
|
|t:|1757943970
|switch|p2a: Gliscor|Gliscor, M|100/100
|move|p1a: Droideka|Stealth Rock|p2a: Gliscor
|-sidestart|p2: gen 9 overly used|move: Stealth Rock
|
|-weather|RainDance|[upkeep]
|-heal|p1a: Droideka|96/100|[from] item: Leftovers
|-sideend|p2: gen 9 overly used|move: Aurora Veil
|-status|p2a: Gliscor|tox|[from] item: Toxic Orb
|upkeep
|turn|9
|inactive|Battle timer is ON: inactive players will automatically lose when time's up. (requested by gen 9 overly used)
|
|t:|1757943980
|-end|p1a: Droideka|Quark Drive|[silent]
|switch|p1a: Misty's Psyduck|Golduck, M|100/100
|move|p2a: Gliscor|Swords Dance|p2a: Gliscor
|-boost|p2a: Gliscor|atk|2
|
|-weather|RainDance|[upkeep]
|upkeep
|turn|10
|
|t:|1757943984
|move|p1a: Misty's Psyduck|Surf|p2a: Gliscor
|-supereffective|p2a: Gliscor
|-damage|p2a: Gliscor|0 fnt
|faint|p2a: Gliscor
|-damage|p1a: Misty's Psyduck|91/100|[from] item: Life Orb
|
|-weather|RainDance|[upkeep]
|upkeep
|
|t:|1757943996
|switch|p2a: Darkrai|Darkrai|100/100
|-damage|p2a: Darkrai|84/100|[from] Spikes
|-damage|p2a: Darkrai|72/100|[from] Stealth Rock
|turn|11
|
|t:|1757944002
|move|p1a: Misty's Psyduck|Surf|p2a: Darkrai
|-damage|p2a: Darkrai|0 fnt
|faint|p2a: Darkrai
|-damage|p1a: Misty's Psyduck|81/100|[from] item: Life Orb
|
|-weather|RainDance|[upkeep]
|upkeep
|-message|gen 9 overly used forfeited.
|
|win|Fachemaispasfacho
|raw|Fachemaispasfacho's rating: 1367 &rarr; <strong>1386</strong><br />(+19 for winning)
|raw|gen 9 overly used's rating: 1357 &rarr; <strong>1338</strong><br />(-19 for losing)
|l|☆gen 9 overly used
|player|p2|
|l|☆Fachemaispasfacho
|player|p1|
