|j|☆101Darmanitans
|j|☆oirgor
|t:|1757806037
|gametype|singles
|player|p1|101Darmanitans|morty|1519
|player|p2|oirgor|red|1480
|gen|9
|tier|[Gen 9] OU
|rated|
|rule|HP Percentage Mod: HP is shown in percentages
|rule|Endless Battle Clause: Forcing endless battles is banned
|rule|Species Clause: Limit one of each Pokémon
|rule|OHKO Clause: OHKO moves are banned
|rule|Evasion Items Clause: Evasion items are banned
|rule|Evasion Moves Clause: Evasion moves are banned
|rule|Evasion Abilities Clause: Evasion abilities are banned
|rule|Sleep Moves Clause: Sleep-inducing moves are banned
|clearpoke
|poke|p1|Heracross, M|
|poke|p1|Kyurem|
|poke|p1|Slowking-Galar, F|
|poke|p1|Enamorus, F|
|poke|p1|Iron Treads|
|poke|p1|Ogerpon-Wellspring, F|
|poke|p2|Raging Bolt|
|poke|p2|Great Tusk|
|poke|p2|Alomomola, F|
|poke|p2|Kingambit, M|
|poke|p2|Iron Crown|
|poke|p2|Meowscarada, M|
|teampreview
|inactive|Battle timer is ON: inactive players will automatically lose when time's up. (requested by oirgor)
|j| Ceeds1
|
|t:|1757806062
|teamsize|p1|6
|teamsize|p2|6
|start
|switch|p1a: Heracross|Heracross, M|100/100
|switch|p2a: Raging Bolt|Raging Bolt|100/100
|turn|1
|
|t:|1757806069
|switch|p1a: Iron Treads|Iron Treads|100/100
|move|p2a: Raging Bolt|Volt Switch|p1a: Iron Treads
|-immune|p1a: Iron Treads
|
|upkeep
|turn|2
|
|t:|1757806076
|-end|p2a: Raging Bolt|Protosynthesis|[silent]
|switch|p2a: Alomomola|Alomomola, F|100/100
|move|p1a: Iron Treads|Stealth Rock|p2a: Alomomola
|-sidestart|p2: oirgor|move: Stealth Rock
|
|upkeep
|turn|3
|
|t:|1757806080
|move|p1a: Iron Treads|Knock Off|p2a: Alomomola
|-damage|p2a: Alomomola|85/100
|-enditem|p2a: Alomomola|Heavy-Duty Boots|[from] move: Knock Off|[of] p1a: Iron Treads
|move|p2a: Alomomola|Flip Turn|p1a: Iron Treads
|-supereffective|p1a: Iron Treads
|-damage|p1a: Iron Treads|74/100
|
|t:|1757806083
|switch|p2a: Great Tusk|Great Tusk|100/100|[from] Flip Turn
|
|-heal|p1a: Iron Treads|80/100|[from] item: Leftovers
|upkeep
|turn|4
|
|t:|1757806088
|-end|p1a: Iron Treads|Quark Drive|[silent]
|switch|p1a: Enamorus|Enamorus, F|100/100
|move|p2a: Great Tusk|Rapid Spin|p1a: Enamorus
|-damage|p1a: Enamorus|74/100
|-boost|p2a: Great Tusk|spe|1
|-sideend|p2: oirgor|Stealth Rock|[from] move: Rapid Spin|[of] p2a: Great Tusk
|
|upkeep
|turn|5
|
|t:|1757806095
|-end|p2a: Great Tusk|Protosynthesis|[silent]
|switch|p2a: Iron Crown|Iron Crown|100/100
|move|p1a: Enamorus|Moonblast|p2a: Iron Crown
|-resisted|p2a: Iron Crown
|-damage|p2a: Iron Crown|83/100
|
|upkeep
|turn|6
|
|t:|1757806102
|switch|p1a: Iron Treads|Iron Treads|80/100
|move|p2a: Iron Crown|Future Sight|p1a: Iron Treads
|-start|p2a: Iron Crown|move: Future Sight
|
|-heal|p1a: Iron Treads|86/100|[from] item: Leftovers
|upkeep
|turn|7
|
|t:|1757806108
|move|p1a: Iron Treads|Knock Off|p2a: Iron Crown
|-supereffective|p2a: Iron Crown
|-damage|p2a: Iron Crown|19/100
|-enditem|p2a: Iron Crown|Assault Vest|[from] move: Knock Off|[of] p1a: Iron Treads
|move|p2a: Iron Crown|Focus Blast|p1a: Iron Treads|[miss]
|-miss|p2a: Iron Crown|p1a: Iron Treads
|
|-heal|p1a: Iron Treads|92/100|[from] item: Leftovers
|upkeep
|turn|8
|
|t:|1757806114
|-end|p2a: Iron Crown|Quark Drive|[silent]
|switch|p2a: Great Tusk|Great Tusk|100/100
|move|p1a: Iron Treads|Knock Off|p2a: Great Tusk
|-resisted|p2a: Great Tusk
|-damage|p2a: Great Tusk|89/100
|-enditem|p2a: Great Tusk|Heavy-Duty Boots|[from] move: Knock Off|[of] p1a: Iron Treads
|
|-end|p1a: Iron Treads|move: Future Sight
|-resisted|p1a: Iron Treads
|-damage|p1a: Iron Treads|48/100
|-heal|p1a: Iron Treads|54/100|[from] item: Leftovers
|upkeep
|turn|9
|
|t:|1757806121
|-end|p1a: Iron Treads|Quark Drive|[silent]
|switch|p1a: Ogerpon|Ogerpon-Wellspring, F|100/100
|move|p2a: Great Tusk|Stealth Rock|p1a: Ogerpon
|-sidestart|p1: 101Darmanitans|move: Stealth Rock
|
|upkeep
|turn|10
|
|t:|1757806125
|-end|p2a: Great Tusk|Protosynthesis|[silent]
|switch|p2a: Meowscarada|Meowscarada, M|100/100
|move|p1a: Ogerpon|Spikes|p2a: Meowscarada
|-sidestart|p2: oirgor|Spikes
|
|upkeep
|turn|11
|
|t:|1757806141
|switch|p1a: Slowking|Slowking-Galar, F|100/100
|move|p2a: Meowscarada|U-turn|p1a: Slowking
|-start|p2a: Meowscarada|typechange|Bug|[from] ability: Protean
|-damage|p1a: Slowking|66/100
|
|t:|1757806150
|switch|p2a: Great Tusk|Great Tusk|89/100|[from] U-turn
|-damage|p2a: Great Tusk|77/100|[from] Spikes
|
|upkeep
|turn|12
|
|t:|1757806161
|move|p2a: Great Tusk|Rapid Spin|p1a: Slowking
|-damage|p1a: Slowking|48/100
|-boost|p2a: Great Tusk|spe|1
|-sideend|p2: oirgor|Spikes|[from] move: Rapid Spin|[of] p2a: Great Tusk
|-prepare|p1a: Slowking|Chilly Reception|[premajor]
|move|p1a: Slowking|Chilly Reception|p1a: Slowking
|-weather|Snowscape
|
|t:|1757806167
|switch|p1a: Heracross|Heracross, M|100/100|[from] Chilly Reception
|-damage|p1a: Heracross|88/100|[from] Stealth Rock
|
|-weather|Snowscape|[upkeep]
|-status|p1a: Heracross|brn|[from] item: Flame Orb
|upkeep
|turn|13
|
|t:|1757806172
|-end|p2a: Great Tusk|Protosynthesis|[silent]
|switch|p2a: Iron Crown|Iron Crown|19/100
|move|p1a: Heracross|Facade|p2a: Iron Crown
|-resisted|p2a: Iron Crown
|-damage|p2a: Iron Crown|0 fnt
|faint|p2a: Iron Crown
|-end|p2a: Iron Crown|Quark Drive|[silent]
|
|-weather|Snowscape|[upkeep]
|-damage|p1a: Heracross|82/100 brn|[from] brn
|upkeep
|
|t:|1757806193
|switch|p2a: Raging Bolt|Raging Bolt|100/100
|turn|14
|
|t:|1757806199
|move|p1a: Heracross|Facade|p2a: Raging Bolt
|-damage|p2a: Raging Bolt|44/100
|move|p2a: Raging Bolt|Draco Meteor|p1a: Heracross
|-damage|p1a: Heracross|0 fnt
|-unboost|p2a: Raging Bolt|spa|2
|faint|p1a: Heracross
|
|-weather|Snowscape|[upkeep]
|upkeep
|
|t:|1757806203
|switch|p1a: Iron Treads|Iron Treads|54/100
|-damage|p1a: Iron Treads|51/100|[from] Stealth Rock
|turn|15
|
|t:|1757806208
|-end|p2a: Raging Bolt|Protosynthesis|[silent]
|switch|p2a: Great Tusk|Great Tusk|77/100
|move|p1a: Iron Treads|Rapid Spin|p2a: Great Tusk
|-damage|p2a: Great Tusk|65/100
|-boost|p1a: Iron Treads|spe|1
|-sideend|p1: 101Darmanitans|Stealth Rock|[from] move: Rapid Spin|[of] p1a: Iron Treads
|
|-weather|Snowscape|[upkeep]
|-heal|p1a: Iron Treads|57/100|[from] item: Leftovers
|upkeep
|turn|16
|
|t:|1757806215
|-end|p1a: Iron Treads|Quark Drive|[silent]
|switch|p1a: Kyurem|Kyurem|100/100
|-ability|p1a: Kyurem|Pressure
|move|p2a: Great Tusk|Stealth Rock|p1a: Kyurem
|-sidestart|p1: 101Darmanitans|move: Stealth Rock
|
|-weather|none
|upkeep
|turn|17
|
|t:|1757806227
|move|p1a: Kyurem|Freeze-Dry|p2a: Great Tusk
|-supereffective|p2a: Great Tusk
|-damage|p2a: Great Tusk|0 fnt
|faint|p2a: Great Tusk
|-end|p2a: Great Tusk|Protosynthesis|[silent]
|
|upkeep
|
|t:|1757806231
|switch|p2a: Kingambit|Kingambit, M|100/100
|-activate|p2a: Kingambit|ability: Supreme Overlord
|-start|p2a: Kingambit|fallen2|[silent]
|turn|18
|
|t:|1757806237
|-terastallize|p1a: Kyurem|Ground
|move|p1a: Kyurem|Earth Power|p2a: Kingambit
|-supereffective|p2a: Kingambit
|-damage|p2a: Kingambit|17/100
|move|p2a: Kingambit|Swords Dance|p2a: Kingambit
|-boost|p2a: Kingambit|atk|2
|
|-heal|p2a: Kingambit|23/100|[from] item: Leftovers
|upkeep
|turn|19
|inactive|101Darmanitans has 120 seconds left.
|
|t:|1757806278
|switch|p1a: Slowking|Slowking-Galar, F|81/100
|move|p2a: Kingambit|Sucker Punch||[still]
|-fail|p2a: Kingambit
|
|-heal|p2a: Kingambit|29/100|[from] item: Leftovers
|upkeep
|turn|20
|
|t:|1757806284
|move|p2a: Kingambit|Kowtow Cleave|p1a: Slowking
|-supereffective|p1a: Slowking
|-damage|p1a: Slowking|0 fnt
|faint|p1a: Slowking
|
|-heal|p2a: Kingambit|35/100|[from] item: Leftovers
|upkeep
|
|t:|1757806294
|switch|p1a: Ogerpon|Ogerpon-Wellspring, F|100/100
|-damage|p1a: Ogerpon|88/100|[from] Stealth Rock
|turn|21
|inactive|101Darmanitans has 120 seconds left.
|
|t:|1757806302
|move|p2a: Kingambit|Sucker Punch||[still]
|-fail|p2a: Kingambit
|move|p1a: Ogerpon|Spikes|p2a: Kingambit
|-sidestart|p2: oirgor|Spikes
|
|-heal|p2a: Kingambit|42/100|[from] item: Leftovers
|upkeep
|turn|22
|
|t:|1757806307
|move|p2a: Kingambit|Sucker Punch|p1a: Ogerpon
|-damage|p1a: Ogerpon|0 fnt
|faint|p1a: Ogerpon
|
|-heal|p2a: Kingambit|48/100|[from] item: Leftovers
|upkeep
|
|t:|1757806314
|switch|p1a: Enamorus|Enamorus, F|74/100
|-damage|p1a: Enamorus|49/100|[from] Stealth Rock
|turn|23
|
|t:|1757806317
|move|p2a: Kingambit|Sucker Punch||[still]
|-fail|p2a: Kingambit
|move|p1a: Enamorus|Healing Wish|p1a: Enamorus
|faint|p1a: Enamorus
|
|-heal|p2a: Kingambit|54/100|[from] item: Leftovers
|upkeep
|
|t:|1757806319
|switch|p1a: Iron Treads|Iron Treads|57/100
|-heal|p1a: Iron Treads|100/100|[from] move: Healing Wish
|-damage|p1a: Iron Treads|97/100|[from] Stealth Rock
|turn|24
|
|t:|1757806325
|-terastallize|p2a: Kingambit|Fairy
|move|p1a: Iron Treads|Earthquake|p2a: Kingambit
|-damage|p2a: Kingambit|17/100
|move|p2a: Kingambit|Kowtow Cleave|p1a: Iron Treads
|-damage|p1a: Iron Treads|0 fnt
|faint|p1a: Iron Treads
|-end|p1a: Iron Treads|Quark Drive|[silent]
|
|-heal|p2a: Kingambit|24/100|[from] item: Leftovers
|upkeep
|
|t:|1757806329
|switch|p1a: Kyurem|Kyurem, tera:Ground|100/100
|-damage|p1a: Kyurem|94/100|[from] Stealth Rock
|-ability|p1a: Kyurem|Pressure
|turn|25
|
|t:|1757806332
|move|p2a: Kingambit|Sucker Punch||[still]
|-fail|p2a: Kingambit
|move|p1a: Kyurem|Dragon Dance|p1a: Kyurem
|-boost|p1a: Kyurem|atk|1
|-boost|p1a: Kyurem|spe|1
|
|-heal|p2a: Kingambit|30/100|[from] item: Leftovers
|upkeep
|turn|26
|
|t:|1757806346
|move|p1a: Kyurem|Dragon Dance|p1a: Kyurem
|-boost|p1a: Kyurem|atk|1
|-boost|p1a: Kyurem|spe|1
|move|p2a: Kingambit|Tera Blast|p1a: Kyurem|[anim] Tera Blast Fairy
|-damage|p1a: Kyurem|0 fnt
|faint|p1a: Kyurem
|
|win|oirgor
|raw|101Darmanitans's rating: 1519 &rarr; <strong>1497</strong><br />(-22 for losing)
|raw|oirgor's rating: 1480 &rarr; <strong>1502</strong><br />(+22 for winning)
|l|☆101Darmanitans
|player|p1|
