|j|☆gamebattle$
|j|☆overheat xyz
|t:|1757829634
|gametype|singles
|player|p1|gamebattle$|shadowtriad|1677
|player|p2|overheat xyz|170|1693
|gen|9
|tier|[Gen 9] OU
|rated|
|rule|HP Percentage Mod: HP is shown in percentages
|rule|Endless Battle Clause: Forcing endless battles is banned
|rule|Species Clause: Limit one of each Pokémon
|rule|OHKO Clause: OHKO moves are banned
|rule|Evasion Items Clause: Evasion items are banned
|rule|Evasion Moves Clause: Evasion moves are banned
|rule|Evasion Abilities Clause: Evasion abilities are banned
|rule|Sleep Moves Clause: Sleep-inducing moves are banned
|clearpoke
|poke|p1|Landorus-Therian, M|
|poke|p1|Darkrai|
|poke|p1|Kingambit, F|
|poke|p1|Cinderace, F|
|poke|p1|Zapdos|
|poke|p1|Samurott-Hisui, F|
|poke|p2|Kingambit, M|
|poke|p2|Garganacl, F|
|poke|p2|Rillaboom, F|
|poke|p2|Hatterene, F|
|poke|p2|Dragapult, M|
|poke|p2|Corviknight, F|
|teampreview
|
|t:|1757829645
|teamsize|p1|6
|teamsize|p2|6
|start
|switch|p1a: Landorus|Landorus-Therian, M|100/100
|switch|p2a: Rillaboom|Rillaboom, F|100/100
|-ability|p1a: Landorus|Intimidate|boost
|-unboost|p2a: Rillaboom|atk|1
|-fieldstart|move: Grassy Terrain|[from] ability: Grassy Surge|[of] p2a: Rillaboom
|turn|1
|
|t:|1757829651
|switch|p2a: Corviknight|Corviknight, F|100/100
|-ability|p2a: Corviknight|Pressure
|move|p1a: Landorus|U-turn|p2a: Corviknight
|-resisted|p2a: Corviknight
|-damage|p2a: Corviknight|96/100
|-damage|p1a: Landorus|84/100|[from] item: Rocky Helmet|[of] p2a: Corviknight
|
|t:|1757829653
|switch|p1a: Zapdos|Zapdos|100/100|[from] U-turn
|
|upkeep
|turn|2
|j| GoldmanNumber2
|
|t:|1757829657
|switch|p2a: Garganacl|Garganacl, F|100/100
|move|p1a: Zapdos|Volt Switch|p2a: Garganacl
|-damage|p2a: Garganacl|81/100
|inactive|Battle timer is ON: inactive players will automatically lose when time's up. (requested by overheat xyz)
|
|t:|1757829679
|switch|p1a: Samurott|Samurott-Hisui, F, shiny|100/100|[from] Volt Switch
|
|-heal|p2a: Garganacl|87/100|[from] Grassy Terrain
|-heal|p2a: Garganacl|93/100|[from] item: Leftovers
|upkeep
|turn|3
|j| LuLuNaNaRaRa
|
|t:|1757829690
|switch|p2a: Corviknight|Corviknight, F|96/100
|-ability|p2a: Corviknight|Pressure
|move|p1a: Samurott|Razor Shell|p2a: Corviknight
|-damage|p2a: Corviknight|67/100
|-unboost|p2a: Corviknight|def|1
|-damage|p1a: Samurott|84/100|[from] item: Rocky Helmet|[of] p2a: Corviknight
|
|-heal|p1a: Samurott|90/100|[from] Grassy Terrain
|upkeep
|turn|4
|
|t:|1757829701
|move|p1a: Samurott|Ceaseless Edge|p2a: Corviknight|[miss]
|-miss|p1a: Samurott|p2a: Corviknight
|move|p2a: Corviknight|Roost|p2a: Corviknight
|-heal|p2a: Corviknight|100/100
|-singleturn|p2a: Corviknight|move: Roost
|
|-heal|p1a: Samurott|96/100|[from] Grassy Terrain
|upkeep
|turn|5
|
|t:|1757829705
|switch|p1a: Zapdos|Zapdos|100/100
|move|p2a: Corviknight|Iron Defense|p2a: Corviknight
|-boost|p2a: Corviknight|def|2
|
|-fieldend|move: Grassy Terrain
|upkeep
|turn|6
|
|t:|1757829713
|switch|p2a: Hatterene|Hatterene, F|100/100
|move|p1a: Zapdos|Volt Switch|p2a: Hatterene
|-damage|p2a: Hatterene|79/100
|
|t:|1757829722
|switch|p1a: Cinderace|Cinderace, F|100/100|[from] Volt Switch
|
|upkeep
|turn|7
|
|t:|1757829732
|switch|p2a: Corviknight|Corviknight, F|100/100
|-ability|p2a: Corviknight|Pressure
|move|p1a: Cinderace|U-turn|p2a: Corviknight
|-start|p1a: Cinderace|typechange|Bug|[from] ability: Libero
|-resisted|p2a: Corviknight
|-damage|p2a: Corviknight|96/100
|-damage|p1a: Cinderace|84/100|[from] item: Rocky Helmet|[of] p2a: Corviknight
|
|t:|1757829735
|switch|p1a: Zapdos|Zapdos|100/100|[from] U-turn
|
|upkeep
|turn|8
|
|t:|1757829744
|switch|p2a: Garganacl|Garganacl, F|93/100
|move|p1a: Zapdos|Volt Switch|p2a: Garganacl
|-damage|p2a: Garganacl|75/100
|
|t:|1757829746
|switch|p1a: Samurott|Samurott-Hisui, F, shiny|96/100|[from] Volt Switch
|
|-heal|p2a: Garganacl|82/100|[from] item: Leftovers
|upkeep
|turn|9
|
|t:|1757829754
|-terastallize|p2a: Garganacl|Water
|move|p1a: Samurott|Knock Off|p2a: Garganacl
|-damage|p2a: Garganacl|49/100
|-enditem|p2a: Garganacl|Leftovers|[from] move: Knock Off|[of] p1a: Samurott
|move|p2a: Garganacl|Salt Cure|p1a: Samurott
|-damage|p1a: Samurott|80/100
|-start|p1a: Samurott|Salt Cure
|
|-damage|p1a: Samurott|55/100|[from] Salt Cure
|upkeep
|turn|10
|
|t:|1757829762
|switch|p1a: Zapdos|Zapdos|100/100
|move|p2a: Garganacl|Recover|p2a: Garganacl
|-heal|p2a: Garganacl|99/100
|
|upkeep
|turn|11
|
|t:|1757829767
|move|p2a: Garganacl|Protect|p2a: Garganacl
|-singleturn|p2a: Garganacl|Protect
|move|p1a: Zapdos|Volt Switch|p2a: Garganacl
|-activate|p2a: Garganacl|move: Protect
|
|upkeep
|turn|12
|
|t:|1757829771
|move|p1a: Zapdos|Volt Switch|p2a: Garganacl
|-supereffective|p2a: Garganacl
|-damage|p2a: Garganacl|63/100
|
|t:|1757829778
|switch|p1a: Landorus|Landorus-Therian, M|84/100|[from] Volt Switch
|-ability|p1a: Landorus|Intimidate|boost
|-unboost|p2a: Garganacl|atk|1
|move|p2a: Garganacl|Recover|p2a: Garganacl
|-heal|p2a: Garganacl|100/100
|
|upkeep
|turn|13
|
|t:|1757829781
|move|p1a: Landorus|Stealth Rock|p2a: Garganacl
|-sidestart|p2: overheat xyz|move: Stealth Rock
|move|p2a: Garganacl|Stealth Rock|p1a: Landorus
|-sidestart|p1: gamebattle$|move: Stealth Rock
|
|upkeep
|turn|14
|
|t:|1757829783
|move|p1a: Landorus|U-turn|p2a: Garganacl
|-damage|p2a: Garganacl|84/100
|
|t:|1757829793
|switch|p1a: Zapdos|Zapdos|100/100|[from] U-turn
|move|p2a: Garganacl|Salt Cure|p1a: Zapdos
|-supereffective|p1a: Zapdos
|-damage|p1a: Zapdos|86/100
|-start|p1a: Zapdos|Salt Cure
|
|-damage|p1a: Zapdos|74/100|[from] Salt Cure
|upkeep
|turn|15
|j| seeyalaters
|
|t:|1757829804
|move|p2a: Garganacl|Protect|p2a: Garganacl
|-singleturn|p2a: Garganacl|Protect
|move|p1a: Zapdos|Volt Switch|p2a: Garganacl
|-activate|p2a: Garganacl|move: Protect
|
|-damage|p1a: Zapdos|61/100|[from] Salt Cure
|upkeep
|turn|16
|
|t:|1757829813
|move|p1a: Zapdos|Roost|p1a: Zapdos
|-heal|p1a: Zapdos|100/100
|-singleturn|p1a: Zapdos|move: Roost
|move|p2a: Garganacl|Recover|p2a: Garganacl
|-heal|p2a: Garganacl|100/100
|
|-damage|p1a: Zapdos|88/100|[from] Salt Cure
|upkeep
|turn|17
|
|t:|1757829819
|move|p2a: Garganacl|Protect|p2a: Garganacl
|-singleturn|p2a: Garganacl|Protect
|move|p1a: Zapdos|Volt Switch|p2a: Garganacl
|-activate|p2a: Garganacl|move: Protect
|
|-damage|p1a: Zapdos|75/100|[from] Salt Cure
|upkeep
|turn|18
|
|t:|1757829824
|move|p1a: Zapdos|Volt Switch|p2a: Garganacl
|-supereffective|p2a: Garganacl
|-damage|p2a: Garganacl|60/100
|
|t:|1757829833
|switch|p1a: Landorus|Landorus-Therian, M|84/100|[from] Volt Switch
|-damage|p1a: Landorus|72/100|[from] Stealth Rock
|-ability|p1a: Landorus|Intimidate|boost
|-unboost|p2a: Garganacl|atk|1
|move|p2a: Garganacl|Recover|p2a: Garganacl
|-heal|p2a: Garganacl|100/100
|
|upkeep
|turn|19
|
|t:|1757829840
|move|p1a: Landorus|U-turn|p2a: Garganacl
|-damage|p2a: Garganacl|84/100
|
|t:|1757829841
|switch|p1a: Zapdos|Zapdos|75/100|[from] U-turn
|move|p2a: Garganacl|Salt Cure|p1a: Zapdos
|-supereffective|p1a: Zapdos
|-damage|p1a: Zapdos|66/100
|-start|p1a: Zapdos|Salt Cure
|
|-damage|p1a: Zapdos|54/100|[from] Salt Cure
|upkeep
|turn|20
|
|t:|1757829850
|switch|p2a: Dragapult|Dragapult, M|100/100
|-damage|p2a: Dragapult|88/100|[from] Stealth Rock
|move|p1a: Zapdos|Roost|p1a: Zapdos
|-heal|p1a: Zapdos|100/100
|-singleturn|p1a: Zapdos|move: Roost
|
|-damage|p1a: Zapdos|88/100|[from] Salt Cure
|upkeep
|turn|21
|
|t:|1757829880
|switch|p1a: Kingambit|Kingambit, F|100/100
|-damage|p1a: Kingambit|94/100|[from] Stealth Rock
|move|p2a: Dragapult|Draco Meteor|p1a: Kingambit
|-resisted|p1a: Kingambit
|-damage|p1a: Kingambit|50/100
|-unboost|p2a: Dragapult|spa|2
|
|-heal|p1a: Kingambit|56/100|[from] item: Leftovers
|upkeep
|turn|22
|
|t:|1757829888
|switch|p2a: Corviknight|Corviknight, F|96/100
|-damage|p2a: Corviknight|83/100|[from] Stealth Rock
|-ability|p2a: Corviknight|Pressure
|-end|p1a: Kingambit|fallenundefined|[silent]
|switch|p1a: Zapdos|Zapdos|88/100
|
|upkeep
|turn|23
|
|t:|1757829899
|switch|p2a: Rillaboom|Rillaboom, F|100/100
|-damage|p2a: Rillaboom|88/100|[from] Stealth Rock
|-fieldstart|move: Grassy Terrain|[from] ability: Grassy Surge|[of] p2a: Rillaboom
|move|p1a: Zapdos|Volt Switch|p2a: Rillaboom
|-resisted|p2a: Rillaboom
|-damage|p2a: Rillaboom|67/100
|
|t:|1757829901
|switch|p1a: Cinderace|Cinderace, F|84/100|[from] Volt Switch
|
|-heal|p1a: Cinderace|90/100|[from] Grassy Terrain
|-heal|p2a: Rillaboom|73/100|[from] Grassy Terrain
|upkeep
|turn|24
|
|t:|1757829906
|switch|p2a: Corviknight|Corviknight, F|83/100
|-damage|p2a: Corviknight|71/100|[from] Stealth Rock
|-ability|p2a: Corviknight|Pressure
|move|p1a: Cinderace|U-turn|p2a: Corviknight
|-start|p1a: Cinderace|typechange|Bug|[from] ability: Libero
|-resisted|p2a: Corviknight
|-damage|p2a: Corviknight|65/100
|-damage|p1a: Cinderace|73/100|[from] item: Rocky Helmet|[of] p2a: Corviknight
|
|t:|1757829908
|switch|p1a: Zapdos|Zapdos|88/100|[from] U-turn
|
|upkeep
|turn|25
|
|t:|1757829914
|switch|p2a: Hatterene|Hatterene, F|79/100
|-damage|p2a: Hatterene|67/100|[from] Stealth Rock
|move|p1a: Zapdos|Volt Switch|p2a: Hatterene
|-damage|p2a: Hatterene|45/100
|
|t:|1757829919
|switch|p1a: Cinderace|Cinderace, F|73/100|[from] Volt Switch
|
|-heal|p1a: Cinderace|79/100|[from] Grassy Terrain
|-heal|p2a: Hatterene|51/100|[from] Grassy Terrain
|upkeep
|turn|26
|j| wgw2333
|
|t:|1757829925
|switch|p2a: Garganacl|Garganacl, F, tera:Water|84/100
|-damage|p2a: Garganacl|72/100|[from] Stealth Rock
|move|p1a: Cinderace|Gunk Shot|p2a: Garganacl
|-start|p1a: Cinderace|typechange|Poison|[from] ability: Libero
|-damage|p2a: Garganacl|33/100
|
|-heal|p1a: Cinderace|85/100|[from] Grassy Terrain
|-heal|p2a: Garganacl|39/100|[from] Grassy Terrain
|upkeep
|turn|27
|
|t:|1757829934
|move|p1a: Cinderace|Gunk Shot|p2a: Garganacl
|-damage|p2a: Garganacl|0 fnt
|faint|p2a: Garganacl
|
|-heal|p1a: Cinderace|91/100|[from] Grassy Terrain
|-fieldend|move: Grassy Terrain
|upkeep
|
|t:|1757829940
|switch|p2a: Kingambit|Kingambit, M|100/100
|-damage|p2a: Kingambit|94/100|[from] Stealth Rock
|-activate|p2a: Kingambit|ability: Supreme Overlord
|-start|p2a: Kingambit|fallen1|[silent]
|turn|28
|
|t:|1757829949
|move|p1a: Cinderace|Pyro Ball|p2a: Kingambit
|-supereffective|p2a: Kingambit
|-damage|p2a: Kingambit|36/100
|move|p2a: Kingambit|Kowtow Cleave|p1a: Cinderace
|-damage|p1a: Cinderace|17/100
|
|upkeep
|turn|29
|
|t:|1757829956
|switch|p1a: Landorus|Landorus-Therian, M|72/100
|-damage|p1a: Landorus|59/100|[from] Stealth Rock
|-ability|p1a: Landorus|Intimidate|boost
|-unboost|p2a: Kingambit|atk|1
|move|p2a: Kingambit|Kowtow Cleave|p1a: Landorus
|-damage|p1a: Landorus|14/100
|-damage|p2a: Kingambit|19/100|[from] item: Rocky Helmet|[of] p1a: Landorus
|
|upkeep
|turn|30
|
|t:|1757829968
|move|p2a: Kingambit|Sucker Punch|p1a: Landorus
|-damage|p1a: Landorus|0 fnt
|-damage|p2a: Kingambit|3/100|[from] item: Rocky Helmet|[of] p1a: Landorus
|faint|p1a: Landorus
|
|upkeep
|
|t:|1757829970
|switch|p1a: Samurott|Samurott-Hisui, F, shiny|55/100
|-damage|p1a: Samurott|43/100|[from] Stealth Rock
|turn|31
|
|t:|1757829980
|move|p2a: Kingambit|Sucker Punch|p1a: Samurott
|-resisted|p1a: Samurott
|-damage|p1a: Samurott|25/100
|move|p1a: Samurott|Ceaseless Edge|p2a: Kingambit
|-resisted|p2a: Kingambit
|-damage|p2a: Kingambit|0 fnt
|-sidestart|p2: overheat xyz|Spikes
|faint|p2a: Kingambit
|-end|p2a: Kingambit|fallen1|[silent]
|
|upkeep
|
|t:|1757829983
|switch|p2a: Rillaboom|Rillaboom, F|73/100
|-damage|p2a: Rillaboom|61/100|[from] Stealth Rock
|-damage|p2a: Rillaboom|49/100|[from] Spikes
|-fieldstart|move: Grassy Terrain|[from] ability: Grassy Surge|[of] p2a: Rillaboom
|turn|32
|
|t:|1757829989
|move|p2a: Rillaboom|Knock Off|p1a: Samurott
|-resisted|p1a: Samurott
|-damage|p1a: Samurott|0 fnt
|-enditem|p1a: Samurott|Assault Vest|[from] move: Knock Off|[of] p2a: Rillaboom
|faint|p1a: Samurott
|
|-heal|p2a: Rillaboom|55/100|[from] Grassy Terrain
|upkeep
|
|t:|1757829993
|switch|p1a: Zapdos|Zapdos|88/100
|turn|33
|
|t:|1757830010
|move|p2a: Rillaboom|Knock Off|p1a: Zapdos
|-damage|p1a: Zapdos|49/100
|-enditem|p1a: Zapdos|Heavy-Duty Boots|[from] move: Knock Off|[of] p2a: Rillaboom
|move|p1a: Zapdos|Hurricane|p2a: Rillaboom
|-supereffective|p2a: Rillaboom
|-damage|p2a: Rillaboom|0 fnt
|faint|p2a: Rillaboom
|
|upkeep
|
|t:|1757830016
|switch|p2a: Dragapult|Dragapult, M|88/100
|-damage|p2a: Dragapult|76/100|[from] Stealth Rock
|-damage|p2a: Dragapult|64/100|[from] Spikes
|turn|34
|
|t:|1757830023
|move|p2a: Dragapult|Fire Blast|p1a: Zapdos
|-damage|p1a: Zapdos|2/100
|move|p1a: Zapdos|Roost|p1a: Zapdos
|-heal|p1a: Zapdos|52/100
|-singleturn|p1a: Zapdos|move: Roost
|
|-heal|p2a: Dragapult|70/100|[from] Grassy Terrain
|-heal|p1a: Zapdos|58/100|[from] Grassy Terrain
|upkeep
|turn|35
|-message|overheat xyz forfeited.
|
|win|gamebattle$
|raw|gamebattle$'s rating: 1677 &rarr; <strong>1698</strong><br />(+21 for winning)
|raw|overheat xyz's rating: 1693 &rarr; <strong>1672</strong><br />(-21 for losing)
|l|☆overheat xyz
|player|p2|
|l| wgw2333
|l|☆gamebattle$
|player|p1|
|l| seeyalaters
|l| LuLuNaNaRaRa
