|j|☆amaso420
|j|☆Seemorebutts12
|t:|1757942462
|gametype|singles
|player|p1|amaso420|pokekid|1172
|player|p2|Seemorebutts12|nemona-v|1219
|gen|9
|tier|[Gen 9] OU
|rated|
|rule|HP Percentage Mod: HP is shown in percentages
|rule|Endless Battle Clause: Forcing endless battles is banned
|rule|Species Clause: Limit one of each Pokémon
|rule|OHKO Clause: OHKO moves are banned
|rule|Evasion Items Clause: Evasion items are banned
|rule|Evasion Moves Clause: Evasion moves are banned
|rule|Evasion Abilities Clause: Evasion abilities are banned
|rule|Sleep Moves Clause: Sleep-inducing moves are banned
|clearpoke
|poke|p1|Ting-Lu|
|poke|p1|Darkrai|
|poke|p1|Corviknight, M|
|poke|p1|Fezandipiti, M|
|poke|p1|Pecharunt|
|poke|p1|Latios, M|
|poke|p2|Skeledirge, F|
|poke|p2|Pawmot, F|
|poke|p2|Kommo-o, F|
|poke|p2|Scream Tail|
|poke|p2|Greninja-*, M|
|poke|p2|Dusknoir, F|
|teampreview
|l|☆Seemorebutts12
|player|p2|
|j|☆Seemorebutts12
|player|p2|Seemorebutts12|nemona-v|
|
|t:|1757942487
|teamsize|p1|6
|teamsize|p2|6
|start
|switch|p1a: Pecharunt|Pecharunt|100/100
|switch|p2a: Scream Tail|Scream Tail|100/100
|-enditem|p2a: Scream Tail|Booster Energy
|-activate|p2a: Scream Tail|ability: Protosynthesis|[fromitem]
|-start|p2a: Scream Tail|protosynthesisspe
|turn|1
|
|t:|1757942503
|switch|p1a: Corviknight|Corviknight, M, shiny|100/100
|-ability|p1a: Corviknight|Pressure
|move|p2a: Scream Tail|Thunder Wave|p1a: Corviknight
|-status|p1a: Corviknight|par
|
|upkeep
|turn|2
|
|t:|1757942516
|move|p2a: Scream Tail|Stealth Rock|p1a: Corviknight
|-sidestart|p1: amaso420|move: Stealth Rock
|move|p1a: Corviknight|U-turn|p2a: Scream Tail
|-damage|p2a: Scream Tail|89/100
|
|t:|1757942531
|switch|p1a: Ting-Lu|Ting-Lu, shiny|100/100|[from] U-turn
|-damage|p1a: Ting-Lu|94/100|[from] Stealth Rock
|-ability|p1a: Ting-Lu|Vessel of Ruin
|
|-heal|p1a: Ting-Lu|100/100|[from] item: Leftovers
|upkeep
|turn|3
|
|t:|1757942541
|move|p1a: Ting-Lu|Stealth Rock|p2a: Scream Tail
|-sidestart|p2: Seemorebutts12|move: Stealth Rock
|move|p2a: Scream Tail|Roar|p1a: Ting-Lu
|drag|p1a: Fezandipiti|Fezandipiti, M|100/100
|
|upkeep
|turn|4
|
|t:|1757942554
|move|p2a: Scream Tail|Thunder Wave|p1a: Fezandipiti
|-status|p1a: Fezandipiti|par
|move|p1a: Fezandipiti|Sludge Bomb|p2a: Scream Tail
|-supereffective|p2a: Scream Tail
|-damage|p2a: Scream Tail|54/100
|
|upkeep
|turn|5
|
|t:|1757942565
|move|p1a: Fezandipiti|Sludge Bomb|p2a: Scream Tail
|-supereffective|p2a: Scream Tail
|-damage|p2a: Scream Tail|22/100
|-status|p2a: Scream Tail|tox|[from] ability: Toxic Chain|[of] p1a: Fezandipiti
|move|p2a: Scream Tail|Roar|p1a: Fezandipiti
|drag|p1a: Darkrai|Darkrai, shiny|100/100
|
|-damage|p2a: Scream Tail|16/100 tox|[from] psn
|upkeep
|turn|6
|
|t:|1757942578
|move|p2a: Scream Tail|Thunder Wave|p1a: Darkrai
|-status|p1a: Darkrai|par
|move|p1a: Darkrai|Dark Pulse|p2a: Scream Tail
|-crit|p2a: Scream Tail
|-damage|p2a: Scream Tail|0 fnt
|faint|p2a: Scream Tail
|-end|p2a: Scream Tail|Protosynthesis|[silent]
|
|upkeep
|
|t:|1757942587
|switch|p2a: Kommo-o|Kommo-o, F|100/100
|-damage|p2a: Kommo-o|94/100|[from] Stealth Rock
|turn|7
|
|t:|1757942594
|switch|p1a: Pecharunt|Pecharunt|100/100
|move|p2a: Kommo-o|Clangorous Soul|p2a: Kommo-o
|-boost|p2a: Kommo-o|atk|1
|-boost|p2a: Kommo-o|def|1
|-boost|p2a: Kommo-o|spa|1
|-boost|p2a: Kommo-o|spd|1
|-boost|p2a: Kommo-o|spe|1
|-damage|p2a: Kommo-o|61/100
|-enditem|p2a: Kommo-o|Throat Spray
|-boost|p2a: Kommo-o|spa|1|[from] item: Throat Spray
|
|upkeep
|turn|8
|
|t:|1757942609
|move|p2a: Kommo-o|Flamethrower|p1a: Pecharunt
|-damage|p1a: Pecharunt|49/100
|move|p1a: Pecharunt|Malignant Chain|p2a: Kommo-o
|-damage|p2a: Kommo-o|37/100
|-status|p2a: Kommo-o|tox
|-start|p2a: Kommo-o|confusion|[from] ability: Poison Puppeteer|[of] p1a: Pecharunt
|
|-damage|p2a: Kommo-o|30/100 tox|[from] psn
|upkeep
|turn|9
|
|t:|1757942622
|-activate|p2a: Kommo-o|confusion
|move|p2a: Kommo-o|Flamethrower|p1a: Pecharunt
|-damage|p1a: Pecharunt|0 fnt
|faint|p1a: Pecharunt
|
|-damage|p2a: Kommo-o|18/100 tox|[from] psn
|upkeep
|
|t:|1757942626
|switch|p1a: Fezandipiti|Fezandipiti, M|100/100 par
|turn|10
|
|t:|1757942638
|-activate|p2a: Kommo-o|confusion
|move|p2a: Kommo-o|Boomburst|p1a: Fezandipiti
|-damage|p1a: Fezandipiti|57/100 par
|move|p1a: Fezandipiti|Calm Mind|p1a: Fezandipiti
|-boost|p1a: Fezandipiti|spa|1
|-boost|p1a: Fezandipiti|spd|1
|
|-damage|p2a: Kommo-o|0 fnt|[from] psn
|faint|p2a: Kommo-o
|upkeep
|
|t:|1757942648
|switch|p2a: Greninja|Greninja, M|100/100
|-damage|p2a: Greninja|88/100|[from] Stealth Rock
|turn|11
|
|t:|1757942655
|move|p2a: Greninja|Sludge Wave|p1a: Fezandipiti
|-damage|p1a: Fezandipiti|46/100 par
|move|p1a: Fezandipiti|Roost|p1a: Fezandipiti
|-heal|p1a: Fezandipiti|96/100 par
|-singleturn|p1a: Fezandipiti|move: Roost
|
|upkeep
|turn|12
|
|t:|1757942664
|switch|p2a: Dusknoir|Dusknoir, F|100/100
|-damage|p2a: Dusknoir|88/100|[from] Stealth Rock
|-ability|p2a: Dusknoir|Pressure
|move|p1a: Fezandipiti|Calm Mind|p1a: Fezandipiti
|-boost|p1a: Fezandipiti|spa|1
|-boost|p1a: Fezandipiti|spd|1
|
|-heal|p2a: Dusknoir|94/100|[from] item: Leftovers
|upkeep
|turn|13
|
|t:|1757942675
|move|p2a: Dusknoir|Curse|p1a: Fezandipiti
|-start|p1a: Fezandipiti|Curse|[of] p2a: Dusknoir
|-damage|p2a: Dusknoir|44/100
|cant|p1a: Fezandipiti|par
|
|-heal|p2a: Dusknoir|50/100|[from] item: Leftovers
|-damage|p1a: Fezandipiti|71/100 par|[from] Curse
|upkeep
|turn|14
|
|t:|1757942685
|move|p2a: Dusknoir|Pain Split|p1a: Fezandipiti
|-sethp|p1a: Fezandipiti|55/100 par|[from] move: Pain Split|[silent]
|-sethp|p2a: Dusknoir|71/100|[from] move: Pain Split
|move|p1a: Fezandipiti|Moonblast|p2a: Dusknoir
|-damage|p2a: Dusknoir|37/100
|-unboost|p2a: Dusknoir|spa|1
|
|-heal|p2a: Dusknoir|43/100|[from] item: Leftovers
|-damage|p1a: Fezandipiti|31/100 par|[from] Curse
|upkeep
|turn|15
|
|t:|1757942699
|switch|p1a: Ting-Lu|Ting-Lu, shiny|100/100
|-damage|p1a: Ting-Lu|94/100|[from] Stealth Rock
|-ability|p1a: Ting-Lu|Vessel of Ruin
|move|p2a: Dusknoir|Poltergeist|p1a: Ting-Lu
|-activate|p1a: Ting-Lu|move: Poltergeist|Leftovers
|-resisted|p1a: Ting-Lu
|-damage|p1a: Ting-Lu|85/100
|
|-heal|p1a: Ting-Lu|91/100|[from] item: Leftovers
|-heal|p2a: Dusknoir|49/100|[from] item: Leftovers
|upkeep
|turn|16
|
|t:|1757942713
|move|p1a: Ting-Lu|Spikes|p2a: Dusknoir
|-sidestart|p2: Seemorebutts12|Spikes
|move|p2a: Dusknoir|Pain Split|p1a: Ting-Lu
|-sethp|p1a: Ting-Lu|60/100|[from] move: Pain Split|[silent]
|-sethp|p2a: Dusknoir|100/100|[from] move: Pain Split
|
|-heal|p1a: Ting-Lu|66/100|[from] item: Leftovers
|upkeep
|turn|17
|
|t:|1757942724
|move|p2a: Dusknoir|Will-O-Wisp|p1a: Ting-Lu
|-status|p1a: Ting-Lu|brn
|move|p1a: Ting-Lu|Spikes|p2a: Dusknoir
|-sidestart|p2: Seemorebutts12|Spikes
|
|-heal|p1a: Ting-Lu|72/100 brn|[from] item: Leftovers
|-damage|p1a: Ting-Lu|66/100 brn|[from] brn
|upkeep
|turn|18
|
|t:|1757942734
|move|p2a: Dusknoir|Curse|p1a: Ting-Lu
|-start|p1a: Ting-Lu|Curse|[of] p2a: Dusknoir
|-damage|p2a: Dusknoir|50/100
|move|p1a: Ting-Lu|Spikes|p2a: Dusknoir
|-sidestart|p2: Seemorebutts12|Spikes
|
|-heal|p2a: Dusknoir|57/100|[from] item: Leftovers
|-heal|p1a: Ting-Lu|72/100 brn|[from] item: Leftovers
|-damage|p1a: Ting-Lu|66/100 brn|[from] brn
|-damage|p1a: Ting-Lu|41/100 brn|[from] Curse
|upkeep
|turn|19
|
|t:|1757942752
|switch|p1a: Darkrai|Darkrai, shiny|100/100 par
|move|p2a: Dusknoir|Poltergeist|p1a: Darkrai
|-activate|p1a: Darkrai|move: Poltergeist|Heavy-Duty Boots
|-resisted|p1a: Darkrai
|-damage|p1a: Darkrai|74/100 par
|
|-heal|p2a: Dusknoir|63/100|[from] item: Leftovers
|upkeep
|turn|20
|
|t:|1757942764
|move|p1a: Darkrai|Dark Pulse|p2a: Dusknoir
|-supereffective|p2a: Dusknoir
|-damage|p2a: Dusknoir|0 fnt
|faint|p2a: Dusknoir
|
|upkeep
|
|t:|1757942772
|switch|p2a: Pawmot|Pawmot, F|100/100
|-damage|p2a: Pawmot|94/100|[from] Stealth Rock
|-damage|p2a: Pawmot|70/100|[from] Spikes
|turn|21
|
|t:|1757942785
|switch|p1a: Latios|Latios, M, shiny|100/100
|-damage|p1a: Latios|88/100|[from] Stealth Rock
|move|p2a: Pawmot|Mach Punch|p1a: Latios
|-resisted|p1a: Latios
|-damage|p1a: Latios|75/100
|
|upkeep
|turn|22
|
|t:|1757942799
|move|p1a: Latios|Dragon Pulse|p2a: Pawmot
|-crit|p2a: Pawmot
|-damage|p2a: Pawmot|0 fnt
|faint|p2a: Pawmot
|
|upkeep
|
|t:|1757942804
|switch|p2a: Greninja|Greninja, M|88/100
|-damage|p2a: Greninja|76/100|[from] Stealth Rock
|-damage|p2a: Greninja|51/100|[from] Spikes
|turn|23
|
|t:|1757942817
|-terastallize|p1a: Latios|Steel
|move|p2a: Greninja|Ice Beam|p1a: Latios
|-resisted|p1a: Latios
|-damage|p1a: Latios|61/100
|move|p1a: Latios|Aura Sphere|p2a: Greninja
|-supereffective|p2a: Greninja
|-damage|p2a: Greninja|0 fnt
|faint|p2a: Greninja
|
|upkeep
|
|t:|1757942827
|switch|p2a: Skeledirge|Skeledirge, F|100/100
|turn|24
|
|t:|1757942836
|move|p1a: Latios|Psychic Noise|p2a: Skeledirge
|-damage|p2a: Skeledirge|73/100
|-start|p2a: Skeledirge|move: Heal Block
|move|p2a: Skeledirge|Torch Song|p1a: Latios
|-supereffective|p1a: Latios
|-damage|p1a: Latios|1/100
|-boost|p2a: Skeledirge|spa|1
|
|upkeep
|turn|25
|
|t:|1757942848
|move|p1a: Latios|Dragon Pulse|p2a: Skeledirge
|-damage|p2a: Skeledirge|39/100
|move|p2a: Skeledirge|Torch Song|p1a: Latios
|-supereffective|p1a: Latios
|-damage|p1a: Latios|0 fnt
|-boost|p2a: Skeledirge|spa|1
|faint|p1a: Latios
|
|-end|p2a: Skeledirge|move: Heal Block
|upkeep
|
|t:|1757942863
|switch|p1a: Darkrai|Darkrai, shiny|74/100 par
|turn|26
|
|t:|1757942868
|-terastallize|p2a: Skeledirge|Fire
|move|p1a: Darkrai|Dark Pulse|p2a: Skeledirge
|-damage|p2a: Skeledirge|11/100
|move|p2a: Skeledirge|Slack Off|p2a: Skeledirge
|-heal|p2a: Skeledirge|61/100
|
|upkeep
|turn|27
|
|t:|1757942879
|move|p1a: Darkrai|Dark Pulse|p2a: Skeledirge
|-damage|p2a: Skeledirge|29/100
|move|p2a: Skeledirge|Slack Off|p2a: Skeledirge
|-heal|p2a: Skeledirge|79/100
|
|upkeep
|turn|28
|
|t:|1757942891
|cant|p1a: Darkrai|par
|move|p2a: Skeledirge|Hex|p1a: Darkrai
|-resisted|p1a: Darkrai
|-damage|p1a: Darkrai|0 fnt
|faint|p1a: Darkrai
|
|upkeep
|
|t:|1757942899
|switch|p1a: Fezandipiti|Fezandipiti, M|31/100 par
|turn|29
|
|t:|1757942902
|move|p2a: Skeledirge|Hex|p1a: Fezandipiti
|-damage|p1a: Fezandipiti|0 fnt
|faint|p1a: Fezandipiti
|
|upkeep
|
|t:|1757942910
|switch|p1a: Ting-Lu|Ting-Lu, shiny|41/100 brn
|-damage|p1a: Ting-Lu|35/100 brn|[from] Stealth Rock
|-ability|p1a: Ting-Lu|Vessel of Ruin
|turn|30
|
|t:|1757942915
|move|p2a: Skeledirge|Hex|p1a: Ting-Lu
|-resisted|p1a: Ting-Lu
|-damage|p1a: Ting-Lu|16/100 brn
|move|p1a: Ting-Lu|Earthquake|p2a: Skeledirge
|-supereffective|p2a: Skeledirge
|-damage|p2a: Skeledirge|49/100
|
|-heal|p1a: Ting-Lu|23/100 brn|[from] item: Leftovers
|-damage|p1a: Ting-Lu|16/100 brn|[from] brn
|upkeep
|turn|31
|
|t:|1757942926
|move|p2a: Skeledirge|Hex|p1a: Ting-Lu
|-resisted|p1a: Ting-Lu
|-damage|p1a: Ting-Lu|0 fnt
|faint|p1a: Ting-Lu
|
|upkeep
|
|t:|1757942929
|switch|p1a: Corviknight|Corviknight, M, shiny|100/100 par
|-damage|p1a: Corviknight|88/100 par|[from] Stealth Rock
|-ability|p1a: Corviknight|Pressure
|turn|32
|
|t:|1757942936
|move|p2a: Skeledirge|Torch Song|p1a: Corviknight
|-supereffective|p1a: Corviknight
|-damage|p1a: Corviknight|0 fnt
|-boost|p2a: Skeledirge|spa|1
|faint|p1a: Corviknight
|
|win|Seemorebutts12
|raw|amaso420's rating: 1172 &rarr; <strong>1150</strong><br />(-22 for losing)
|raw|Seemorebutts12's rating: 1219 &rarr; <strong>1241</strong><br />(+22 for winning)
|l|☆amaso420
|player|p1|
|l|☆Seemorebutts12
|player|p2|
