|j|☆TheInfiniteCrafter
|j|☆astolfo cesar
|t:|1757806008
|gametype|singles
|player|p1|TheInfiniteCrafter|hilbert|1110
|player|p2|astolfo cesar|hilda|1085
|gen|9
|tier|[Gen 9] OU
|rated|
|rule|HP Percentage Mod: HP is shown in percentages
|rule|Endless Battle Clause: Forcing endless battles is banned
|rule|Species Clause: Limit one of each Pokémon
|rule|OHKO Clause: OHKO moves are banned
|rule|Evasion Items Clause: Evasion items are banned
|rule|Evasion Moves Clause: Evasion moves are banned
|rule|Evasion Abilities Clause: Evasion abilities are banned
|rule|Sleep Moves Clause: Sleep-inducing moves are banned
|clearpoke
|poke|p1|Lilligant-Hisui, F|
|poke|p1|Ninetales, F|
|poke|p1|Ceruledge, M|
|poke|p1|Iron Valiant|
|poke|p1|Clefable, F|
|poke|p1|Garganacl, F|
|poke|p2|Tornadus-Therian, M|
|poke|p2|Weezing-Galar, M|
|poke|p2|Ting-Lu|
|poke|p2|Zamazenta-*|
|poke|p2|Alomomola, M|
|poke|p2|Slowking-Galar, M|
|teampreview
|c|☆TheInfiniteCrafter|glhf
|
|t:|1757806023
|teamsize|p1|6
|teamsize|p2|6
|start
|switch|p1a: Ninetales|Ninetales, F|100/100
|switch|p2a: Weezing|Weezing-Galar, M|100/100
|-ability|p2a: Weezing|Neutralizing Gas
|turn|1
|
|t:|1757806034
|move|p1a: Ninetales|Will-O-Wisp|p2a: Weezing
|-status|p2a: Weezing|brn
|move|p2a: Weezing|Strange Steam|p1a: Ninetales
|-resisted|p1a: Ninetales
|-damage|p1a: Ninetales|87/100
|
|-damage|p2a: Weezing|94/100 brn|[from] brn
|upkeep
|turn|2
|
|t:|1757806065
|switch|p1a: Clefable|Clefable, F|100/100
|move|p2a: Weezing|Strange Steam|p1a: Clefable|[miss]
|-miss|p2a: Weezing|p1a: Clefable
|
|-damage|p2a: Weezing|88/100 brn|[from] brn
|upkeep
|turn|3
|
|t:|1757806073
|-end|p2a: Weezing|ability: Neutralizing Gas
|switch|p2a: Slowking|Slowking-Galar, M|100/100
|move|p1a: Clefable|Stealth Rock|p2a: Slowking
|-sidestart|p2: astolfo cesar|move: Stealth Rock
|
|upkeep
|turn|4
|
|t:|1757806078
|switch|p1a: Ninetales|Ninetales, F|87/100
|-weather|SunnyDay|[from] ability: Drought|[of] p1a: Ninetales
|move|p2a: Slowking|Future Sight|p1a: Ninetales
|-start|p2a: Slowking|move: Future Sight
|
|-weather|SunnyDay|[upkeep]
|upkeep
|turn|5
|
|t:|1757806095
|move|p1a: Ninetales|Weather Ball|p2a: Slowking
|-damage|p2a: Slowking|76/100
|-prepare|p2a: Slowking|Chilly Reception|[premajor]
|move|p2a: Slowking|Chilly Reception|p2a: Slowking
|-weather|Snowscape
|
|t:|1757806105
|switch|p2a: Ting-Lu|Ting-Lu|100/100|[from] Chilly Reception
|-damage|p2a: Ting-Lu|94/100|[from] Stealth Rock
|-ability|p2a: Ting-Lu|Vessel of Ruin
|
|-weather|Snowscape|[upkeep]
|-heal|p2a: Ting-Lu|100/100|[from] item: Leftovers
|upkeep
|turn|6
|
|t:|1757806115
|move|p1a: Ninetales|Weather Ball|p2a: Ting-Lu
|-supereffective|p2a: Ting-Lu
|-damage|p2a: Ting-Lu|80/100
|move|p2a: Ting-Lu|Stealth Rock|p1a: Ninetales
|-sidestart|p1: TheInfiniteCrafter|move: Stealth Rock
|
|-weather|Snowscape|[upkeep]
|-end|p1a: Ninetales|move: Future Sight
|-damage|p1a: Ninetales|53/100
|-heal|p2a: Ting-Lu|86/100|[from] item: Leftovers
|upkeep
|turn|7
|
|t:|1757806126
|move|p1a: Ninetales|Will-O-Wisp|p2a: Ting-Lu
|-status|p2a: Ting-Lu|brn
|move|p2a: Ting-Lu|Earthquake|p1a: Ninetales
|-supereffective|p1a: Ninetales
|-damage|p1a: Ninetales|11/100
|
|-weather|Snowscape|[upkeep]
|-heal|p2a: Ting-Lu|93/100 brn|[from] item: Leftovers
|-damage|p2a: Ting-Lu|86/100 brn|[from] brn
|upkeep
|turn|8
|
|t:|1757806139
|switch|p1a: Garganacl|Garganacl, F|100/100
|-damage|p1a: Garganacl|88/100|[from] Stealth Rock
|move|p2a: Ting-Lu|Taunt|p1a: Garganacl
|-start|p1a: Garganacl|move: Taunt
|
|-weather|Snowscape|[upkeep]
|-heal|p2a: Ting-Lu|93/100 brn|[from] item: Leftovers
|-heal|p1a: Garganacl|94/100|[from] item: Leftovers
|-damage|p2a: Ting-Lu|86/100 brn|[from] brn
|upkeep
|turn|9
|
|t:|1757806163
|move|p2a: Ting-Lu|Ruination|p1a: Garganacl
|-damage|p1a: Garganacl|48/100
|move|p1a: Garganacl|Salt Cure|p2a: Ting-Lu
|-resisted|p2a: Ting-Lu
|-damage|p2a: Ting-Lu|83/100 brn
|-start|p2a: Ting-Lu|Salt Cure
|
|-weather|none
|-heal|p2a: Ting-Lu|89/100 brn|[from] item: Leftovers
|-heal|p1a: Garganacl|54/100|[from] item: Leftovers
|-damage|p2a: Ting-Lu|83/100 brn|[from] brn
|-damage|p2a: Ting-Lu|71/100 brn|[from] Salt Cure
|upkeep
|turn|10
|
|t:|1757806174
|switch|p2a: Slowking|Slowking-Galar, M|100/100
|move|p1a: Garganacl|Body Press|p2a: Slowking
|-resisted|p2a: Slowking
|-damage|p2a: Slowking|94/100
|
|-heal|p1a: Garganacl|60/100|[from] item: Leftovers
|-end|p1a: Garganacl|move: Taunt
|upkeep
|turn|11
|
|t:|1757806190
|move|p1a: Garganacl|Iron Defense|p1a: Garganacl
|-boost|p1a: Garganacl|def|2
|move|p2a: Slowking|Future Sight|p1a: Garganacl
|-start|p2a: Slowking|move: Future Sight
|
|-heal|p1a: Garganacl|66/100|[from] item: Leftovers
|upkeep
|turn|12
|
|t:|1757806223
|move|p1a: Garganacl|Iron Defense|p1a: Garganacl
|-boost|p1a: Garganacl|def|2
|move|p2a: Slowking|Sludge Wave|p1a: Garganacl
|-resisted|p1a: Garganacl
|-damage|p1a: Garganacl|53/100
|
|-heal|p1a: Garganacl|59/100|[from] item: Leftovers
|upkeep
|turn|13
|
|t:|1757806234
|move|p1a: Garganacl|Iron Defense|p1a: Garganacl
|-boost|p1a: Garganacl|def|2
|move|p2a: Slowking|Sludge Wave|p1a: Garganacl
|-resisted|p1a: Garganacl
|-damage|p1a: Garganacl|47/100
|
|-end|p1a: Garganacl|move: Future Sight
|-damage|p1a: Garganacl|15/100
|-heal|p1a: Garganacl|21/100|[from] item: Leftovers
|upkeep
|turn|14
|
|t:|1757806248
|switch|p2a: Alomomola|Alomomola, M|100/100
|-damage|p2a: Alomomola|88/100|[from] Stealth Rock
|move|p1a: Garganacl|Recover|p1a: Garganacl
|-heal|p1a: Garganacl|71/100
|
|-heal|p1a: Garganacl|77/100|[from] item: Leftovers
|upkeep
|turn|15
|
|t:|1757806261
|move|p2a: Alomomola|Scald|p1a: Garganacl
|-supereffective|p1a: Garganacl
|-damage|p1a: Garganacl|59/100
|move|p1a: Garganacl|Salt Cure|p2a: Alomomola
|-damage|p2a: Alomomola|80/100
|-start|p2a: Alomomola|Salt Cure
|
|-heal|p1a: Garganacl|65/100|[from] item: Leftovers
|-damage|p2a: Alomomola|55/100|[from] Salt Cure
|upkeep
|turn|16
|inactive|Battle timer is ON: inactive players will automatically lose when time's up. (requested by astolfo cesar)
|
|t:|1757806273
|move|p2a: Alomomola|Wish|p2a: Alomomola
|move|p1a: Garganacl|Body Press|p2a: Alomomola
|-damage|p2a: Alomomola|3/100
|-damage|p1a: Garganacl|49/100|[from] item: Rocky Helmet|[of] p2a: Alomomola
|
|-heal|p1a: Garganacl|55/100|[from] item: Leftovers
|-damage|p2a: Alomomola|0 fnt|[from] Salt Cure
|faint|p2a: Alomomola
|upkeep
|
|t:|1757806287
|switch|p2a: Ting-Lu|Ting-Lu|71/100 brn
|-damage|p2a: Ting-Lu|64/100 brn|[from] Stealth Rock
|-ability|p2a: Ting-Lu|Vessel of Ruin
|turn|17
|
|t:|1757806302
|-terastallize|p2a: Ting-Lu|Water
|move|p2a: Ting-Lu|Taunt|p1a: Garganacl
|-start|p1a: Garganacl|move: Taunt
|cant|p1a: Garganacl|move: Taunt|Recover
|
|-heal|p2a: Ting-Lu|100/100 brn|[from] move: Wish|[wisher] Alomomola
|-heal|p1a: Garganacl|61/100|[from] item: Leftovers
|-damage|p2a: Ting-Lu|94/100 brn|[from] brn
|upkeep
|turn|18
|
|t:|1757806322
|move|p2a: Ting-Lu|Ruination|p1a: Garganacl
|-damage|p1a: Garganacl|31/100
|move|p1a: Garganacl|Salt Cure|p2a: Ting-Lu
|-damage|p2a: Ting-Lu|87/100 brn
|-start|p2a: Ting-Lu|Salt Cure
|
|-heal|p2a: Ting-Lu|93/100 brn|[from] item: Leftovers
|-heal|p1a: Garganacl|37/100|[from] item: Leftovers
|-damage|p2a: Ting-Lu|87/100 brn|[from] brn
|-damage|p2a: Ting-Lu|62/100 brn|[from] Salt Cure
|upkeep
|turn|19
|
|t:|1757806336
|move|p2a: Ting-Lu|Earthquake|p1a: Garganacl
|-supereffective|p1a: Garganacl
|-crit|p1a: Garganacl
|-damage|p1a: Garganacl|0 fnt
|faint|p1a: Garganacl
|
|-heal|p2a: Ting-Lu|69/100 brn|[from] item: Leftovers
|-damage|p2a: Ting-Lu|62/100 brn|[from] brn
|-damage|p2a: Ting-Lu|37/100 brn|[from] Salt Cure
|upkeep
|
|t:|1757806358
|switch|p1a: Clefable|Clefable, F|100/100
|turn|20
|
|t:|1757806367
|move|p1a: Clefable|Moonblast|p2a: Ting-Lu
|-damage|p2a: Ting-Lu|22/100 brn
|move|p2a: Ting-Lu|Taunt|p1a: Clefable
|-start|p1a: Clefable|move: Taunt
|
|-heal|p2a: Ting-Lu|29/100 brn|[from] item: Leftovers
|-damage|p2a: Ting-Lu|22/100 brn|[from] brn
|-damage|p2a: Ting-Lu|0 fnt|[from] Salt Cure
|faint|p2a: Ting-Lu
|upkeep
|
|t:|1757806372
|switch|p2a: Weezing|Weezing-Galar, M|88/100 brn
|-ability|p2a: Weezing|Neutralizing Gas
|turn|21
|
|t:|1757806387
|move|p1a: Clefable|Moonblast|p2a: Weezing
|-resisted|p2a: Weezing
|-damage|p2a: Weezing|73/100 brn
|move|p2a: Weezing|Strange Steam|p1a: Clefable
|-damage|p1a: Clefable|75/100
|
|-heal|p1a: Clefable|81/100|[from] item: Leftovers
|-damage|p2a: Weezing|67/100 brn|[from] brn
|upkeep
|turn|22
|
|t:|1757806399
|move|p1a: Clefable|Moonblast|p2a: Weezing
|-resisted|p2a: Weezing
|-crit|p2a: Weezing
|-damage|p2a: Weezing|45/100 brn
|move|p2a: Weezing|Will-O-Wisp|p1a: Clefable
|-status|p1a: Clefable|brn
|
|-heal|p1a: Clefable|87/100 brn|[from] item: Leftovers
|-damage|p2a: Weezing|39/100 brn|[from] brn
|-damage|p1a: Clefable|81/100 brn|[from] brn
|upkeep
|turn|23
|
|t:|1757806417
|move|p1a: Clefable|Moonblast|p2a: Weezing
|-resisted|p2a: Weezing
|-damage|p2a: Weezing|24/100 brn
|move|p2a: Weezing|Pain Split|p1a: Clefable
|-sethp|p1a: Clefable|50/100 brn|[from] move: Pain Split|[silent]
|-sethp|p2a: Weezing|60/100 brn|[from] move: Pain Split
|
|-heal|p1a: Clefable|57/100 brn|[from] item: Leftovers
|-damage|p2a: Weezing|54/100 brn|[from] brn
|-damage|p1a: Clefable|50/100 brn|[from] brn
|-end|p1a: Clefable|move: Taunt
|upkeep
|turn|24
|
|t:|1757806430
|move|p2a: Weezing|Strange Steam|p1a: Clefable
|-damage|p1a: Clefable|26/100 brn
|move|p1a: Clefable|Moonlight|p1a: Clefable
|-heal|p1a: Clefable|76/100 brn
|
|-heal|p1a: Clefable|82/100 brn|[from] item: Leftovers
|-damage|p2a: Weezing|48/100 brn|[from] brn
|-damage|p1a: Clefable|76/100 brn|[from] brn
|upkeep
|turn|25
|
|t:|1757806441
|move|p1a: Clefable|Moonblast|p2a: Weezing
|-resisted|p2a: Weezing
|-damage|p2a: Weezing|32/100 brn
|move|p2a: Weezing|Pain Split|p1a: Clefable
|-sethp|p1a: Clefable|52/100 brn|[from] move: Pain Split|[silent]
|-sethp|p2a: Weezing|61/100 brn|[from] move: Pain Split
|
|-heal|p1a: Clefable|58/100 brn|[from] item: Leftovers
|-damage|p1a: Clefable|52/100 brn|[from] brn
|-damage|p2a: Weezing|55/100 brn|[from] brn
|upkeep
|turn|26
|
|t:|1757806462
|move|p2a: Weezing|Strange Steam|p1a: Clefable
|-damage|p1a: Clefable|24/100 brn
|move|p1a: Clefable|Moonblast|p2a: Weezing
|-resisted|p2a: Weezing
|-damage|p2a: Weezing|41/100 brn
|-unboost|p2a: Weezing|spa|1
|
|-heal|p1a: Clefable|30/100 brn|[from] item: Leftovers
|-damage|p2a: Weezing|35/100 brn|[from] brn
|-damage|p1a: Clefable|24/100 brn|[from] brn
|upkeep
|turn|27
|inactive|TheInfiniteCrafter has 120 seconds left.
|
|t:|1757806484
|move|p2a: Weezing|Strange Steam|p1a: Clefable
|-damage|p1a: Clefable|7/100 brn
|move|p1a: Clefable|Moonblast|p2a: Weezing
|-resisted|p2a: Weezing
|-damage|p2a: Weezing|21/100 brn
|
|-heal|p1a: Clefable|13/100 brn|[from] item: Leftovers
|-damage|p1a: Clefable|7/100 brn|[from] brn
|-damage|p2a: Weezing|15/100 brn|[from] brn
|upkeep
|turn|28
|inactive|TheInfiniteCrafter has 120 seconds left.
|
|t:|1757806494
|move|p1a: Clefable|Moonblast|p2a: Weezing
|-resisted|p2a: Weezing
|-damage|p2a: Weezing|0 fnt
|faint|p2a: Weezing
|-end|p2a: Weezing|ability: Neutralizing Gas
|
|-heal|p1a: Clefable|13/100 brn|[from] item: Leftovers
|upkeep
|
|t:|1757806500
|switch|p2a: Slowking|Slowking-Galar, M|100/100
|turn|29
|
|t:|1757806505
|move|p1a: Clefable|Moonlight|p1a: Clefable
|-heal|p1a: Clefable|63/100 brn
|move|p2a: Slowking|Future Sight|p1a: Clefable
|-start|p2a: Slowking|move: Future Sight
|
|-heal|p1a: Clefable|69/100 brn|[from] item: Leftovers
|upkeep
|turn|30
|
|t:|1757806515
|move|p1a: Clefable|Thunder Wave|p2a: Slowking
|-status|p2a: Slowking|par
|move|p2a: Slowking|Sludge Wave|p1a: Clefable
|-supereffective|p1a: Clefable
|-damage|p1a: Clefable|4/100 brn
|
|-heal|p1a: Clefable|10/100 brn|[from] item: Leftovers
|upkeep
|turn|31
|
|t:|1757806531
|move|p1a: Clefable|Moonlight|p1a: Clefable
|-heal|p1a: Clefable|60/100 brn
|move|p2a: Slowking|Sludge Wave|p1a: Clefable
|-supereffective|p1a: Clefable
|-damage|p1a: Clefable|0 fnt
|faint|p1a: Clefable
|
|-hint|Future Sight did not hit because the target is fainted.
|upkeep
|
|t:|1757806550
|switch|p1a: Iron Valiant|Iron Valiant|100/100
|-damage|p1a: Iron Valiant|94/100|[from] Stealth Rock
|-enditem|p1a: Iron Valiant|Booster Energy
|-activate|p1a: Iron Valiant|ability: Quark Drive|[fromitem]
|-start|p1a: Iron Valiant|quarkdrivespe
|turn|32
|
|t:|1757806558
|move|p1a: Iron Valiant|Shadow Ball|p2a: Slowking
|-supereffective|p2a: Slowking
|-damage|p2a: Slowking|70/100 par
|-unboost|p2a: Slowking|spd|1
|cant|p2a: Slowking|par
|
|upkeep
|turn|33
|
|t:|1757806578
|switch|p2a: Tornadus|Tornadus-Therian, M|100/100
|-damage|p2a: Tornadus|76/100|[from] Stealth Rock
|move|p1a: Iron Valiant|Calm Mind|p1a: Iron Valiant
|-boost|p1a: Iron Valiant|spa|1
|-boost|p1a: Iron Valiant|spd|1
|
|upkeep
|turn|34
|
|t:|1757806590
|move|p1a: Iron Valiant|Moonblast|p2a: Tornadus
|-damage|p2a: Tornadus|35/100
|move|p2a: Tornadus|Bleakwind Storm|p1a: Iron Valiant
|-supereffective|p1a: Iron Valiant
|-damage|p1a: Iron Valiant|2/100
|-unboost|p1a: Iron Valiant|spe|1
|
|upkeep
|turn|35
|
|t:|1757806602
|move|p1a: Iron Valiant|Moonblast|p2a: Tornadus
|-damage|p2a: Tornadus|0 fnt
|faint|p2a: Tornadus
|
|upkeep
|l|☆astolfo cesar
|inactive|astolfo cesar disconnected and has a minute to reconnect!
|player|p2|
|j|☆astolfo cesar
|inactive|astolfo cesar reconnected and has 130 seconds left.
|player|p2|astolfo cesar|hilda|
|
|t:|1757806632
|switch|p2a: Slowking|Slowking-Galar, M|100/100 par
|turn|36
|
|t:|1757806641
|move|p1a: Iron Valiant|Shadow Ball|p2a: Slowking
|-supereffective|p2a: Slowking
|-damage|p2a: Slowking|49/100 par
|move|p2a: Slowking|Sludge Wave|p1a: Iron Valiant
|-supereffective|p1a: Iron Valiant
|-damage|p1a: Iron Valiant|0 fnt
|faint|p1a: Iron Valiant
|-end|p1a: Iron Valiant|Quark Drive|[silent]
|
|upkeep
|
|t:|1757806655
|switch|p1a: Ninetales|Ninetales, F|11/100
|-damage|p1a: Ninetales|0 fnt|[from] Stealth Rock
|faint|p1a: Ninetales
|
|t:|1757806660
|switch|p1a: Lilligant|Lilligant-Hisui, F|100/100
|-damage|p1a: Lilligant|94/100|[from] Stealth Rock
|turn|37
|
|t:|1757806674
|switch|p2a: Zamazenta|Zamazenta|100/100
|-damage|p2a: Zamazenta|94/100|[from] Stealth Rock
|-ability|p2a: Zamazenta|Dauntless Shield|boost
|-boost|p2a: Zamazenta|def|1
|-terastallize|p1a: Lilligant|Fire
|move|p1a: Lilligant|Solar Blade||[still]
|-prepare|p1a: Lilligant|Solar Blade
|
|upkeep
|turn|38
|
|t:|1757806683
|move|p2a: Zamazenta|Iron Defense|p2a: Zamazenta
|-boost|p2a: Zamazenta|def|2
|move|p1a: Lilligant|Solar Blade|p2a: Zamazenta|[from] lockedmove
|-damage|p2a: Zamazenta|69/100
|-damage|p1a: Lilligant|78/100|[from] item: Rocky Helmet|[of] p2a: Zamazenta
|-damage|p1a: Lilligant|68/100|[from] item: Life Orb
|
|upkeep
|turn|39
|
|t:|1757806693
|move|p2a: Zamazenta|Iron Defense|p2a: Zamazenta
|-boost|p2a: Zamazenta|def|2
|move|p1a: Lilligant|Tera Blast|p2a: Zamazenta|[anim] Tera Blast Fire
|-damage|p2a: Zamazenta|56/100
|-damage|p1a: Lilligant|58/100|[from] item: Life Orb
|
|upkeep
|turn|40
|
|t:|1757806704
|move|p2a: Zamazenta|Body Press|p1a: Lilligant
|-crit|p1a: Lilligant
|-damage|p1a: Lilligant|0 fnt
|faint|p1a: Lilligant
|
|upkeep
|
|t:|1757806708
|switch|p1a: Ceruledge|Ceruledge, M|100/100
|-damage|p1a: Ceruledge|76/100|[from] Stealth Rock
|turn|41
|
|t:|1757806716
|move|p2a: Zamazenta|Crunch|p1a: Ceruledge
|-supereffective|p1a: Ceruledge
|-damage|p1a: Ceruledge|14/100
|-ability|p1a: Ceruledge|Weak Armor|boost
|-unboost|p1a: Ceruledge|def|1
|-boost|p1a: Ceruledge|spe|2
|move|p1a: Ceruledge|Bitter Blade|p2a: Zamazenta
|-damage|p2a: Zamazenta|45/100
|-heal|p1a: Ceruledge|20/100|[from] drain|[of] p2a: Zamazenta
|-damage|p1a: Ceruledge|3/100|[from] item: Rocky Helmet|[of] p2a: Zamazenta
|
|upkeep
|turn|42
|
|t:|1757806731
|move|p1a: Ceruledge|Poltergeist|p2a: Zamazenta
|-activate|p2a: Zamazenta|move: Poltergeist|Rocky Helmet
|-damage|p2a: Zamazenta|32/100
|move|p2a: Zamazenta|Crunch|p1a: Ceruledge
|-supereffective|p1a: Ceruledge
|-damage|p1a: Ceruledge|0 fnt
|faint|p1a: Ceruledge
|
|win|astolfo cesar
|raw|TheInfiniteCrafter's rating: 1110 &rarr; <strong>1083</strong><br />(-27 for losing)
|raw|astolfo cesar's rating: 1085 &rarr; <strong>1114</strong><br />(+29 for winning)
|c|☆TheInfiniteCrafter|ggwp
