|j|☆Dwarf bulborb
|j|☆zzy1248
|t:|1757826791
|gametype|singles
|player|p1|Dwarf bulborb|guitarist|1077
|player|p2|zzy1248|266|1114
|gen|9
|tier|[Gen 9] OU
|rated|
|rule|HP Percentage Mod: HP is shown in percentages
|rule|Endless Battle Clause: Forcing endless battles is banned
|rule|Species Clause: Limit one of each Pokémon
|rule|OHKO Clause: OHKO moves are banned
|rule|Evasion Items Clause: Evasion items are banned
|rule|Evasion Moves Clause: Evasion moves are banned
|rule|Evasion Abilities Clause: Evasion abilities are banned
|rule|Sleep Moves Clause: Sleep-inducing moves are banned
|clearpoke
|poke|p1|Dunsparce, F|
|poke|p1|Dudunsparce-*, M|
|poke|p1|Cryogonal|
|poke|p1|Gogoat, F|
|poke|p1|Dedenne, M|
|poke|p1|Gengar, F|
|poke|p2|Jolteon, M|
|poke|p2|Slowking-Galar, F|
|poke|p2|Great Tusk|
|poke|p2|Moltres|
|poke|p2|Kingambit, M|
|poke|p2|Hydrapple, M|
|teampreview
|c|☆Dwarf bulborb|Hello
|
|t:|1757826816
|teamsize|p1|6
|teamsize|p2|6
|start
|switch|p1a: Folding chair|Dunsparce, F|100/100
|switch|p2a: Moltres|Moltres|100/100
|turn|1
|
|t:|1757826823
|move|p2a: Moltres|Flamethrower|p1a: Folding chair
|-damage|p1a: Folding chair|72/100
|move|p1a: Folding chair|Glare|p2a: Moltres
|-status|p2a: Moltres|par
|
|upkeep
|turn|2
|
|t:|1757826834
|move|p2a: Moltres|Will-O-Wisp|p1a: Folding chair
|-status|p1a: Folding chair|brn
|move|p1a: Folding chair|Coil|p1a: Folding chair
|-boost|p1a: Folding chair|atk|1
|-boost|p1a: Folding chair|def|1
|-boost|p1a: Folding chair|accuracy|1
|
|-damage|p1a: Folding chair|66/100 brn|[from] brn
|upkeep
|turn|3
|
|t:|1757826852
|cant|p2a: Moltres|par
|move|p1a: Folding chair|Coil|p1a: Folding chair
|-boost|p1a: Folding chair|atk|1
|-boost|p1a: Folding chair|def|1
|-boost|p1a: Folding chair|accuracy|1
|
|-damage|p1a: Folding chair|60/100 brn|[from] brn
|upkeep
|turn|4
|
|t:|1757826856
|move|p2a: Moltres|Scorching Sands|p1a: Folding chair
|-damage|p1a: Folding chair|44/100 brn
|move|p1a: Folding chair|Headbutt|p2a: Moltres
|-damage|p2a: Moltres|80/100 par
|
|-damage|p1a: Folding chair|38/100 brn|[from] brn
|upkeep
|turn|5
|
|t:|1757826865
|move|p2a: Moltres|Flamethrower|p1a: Folding chair
|-damage|p1a: Folding chair|8/100 brn
|move|p1a: Folding chair|Headbutt|p2a: Moltres
|-damage|p2a: Moltres|60/100 par
|
|-damage|p1a: Folding chair|2/100 brn|[from] brn
|upkeep
|turn|6
|
|t:|1757826869
|cant|p2a: Moltres|par
|move|p1a: Folding chair|Headbutt|p2a: Moltres
|-crit|p2a: Moltres
|-damage|p2a: Moltres|29/100 par
|
|-damage|p1a: Folding chair|0 fnt|[from] brn
|faint|p1a: Folding chair
|upkeep
|
|t:|1757826875
|switch|p1a: Cheese|Dedenne, M|100/100
|turn|7
|
|t:|1757826890
|switch|p2a: Jolteon|Jolteon, M|100/100
|move|p1a: Cheese|Dazzling Gleam|p2a: Jolteon
|-damage|p2a: Jolteon|69/100
|
|upkeep
|turn|8
|
|t:|1757826918
|move|p2a: Jolteon|Alluring Voice|p1a: Cheese
|-damage|p1a: Cheese|63/100
|move|p1a: Cheese|Dazzling Gleam|p2a: Jolteon
|-damage|p2a: Jolteon|37/100
|
|upkeep
|turn|9
|
|t:|1757826923
|switch|p2a: Hydrapple|Hydrapple, M|100/100
|move|p1a: Cheese|Dazzling Gleam|p2a: Hydrapple
|-supereffective|p2a: Hydrapple
|-damage|p2a: Hydrapple|59/100
|
|upkeep
|turn|10
|
|t:|1757826933
|switch|p2a: Great Tusk|Great Tusk|100/100
|move|p1a: Cheese|Dazzling Gleam|p2a: Great Tusk
|-supereffective|p2a: Great Tusk
|-damage|p2a: Great Tusk|38/100
|
|upkeep
|turn|11
|
|t:|1757826941
|move|p1a: Cheese|Dazzling Gleam|p2a: Great Tusk
|-supereffective|p2a: Great Tusk
|-damage|p2a: Great Tusk|0 fnt
|faint|p2a: Great Tusk
|-end|p2a: Great Tusk|Protosynthesis|[silent]
|
|upkeep
|
|t:|1757826946
|switch|p2a: Slowking|Slowking-Galar, F|100/100
|turn|12
|
|t:|1757826951
|move|p1a: Cheese|Nuzzle|p2a: Slowking
|-damage|p2a: Slowking|96/100
|-status|p2a: Slowking|par
|move|p2a: Slowking|Psyshock|p1a: Cheese
|-damage|p1a: Cheese|18/100
|-enditem|p1a: Cheese|Aguav Berry|[eat]
|-heal|p1a: Cheese|52/100|[from] item: Aguav Berry
|-heal|p1a: Cheese|85/100|[from] ability: Cheek Pouch
|
|upkeep
|turn|13
|
|t:|1757826964
|move|p1a: Cheese|Dazzling Gleam|p2a: Slowking
|-resisted|p2a: Slowking
|-damage|p2a: Slowking|91/100 par
|move|p2a: Slowking|Psyshock|p1a: Cheese
|-damage|p1a: Cheese|41/100
|
|upkeep
|turn|14
|
|t:|1757826975
|move|p1a: Cheese|Discharge|p2a: Slowking
|-damage|p2a: Slowking|80/100 par
|cant|p2a: Slowking|par
|
|upkeep
|turn|15
|
|t:|1757826980
|move|p1a: Cheese|Discharge|p2a: Slowking
|-damage|p2a: Slowking|70/100 par
|move|p2a: Slowking|Psyshock|p1a: Cheese
|-damage|p1a: Cheese|0 fnt
|faint|p1a: Cheese
|
|upkeep
|
|t:|1757826983
|switch|p1a: Popcorn|Gengar, F|100/100
|turn|16
|
|t:|1757827004
|move|p1a: Popcorn|Shadow Ball|p2a: Slowking
|-supereffective|p2a: Slowking
|-damage|p2a: Slowking|32/100 par
|cant|p2a: Slowking|par
|
|upkeep
|turn|17
|
|t:|1757827010
|switch|p2a: Hydrapple|Hydrapple, M|92/100
|move|p1a: Popcorn|Shadow Ball|p2a: Hydrapple
|-damage|p2a: Hydrapple|52/100
|
|upkeep
|turn|18
|
|t:|1757827015
|switch|p2a: Slowking|Slowking-Galar, F|65/100 par
|move|p1a: Popcorn|Dazzling Gleam|p2a: Slowking
|-resisted|p2a: Slowking
|-damage|p2a: Slowking|59/100 par
|
|upkeep
|turn|19
|
|t:|1757827020
|switch|p2a: Hydrapple|Hydrapple, M|85/100
|move|p1a: Popcorn|Nasty Plot|p1a: Popcorn
|-boost|p1a: Popcorn|spa|2
|
|upkeep
|turn|20
|
|t:|1757827042
|-terastallize|p2a: Hydrapple|Poison
|move|p1a: Popcorn|Dazzling Gleam|p2a: Hydrapple
|-resisted|p2a: Hydrapple
|-damage|p2a: Hydrapple|59/100
|move|p2a: Hydrapple|Fickle Beam|p1a: Popcorn
|-damage|p1a: Popcorn|55/100
|
|upkeep
|turn|21
|
|t:|1757827045
|move|p1a: Popcorn|Shadow Ball|p2a: Hydrapple
|-damage|p2a: Hydrapple|0 fnt
|faint|p2a: Hydrapple
|
|upkeep
|
|t:|1757827051
|switch|p2a: Slowking|Slowking-Galar, F|92/100 par
|turn|22
|
|t:|1757827060
|move|p1a: Popcorn|Shadow Ball|p2a: Slowking
|-supereffective|p2a: Slowking
|-damage|p2a: Slowking|22/100 par
|move|p2a: Slowking|Psyshock|p1a: Popcorn
|-supereffective|p1a: Popcorn
|-damage|p1a: Popcorn|0 fnt
|faint|p1a: Popcorn
|
|upkeep
|
|t:|1757827071
|switch|p1a: Scrambled eggs|Gogoat, F|100/100
|turn|23
|
|t:|1757827077
|switch|p2a: Moltres|Moltres|29/100 par
|move|p1a: Scrambled eggs|Throat Chop|p2a: Moltres
|-damage|p2a: Moltres|14/100 par
|-start|p2a: Moltres|Throat Chop|[silent]
|-status|p1a: Scrambled eggs|brn|[from] ability: Flame Body|[of] p2a: Moltres
|
|-damage|p1a: Scrambled eggs|94/100 brn|[from] brn
|upkeep
|turn|24
|
|t:|1757827081
|move|p1a: Scrambled eggs|Throat Chop|p2a: Moltres
|-damage|p2a: Moltres|5/100 par
|move|p2a: Moltres|Roost|p2a: Moltres
|-heal|p2a: Moltres|55/100 par
|-singleturn|p2a: Moltres|move: Roost
|
|-damage|p1a: Scrambled eggs|88/100 brn|[from] brn
|-end|p2a: Moltres|Throat Chop|[silent]
|upkeep
|turn|25
|
|t:|1757827086
|move|p1a: Scrambled eggs|Leech Seed|p2a: Moltres
|-start|p2a: Moltres|move: Leech Seed
|move|p2a: Moltres|Roost|p2a: Moltres
|-heal|p2a: Moltres|100/100 par
|-singleturn|p2a: Moltres|move: Roost
|
|-damage|p2a: Moltres|88/100 par|[from] Leech Seed|[of] p1a: Scrambled eggs
|-heal|p1a: Scrambled eggs|100/100 brn|[silent]
|-damage|p1a: Scrambled eggs|94/100 brn|[from] brn
|upkeep
|turn|26
|
|t:|1757827107
|switch|p2a: Kingambit|Kingambit, M|100/100
|-activate|p2a: Kingambit|ability: Supreme Overlord
|-start|p2a: Kingambit|fallen2|[silent]
|move|p1a: Scrambled eggs|Throat Chop|p2a: Kingambit
|-resisted|p2a: Kingambit
|-damage|p2a: Kingambit|96/100
|-start|p2a: Kingambit|Throat Chop|[silent]
|
|-heal|p2a: Kingambit|100/100|[from] item: Leftovers
|-damage|p1a: Scrambled eggs|88/100 brn|[from] brn
|upkeep
|turn|27
|
|t:|1757827110
|move|p1a: Scrambled eggs|Leech Seed|p2a: Kingambit
|-start|p2a: Kingambit|move: Leech Seed
|move|p2a: Kingambit|Swords Dance|p2a: Kingambit
|-boost|p2a: Kingambit|atk|2
|
|-damage|p2a: Kingambit|88/100|[from] Leech Seed|[of] p1a: Scrambled eggs
|-heal|p1a: Scrambled eggs|100/100 brn|[silent]
|-damage|p1a: Scrambled eggs|94/100 brn|[from] brn
|-end|p2a: Kingambit|Throat Chop|[silent]
|upkeep
|turn|28
|
|t:|1757827118
|move|p1a: Scrambled eggs|Horn Leech|p2a: Kingambit
|-resisted|p2a: Kingambit
|-damage|p2a: Kingambit|82/100
|-heal|p1a: Scrambled eggs|98/100 brn|[from] drain|[of] p2a: Kingambit
|move|p2a: Kingambit|Swords Dance|p2a: Kingambit
|-boost|p2a: Kingambit|atk|2
|
|-heal|p2a: Kingambit|88/100|[from] item: Leftovers
|-damage|p2a: Kingambit|76/100|[from] Leech Seed|[of] p1a: Scrambled eggs
|-heal|p1a: Scrambled eggs|100/100 brn|[silent]
|-damage|p1a: Scrambled eggs|94/100 brn|[from] brn
|upkeep
|turn|29
|
|t:|1757827129
|move|p1a: Scrambled eggs|Horn Leech|p2a: Kingambit
|-resisted|p2a: Kingambit
|-damage|p2a: Kingambit|69/100
|-heal|p1a: Scrambled eggs|98/100 brn|[from] drain|[of] p2a: Kingambit
|move|p2a: Kingambit|Kowtow Cleave|p1a: Scrambled eggs
|-damage|p1a: Scrambled eggs|0 fnt
|faint|p1a: Scrambled eggs
|
|-heal|p2a: Kingambit|76/100|[from] item: Leftovers
|upkeep
|
|t:|1757827138
|switch|p1a: Reclining chair|Dudunsparce, M|100/100
|turn|30
|
|t:|1757827143
|move|p2a: Kingambit|Iron Head|p1a: Reclining chair
|-damage|p1a: Reclining chair|0 fnt
|faint|p1a: Reclining chair
|
|-heal|p2a: Kingambit|82/100|[from] item: Leftovers
|upkeep
|c|☆Dwarf bulborb|Gg
|-message|Dwarf bulborb forfeited.
|
|win|zzy1248
|raw|Dwarf bulborb's rating: 1077 &rarr; <strong>1058</strong><br />(-19 for losing)
|raw|zzy1248's rating: 1114 &rarr; <strong>1136</strong><br />(+22 for winning)
|l|☆Dwarf bulborb
|player|p1|
|l|☆zzy1248
|player|p2|
