|j|☆Quackstorm
|j|☆Dummylechonk
|t:|1757787770
|gametype|singles
|player|p1|Quackstorm|burglar-gen2|1518
|player|p2|Dummylechonk|1|1502
|gen|9
|tier|[Gen 9] OU
|rated|
|rule|HP Percentage Mod: HP is shown in percentages
|rule|Endless Battle Clause: Forcing endless battles is banned
|rule|Species Clause: Limit one of each Pokémon
|rule|OHKO Clause: OHKO moves are banned
|rule|Evasion Items Clause: Evasion items are banned
|rule|Evasion Moves Clause: Evasion moves are banned
|rule|Evasion Abilities Clause: Evasion abilities are banned
|rule|Sleep Moves Clause: Sleep-inducing moves are banned
|clearpoke
|poke|p1|Rillaboom, M|
|poke|p1|Electrode-Hisui|
|poke|p1|Garganacl, F|
|poke|p1|Iron Crown|
|poke|p1|Alomomola, M|
|poke|p1|Great Tusk|
|poke|p2|Dragonite, F|
|poke|p2|Walking Wake|
|poke|p2|Landorus-Therian, M|
|poke|p2|Zamazenta-*|
|poke|p2|Hatterene, F|
|poke|p2|Darkrai|
|teampreview
|inactive|Battle timer is ON: inactive players will automatically lose when time's up. (requested by Dummylechonk)
|
|t:|1757787777
|teamsize|p1|6
|teamsize|p2|6
|start
|switch|p1a: Garganacl|Garganacl, F|100/100
|switch|p2a: Landoheime|Landorus-Therian, M|100/100
|-ability|p2a: Landoheime|Intimidate|boost
|-unboost|p1a: Garganacl|atk|1
|turn|1
|
|t:|1757787783
|move|p2a: Landoheime|Stealth Rock|p1a: Garganacl
|-sidestart|p1: Quackstorm|move: Stealth Rock
|move|p1a: Garganacl|Stealth Rock|p2a: Landoheime
|-sidestart|p2: Dummylechonk|move: Stealth Rock
|
|upkeep
|turn|2
|
|t:|1757787787
|switch|p1a: Alomomola|Alomomola, M|100/100
|move|p2a: Landoheime|Earthquake|p1a: Alomomola
|-damage|p1a: Alomomola|70/100
|
|upkeep
|turn|3
|
|t:|1757787796
|move|p2a: Landoheime|U-turn|p1a: Alomomola
|-damage|p1a: Alomomola|56/100
|
|t:|1757787801
|switch|p2a: Hatterene|Hatterene, F|100/100|[from] U-turn
|-damage|p2a: Hatterene|88/100|[from] Stealth Rock
|move|p1a: Alomomola|Flip Turn|p2a: Hatterene
|-damage|p2a: Hatterene|69/100
|
|t:|1757787809
|switch|p1a: Iron Crown|Iron Crown|100/100|[from] Flip Turn
|-damage|p1a: Iron Crown|94/100|[from] Stealth Rock
|
|upkeep
|turn|4
|
|t:|1757787815
|-terastallize|p2a: Hatterene|Water
|move|p1a: Iron Crown|Tachyon Cutter|p2a: Hatterene
|-resisted|p2a: Hatterene
|-damage|p2a: Hatterene|61/100
|-resisted|p2a: Hatterene
|-damage|p2a: Hatterene|54/100
|-hitcount|p2a: Hatterene|2
|move|p2a: Hatterene|Mystical Fire|p1a: Iron Crown
|-supereffective|p1a: Iron Crown
|-damage|p1a: Iron Crown|59/100
|-unboost|p1a: Iron Crown|spa|1
|
|upkeep
|turn|5
|
|t:|1757787820
|move|p1a: Iron Crown|Volt Switch|p2a: Hatterene
|-supereffective|p2a: Hatterene
|-damage|p2a: Hatterene|34/100
|
|t:|1757787826
|-end|p1a: Iron Crown|Quark Drive|[silent]
|switch|p1a: Garganacl|Garganacl, F|100/100|[from] Volt Switch
|-damage|p1a: Garganacl|88/100|[from] Stealth Rock
|move|p2a: Hatterene|Nuzzle|p1a: Garganacl
|-damage|p1a: Garganacl|86/100
|
|-heal|p1a: Garganacl|92/100|[from] item: Leftovers
|upkeep
|turn|6
|
|t:|1757787833
|move|p2a: Hatterene|Psychic Noise|p1a: Garganacl
|-damage|p1a: Garganacl|66/100
|-start|p1a: Garganacl|move: Heal Block
|move|p1a: Garganacl|Salt Cure|p2a: Hatterene
|-damage|p2a: Hatterene|17/100
|-start|p2a: Hatterene|Salt Cure
|
|-damage|p2a: Hatterene|0 fnt|[from] Salt Cure
|faint|p2a: Hatterene
|upkeep
|
|t:|1757787845
|switch|p2a: Landoheime|Landorus-Therian, M|100/100
|-damage|p2a: Landoheime|88/100|[from] Stealth Rock
|-ability|p2a: Landoheime|Intimidate|boost
|-unboost|p1a: Garganacl|atk|1
|turn|7
|
|t:|1757787851
|switch|p1a: Alomomola|Alomomola, M|89/100
|move|p2a: Landoheime|U-turn|p1a: Alomomola
|-damage|p1a: Alomomola|76/100
|
|t:|1757787862
|switch|p2a: Darkrai|Darkrai|100/100|[from] U-turn
|
|upkeep
|turn|8
|
|t:|1757787870
|move|p2a: Darkrai|Nasty Plot|p2a: Darkrai
|-boost|p2a: Darkrai|spa|2
|move|p1a: Alomomola|Flip Turn|p2a: Darkrai
|-damage|p2a: Darkrai|79/100
|
|t:|1757787872
|switch|p1a: Rillaboom|Rillaboom, M|100/100|[from] Flip Turn
|-damage|p1a: Rillaboom|88/100|[from] Stealth Rock
|-fieldstart|move: Grassy Terrain|[from] ability: Grassy Surge|[of] p1a: Rillaboom
|
|-heal|p2a: Darkrai|85/100|[from] Grassy Terrain
|-heal|p1a: Rillaboom|94/100|[from] Grassy Terrain
|upkeep
|turn|9
|
|t:|1757787876
|-terastallize|p1a: Rillaboom|Grass
|move|p1a: Rillaboom|Grassy Glide|p2a: Darkrai
|-damage|p2a: Darkrai|0 fnt
|faint|p2a: Darkrai
|
|-heal|p1a: Rillaboom|100/100|[from] Grassy Terrain
|upkeep
|
|t:|1757787882
|switch|p2a: Zamazenta|Zamazenta|100/100
|-damage|p2a: Zamazenta|94/100|[from] Stealth Rock
|-ability|p2a: Zamazenta|Dauntless Shield|boost
|-boost|p2a: Zamazenta|def|1
|turn|10
|
|t:|1757787896
|switch|p1a: Alomomola|Alomomola, M|100/100
|move|p2a: Zamazenta|Iron Defense|p2a: Zamazenta
|-boost|p2a: Zamazenta|def|2
|
|-heal|p2a: Zamazenta|100/100|[from] Grassy Terrain
|upkeep
|turn|11
|
|t:|1757787902
|move|p2a: Zamazenta|Body Press|p1a: Alomomola
|-damage|p1a: Alomomola|42/100
|move|p1a: Alomomola|Tickle|p2a: Zamazenta
|-unboost|p2a: Zamazenta|atk|1
|-unboost|p2a: Zamazenta|def|1
|
|-heal|p1a: Alomomola|49/100|[from] Grassy Terrain
|upkeep
|turn|12
|
|t:|1757787908
|move|p2a: Zamazenta|Iron Defense|p2a: Zamazenta
|-boost|p2a: Zamazenta|def|2
|move|p1a: Alomomola|Flip Turn|p2a: Zamazenta
|-damage|p2a: Zamazenta|96/100
|
|t:|1757787920
|switch|p1a: Garganacl|Garganacl, F|66/100|[from] Flip Turn
|-damage|p1a: Garganacl|53/100|[from] Stealth Rock
|
|-heal|p2a: Zamazenta|100/100|[from] Grassy Terrain
|-heal|p1a: Garganacl|59/100|[from] Grassy Terrain
|-heal|p1a: Garganacl|66/100|[from] item: Leftovers
|-fieldend|move: Grassy Terrain
|upkeep
|turn|13
|
|t:|1757787930
|switch|p1a: Alomomola|Alomomola, M|82/100
|move|p2a: Zamazenta|Body Press|p1a: Alomomola
|-damage|p1a: Alomomola|20/100
|
|upkeep
|turn|14
|
|t:|1757787934
|move|p2a: Zamazenta|Body Press|p1a: Alomomola
|-damage|p1a: Alomomola|0 fnt
|faint|p1a: Alomomola
|
|upkeep
|
|t:|1757787940
|switch|p1a: Iron Crown|Iron Crown|59/100
|-damage|p1a: Iron Crown|53/100|[from] Stealth Rock
|turn|15
|
|t:|1757787943
|move|p2a: Zamazenta|Body Press|p1a: Iron Crown
|-damage|p1a: Iron Crown|0 fnt
|faint|p1a: Iron Crown
|-end|p1a: Iron Crown|Quark Drive|[silent]
|
|upkeep
|
|t:|1757787945
|switch|p1a: Electrode|Electrode-Hisui|100/100
|-damage|p1a: Electrode|88/100|[from] Stealth Rock
|turn|16
|
|t:|1757787948
|move|p1a: Electrode|Chloroblast|p2a: Zamazenta
|-damage|p2a: Zamazenta|14/100
|-damage|p1a: Electrode|38/100|[from] Recoil
|move|p2a: Zamazenta|Body Press|p1a: Electrode
|-damage|p1a: Electrode|0 fnt
|-damage|p2a: Zamazenta|0 fnt|[from] ability: Aftermath|[of] p1a: Electrode
|faint|p1a: Electrode
|faint|p2a: Zamazenta
|
|upkeep
|
|t:|1757787959
|switch|p1a: Great Tusk|Great Tusk|100/100
|switch|p2a: Walking Wake|Walking Wake|100/100
|-damage|p2a: Walking Wake|88/100|[from] Stealth Rock
|turn|17
|
|t:|1757787967
|-end|p1a: Great Tusk|Protosynthesis|[silent]
|switch|p1a: Rillaboom|Rillaboom, M, tera:Grass|100/100
|-damage|p1a: Rillaboom|88/100|[from] Stealth Rock
|-fieldstart|move: Grassy Terrain|[from] ability: Grassy Surge|[of] p1a: Rillaboom
|move|p2a: Walking Wake|Surf|p1a: Rillaboom
|-resisted|p1a: Rillaboom
|-damage|p1a: Rillaboom|40/100
|
|-heal|p2a: Walking Wake|94/100|[from] Grassy Terrain
|-heal|p1a: Rillaboom|46/100|[from] Grassy Terrain
|upkeep
|turn|18
|
|t:|1757787977
|move|p1a: Rillaboom|Grassy Glide|p2a: Walking Wake
|-damage|p2a: Walking Wake|0 fnt
|faint|p2a: Walking Wake
|-end|p2a: Walking Wake|Protosynthesis|[silent]
|
|-heal|p1a: Rillaboom|52/100|[from] Grassy Terrain
|upkeep
|
|t:|1757787984
|switch|p2a: Dragonite|Dragonite, F|100/100
|turn|19
|
|t:|1757787988
|switch|p1a: Garganacl|Garganacl, F|66/100
|-damage|p1a: Garganacl|53/100|[from] Stealth Rock
|move|p2a: Dragonite|Ice Punch|p1a: Garganacl
|-damage|p1a: Garganacl|33/100
|
|-heal|p1a: Garganacl|39/100|[from] Grassy Terrain
|-heal|p1a: Garganacl|45/100|[from] item: Leftovers
|upkeep
|turn|20
|
|t:|1757787992
|switch|p2a: Landoheime|Landorus-Therian, M|88/100
|-damage|p2a: Landoheime|76/100|[from] Stealth Rock
|-ability|p2a: Landoheime|Intimidate|boost
|-unboost|p1a: Garganacl|atk|1
|move|p1a: Garganacl|Salt Cure|p2a: Landoheime
|-damage|p2a: Landoheime|66/100
|-start|p2a: Landoheime|Salt Cure
|
|-heal|p1a: Garganacl|51/100|[from] Grassy Terrain
|-heal|p1a: Garganacl|58/100|[from] item: Leftovers
|-damage|p2a: Landoheime|54/100|[from] Salt Cure
|upkeep
|turn|21
|
|t:|1757787997
|move|p2a: Landoheime|Earthquake|p1a: Garganacl
|-supereffective|p1a: Garganacl
|-damage|p1a: Garganacl|26/100
|move|p1a: Garganacl|Recover|p1a: Garganacl
|-heal|p1a: Garganacl|76/100
|
|-heal|p1a: Garganacl|83/100|[from] Grassy Terrain
|-heal|p1a: Garganacl|89/100|[from] item: Leftovers
|-damage|p2a: Landoheime|42/100|[from] Salt Cure
|-fieldend|move: Grassy Terrain
|upkeep
|turn|22
|
|t:|1757788002
|switch|p1a: Great Tusk|Great Tusk|100/100
|move|p2a: Landoheime|Earthquake|p1a: Great Tusk
|-damage|p1a: Great Tusk|63/100
|
|-damage|p2a: Landoheime|29/100|[from] Salt Cure
|upkeep
|turn|23
|
|t:|1757788004
|move|p2a: Landoheime|Earthquake|p1a: Great Tusk
|-damage|p1a: Great Tusk|26/100
|move|p1a: Great Tusk|Rapid Spin|p2a: Landoheime
|-damage|p2a: Landoheime|14/100
|-boost|p1a: Great Tusk|spe|1
|-damage|p1a: Great Tusk|9/100|[from] item: Rocky Helmet|[of] p2a: Landoheime
|-sideend|p1: Quackstorm|Stealth Rock|[from] move: Rapid Spin|[of] p1a: Great Tusk
|
|-damage|p2a: Landoheime|2/100|[from] Salt Cure
|upkeep
|turn|24
|
|t:|1757788010
|-end|p1a: Great Tusk|Protosynthesis|[silent]
|switch|p1a: Rillaboom|Rillaboom, M, tera:Grass|52/100
|-fieldstart|move: Grassy Terrain|[from] ability: Grassy Surge|[of] p1a: Rillaboom
|move|p2a: Landoheime|Earthquake|p1a: Rillaboom
|-resisted|p1a: Rillaboom
|-damage|p1a: Rillaboom|39/100
|
|-heal|p1a: Rillaboom|45/100|[from] Grassy Terrain
|-damage|p2a: Landoheime|0 fnt|[from] Salt Cure
|faint|p2a: Landoheime
|upkeep
|
|t:|1757788012
|switch|p2a: Dragonite|Dragonite, F|100/100
|turn|25
|
|t:|1757788017
|move|p1a: Rillaboom|U-turn|p2a: Dragonite
|-resisted|p2a: Dragonite
|-damage|p2a: Dragonite|90/100
|
|t:|1757788020
|switch|p1a: Garganacl|Garganacl, F|89/100|[from] U-turn
|move|p2a: Dragonite|Dragon Dance|p2a: Dragonite
|-boost|p2a: Dragonite|atk|1
|-boost|p2a: Dragonite|spe|1
|
|-heal|p1a: Garganacl|95/100|[from] Grassy Terrain
|-heal|p1a: Garganacl|100/100|[from] item: Leftovers
|upkeep
|turn|26
|
|t:|1757788024
|move|p2a: Dragonite|Dragon Dance|p2a: Dragonite
|-boost|p2a: Dragonite|atk|1
|-boost|p2a: Dragonite|spe|1
|move|p1a: Garganacl|Salt Cure|p2a: Dragonite
|-supereffective|p2a: Dragonite
|-damage|p2a: Dragonite|63/100
|-start|p2a: Dragonite|Salt Cure
|
|-damage|p2a: Dragonite|51/100|[from] Salt Cure
|upkeep
|turn|27
|
|t:|1757788027
|move|p2a: Dragonite|Fire Punch|p1a: Garganacl
|-resisted|p1a: Garganacl
|-damage|p1a: Garganacl|82/100
|move|p1a: Garganacl|Salt Cure|p2a: Dragonite
|-supereffective|p2a: Dragonite
|-damage|p2a: Dragonite|23/100
|
|-heal|p1a: Garganacl|89/100|[from] Grassy Terrain
|-heal|p1a: Garganacl|95/100|[from] item: Leftovers
|-damage|p2a: Dragonite|10/100|[from] Salt Cure
|upkeep
|turn|28
|-message|Dummylechonk forfeited.
|
|win|Quackstorm
|raw|Quackstorm's rating: 1518 &rarr; <strong>1537</strong><br />(+19 for winning)
|raw|Dummylechonk's rating: 1502 &rarr; <strong>1483</strong><br />(-19 for losing)
|l|☆Dummylechonk
|player|p2|
|l|☆Quackstorm
|player|p1|
