|j|☆Sandcamel
|j|☆KycPzilinG
|t:|1757916243
|gametype|singles
|player|p1|Sandcamel|chili|1208
|player|p2|KycPzilinG|101|1241
|gen|9
|tier|[Gen 9] OU
|rated|
|rule|HP Percentage Mod: HP is shown in percentages
|rule|Endless Battle Clause: Forcing endless battles is banned
|rule|Species Clause: Limit one of each Pokémon
|rule|OHKO Clause: OHKO moves are banned
|rule|Evasion Items Clause: Evasion items are banned
|rule|Evasion Moves Clause: Evasion moves are banned
|rule|Evasion Abilities Clause: Evasion abilities are banned
|rule|Sleep Moves Clause: Sleep-inducing moves are banned
|clearpoke
|poke|p1|Kyurem|
|poke|p1|Corviknight, M|
|poke|p1|Ting-Lu|
|poke|p1|Dondozo, M|
|poke|p1|Slowking-Galar, L99, F|
|poke|p1|Cinderace, M|
|poke|p2|Kleavor, M|
|poke|p2|Brambleghast, F|
|poke|p2|Moltres|
|poke|p2|Mamoswine, F|
|poke|p2|Pecharunt|
|poke|p2|Kingambit, F|
|teampreview
|inactive|Battle timer is ON: inactive players will automatically lose when time's up. (requested by Sandcamel)
|inactive|KycPzilinG has 120 seconds left.
|inactive|KycPzilinG has 90 seconds left.
|
|t:|1757916331
|teamsize|p1|6
|teamsize|p2|6
|start
|switch|p1a: Slowking|Slowking-Galar, L99, F|100/100
|switch|p2a: Kleavor|Kleavor, M|100/100
|turn|1
|
|t:|1757916339
|move|p2a: Kleavor|Tailwind|p2a: Kleavor
|-sidestart|p2: KycPzilinG|move: Tailwind
|move|p1a: Slowking|Toxic|p2a: Kleavor
|-status|p2a: Kleavor|tox
|
|-damage|p2a: Kleavor|94/100 tox|[from] psn
|upkeep
|turn|2
|
|t:|1757916351
|switch|p2a: Pecharunt|Pecharunt|100/100
|-item|p2a: Pecharunt|Air Balloon
|move|p1a: Slowking|Future Sight|p2a: Pecharunt
|-start|p1a: Slowking|move: Future Sight
|
|upkeep
|turn|3
|
|t:|1757916363
|move|p2a: Pecharunt|Nasty Plot|p2a: Pecharunt
|-boost|p2a: Pecharunt|spa|2
|-prepare|p1a: Slowking|Chilly Reception|[premajor]
|move|p1a: Slowking|Chilly Reception|p1a: Slowking
|-weather|Snowscape
|
|t:|1757916371
|switch|p1a: Ting-Lu|Ting-Lu|100/100|[from] Chilly Reception
|-ability|p1a: Ting-Lu|Vessel of Ruin
|
|-weather|Snowscape|[upkeep]
|upkeep
|turn|4
|
|t:|1757916376
|move|p2a: Pecharunt|Malignant Chain|p1a: Ting-Lu
|-resisted|p1a: Ting-Lu
|-damage|p1a: Ting-Lu|83/100
|-status|p1a: Ting-Lu|tox
|-start|p1a: Ting-Lu|confusion|[from] ability: Poison Puppeteer|[of] p2a: Pecharunt
|-activate|p1a: Ting-Lu|confusion
|-damage|p1a: Ting-Lu|78/100 tox|[from] confusion
|
|-weather|Snowscape|[upkeep]
|-end|p2a: Pecharunt|move: Future Sight
|-supereffective|p2a: Pecharunt
|-damage|p2a: Pecharunt|28/100
|-enditem|p2a: Pecharunt|Air Balloon
|-heal|p1a: Ting-Lu|84/100 tox|[from] item: Leftovers
|-damage|p1a: Ting-Lu|78/100 tox|[from] psn
|-sideend|p2: KycPzilinG|move: Tailwind
|upkeep
|turn|5
|
|t:|1757916388
|switch|p2a: Moltres|Moltres|100/100
|-activate|p1a: Ting-Lu|confusion
|move|p1a: Ting-Lu|Payback|p2a: Moltres
|-crit|p2a: Moltres
|-damage|p2a: Moltres|68/100
|
|-weather|Snowscape|[upkeep]
|-heal|p1a: Ting-Lu|84/100 tox|[from] item: Leftovers
|-damage|p1a: Ting-Lu|72/100 tox|[from] psn
|upkeep
|turn|6
|
|t:|1757916398
|switch|p1a: Dondozo|Dondozo, M|100/100
|move|p2a: Moltres|Tailwind|p2a: Moltres
|-sidestart|p2: KycPzilinG|move: Tailwind
|
|-weather|Snowscape|[upkeep]
|upkeep
|turn|7
|
|t:|1757916402
|move|p2a: Moltres|U-turn|p1a: Dondozo
|-damage|p1a: Dondozo|94/100
|
|t:|1757916405
|switch|p2a: Brambleghast|Brambleghast, F, shiny|100/100|[from] U-turn
|-ability|p2a: Brambleghast|Wind Rider|boost
|-boost|p2a: Brambleghast|atk|1
|move|p1a: Dondozo|Curse|p1a: Dondozo
|-unboost|p1a: Dondozo|spe|1
|-boost|p1a: Dondozo|atk|1
|-boost|p1a: Dondozo|def|1
|
|-weather|none
|-heal|p1a: Dondozo|99/100|[from] item: Leftovers
|upkeep
|turn|8
|
|t:|1757916426
|switch|p1a: Kyurem|Kyurem|100/100
|-ability|p1a: Kyurem|Pressure
|move|p2a: Brambleghast|Power Whip|p1a: Kyurem
|-resisted|p1a: Kyurem
|-damage|p1a: Kyurem|49/100
|-damage|p2a: Brambleghast|91/100|[from] item: Life Orb
|
|-heal|p1a: Kyurem|55/100|[from] item: Leftovers
|upkeep
|turn|9
|
|t:|1757916435
|switch|p1a: Corviknight|Corviknight, M|100/100
|-ability|p1a: Corviknight|Pressure
|move|p2a: Brambleghast|Poltergeist|p1a: Corviknight
|-activate|p1a: Corviknight|move: Poltergeist|Rocky Helmet
|-damage|p1a: Corviknight|40/100
|-damage|p2a: Brambleghast|81/100|[from] item: Life Orb
|
|-sideend|p2: KycPzilinG|move: Tailwind
|upkeep
|turn|10
|
|t:|1757916456
|switch|p1a: Cinderace|Cinderace, M|100/100
|move|p2a: Brambleghast|Poltergeist|p1a: Cinderace
|-activate|p1a: Cinderace|move: Poltergeist|Heavy-Duty Boots
|-damage|p1a: Cinderace|0 fnt
|faint|p1a: Cinderace
|-damage|p2a: Brambleghast|71/100|[from] item: Life Orb
|
|upkeep
|inactive|Sandcamel has 120 seconds left.
|
|t:|1757916468
|switch|p1a: Ting-Lu|Ting-Lu|72/100 tox
|-ability|p1a: Ting-Lu|Vessel of Ruin
|turn|11
|
|t:|1757916475
|move|p2a: Brambleghast|Rapid Spin|p1a: Ting-Lu
|-damage|p1a: Ting-Lu|55/100 tox
|-boost|p2a: Brambleghast|spe|1
|-damage|p2a: Brambleghast|61/100|[from] item: Life Orb
|move|p1a: Ting-Lu|Rest|p1a: Ting-Lu
|-status|p1a: Ting-Lu|slp|[from] move: Rest
|-heal|p1a: Ting-Lu|100/100 slp|[silent]
|
|upkeep
|turn|12
|
|t:|1757916482
|move|p2a: Brambleghast|Strength Sap|p1a: Ting-Lu
|-unboost|p1a: Ting-Lu|atk|1
|-heal|p2a: Brambleghast|100/100
|cant|p1a: Ting-Lu|slp
|move|p1a: Ting-Lu|Sleep Talk|p1a: Ting-Lu
|move|p1a: Ting-Lu|Payback|p2a: Brambleghast|[from] move: Sleep Talk
|-supereffective|p2a: Brambleghast
|-damage|p2a: Brambleghast|6/100
|
|upkeep
|turn|13
|
|t:|1757916492
|move|p2a: Brambleghast|Strength Sap|p1a: Ting-Lu
|-unboost|p1a: Ting-Lu|atk|1
|-heal|p2a: Brambleghast|74/100
|cant|p1a: Ting-Lu|slp
|move|p1a: Ting-Lu|Sleep Talk|p1a: Ting-Lu
|move|p1a: Ting-Lu|Payback|p2a: Brambleghast|[from] move: Sleep Talk
|-supereffective|p2a: Brambleghast
|-damage|p2a: Brambleghast|11/100
|
|upkeep
|turn|14
|
|t:|1757916498
|move|p2a: Brambleghast|Strength Sap|p1a: Ting-Lu
|-unboost|p1a: Ting-Lu|atk|1
|-heal|p2a: Brambleghast|62/100
|-curestatus|p1a: Ting-Lu|slp|[msg]
|move|p1a: Ting-Lu|Sleep Talk||[still]
|-fail|p1a: Ting-Lu
|
|upkeep
|turn|15
|
|t:|1757916512
|move|p2a: Brambleghast|Power Whip|p1a: Ting-Lu|[miss]
|-miss|p2a: Brambleghast|p1a: Ting-Lu
|move|p1a: Ting-Lu|Payback|p2a: Brambleghast
|-supereffective|p2a: Brambleghast
|-damage|p2a: Brambleghast|2/100
|
|upkeep
|turn|16
|
|t:|1757916520
|-terastallize|p2a: Brambleghast|Fairy
|move|p2a: Brambleghast|Strength Sap|p1a: Ting-Lu
|-unboost|p1a: Ting-Lu|atk|1
|-heal|p2a: Brambleghast|43/100
|move|p1a: Ting-Lu|Payback|p2a: Brambleghast
|-resisted|p2a: Brambleghast
|-damage|p2a: Brambleghast|32/100
|
|upkeep
|turn|17
|
|t:|1757916526
|move|p2a: Brambleghast|Strength Sap|p1a: Ting-Lu
|-unboost|p1a: Ting-Lu|atk|1
|-heal|p2a: Brambleghast|66/100
|move|p1a: Ting-Lu|Earthquake|p2a: Brambleghast
|-damage|p2a: Brambleghast|46/100
|
|upkeep
|turn|18
|
|t:|1757916537
|switch|p1a: Corviknight|Corviknight, M|40/100
|-ability|p1a: Corviknight|Pressure
|move|p2a: Brambleghast|Strength Sap|p1a: Corviknight
|-unboost|p1a: Corviknight|atk|1
|-heal|p2a: Brambleghast|100/100
|
|upkeep
|turn|19
|
|t:|1757916544
|move|p2a: Brambleghast|Poltergeist|p1a: Corviknight
|-activate|p1a: Corviknight|move: Poltergeist|Rocky Helmet
|-damage|p1a: Corviknight|0 fnt
|faint|p1a: Corviknight
|-damage|p2a: Brambleghast|91/100|[from] item: Life Orb
|
|upkeep
|
|t:|1757916548
|switch|p1a: Slowking|Slowking-Galar, L99, F|100/100
|turn|20
|
|t:|1757916552
|move|p2a: Brambleghast|Poltergeist|p1a: Slowking
|-activate|p1a: Slowking|move: Poltergeist|Heavy-Duty Boots
|-supereffective|p1a: Slowking
|-damage|p1a: Slowking|0 fnt
|faint|p1a: Slowking
|-damage|p2a: Brambleghast|81/100|[from] item: Life Orb
|
|upkeep
|
|t:|1757916555
|switch|p1a: Dondozo|Dondozo, M|99/100
|turn|21
|
|t:|1757916558
|move|p2a: Brambleghast|Power Whip|p1a: Dondozo
|-supereffective|p1a: Dondozo
|-damage|p1a: Dondozo|35/100
|-damage|p2a: Brambleghast|71/100|[from] item: Life Orb
|move|p1a: Dondozo|Waterfall|p2a: Brambleghast
|-crit|p2a: Brambleghast
|-damage|p2a: Brambleghast|0 fnt
|faint|p2a: Brambleghast
|
|-heal|p1a: Dondozo|41/100|[from] item: Leftovers
|upkeep
|
|t:|1757916566
|switch|p2a: Pecharunt|Pecharunt|28/100
|turn|22
|
|t:|1757916569
|-terastallize|p1a: Dondozo|Dark
|move|p2a: Pecharunt|Malignant Chain|p1a: Dondozo
|-damage|p1a: Dondozo|4/100
|move|p1a: Dondozo|Rest|p1a: Dondozo
|-status|p1a: Dondozo|slp|[from] move: Rest
|-heal|p1a: Dondozo|100/100 slp|[silent]
|
|upkeep
|turn|23
|
|t:|1757916577
|move|p2a: Pecharunt|Malignant Chain|p1a: Dondozo
|-damage|p1a: Dondozo|63/100 slp
|cant|p1a: Dondozo|slp
|
|-heal|p1a: Dondozo|69/100 slp|[from] item: Leftovers
|upkeep
|turn|24
|
|t:|1757916580
|move|p2a: Pecharunt|Malignant Chain|p1a: Dondozo
|-damage|p1a: Dondozo|30/100 slp
|cant|p1a: Dondozo|slp
|
|-heal|p1a: Dondozo|36/100 slp|[from] item: Leftovers
|upkeep
|turn|25
|
|t:|1757916583
|move|p2a: Pecharunt|Malignant Chain|p1a: Dondozo
|-damage|p1a: Dondozo|0 fnt
|faint|p1a: Dondozo
|
|upkeep
|
|t:|1757916587
|switch|p1a: Ting-Lu|Ting-Lu|100/100
|-ability|p1a: Ting-Lu|Vessel of Ruin
|turn|26
|
|t:|1757916597
|move|p2a: Pecharunt|Malignant Chain|p1a: Ting-Lu
|-resisted|p1a: Ting-Lu
|-damage|p1a: Ting-Lu|93/100
|move|p1a: Ting-Lu|Payback|p2a: Pecharunt
|-supereffective|p2a: Pecharunt
|-damage|p2a: Pecharunt|0 fnt
|faint|p2a: Pecharunt
|
|-heal|p1a: Ting-Lu|99/100|[from] item: Leftovers
|upkeep
|
|t:|1757916603
|switch|p2a: Kleavor|Kleavor, M|94/100 tox
|turn|27
|
|t:|1757916607
|move|p2a: Kleavor|Close Combat|p1a: Ting-Lu
|-supereffective|p1a: Ting-Lu
|-damage|p1a: Ting-Lu|49/100
|-unboost|p2a: Kleavor|def|1
|-unboost|p2a: Kleavor|spd|1
|move|p1a: Ting-Lu|Earthquake|p2a: Kleavor
|-damage|p2a: Kleavor|28/100 tox
|
|-heal|p1a: Ting-Lu|56/100|[from] item: Leftovers
|-damage|p2a: Kleavor|22/100 tox|[from] psn
|upkeep
|turn|28
|
|t:|1757916617
|move|p2a: Kleavor|Close Combat|p1a: Ting-Lu
|-supereffective|p1a: Ting-Lu
|-damage|p1a: Ting-Lu|5/100
|-unboost|p2a: Kleavor|def|1
|-unboost|p2a: Kleavor|spd|1
|move|p1a: Ting-Lu|Rest|p1a: Ting-Lu
|-status|p1a: Ting-Lu|slp|[from] move: Rest
|-heal|p1a: Ting-Lu|100/100 slp|[silent]
|
|-damage|p2a: Kleavor|10/100 tox|[from] psn
|upkeep
|turn|29
|inactive|KycPzilinG has 120 seconds left.
|
|t:|1757916675
|switch|p2a: Kingambit|Kingambit, F|100/100
|-activate|p2a: Kingambit|ability: Supreme Overlord
|-start|p2a: Kingambit|fallen2|[silent]
|cant|p1a: Ting-Lu|slp
|move|p1a: Ting-Lu|Sleep Talk|p1a: Ting-Lu
|move|p1a: Ting-Lu|Payback|p2a: Kingambit|[from] move: Sleep Talk
|-resisted|p2a: Kingambit
|-damage|p2a: Kingambit|92/100
|
|upkeep
|turn|30
|
|t:|1757916696
|move|p2a: Kingambit|Swords Dance|p2a: Kingambit
|-boost|p2a: Kingambit|atk|2
|cant|p1a: Ting-Lu|slp
|move|p1a: Ting-Lu|Sleep Talk|p1a: Ting-Lu
|move|p1a: Ting-Lu|Rest||[from] move: Sleep Talk|[still]
|-fail|p1a: Ting-Lu
|
|upkeep
|turn|31
|
|t:|1757916714
|move|p2a: Kingambit|Low Kick|p1a: Ting-Lu
|-supereffective|p1a: Ting-Lu
|-damage|p1a: Ting-Lu|0 fnt
|faint|p1a: Ting-Lu
|
|upkeep
|
|t:|1757916718
|switch|p1a: Kyurem|Kyurem|55/100
|-ability|p1a: Kyurem|Pressure
|turn|32
|
|t:|1757916722
|move|p1a: Kyurem|Protect|p1a: Kyurem
|-singleturn|p1a: Kyurem|Protect
|move|p2a: Kingambit|Sucker Punch||[still]
|-fail|p2a: Kingambit
|
|-heal|p1a: Kyurem|62/100|[from] item: Leftovers
|upkeep
|turn|33
|inactive|KycPzilinG has 120 seconds left.
|
|t:|1757916730
|move|p1a: Kyurem|Earth Power|p2a: Kingambit
|-supereffective|p2a: Kingambit
|-damage|p2a: Kingambit|24/100
|move|p2a: Kingambit|Low Kick|p1a: Kyurem
|-supereffective|p1a: Kyurem
|-damage|p1a: Kyurem|0 fnt
|faint|p1a: Kyurem
|
|win|KycPzilinG
|raw|Sandcamel's rating: 1208 &rarr; <strong>1185</strong><br />(-23 for losing)
|raw|KycPzilinG's rating: 1241 &rarr; <strong>1264</strong><br />(+23 for winning)
|l|☆Sandcamel
|player|p1|
|l|☆KycPzilinG
|player|p2|
