|j|☆chrxn't
|j|☆woshaleni123
|t:|1757927431
|gametype|singles
|player|p1|chrxn't|psychic-gen4|1181
|player|p2|woshaleni123|lady-gen4|1144
|gen|9
|tier|[Gen 9] OU
|rated|
|rule|HP Percentage Mod: HP is shown in percentages
|rule|Endless Battle Clause: Forcing endless battles is banned
|rule|Species Clause: Limit one of each Pokémon
|rule|OHKO Clause: OHKO moves are banned
|rule|Evasion Items Clause: Evasion items are banned
|rule|Evasion Moves Clause: Evasion moves are banned
|rule|Evasion Abilities Clause: Evasion abilities are banned
|rule|Sleep Moves Clause: Sleep-inducing moves are banned
|clearpoke
|poke|p1|Furret, F|
|poke|p1|Hitmonlee, M|
|poke|p1|Meowscarada, M|
|poke|p1|Donphan, M|
|poke|p1|Blaziken, F|
|poke|p1|Greninja-*, M|
|poke|p2|Pelipper, M|
|poke|p2|Kingdra, M|
|poke|p2|Alomomola, F|
|poke|p2|Great Tusk|
|poke|p2|Rillaboom, M|
|poke|p2|Darkrai|
|teampreview
|inactive|Battle timer is ON: inactive players will automatically lose when time's up. (requested by chrxn't)
|inactive|woshaleni123 also wants the timer to be on.
|
|t:|1757927443
|teamsize|p1|6
|teamsize|p2|6
|start
|switch|p1a: Rat Thingy|Furret, F|100/100
|switch|p2a: 狙击手|Darkrai|100/100
|-item|p2a: 狙击手|Choice Specs|[from] ability: Frisk|[of] p1a: Rat Thingy
|turn|1
|
|t:|1757927452
|-terastallize|p1a: Rat Thingy|Ghost
|move|p2a: 狙击手|Focus Blast|p1a: Rat Thingy
|-immune|p1a: Rat Thingy
|move|p1a: Rat Thingy|Tidy Up|p1a: Rat Thingy
|-boost|p1a: Rat Thingy|atk|1
|-boost|p1a: Rat Thingy|spe|1
|
|upkeep
|turn|2
|
|t:|1757927472
|switch|p2a: 航海士|Alomomola, F|100/100
|move|p1a: Rat Thingy|Double-Edge|p2a: 航海士
|-damage|p2a: 航海士|48/100
|-damage|p1a: Rat Thingy|71/100|[from] Recoil
|
|-heal|p2a: 航海士|54/100|[from] item: Leftovers
|upkeep
|turn|3
|
|t:|1757927482
|move|p1a: Rat Thingy|Knock Off|p2a: 航海士
|-damage|p2a: 航海士|23/100
|-enditem|p2a: 航海士|Leftovers|[from] move: Knock Off|[of] p1a: Rat Thingy
|move|p2a: 航海士|Flip Turn|p1a: Rat Thingy
|-damage|p1a: Rat Thingy|45/100
|
|t:|1757927488
|switch|p2a: 瞭望员|Rillaboom, M, shiny|100/100|[from] Flip Turn
|-fieldstart|move: Grassy Terrain|[from] ability: Grassy Surge|[of] p2a: 瞭望员
|
|-heal|p1a: Rat Thingy|51/100|[from] Grassy Terrain
|upkeep
|turn|4
|
|t:|1757927512
|move|p2a: 瞭望员|Grassy Glide|p1a: Rat Thingy
|-damage|p1a: Rat Thingy|0 fnt
|faint|p1a: Rat Thingy
|
|upkeep
|
|t:|1757927516
|switch|p1a: spinny elephant|Donphan, M|100/100
|turn|5
|
|t:|1757927520
|-terastallize|p2a: 瞭望员|Grass
|move|p2a: 瞭望员|Grassy Glide|p1a: spinny elephant
|-supereffective|p1a: spinny elephant
|-ability|p1a: spinny elephant|Sturdy
|-damage|p1a: spinny elephant|1/100
|-enditem|p1a: spinny elephant|Starf Berry|[eat]
|-boost|p1a: spinny elephant|spe|2|[from] item: Starf Berry
|move|p1a: spinny elephant|Counter|p2a: 瞭望员
|-damage|p2a: 瞭望员|0 fnt
|faint|p2a: 瞭望员
|
|-heal|p1a: spinny elephant|7/100|[from] Grassy Terrain
|upkeep
|
|t:|1757927539
|switch|p2a: 航海士|Alomomola, F|56/100
|turn|6
|
|t:|1757927548
|move|p1a: spinny elephant|Ice Spinner|p2a: 航海士
|-resisted|p2a: 航海士
|-damage|p2a: 航海士|46/100
|-fieldend|move: Grassy Terrain
|move|p2a: 航海士|Flip Turn|p1a: spinny elephant
|-supereffective|p1a: spinny elephant
|-damage|p1a: spinny elephant|0 fnt
|faint|p1a: spinny elephant
|c|☆woshaleni123|逆天结实
|
|t:|1757927554
|switch|p2a: 船长|Pelipper, M, shiny|100/100|[from] Flip Turn
|-weather|RainDance|[from] ability: Drizzle|[of] p2a: 船长
|
|-weather|RainDance|[upkeep]
|upkeep
|inactive|chrxn't has 120 seconds left.
|c|☆chrxn't|我不知道当我组建这个团队时我在想什么......
|
|t:|1757927609
|switch|p1a: da dude|Hitmonlee, M|100/100
|turn|7
|
|t:|1757927624
|move|p1a: da dude|Endure|p1a: da dude
|-singleturn|p1a: da dude|move: Endure
|move|p2a: 船长|U-turn|p1a: da dude
|-resisted|p1a: da dude
|-damage|p1a: da dude|91/100
|l|☆woshaleni123
|inactive|woshaleni123 disconnected and has a minute to reconnect!
|player|p2|
|j|☆woshaleni123
|inactive|woshaleni123 reconnected and has 115 seconds left.
|player|p2|woshaleni123|lady-gen4|
|c|☆woshaleni123|我靠我在军训
|c|☆woshaleni123|网络不好
|
|t:|1757927665
|switch|p2a: 炮手|Kingdra, M, shiny|100/100|[from] U-turn
|
|-weather|RainDance|[upkeep]
|upkeep
|turn|8
|inactive|chrxn't has 120 seconds left.
|
|t:|1757927688
|move|p2a: 炮手|Hurricane|p1a: da dude
|-supereffective|p1a: da dude
|-damage|p1a: da dude|13/100
|-enditem|p1a: da dude|Liechi Berry|[eat]
|-boost|p1a: da dude|atk|1|[from] item: Liechi Berry
|move|p1a: da dude|Knock Off|p2a: 炮手
|-damage|p2a: 炮手|36/100
|-enditem|p2a: 炮手|Scope Lens|[from] move: Knock Off|[of] p1a: da dude
|
|-weather|RainDance|[upkeep]
|upkeep
|turn|9
|c|☆woshaleni123|没猜错是起死回生
|c|☆woshaleni123|？
|c|☆woshaleni123|什么鬼
|inactive|chrxn't has 90 seconds left.
|
|t:|1757927723
|move|p2a: 炮手|Surf|p1a: da dude
|-damage|p1a: da dude|0 fnt
|faint|p1a: da dude
|
|-weather|RainDance|[upkeep]
|upkeep
|
|t:|1757927736
|switch|p1a: Blaziken|Blaziken, F|100/100
|turn|10
|inactive|woshaleni123 has 120 seconds left.
|
|t:|1757927741
|move|p1a: Blaziken|Protect|p1a: Blaziken
|-singleturn|p1a: Blaziken|Protect
|move|p2a: 炮手|Surf|p1a: Blaziken
|-activate|p1a: Blaziken|move: Protect
|
|-weather|RainDance|[upkeep]
|-ability|p1a: Blaziken|Speed Boost|boost
|-boost|p1a: Blaziken|spe|1
|upkeep
|turn|11
|inactive|chrxn't has 90 seconds left.
|
|t:|1757927753
|move|p2a: 炮手|Surf|p1a: Blaziken
|-supereffective|p1a: Blaziken
|-damage|p1a: Blaziken|0 fnt
|faint|p1a: Blaziken
|
|-weather|RainDance|[upkeep]
|upkeep
|inactive|chrxn't has 90 seconds left.
|
|t:|1757927761
|switch|p1a: Greninja|Greninja, M|100/100
|turn|12
|
|t:|1757927767
|move|p2a: 炮手|Draco Meteor|p1a: Greninja
|-damage|p1a: Greninja|0 fnt
|-unboost|p2a: 炮手|spa|2
|faint|p1a: Greninja
|
|-weather|RainDance|[upkeep]
|upkeep
|
|t:|1757927770
|switch|p1a: grasscat|Meowscarada, M|100/100
|turn|13
|inactive|chrxn't has 90 seconds left.
|
|t:|1757927801
|move|p1a: grasscat|Sucker Punch|p2a: 炮手
|-start|p1a: grasscat|typechange|Dark|[from] ability: Protean
|-damage|p2a: 炮手|0 fnt
|faint|p2a: 炮手
|
|-weather|none
|upkeep
|l|☆woshaleni123
|inactive|woshaleni123 disconnected and has a minute to reconnect!
|player|p2|
|j|☆woshaleni123
|inactive|woshaleni123 reconnected and has 125 seconds left.
|player|p2|woshaleni123|lady-gen4|
|inactive|woshaleni123 has 120 seconds left.
|
|t:|1757927838
|switch|p2a: 狙击手|Darkrai|100/100
|turn|14
|inactive|chrxn't has 90 seconds left.
|c|☆chrxn't|你是中国人吗？我来自另一个亚洲国家，所以我的中文不太好。
|
|t:|1757927852
|move|p2a: 狙击手|Focus Blast|p1a: grasscat
|-supereffective|p1a: grasscat
|-damage|p1a: grasscat|0 fnt
|faint|p1a: grasscat
|
|win|woshaleni123
|raw|chrxn&apos;t's rating: 1181 &rarr; <strong>1153</strong><br />(-28 for losing)
|raw|woshaleni123's rating: 1144 &rarr; <strong>1172</strong><br />(+28 for winning)
|c|☆woshaleni123|im Chinese，im  training
|c|☆chrxn't|oh okay
|c|☆chrxn't|good game
|c|☆woshaleni123|bye
|l|☆woshaleni123
|player|p2|
