|j|☆FantasticBoxes123
|j|‽RadiantSol
|t:|1757916263
|gametype|singles
|player|p1|FantasticBoxes123|265|1279
|player|p2|RadiantSol|flint|1300
|gen|9
|tier|[Gen 9] OU
|rated|
|rule|HP Percentage Mod: HP is shown in percentages
|rule|Endless Battle Clause: Forcing endless battles is banned
|rule|Species Clause: Limit one of each Pokémon
|rule|OHKO Clause: OHKO moves are banned
|rule|Evasion Items Clause: Evasion items are banned
|rule|Evasion Moves Clause: Evasion moves are banned
|rule|Evasion Abilities Clause: Evasion abilities are banned
|rule|Sleep Moves Clause: Sleep-inducing moves are banned
|clearpoke
|poke|p1|Ogerpon-Wellspring, F|
|poke|p1|Kingambit, M|
|poke|p1|Landorus-Therian, M|
|poke|p1|Glimmora, F|
|poke|p1|Dragapult, F|
|poke|p1|Iron Valiant|
|poke|p2|Espeon, F|
|poke|p2|Incineroar, F|
|poke|p2|Leafeon, F|
|poke|p2|Ninetales, F|
|poke|p2|Sandy Shocks|
|poke|p2|Oricorio-Sensu, F|
|teampreview
|
|t:|1757916272
|teamsize|p1|6
|teamsize|p2|6
|start
|switch|p1a: Ogerpon|Ogerpon-Wellspring, F|100/100
|switch|p2a: Espeon|Espeon, F|100/100
|turn|1
|
|t:|1757916286
|move|p2a: Espeon|Psychic|p1a: Ogerpon
|-damage|p1a: Ogerpon|46/100
|move|p1a: Ogerpon|Taunt|p2a: Espeon
|move|p2a: Espeon|Taunt|p1a: Ogerpon|[from] ability: Magic Bounce
|-start|p1a: Ogerpon|move: Taunt
|
|upkeep
|turn|2
|
|t:|1757916295
|move|p2a: Espeon|Psychic|p1a: Ogerpon
|-damage|p1a: Ogerpon|0 fnt
|faint|p1a: Ogerpon
|
|upkeep
|
|t:|1757916299
|switch|p1a: Kingambit|Kingambit, M|100/100
|-activate|p1a: Kingambit|ability: Supreme Overlord
|-start|p1a: Kingambit|fallen1|[silent]
|turn|3
|
|t:|1757916311
|switch|p2a: Incineroar|Incineroar, F|100/100
|-ability|p2a: Incineroar|Intimidate|boost
|-unboost|p1a: Kingambit|atk|1
|-end|p1a: Kingambit|fallen1|[silent]
|switch|p1a: Landorus|Landorus-Therian, M|100/100
|-ability|p1a: Landorus|Intimidate|boost
|-unboost|p2a: Incineroar|atk|1
|
|upkeep
|turn|4
|
|t:|1757916322
|move|p2a: Incineroar|Fake Out|p1a: Landorus
|-damage|p1a: Landorus|94/100
|-damage|p2a: Incineroar|84/100|[from] item: Rocky Helmet|[of] p1a: Landorus
|cant|p1a: Landorus|flinch
|
|-heal|p2a: Incineroar|90/100|[from] item: Leftovers
|upkeep
|turn|5
|
|t:|1757916340
|switch|p2a: Oricorio|Oricorio-Sensu, F|100/100
|move|p1a: Landorus|Stealth Rock|p2a: Oricorio
|-sidestart|p2: RadiantSol|move: Stealth Rock
|
|upkeep
|turn|6
|
|t:|1757916352
|move|p2a: Oricorio|Defog|p1a: Landorus
|-unboost|p1a: Landorus|evasion|1
|-sideend|p2: RadiantSol|Stealth Rock|[from] move: Defog|[of] p2a: Oricorio
|move|p1a: Landorus|Taunt|p2a: Oricorio
|-start|p2a: Oricorio|move: Taunt
|
|upkeep
|turn|7
|
|t:|1757916359
|move|p2a: Oricorio|Air Slash|p1a: Landorus
|-damage|p1a: Landorus|67/100
|move|p1a: Landorus|Stealth Rock|p2a: Oricorio
|-sidestart|p2: RadiantSol|move: Stealth Rock
|
|upkeep
|turn|8
|
|t:|1757916365
|move|p2a: Oricorio|Air Slash|p1a: Landorus
|-damage|p1a: Landorus|39/100
|move|p1a: Landorus|U-turn|p2a: Oricorio
|-resisted|p2a: Oricorio
|-damage|p2a: Oricorio|93/100
|
|t:|1757916370
|switch|p1a: Dragapult|Dragapult, F|100/100|[from] U-turn
|
|upkeep
|turn|9
|
|t:|1757916382
|switch|p2a: Ninetales|Ninetales, F|100/100
|-damage|p2a: Ninetales|76/100|[from] Stealth Rock
|-weather|SunnyDay|[from] ability: Drought|[of] p2a: Ninetales
|move|p1a: Dragapult|Draco Meteor|p2a: Ninetales
|-damage|p2a: Ninetales|0 fnt
|-unboost|p1a: Dragapult|spa|2
|faint|p2a: Ninetales
|
|-weather|SunnyDay|[upkeep]
|upkeep
|
|t:|1757916395
|switch|p2a: Sandy Shocks|Sandy Shocks|100/100
|-damage|p2a: Sandy Shocks|94/100|[from] Stealth Rock
|-activate|p2a: Sandy Shocks|ability: Protosynthesis
|-start|p2a: Sandy Shocks|protosynthesisspe
|turn|10
|
|t:|1757916403
|switch|p1a: Landorus|Landorus-Therian, M|39/100
|-ability|p1a: Landorus|Intimidate|boost
|-unboost|p2a: Sandy Shocks|atk|1
|move|p2a: Sandy Shocks|Thunder Wave|p1a: Landorus
|-immune|p1a: Landorus
|
|-weather|SunnyDay|[upkeep]
|upkeep
|turn|11
|
|t:|1757916418
|-end|p2a: Sandy Shocks|Protosynthesis|[silent]
|switch|p2a: Oricorio|Oricorio-Sensu, F|93/100
|move|p1a: Landorus|U-turn|p2a: Oricorio
|-resisted|p2a: Oricorio
|-damage|p2a: Oricorio|86/100
|
|t:|1757916424
|switch|p1a: Kingambit|Kingambit, M|100/100|[from] U-turn
|-activate|p1a: Kingambit|ability: Supreme Overlord
|-start|p1a: Kingambit|fallen1|[silent]
|
|-weather|SunnyDay|[upkeep]
|upkeep
|turn|12
|
|t:|1757916442
|move|p2a: Oricorio|Defog|p1a: Kingambit
|-unboost|p1a: Kingambit|evasion|1
|-sideend|p2: RadiantSol|Stealth Rock|[from] move: Defog|[of] p2a: Oricorio
|move|p1a: Kingambit|Iron Head|p2a: Oricorio
|-damage|p2a: Oricorio|20/100
|
|-weather|SunnyDay|[upkeep]
|upkeep
|turn|13
|
|t:|1757916455
|switch|p2a: Incineroar|Incineroar, F|90/100
|-ability|p2a: Incineroar|Intimidate|boost
|-unboost|p1a: Kingambit|atk|1
|move|p1a: Kingambit|Iron Head|p2a: Incineroar
|-resisted|p2a: Incineroar
|-damage|p2a: Incineroar|79/100
|
|-weather|SunnyDay|[upkeep]
|-heal|p2a: Incineroar|85/100|[from] item: Leftovers
|upkeep
|turn|14
|
|t:|1757916467
|-end|p1a: Kingambit|fallen1|[silent]
|switch|p1a: Landorus|Landorus-Therian, M|39/100
|-ability|p1a: Landorus|Intimidate|boost
|-unboost|p2a: Incineroar|atk|1
|move|p2a: Incineroar|Knock Off|p1a: Landorus
|-damage|p1a: Landorus|14/100
|-damage|p2a: Incineroar|68/100|[from] item: Rocky Helmet|[of] p1a: Landorus
|-enditem|p1a: Landorus|Rocky Helmet|[from] move: Knock Off|[of] p2a: Incineroar
|
|-weather|SunnyDay|[upkeep]
|-heal|p2a: Incineroar|74/100|[from] item: Leftovers
|upkeep
|turn|15
|
|t:|1757916482
|switch|p2a: Leafeon|Leafeon, F|100/100
|move|p1a: Landorus|Stealth Rock|p2a: Leafeon
|-sidestart|p2: RadiantSol|move: Stealth Rock
|
|-weather|SunnyDay|[upkeep]
|upkeep
|turn|16
|
|t:|1757916489
|move|p2a: Leafeon|Solar Blade||[still]
|-prepare|p2a: Leafeon|Solar Blade
|-anim|p2a: Leafeon|Solar Blade|p1a: Landorus
|-damage|p1a: Landorus|0 fnt
|faint|p1a: Landorus
|-damage|p2a: Leafeon|91/100|[from] item: Life Orb
|
|-weather|none
|upkeep
|
|t:|1757916497
|switch|p1a: Kingambit|Kingambit, M|100/100
|-activate|p1a: Kingambit|ability: Supreme Overlord
|-start|p1a: Kingambit|fallen2|[silent]
|turn|17
|
|t:|1757916504
|switch|p2a: Incineroar|Incineroar, F|74/100
|-damage|p2a: Incineroar|49/100|[from] Stealth Rock
|-ability|p2a: Incineroar|Intimidate|boost
|-unboost|p1a: Kingambit|atk|1
|move|p1a: Kingambit|Swords Dance|p1a: Kingambit
|-boost|p1a: Kingambit|atk|2
|
|-heal|p2a: Incineroar|56/100|[from] item: Leftovers
|upkeep
|turn|18
|
|t:|1757916523
|-terastallize|p1a: Kingambit|Ghost
|move|p2a: Incineroar|Drain Punch|p1a: Kingambit
|-immune|p1a: Kingambit
|move|p1a: Kingambit|Kowtow Cleave|p2a: Incineroar
|-resisted|p2a: Incineroar
|-damage|p2a: Incineroar|24/100
|
|-heal|p2a: Incineroar|30/100|[from] item: Leftovers
|upkeep
|turn|19
|
|t:|1757916534
|move|p1a: Kingambit|Sucker Punch|p2a: Incineroar
|-resisted|p2a: Incineroar
|-damage|p2a: Incineroar|5/100
|move|p2a: Incineroar|Knock Off|p1a: Kingambit
|-supereffective|p1a: Kingambit
|-damage|p1a: Kingambit|47/100
|-enditem|p1a: Kingambit|Leftovers|[from] move: Knock Off|[of] p2a: Incineroar
|
|-heal|p2a: Incineroar|11/100|[from] item: Leftovers
|upkeep
|turn|20
|
|t:|1757916544
|move|p2a: Incineroar|Parting Shot|p1a: Kingambit
|-unboost|p1a: Kingambit|atk|1
|-unboost|p1a: Kingambit|spa|1
|
|t:|1757916567
|switch|p2a: Oricorio|Oricorio-Sensu, F|20/100|[from] Parting Shot
|move|p1a: Kingambit|Kowtow Cleave|p2a: Oricorio
|-supereffective|p2a: Oricorio
|-damage|p2a: Oricorio|0 fnt
|faint|p2a: Oricorio
|
|upkeep
|
|t:|1757916574
|switch|p2a: Sandy Shocks|Sandy Shocks|94/100
|-damage|p2a: Sandy Shocks|88/100|[from] Stealth Rock
|turn|21
|
|t:|1757916579
|move|p1a: Kingambit|Sucker Punch||[still]
|-fail|p1a: Kingambit
|move|p2a: Sandy Shocks|Sunny Day|p2a: Sandy Shocks
|-weather|SunnyDay
|-activate|p2a: Sandy Shocks|ability: Protosynthesis
|-start|p2a: Sandy Shocks|protosynthesisspe
|
|-weather|SunnyDay|[upkeep]
|upkeep
|turn|22
|
|t:|1757916587
|move|p1a: Kingambit|Sucker Punch|p2a: Sandy Shocks
|-crit|p2a: Sandy Shocks
|-damage|p2a: Sandy Shocks|13/100
|move|p2a: Sandy Shocks|Volt Switch|p1a: Kingambit
|-damage|p1a: Kingambit|16/100
|
|t:|1757916595
|-end|p2a: Sandy Shocks|Protosynthesis|[silent]
|switch|p2a: Leafeon|Leafeon, F|91/100|[from] Volt Switch
|-damage|p2a: Leafeon|78/100|[from] Stealth Rock
|
|-weather|SunnyDay|[upkeep]
|upkeep
|turn|23
|
|t:|1757916602
|move|p1a: Kingambit|Sucker Punch|p2a: Leafeon
|-damage|p2a: Leafeon|27/100
|move|p2a: Leafeon|Knock Off|p1a: Kingambit
|-supereffective|p1a: Kingambit
|-damage|p1a: Kingambit|0 fnt
|faint|p1a: Kingambit
|-end|p1a: Kingambit|fallen2|[silent]
|-damage|p2a: Leafeon|17/100|[from] item: Life Orb
|
|-weather|SunnyDay|[upkeep]
|upkeep
|
|t:|1757916614
|switch|p1a: Iron Valiant|Iron Valiant|100/100
|-enditem|p1a: Iron Valiant|Booster Energy
|-activate|p1a: Iron Valiant|ability: Quark Drive|[fromitem]
|-start|p1a: Iron Valiant|quarkdrivespe
|turn|24
|
|t:|1757916626
|move|p2a: Leafeon|Solar Blade||[still]
|-prepare|p2a: Leafeon|Solar Blade
|-anim|p2a: Leafeon|Solar Blade|p1a: Iron Valiant
|-damage|p1a: Iron Valiant|0 fnt
|faint|p1a: Iron Valiant
|-end|p1a: Iron Valiant|Quark Drive|[silent]
|-damage|p2a: Leafeon|7/100|[from] item: Life Orb
|
|-weather|SunnyDay|[upkeep]
|upkeep
|
|t:|1757916642
|switch|p1a: Glimmora|Glimmora, F|100/100
|turn|25
|
|t:|1757916661
|move|p2a: Leafeon|Synthesis|p2a: Leafeon
|-heal|p2a: Leafeon|74/100
|move|p1a: Glimmora|Spikes|p2a: Leafeon
|-sidestart|p2: RadiantSol|Spikes
|
|-weather|none
|upkeep
|turn|26
|inactive|Battle timer is ON: inactive players will automatically lose when time's up. (requested by FantasticBoxes123)
|
|t:|1757916692
|-terastallize|p2a: Leafeon|Ground
|move|p2a: Leafeon|Tera Blast|p1a: Glimmora|[anim] Tera Blast Ground
|-supereffective|p1a: Glimmora
|-damage|p1a: Glimmora|0 fnt
|-activate|p1a: Glimmora|ability: Toxic Debris
|-sidestart|p2: RadiantSol|move: Toxic Spikes
|faint|p1a: Glimmora
|-damage|p2a: Leafeon|64/100|[from] item: Life Orb
|
|upkeep
|
|t:|1757916701
|switch|p1a: Dragapult|Dragapult, F|100/100
|turn|27
|
|t:|1757916706
|move|p1a: Dragapult|Shadow Ball|p2a: Leafeon
|-damage|p2a: Leafeon|0 fnt
|faint|p2a: Leafeon
|
|upkeep
|
|t:|1757916718
|switch|p2a: Sandy Shocks|Sandy Shocks|13/100
|-damage|p2a: Sandy Shocks|7/100|[from] Stealth Rock
|-damage|p2a: Sandy Shocks|0 fnt|[from] Spikes
|faint|p2a: Sandy Shocks
|-end|p2a: Sandy Shocks|Protosynthesis|[silent]
|
|t:|1757916719
|switch|p2a: Incineroar|Incineroar, F|11/100
|-damage|p2a: Incineroar|0 fnt|[from] Stealth Rock
|faint|p2a: Incineroar
|
|t:|1757916720
|switch|p2a: Espeon|Espeon, F|100/100
|-damage|p2a: Espeon|88/100|[from] Stealth Rock
|-damage|p2a: Espeon|76/100|[from] Spikes
|-status|p2a: Espeon|psn
|turn|28
|
|t:|1757916732
|move|p1a: Dragapult|Shadow Ball|p2a: Espeon
|-supereffective|p2a: Espeon
|-damage|p2a: Espeon|0 fnt
|faint|p2a: Espeon
|
|win|FantasticBoxes123
|raw|FantasticBoxes123's rating: 1279 &rarr; <strong>1306</strong><br />(+27 for winning)
|raw|RadiantSol's rating: 1300 &rarr; <strong>1273</strong><br />(-27 for losing)
|l|‽RadiantSol
|player|p2|
|l|☆FantasticBoxes123
|player|p1|
