|j|☆TAT_Yangyu
|j|☆ahymeychreyehard
|t:|1757917160
|gametype|singles
|player|p1|TAT_Yangyu|grimsley-gen7|1126
|player|p2|ahymeychreyehard|265|1081
|gen|9
|tier|[Gen 9] OU
|rated|
|rule|HP Percentage Mod: HP is shown in percentages
|rule|Endless Battle Clause: Forcing endless battles is banned
|rule|Species Clause: Limit one of each Pokémon
|rule|OHKO Clause: OHKO moves are banned
|rule|Evasion Items Clause: Evasion items are banned
|rule|Evasion Moves Clause: Evasion moves are banned
|rule|Evasion Abilities Clause: Evasion abilities are banned
|rule|Sleep Moves Clause: Sleep-inducing moves are banned
|clearpoke
|poke|p1|Samurott-Hisui, M|
|poke|p1|Kingambit, M|
|poke|p1|Mimikyu, M|
|poke|p1|Dragapult, F|
|poke|p1|Gliscor, M|
|poke|p1|Incineroar, M|
|poke|p2|Rabsca, M|
|poke|p2|Grimmsnarl, M|
|poke|p2|Quaquaval, F|
|poke|p2|Garganacl, M|
|poke|p2|Overqwil, M|
|poke|p2|Pelipper, F|
|teampreview
|
|t:|1757917178
|teamsize|p1|6
|teamsize|p2|6
|start
|switch|p1a: Dragapult|Dragapult, F|100/100
|switch|p2a: Pelipper|Pelipper, F|100/100
|-weather|RainDance|[from] ability: Drizzle|[of] p2a: Pelipper
|turn|1
|
|t:|1757917185
|move|p1a: Dragapult|Thunderbolt|p2a: Pelipper
|-supereffective|p2a: Pelipper
|-damage|p2a: Pelipper|0 fnt
|faint|p2a: Pelipper
|
|-weather|RainDance|[upkeep]
|upkeep
|
|t:|1757917192
|switch|p2a: Overqwil|Overqwil, M|100/100
|turn|2
|
|t:|1757917212
|switch|p1a: Incineroar|Incineroar, M|100/100
|-ability|p1a: Incineroar|Intimidate|boost
|-unboost|p2a: Overqwil|atk|1
|move|p2a: Overqwil|Swords Dance|p2a: Overqwil
|-boost|p2a: Overqwil|atk|2
|
|-weather|RainDance|[upkeep]
|upkeep
|turn|3
|
|t:|1757917222
|move|p2a: Overqwil|Scale Shot|p1a: Incineroar
|-damage|p1a: Incineroar|89/100
|-damage|p1a: Incineroar|78/100
|-damage|p1a: Incineroar|65/100
|-hitcount|p1a: Incineroar|3
|-unboost|p2a: Overqwil|def|1
|-boost|p2a: Overqwil|spe|1
|move|p1a: Incineroar|Close Combat|p2a: Overqwil
|-damage|p2a: Overqwil|34/100
|-unboost|p1a: Incineroar|def|1
|-unboost|p1a: Incineroar|spd|1
|
|-weather|RainDance|[upkeep]
|upkeep
|turn|4
|
|t:|1757917226
|move|p2a: Overqwil|Destiny Bond|p2a: Overqwil
|-singlemove|p2a: Overqwil|Destiny Bond
|move|p1a: Incineroar|Close Combat|p2a: Overqwil
|-damage|p2a: Overqwil|0 fnt
|-unboost|p1a: Incineroar|def|1
|-unboost|p1a: Incineroar|spd|1
|faint|p2a: Overqwil
|-activate|p2a: Overqwil|move: Destiny Bond
|faint|p1a: Incineroar
|
|-weather|RainDance|[upkeep]
|upkeep
|
|t:|1757917238
|switch|p2a: Grimmsnarl|Grimmsnarl, M|100/100
|switch|p1a: Samurott|Samurott-Hisui, M|100/100
|turn|5
|
|t:|1757917251
|-terastallize|p1a: Samurott|Poison
|move|p2a: Grimmsnarl|Reflect|p2a: Grimmsnarl
|-sidestart|p2: ahymeychreyehard|Reflect
|move|p1a: Samurott|Swords Dance|p1a: Samurott
|-boost|p1a: Samurott|atk|2
|
|-weather|RainDance|[upkeep]
|upkeep
|turn|6
|
|t:|1757917259
|move|p2a: Grimmsnarl|Parting Shot|p1a: Samurott
|-unboost|p1a: Samurott|atk|1
|-unboost|p1a: Samurott|spa|1
|
|t:|1757917262
|switch|p2a: Rabsca|Rabsca, M|100/100|[from] Parting Shot
|move|p1a: Samurott|Razor Shell|p2a: Rabsca|[miss]
|-miss|p1a: Samurott|p2a: Rabsca
|
|-weather|RainDance|[upkeep]
|upkeep
|turn|7
|
|t:|1757917278
|move|p1a: Samurott|Razor Shell|p2a: Rabsca
|-crit|p2a: Rabsca
|-damage|p2a: Rabsca|0 fnt
|faint|p2a: Rabsca
|-damage|p1a: Samurott|91/100|[from] item: Life Orb
|
|-weather|RainDance|[upkeep]
|upkeep
|
|t:|1757917284
|switch|p2a: Garganacl|Garganacl, M|100/100
|turn|8
|
|t:|1757917290
|-terastallize|p2a: Garganacl|Ghost
|move|p1a: Samurott|Razor Shell|p2a: Garganacl
|-damage|p2a: Garganacl|51/100
|-damage|p1a: Samurott|81/100|[from] item: Life Orb
|move|p2a: Garganacl|Iron Defense|p2a: Garganacl
|-boost|p2a: Garganacl|def|2
|
|-weather|none
|-heal|p2a: Garganacl|58/100|[from] item: Leftovers
|upkeep
|turn|9
|
|t:|1757917301
|move|p1a: Samurott|Ceaseless Edge|p2a: Garganacl
|-supereffective|p2a: Garganacl
|-damage|p2a: Garganacl|28/100
|-sidestart|p2: ahymeychreyehard|Spikes
|-damage|p1a: Samurott|71/100|[from] item: Life Orb
|move|p2a: Garganacl|Iron Defense|p2a: Garganacl
|-boost|p2a: Garganacl|def|2
|
|-heal|p2a: Garganacl|35/100|[from] item: Leftovers
|upkeep
|turn|10
|
|t:|1757917306
|move|p1a: Samurott|Ceaseless Edge|p2a: Garganacl|[miss]
|-miss|p1a: Samurott|p2a: Garganacl
|move|p2a: Garganacl|Recover|p2a: Garganacl
|-heal|p2a: Garganacl|85/100
|
|-heal|p2a: Garganacl|91/100|[from] item: Leftovers
|upkeep
|turn|11
|
|t:|1757917316
|move|p1a: Samurott|Ceaseless Edge|p2a: Garganacl
|-supereffective|p2a: Garganacl
|-damage|p2a: Garganacl|72/100
|-sidestart|p2: ahymeychreyehard|Spikes
|-damage|p1a: Samurott|61/100|[from] item: Life Orb
|move|p2a: Garganacl|Salt Cure|p1a: Samurott
|-damage|p1a: Samurott|42/100
|-start|p1a: Samurott|Salt Cure
|
|-heal|p2a: Garganacl|78/100|[from] item: Leftovers
|-damage|p1a: Samurott|29/100|[from] Salt Cure
|upkeep
|turn|12
|
|t:|1757917322
|move|p1a: Samurott|Ceaseless Edge|p2a: Garganacl
|-supereffective|p2a: Garganacl
|-damage|p2a: Garganacl|60/100
|-sidestart|p2: ahymeychreyehard|Spikes
|-damage|p1a: Samurott|20/100|[from] item: Life Orb
|move|p2a: Garganacl|Iron Defense|p2a: Garganacl
|-boost|p2a: Garganacl|def|2
|
|-heal|p2a: Garganacl|67/100|[from] item: Leftovers
|-damage|p1a: Samurott|7/100|[from] Salt Cure
|-sideend|p2: ahymeychreyehard|Reflect
|upkeep
|turn|13
|
|t:|1757917325
|move|p1a: Samurott|Ceaseless Edge|p2a: Garganacl|[miss]
|-miss|p1a: Samurott|p2a: Garganacl
|move|p2a: Garganacl|Recover|p2a: Garganacl
|-heal|p2a: Garganacl|100/100
|
|-damage|p1a: Samurott|0 fnt|[from] Salt Cure
|faint|p1a: Samurott
|upkeep
|
|t:|1757917333
|switch|p1a: Mimikyu|Mimikyu, M|100/100
|turn|14
|
|t:|1757917336
|move|p1a: Mimikyu|Curse|p2a: Garganacl
|-start|p2a: Garganacl|Curse|[of] p1a: Mimikyu
|-damage|p1a: Mimikyu|50/100
|move|p2a: Garganacl|Salt Cure|p1a: Mimikyu
|-activate|p1a: Mimikyu|ability: Disguise
|-damage|p1a: Mimikyu|50/100
|-start|p1a: Mimikyu|Salt Cure
|detailschange|p1a: Mimikyu|Mimikyu-Busted, M
|-damage|p1a: Mimikyu|38/100|[from] pokemon: Mimikyu-Busted
|
|-heal|p1a: Mimikyu|44/100|[from] item: Leftovers
|-damage|p2a: Garganacl|75/100|[from] Curse
|-damage|p1a: Mimikyu|32/100|[from] Salt Cure
|upkeep
|turn|15
|
|t:|1757917345
|switch|p2a: Quaquaval|Quaquaval, F|100/100
|-damage|p2a: Quaquaval|75/100|[from] Spikes
|move|p1a: Mimikyu|Substitute|p1a: Mimikyu
|-start|p1a: Mimikyu|Substitute
|-damage|p1a: Mimikyu|7/100
|
|-heal|p1a: Mimikyu|13/100|[from] item: Leftovers
|-damage|p1a: Mimikyu|0 fnt|[from] Salt Cure
|faint|p1a: Mimikyu
|upkeep
|
|t:|1757917354
|switch|p1a: Dragapult|Dragapult, F|100/100
|turn|16
|
|t:|1757917362
|switch|p2a: Grimmsnarl|Grimmsnarl, M|100/100
|-damage|p2a: Grimmsnarl|76/100|[from] Spikes
|move|p1a: Dragapult|Shadow Ball|p2a: Grimmsnarl
|-resisted|p2a: Grimmsnarl
|-crit|p2a: Grimmsnarl
|-damage|p2a: Grimmsnarl|53/100
|
|upkeep
|turn|17
|
|t:|1757917371
|move|p2a: Grimmsnarl|Light Screen|p2a: Grimmsnarl
|-sidestart|p2: ahymeychreyehard|move: Light Screen
|move|p1a: Dragapult|Shadow Ball|p2a: Grimmsnarl
|-resisted|p2a: Grimmsnarl
|-damage|p2a: Grimmsnarl|37/100
|
|upkeep
|turn|18
|
|t:|1757917381
|move|p2a: Grimmsnarl|Reflect|p2a: Grimmsnarl
|-sidestart|p2: ahymeychreyehard|Reflect
|move|p1a: Dragapult|Shadow Ball|p2a: Grimmsnarl
|-resisted|p2a: Grimmsnarl
|-damage|p2a: Grimmsnarl|20/100
|
|upkeep
|turn|19
|
|t:|1757917385
|move|p2a: Grimmsnarl|Parting Shot|p1a: Dragapult
|-unboost|p1a: Dragapult|atk|1
|-unboost|p1a: Dragapult|spa|1
|
|t:|1757917388
|switch|p2a: Garganacl|Garganacl, M, tera:Ghost|75/100|[from] Parting Shot
|-damage|p2a: Garganacl|50/100|[from] Spikes
|move|p1a: Dragapult|Shadow Ball|p2a: Garganacl
|-supereffective|p2a: Garganacl
|-damage|p2a: Garganacl|34/100
|
|-heal|p2a: Garganacl|40/100|[from] item: Leftovers
|upkeep
|turn|20
|
|t:|1757917393
|move|p1a: Dragapult|Shadow Ball|p2a: Garganacl
|-supereffective|p2a: Garganacl
|-damage|p2a: Garganacl|22/100
|-unboost|p2a: Garganacl|spd|1
|move|p2a: Garganacl|Recover|p2a: Garganacl
|-heal|p2a: Garganacl|72/100
|
|-heal|p2a: Garganacl|78/100|[from] item: Leftovers
|upkeep
|turn|21
|
|t:|1757917426
|switch|p1a: Gliscor|Gliscor, M|100/100
|move|p2a: Garganacl|Iron Defense|p2a: Garganacl
|-boost|p2a: Garganacl|def|2
|
|-heal|p2a: Garganacl|84/100|[from] item: Leftovers
|-status|p1a: Gliscor|tox|[from] item: Toxic Orb
|upkeep
|turn|22
|
|t:|1757917442
|move|p1a: Gliscor|Toxic|p2a: Garganacl
|-immune|p2a: Garganacl|[from] ability: Purifying Salt
|move|p2a: Garganacl|Salt Cure|p1a: Gliscor
|-damage|p1a: Gliscor|91/100 tox
|-start|p1a: Gliscor|Salt Cure
|
|-heal|p2a: Garganacl|90/100|[from] item: Leftovers
|-heal|p1a: Gliscor|100/100 tox|[from] ability: Poison Heal
|-damage|p1a: Gliscor|88/100 tox|[from] Salt Cure
|upkeep
|turn|23
|
|t:|1757917448
|move|p1a: Gliscor|Knock Off|p2a: Garganacl
|-supereffective|p2a: Garganacl
|-damage|p2a: Garganacl|83/100
|-enditem|p2a: Garganacl|Leftovers|[from] move: Knock Off|[of] p1a: Gliscor
|move|p2a: Garganacl|Iron Defense|p2a: Garganacl
|-boost|p2a: Garganacl|def|2
|
|-heal|p1a: Gliscor|100/100 tox|[from] ability: Poison Heal
|-damage|p1a: Gliscor|88/100 tox|[from] Salt Cure
|upkeep
|turn|24
|
|t:|1757917458
|switch|p1a: Dragapult|Dragapult, F|100/100
|move|p2a: Garganacl|Body Press|p1a: Dragapult
|-immune|p1a: Dragapult
|
|-sideend|p2: ahymeychreyehard|move: Light Screen
|upkeep
|turn|25
|
|t:|1757917464
|move|p1a: Dragapult|Shadow Ball|p2a: Garganacl
|-supereffective|p2a: Garganacl
|-damage|p2a: Garganacl|46/100
|move|p2a: Garganacl|Salt Cure|p1a: Dragapult
|-damage|p1a: Dragapult|82/100
|-start|p1a: Dragapult|Salt Cure
|
|-damage|p1a: Dragapult|70/100|[from] Salt Cure
|-sideend|p2: ahymeychreyehard|Reflect
|upkeep
|turn|26
|
|t:|1757917468
|move|p1a: Dragapult|Shadow Ball|p2a: Garganacl
|-supereffective|p2a: Garganacl
|-damage|p2a: Garganacl|9/100
|move|p2a: Garganacl|Recover|p2a: Garganacl
|-heal|p2a: Garganacl|59/100
|
|-damage|p1a: Dragapult|58/100|[from] Salt Cure
|upkeep
|turn|27
|
|t:|1757917472
|move|p1a: Dragapult|Shadow Ball|p2a: Garganacl
|-supereffective|p2a: Garganacl
|-damage|p2a: Garganacl|22/100
|move|p2a: Garganacl|Recover|p2a: Garganacl
|-heal|p2a: Garganacl|72/100
|
|-damage|p1a: Dragapult|45/100|[from] Salt Cure
|upkeep
|turn|28
|
|t:|1757917475
|move|p1a: Dragapult|Shadow Ball|p2a: Garganacl
|-supereffective|p2a: Garganacl
|-damage|p2a: Garganacl|36/100
|move|p2a: Garganacl|Recover|p2a: Garganacl
|-heal|p2a: Garganacl|86/100
|
|-damage|p1a: Dragapult|33/100|[from] Salt Cure
|upkeep
|turn|29
|
|t:|1757917483
|switch|p1a: Gliscor|Gliscor, M|88/100 tox
|move|p2a: Garganacl|Recover|p2a: Garganacl
|-heal|p2a: Garganacl|100/100
|
|-heal|p1a: Gliscor|100/100 tox|[from] ability: Poison Heal
|upkeep
|turn|30
|
|t:|1757917490
|move|p1a: Gliscor|Knock Off|p2a: Garganacl
|-supereffective|p2a: Garganacl
|-damage|p2a: Garganacl|95/100
|move|p2a: Garganacl|Salt Cure|p1a: Gliscor
|-damage|p1a: Gliscor|91/100 tox
|-start|p1a: Gliscor|Salt Cure
|
|-heal|p1a: Gliscor|100/100 tox|[from] ability: Poison Heal
|-damage|p1a: Gliscor|88/100 tox|[from] Salt Cure
|upkeep
|turn|31
|
|t:|1757917516
|move|p1a: Gliscor|Substitute|p1a: Gliscor
|-start|p1a: Gliscor|Substitute
|-damage|p1a: Gliscor|63/100 tox
|move|p2a: Garganacl|Salt Cure|p1a: Gliscor
|-activate|p1a: Gliscor|move: Substitute|[damage]
|
|-heal|p1a: Gliscor|76/100 tox|[from] ability: Poison Heal
|-damage|p1a: Gliscor|63/100 tox|[from] Salt Cure
|upkeep
|turn|32
|
|t:|1757917520
|move|p1a: Gliscor|Knock Off|p2a: Garganacl
|-supereffective|p2a: Garganacl
|-damage|p2a: Garganacl|88/100
|move|p2a: Garganacl|Body Press|p1a: Gliscor
|-resisted|p1a: Gliscor
|-end|p1a: Gliscor|Substitute
|
|-heal|p1a: Gliscor|76/100 tox|[from] ability: Poison Heal
|-damage|p1a: Gliscor|63/100 tox|[from] Salt Cure
|upkeep
|turn|33
|
|t:|1757917533
|switch|p1a: Dragapult|Dragapult, F|33/100
|move|p2a: Garganacl|Salt Cure|p1a: Dragapult
|-damage|p1a: Dragapult|13/100
|-start|p1a: Dragapult|Salt Cure
|
|-damage|p1a: Dragapult|1/100|[from] Salt Cure
|upkeep
|turn|34
|
|t:|1757917543
|move|p1a: Dragapult|Shadow Ball|p2a: Garganacl
|-supereffective|p2a: Garganacl
|-damage|p2a: Garganacl|48/100
|move|p2a: Garganacl|Iron Defense|p2a: Garganacl
|-boost|p2a: Garganacl|def|2
|
|-damage|p1a: Dragapult|0 fnt|[from] Salt Cure
|faint|p1a: Dragapult
|upkeep
|
|t:|1757917549
|switch|p1a: Gliscor|Gliscor, M|63/100 tox
|turn|35
|
|t:|1757917559
|move|p1a: Gliscor|Knock Off|p2a: Garganacl
|-supereffective|p2a: Garganacl
|-damage|p2a: Garganacl|43/100
|move|p2a: Garganacl|Recover|p2a: Garganacl
|-heal|p2a: Garganacl|93/100
|
|-heal|p1a: Gliscor|76/100 tox|[from] ability: Poison Heal
|upkeep
|turn|36
|
|t:|1757917564
|move|p1a: Gliscor|Knock Off|p2a: Garganacl
|-supereffective|p2a: Garganacl
|-damage|p2a: Garganacl|88/100
|move|p2a: Garganacl|Salt Cure|p1a: Gliscor
|-damage|p1a: Gliscor|66/100 tox
|-start|p1a: Gliscor|Salt Cure
|
|-heal|p1a: Gliscor|78/100 tox|[from] ability: Poison Heal
|-damage|p1a: Gliscor|66/100 tox|[from] Salt Cure
|upkeep
|turn|37
|
|t:|1757917576
|move|p1a: Gliscor|Knock Off|p2a: Garganacl
|-supereffective|p2a: Garganacl
|-damage|p2a: Garganacl|84/100
|move|p2a: Garganacl|Body Press|p1a: Gliscor
|-resisted|p1a: Gliscor
|-damage|p1a: Gliscor|33/100 tox
|
|-heal|p1a: Gliscor|46/100 tox|[from] ability: Poison Heal
|-damage|p1a: Gliscor|33/100 tox|[from] Salt Cure
|upkeep
|turn|38
|
|t:|1757917586
|move|p1a: Gliscor|Knock Off|p2a: Garganacl
|-supereffective|p2a: Garganacl
|-damage|p2a: Garganacl|79/100
|move|p2a: Garganacl|Body Press|p1a: Gliscor
|-resisted|p1a: Gliscor
|-damage|p1a: Gliscor|0 fnt
|faint|p1a: Gliscor
|
|upkeep
|
|t:|1757917588
|switch|p1a: Kingambit|Kingambit, M|100/100
|-activate|p1a: Kingambit|ability: Supreme Overlord
|-start|p1a: Kingambit|fallen5|[silent]
|turn|39
|
|t:|1757917593
|move|p1a: Kingambit|Kowtow Cleave|p2a: Garganacl
|-supereffective|p2a: Garganacl
|-damage|p2a: Garganacl|50/100
|move|p2a: Garganacl|Body Press|p1a: Kingambit
|-supereffective|p1a: Kingambit
|-damage|p1a: Kingambit|0 fnt
|faint|p1a: Kingambit
|-end|p1a: Kingambit|fallen5|[silent]
|
|win|ahymeychreyehard
|raw|TAT_Yangyu's rating: 1126 &rarr; <strong>1098</strong><br />(-28 for losing)
|raw|ahymeychreyehard's rating: 1081 &rarr; <strong>1112</strong><br />(+31 for winning)
|l|☆TAT_Yangyu
|player|p1|
|l|☆ahymeychreyehard
|player|p2|
