|j|☆vitos86
|j|☆Ego_the_amigo
|t:|1757867868
|gametype|singles
|player|p1|vitos86|biker|1129
|player|p2|Ego_the_amigo|benga|1098
|gen|9
|tier|[Gen 9] OU
|rated|
|rule|HP Percentage Mod: HP is shown in percentages
|rule|Endless Battle Clause: Forcing endless battles is banned
|rule|Species Clause: Limit one of each Pokémon
|rule|OHKO Clause: OHKO moves are banned
|rule|Evasion Items Clause: Evasion items are banned
|rule|Evasion Moves Clause: Evasion moves are banned
|rule|Evasion Abilities Clause: Evasion abilities are banned
|rule|Sleep Moves Clause: Sleep-inducing moves are banned
|clearpoke
|poke|p1|Mightyena, M|
|poke|p1|Jolteon, M|
|poke|p1|Noctowl, F|
|poke|p1|Typhlosion, M|
|poke|p1|Hitmonchan, M|
|poke|p1|Blastoise, M|
|poke|p2|Skarmory, F|
|poke|p2|Kingambit, F|
|poke|p2|Quaquaval, F|
|poke|p2|Galvantula, M|
|poke|p2|Salazzle, F|
|poke|p2|Dragapult, M|
|teampreview
|inactive|Battle timer is ON: inactive players will automatically lose when time's up. (requested by vitos86)
|
|t:|1757867894
|teamsize|p1|6
|teamsize|p2|6
|start
|switch|p1a: Jolteon|Jolteon, M|100/100
|switch|p2a: Skarmory|Skarmory, F|100/100
|turn|1
|
|t:|1757867903
|move|p1a: Jolteon|Discharge|p2a: Skarmory
|-supereffective|p2a: Skarmory
|-damage|p2a: Skarmory|29/100
|-status|p2a: Skarmory|par
|move|p2a: Skarmory|Stealth Rock|p1a: Jolteon
|-sidestart|p1: vitos86|move: Stealth Rock
|
|-heal|p2a: Skarmory|34/100 par|[from] item: Leftovers
|upkeep
|turn|2
|
|t:|1757867913
|move|p1a: Jolteon|Volt Switch|p2a: Skarmory
|-supereffective|p2a: Skarmory
|-damage|p2a: Skarmory|0 fnt
|faint|p2a: Skarmory
|
|t:|1757867919
|switch|p1a: Hitmonchan|Hitmonchan, M|100/100|[from] Volt Switch
|
|upkeep
|
|t:|1757867924
|switch|p2a: Quaquaval|Quaquaval, F|100/100
|turn|3
|
|t:|1757867932
|move|p2a: Quaquaval|Swords Dance|p2a: Quaquaval
|-boost|p2a: Quaquaval|atk|2
|move|p1a: Hitmonchan|Rapid Spin|p2a: Quaquaval
|-damage|p2a: Quaquaval|81/100
|-boost|p1a: Hitmonchan|spe|1
|-sideend|p1: vitos86|Stealth Rock|[from] move: Rapid Spin|[of] p1a: Hitmonchan
|
|-heal|p2a: Quaquaval|87/100|[from] item: Leftovers
|upkeep
|turn|4
|
|t:|1757867950
|move|p2a: Quaquaval|Aqua Step|p1a: Hitmonchan
|-damage|p1a: Hitmonchan|0 fnt
|-boost|p2a: Quaquaval|spe|1
|faint|p1a: Hitmonchan
|-ability|p2a: Quaquaval|Moxie|boost
|-boost|p2a: Quaquaval|atk|1
|
|-heal|p2a: Quaquaval|93/100|[from] item: Leftovers
|upkeep
|
|t:|1757867959
|switch|p1a: Jolteon|Jolteon, M|100/100
|turn|5
|
|t:|1757867966
|move|p2a: Quaquaval|Close Combat|p1a: Jolteon
|-damage|p1a: Jolteon|0 fnt
|-unboost|p2a: Quaquaval|def|1
|-unboost|p2a: Quaquaval|spd|1
|faint|p1a: Jolteon
|-ability|p2a: Quaquaval|Moxie|boost
|-boost|p2a: Quaquaval|atk|1
|
|-heal|p2a: Quaquaval|99/100|[from] item: Leftovers
|upkeep
|
|t:|1757867983
|switch|p1a: Mightyena|Mightyena, M|100/100
|turn|6
|
|t:|1757867990
|-terastallize|p1a: Mightyena|Dark
|move|p1a: Mightyena|Sucker Punch|p2a: Quaquaval
|-resisted|p2a: Quaquaval
|-damage|p2a: Quaquaval|49/100
|-damage|p1a: Mightyena|91/100|[from] item: Life Orb
|move|p2a: Quaquaval|Close Combat|p1a: Mightyena
|-supereffective|p1a: Mightyena
|-damage|p1a: Mightyena|0 fnt
|-unboost|p2a: Quaquaval|def|1
|-unboost|p2a: Quaquaval|spd|1
|faint|p1a: Mightyena
|-ability|p2a: Quaquaval|Moxie|boost
|-boost|p2a: Quaquaval|atk|1
|
|-heal|p2a: Quaquaval|55/100|[from] item: Leftovers
|upkeep
|
|t:|1757868005
|switch|p1a: Blastoise|Blastoise, M|100/100
|turn|7
|
|t:|1757868011
|move|p2a: Quaquaval|Close Combat|p1a: Blastoise
|-damage|p1a: Blastoise|0 fnt
|-unboost|p2a: Quaquaval|def|1
|-unboost|p2a: Quaquaval|spd|1
|faint|p1a: Blastoise
|-ability|p2a: Quaquaval|Moxie|boost
|-boost|p2a: Quaquaval|atk|1
|
|-heal|p2a: Quaquaval|61/100|[from] item: Leftovers
|upkeep
|
|t:|1757868020
|switch|p1a: Noctowl|Noctowl, F|100/100
|turn|8
|
|t:|1757868030
|move|p2a: Quaquaval|Triple Axel|p1a: Noctowl
|-supereffective|p1a: Noctowl
|-damage|p1a: Noctowl|52/100
|-supereffective|p1a: Noctowl
|-damage|p1a: Noctowl|0 fnt
|faint|p1a: Noctowl
|-hitcount|p1: Noctowl|2
|
|-heal|p2a: Quaquaval|67/100|[from] item: Leftovers
|upkeep
|
|t:|1757868040
|switch|p1a: Typhlosion|Typhlosion, M|100/100
|turn|9
|
|t:|1757868044
|move|p2a: Quaquaval|Aqua Step|p1a: Typhlosion
|-supereffective|p1a: Typhlosion
|-crit|p1a: Typhlosion
|-damage|p1a: Typhlosion|0 fnt
|-boost|p2a: Quaquaval|spe|1
|faint|p1a: Typhlosion
|
|win|Ego_the_amigo
|raw|vitos86's rating: 1129 &rarr; <strong>1102</strong><br />(-27 for losing)
|raw|Ego_the_amigo's rating: 1098 &rarr; <strong>1126</strong><br />(+28 for winning)
|l|☆vitos86
|player|p1|
|l|☆Ego_the_amigo
|player|p2|
