|j|☆mResss
|j|☆BeastBoostedBoy
|t:|1757795855
|gametype|singles
|player|p1|mResss|veteran|1555
|player|p2|BeastBoostedBoy|lucas-gen4pt|1554
|gen|9
|tier|[Gen 9] OU
|rated|
|rule|HP Percentage Mod: HP is shown in percentages
|rule|Endless Battle Clause: Forcing endless battles is banned
|rule|Species Clause: Limit one of each Pokémon
|rule|OHKO Clause: OHKO moves are banned
|rule|Evasion Items Clause: Evasion items are banned
|rule|Evasion Moves Clause: Evasion moves are banned
|rule|Evasion Abilities Clause: Evasion abilities are banned
|rule|Sleep Moves Clause: Sleep-inducing moves are banned
|clearpoke
|poke|p1|Golurk|
|poke|p1|Alomomola, M|
|poke|p1|Kyurem|
|poke|p1|Iron Treads|
|poke|p1|Zapdos|
|poke|p1|Zamazenta-*|
|poke|p2|Ogerpon-Wellspring, F|
|poke|p2|Zapdos|
|poke|p2|Pelipper, F|
|poke|p2|Iron Treads|
|poke|p2|Barraskewda, M|
|poke|p2|Dragapult, F|
|teampreview
|inactive|Battle timer is ON: inactive players will automatically lose when time's up. (requested by mResss)
|
|t:|1757795870
|teamsize|p1|6
|teamsize|p2|6
|start
|switch|p1a: Kyurem|Kyurem|100/100
|switch|p2a: Dragapult|Dragapult, F|100/100
|-ability|p1a: Kyurem|Pressure
|turn|1
|
|t:|1757795895
|switch|p1a: Alomomola|Alomomola, M|100/100
|move|p2a: Dragapult|U-turn|p1a: Alomomola
|-damage|p1a: Alomomola|89/100
|
|t:|1757795903
|switch|p2a: Pelipper|Pelipper, F|100/100|[from] U-turn
|-weather|RainDance|[from] ability: Drizzle|[of] p2a: Pelipper
|
|-weather|RainDance|[upkeep]
|upkeep
|turn|2
|
|t:|1757795907
|move|p2a: Pelipper|Knock Off|p1a: Alomomola
|-damage|p1a: Alomomola|81/100
|-enditem|p1a: Alomomola|Heavy-Duty Boots|[from] move: Knock Off|[of] p2a: Pelipper
|move|p1a: Alomomola|Flip Turn|p2a: Pelipper
|-resisted|p2a: Pelipper
|-damage|p2a: Pelipper|90/100
|
|t:|1757795914
|switch|p1a: Zapdos|Zapdos|100/100|[from] Flip Turn
|
|-weather|RainDance|[upkeep]
|upkeep
|turn|3
|
|t:|1757795924
|switch|p2a: Iron Treads|Iron Treads|100/100
|-enditem|p2a: Iron Treads|Booster Energy
|-activate|p2a: Iron Treads|ability: Quark Drive|[fromitem]
|-start|p2a: Iron Treads|quarkdrivespe
|move|p1a: Zapdos|Hurricane|p2a: Iron Treads
|-resisted|p2a: Iron Treads
|-damage|p2a: Iron Treads|66/100
|
|-weather|RainDance|[upkeep]
|upkeep
|turn|4
|
|t:|1757795930
|move|p2a: Iron Treads|Stealth Rock|p1a: Zapdos
|-sidestart|p1: mResss|move: Stealth Rock
|move|p1a: Zapdos|Hurricane|p2a: Iron Treads
|-resisted|p2a: Iron Treads
|-damage|p2a: Iron Treads|34/100
|
|-weather|RainDance|[upkeep]
|upkeep
|turn|5
|
|t:|1757795940
|switch|p1a: Alomomola|Alomomola, M|100/100
|-damage|p1a: Alomomola|88/100|[from] Stealth Rock
|move|p2a: Iron Treads|Steel Beam|p1a: Alomomola
|-resisted|p1a: Alomomola
|-damage|p1a: Alomomola|66/100
|-damage|p2a: Iron Treads|0 fnt|[from] steelbeam
|faint|p2a: Iron Treads
|-end|p2a: Iron Treads|Quark Drive|[silent]
|
|-weather|RainDance|[upkeep]
|upkeep
|
|t:|1757795943
|switch|p2a: Zapdos|Zapdos|100/100
|turn|6
|
|t:|1757795948
|move|p1a: Alomomola|Protect|p1a: Alomomola
|-singleturn|p1a: Alomomola|Protect
|move|p2a: Zapdos|Weather Ball|p1a: Alomomola
|-activate|p1a: Alomomola|move: Protect
|
|-weather|RainDance|[upkeep]
|upkeep
|turn|7
|
|t:|1757795962
|switch|p1a: Zapdos|Zapdos|100/100
|move|p2a: Zapdos|Weather Ball|p1a: Zapdos
|-damage|p1a: Zapdos|23/100
|
|-weather|RainDance|[upkeep]
|upkeep
|turn|8
|
|t:|1757795991
|switch|p1a: Alomomola|Alomomola, M|99/100
|-damage|p1a: Alomomola|87/100|[from] Stealth Rock
|move|p2a: Zapdos|Weather Ball|p1a: Alomomola
|-resisted|p1a: Alomomola
|-damage|p1a: Alomomola|53/100
|
|-weather|none
|upkeep
|turn|9
|
|t:|1757795996
|switch|p2a: Pelipper|Pelipper, F|90/100
|-weather|RainDance|[from] ability: Drizzle|[of] p2a: Pelipper
|move|p1a: Alomomola|Wish|p1a: Alomomola
|
|-weather|RainDance|[upkeep]
|upkeep
|turn|10
|
|t:|1757796000
|switch|p1a: Zapdos|Zapdos|23/100
|move|p2a: Pelipper|U-turn|p1a: Zapdos
|-resisted|p1a: Zapdos
|-damage|p1a: Zapdos|20/100
|-status|p2a: Pelipper|par|[from] ability: Static|[of] p1a: Zapdos
|
|t:|1757796015
|switch|p2a: Barraskewda|Barraskewda, M|100/100|[from] U-turn
|
|-weather|RainDance|[upkeep]
|-heal|p1a: Zapdos|81/100|[from] move: Wish|[wisher] Alomomola
|upkeep
|turn|11
|
|t:|1757796026
|move|p2a: Barraskewda|Flip Turn|p1a: Zapdos
|-damage|p1a: Zapdos|28/100
|
|t:|1757796040
|switch|p2a: Zapdos|Zapdos|100/100|[from] Flip Turn
|move|p1a: Zapdos|Volt Switch|p2a: Zapdos
|-damage|p2a: Zapdos|68/100
|
|t:|1757796060
|switch|p1a: Alomomola|Alomomola, M|86/100|[from] Volt Switch
|-damage|p1a: Alomomola|74/100|[from] Stealth Rock
|
|-weather|RainDance|[upkeep]
|upkeep
|turn|12
|
|t:|1757796065
|move|p1a: Alomomola|Protect|p1a: Alomomola
|-singleturn|p1a: Alomomola|Protect
|move|p2a: Zapdos|Hurricane|p1a: Alomomola
|-activate|p1a: Alomomola|move: Protect
|
|-weather|RainDance|[upkeep]
|upkeep
|turn|13
|
|t:|1757796081
|switch|p1a: Iron Treads|Iron Treads|100/100
|-damage|p1a: Iron Treads|97/100|[from] Stealth Rock
|move|p2a: Zapdos|Hurricane|p1a: Iron Treads
|-resisted|p1a: Iron Treads
|-damage|p1a: Iron Treads|36/100
|
|-weather|RainDance|[upkeep]
|-heal|p1a: Iron Treads|42/100|[from] item: Leftovers
|upkeep
|turn|14
|
|t:|1757796090
|move|p1a: Iron Treads|Rapid Spin|p2a: Zapdos
|-damage|p2a: Zapdos|48/100
|-boost|p1a: Iron Treads|spe|1
|-status|p1a: Iron Treads|par|[from] ability: Static|[of] p2a: Zapdos
|-sideend|p1: mResss|Stealth Rock|[from] move: Rapid Spin|[of] p1a: Iron Treads
|move|p2a: Zapdos|Hurricane|p1a: Iron Treads
|-resisted|p1a: Iron Treads
|-damage|p1a: Iron Treads|0 fnt
|faint|p1a: Iron Treads
|-end|p1a: Iron Treads|Quark Drive|[silent]
|
|-weather|RainDance|[upkeep]
|upkeep
|
|t:|1757796106
|switch|p1a: Golurk|Golurk|100/100
|turn|15
|
|t:|1757796113
|switch|p2a: Ogerpon|Ogerpon-Wellspring, F|100/100
|move|p1a: Golurk|Stone Edge|p2a: Ogerpon
|-damage|p2a: Ogerpon|65/100
|
|-weather|RainDance|[upkeep]
|upkeep
|turn|16
|
|t:|1757796128
|switch|p1a: Kyurem|Kyurem|100/100
|-ability|p1a: Kyurem|Pressure
|move|p2a: Ogerpon|Ivy Cudgel|p1a: Kyurem|[anim] Ivy Cudgel Water
|-resisted|p1a: Kyurem
|-damage|p1a: Kyurem|58/100
|
|-weather|none
|upkeep
|turn|17
|
|t:|1757796132
|move|p2a: Ogerpon|Play Rough|p1a: Kyurem
|-supereffective|p1a: Kyurem
|-damage|p1a: Kyurem|0 fnt
|faint|p1a: Kyurem
|
|upkeep
|
|t:|1757796140
|switch|p1a: Zamazenta|Zamazenta|100/100
|-ability|p1a: Zamazenta|Dauntless Shield|boost
|-boost|p1a: Zamazenta|def|1
|turn|18
|
|t:|1757796144
|switch|p2a: Dragapult|Dragapult, F|100/100
|move|p1a: Zamazenta|Stone Edge|p2a: Dragapult|[miss]
|-miss|p1a: Zamazenta|p2a: Dragapult
|
|upkeep
|turn|19
|
|t:|1757796164
|switch|p1a: Alomomola|Alomomola, M|100/100
|move|p2a: Dragapult|Will-O-Wisp|p1a: Alomomola
|-status|p1a: Alomomola|brn
|
|-damage|p1a: Alomomola|94/100 brn|[from] brn
|upkeep
|turn|20
|
|t:|1757796182
|move|p2a: Dragapult|Hex|p1a: Alomomola
|-damage|p1a: Alomomola|42/100 brn
|move|p1a: Alomomola|Wish|p1a: Alomomola
|
|-damage|p1a: Alomomola|36/100 brn|[from] brn
|upkeep
|turn|21
|
|t:|1757796192
|switch|p1a: Golurk|Golurk|100/100
|move|p2a: Dragapult|Hex|p1a: Golurk
|-supereffective|p1a: Golurk
|-damage|p1a: Golurk|67/100
|
|-heal|p1a: Golurk|100/100|[from] move: Wish|[wisher] Alomomola
|upkeep
|turn|22
|
|t:|1757796207
|switch|p2a: Pelipper|Pelipper, F|90/100 par
|-weather|RainDance|[from] ability: Drizzle|[of] p2a: Pelipper
|move|p1a: Golurk|Poltergeist|p2a: Pelipper
|-activate|p2a: Pelipper|move: Poltergeist|Damp Rock
|-damage|p2a: Pelipper|54/100 par
|
|-weather|RainDance|[upkeep]
|upkeep
|turn|23
|
|t:|1757796221
|move|p1a: Golurk|Stone Edge|p2a: Pelipper
|-supereffective|p2a: Pelipper
|-damage|p2a: Pelipper|6/100 par
|move|p2a: Pelipper|U-turn|p1a: Golurk
|-resisted|p1a: Golurk
|-damage|p1a: Golurk|95/100
|
|t:|1757796224
|switch|p2a: Ogerpon|Ogerpon-Wellspring, F|65/100|[from] U-turn
|
|-weather|RainDance|[upkeep]
|upkeep
|turn|24
|
|t:|1757796243
|switch|p1a: Zapdos|Zapdos|28/100
|move|p2a: Ogerpon|Ivy Cudgel|p1a: Zapdos|[anim] Ivy Cudgel Water
|-damage|p1a: Zapdos|0 fnt
|faint|p1a: Zapdos
|
|-weather|RainDance|[upkeep]
|upkeep
|
|t:|1757796245
|switch|p1a: Zamazenta|Zamazenta|100/100
|turn|25
|
|t:|1757796253
|switch|p2a: Dragapult|Dragapult, F|100/100
|move|p1a: Zamazenta|Close Combat|p2a: Dragapult
|-immune|p2a: Dragapult
|
|-weather|RainDance|[upkeep]
|upkeep
|turn|26
|
|t:|1757796257
|-terastallize|p1a: Zamazenta|Dark
|move|p2a: Dragapult|Will-O-Wisp|p1a: Zamazenta
|-status|p1a: Zamazenta|brn
|move|p1a: Zamazenta|Crunch|p2a: Dragapult
|-supereffective|p2a: Dragapult
|-damage|p2a: Dragapult|44/100
|-unboost|p2a: Dragapult|def|1
|
|-weather|RainDance|[upkeep]
|-damage|p1a: Zamazenta|94/100 brn|[from] brn
|upkeep
|turn|27
|
|t:|1757796263
|move|p2a: Dragapult|U-turn|p1a: Zamazenta
|-supereffective|p1a: Zamazenta
|-damage|p1a: Zamazenta|62/100 brn
|
|t:|1757796281
|switch|p2a: Barraskewda|Barraskewda, M|100/100|[from] U-turn
|move|p1a: Zamazenta|Crunch|p2a: Barraskewda
|-crit|p2a: Barraskewda
|-damage|p2a: Barraskewda|46/100
|
|-weather|RainDance|[upkeep]
|-damage|p1a: Zamazenta|56/100 brn|[from] brn
|upkeep
|turn|28
|
|t:|1757796287
|switch|p1a: Alomomola|Alomomola, M|69/100 brn
|move|p2a: Barraskewda|Liquidation|p1a: Alomomola
|-resisted|p1a: Alomomola
|-damage|p1a: Alomomola|39/100 brn
|
|-weather|RainDance|[upkeep]
|-damage|p1a: Alomomola|33/100 brn|[from] brn
|upkeep
|turn|29
|
|t:|1757796307
|move|p2a: Barraskewda|Liquidation|p1a: Alomomola
|-resisted|p1a: Alomomola
|-damage|p1a: Alomomola|3/100 brn
|move|p1a: Alomomola|Flip Turn|p2a: Barraskewda
|-resisted|p2a: Barraskewda
|-damage|p2a: Barraskewda|34/100
|
|t:|1757796310
|switch|p1a: Zamazenta|Zamazenta, tera:Dark|56/100 brn|[from] Flip Turn
|
|-weather|none
|-damage|p1a: Zamazenta|50/100 brn|[from] brn
|upkeep
|turn|30
|
|t:|1757796313
|switch|p2a: Pelipper|Pelipper, F|6/100 par
|-weather|RainDance|[from] ability: Drizzle|[of] p2a: Pelipper
|move|p1a: Zamazenta|Crunch|p2a: Pelipper
|-damage|p2a: Pelipper|0 fnt
|faint|p2a: Pelipper
|
|-weather|RainDance|[upkeep]
|-damage|p1a: Zamazenta|44/100 brn|[from] brn
|upkeep
|
|t:|1757796316
|switch|p2a: Zapdos|Zapdos|48/100
|turn|31
|
|t:|1757796323
|move|p1a: Zamazenta|Stone Edge|p2a: Zapdos
|-supereffective|p2a: Zapdos
|-damage|p2a: Zapdos|10/100
|move|p2a: Zapdos|Hurricane|p1a: Zamazenta
|-damage|p1a: Zamazenta|0 fnt
|faint|p1a: Zamazenta
|
|-weather|RainDance|[upkeep]
|upkeep
|
|t:|1757796329
|switch|p1a: Golurk|Golurk|95/100
|turn|32
|
|t:|1757796333
|move|p2a: Zapdos|Hurricane|p1a: Golurk
|-damage|p1a: Golurk|43/100
|move|p1a: Golurk|Stone Edge|p2a: Zapdos
|-supereffective|p2a: Zapdos
|-damage|p2a: Zapdos|0 fnt
|faint|p2a: Zapdos
|
|-weather|RainDance|[upkeep]
|upkeep
|
|t:|1757796339
|switch|p2a: Ogerpon|Ogerpon-Wellspring, F|65/100
|turn|33
|
|t:|1757796342
|move|p2a: Ogerpon|Ivy Cudgel|p1a: Golurk|[anim] Ivy Cudgel Water
|-supereffective|p1a: Golurk
|-damage|p1a: Golurk|0 fnt
|faint|p1a: Golurk
|
|-weather|RainDance|[upkeep]
|upkeep
|
|t:|1757796345
|switch|p1a: Alomomola|Alomomola, M|36/100 brn
|turn|34
|
|t:|1757796347
|move|p2a: Ogerpon|Horn Leech|p1a: Alomomola
|-supereffective|p1a: Alomomola
|-damage|p1a: Alomomola|0 fnt
|-heal|p2a: Ogerpon|93/100|[from] drain|[of] p1a: Alomomola
|faint|p1a: Alomomola
|
|win|BeastBoostedBoy
|raw|mResss's rating: 1555 &rarr; <strong>1535</strong><br />(-20 for losing)
|raw|BeastBoostedBoy's rating: 1554 &rarr; <strong>1574</strong><br />(+20 for winning)
|l|☆mResss
|player|p1|
