|j|☆z40abanob
|j|☆kthehighkid
|t:|1757816123
|gametype|singles
|player|p1|z40abanob|benga|
|player|p2|kthehighkid|preschoolerf|
|gen|9
|tier|[Gen 9] OU
|rule|HP Percentage Mod: HP is shown in percentages
|rule|Endless Battle Clause: Forcing endless battles is banned
|rule|Species Clause: Limit one of each Pokémon
|rule|OHKO Clause: OHKO moves are banned
|rule|Evasion Items Clause: Evasion items are banned
|rule|Evasion Moves Clause: Evasion moves are banned
|rule|Evasion Abilities Clause: Evasion abilities are banned
|rule|Sleep Moves Clause: Sleep-inducing moves are banned
|clearpoke
|poke|p1|Torterra, M|
|poke|p1|Slowbro-Galar, F|
|poke|p1|Meloetta|
|poke|p1|Gallade, M|
|poke|p1|Incineroar, M|
|poke|p1|Articuno|
|poke|p2|Krookodile, F|
|poke|p2|Mismagius, M|
|poke|p2|Infernape, F|
|poke|p2|Mew|
|poke|p2|Fezandipiti, M|
|poke|p2|Swampert, F|
|teampreview
|j| jumblemuffler
|j| mood1e
|c| jumblemuffler|MANITOBA MAWILES
|c| jumblemuffler|MANITOBA MAWILES
|j| ClubPangu
|j| MAGAboominGOOCH
|
|t:|1757816175
|teamsize|p1|6
|teamsize|p2|6
|start
|switch|p1a: Turtigga|Torterra, M|100/100
|switch|p2a: ElRicoSuave|Swampert, F, shiny|100/100
|turn|1
|
|t:|1757816205
|switch|p1a: Ice Burd|Articuno|100/100
|-ability|p1a: Ice Burd|Pressure
|-terastallize|p2a: ElRicoSuave|Dragon
|move|p2a: ElRicoSuave|Outrage|p1a: Ice Burd
|-damage|p1a: Ice Burd|49/100
|
|-heal|p1a: Ice Burd|55/100|[from] item: Leftovers
|upkeep
|turn|2
|c| jumblemuffler|?????????
|
|t:|1757816228
|move|p2a: ElRicoSuave|Outrage|p1a: Ice Burd|[from] lockedmove
|-damage|p1a: Ice Burd|5/100
|move|p1a: Ice Burd|Roost|p1a: Ice Burd
|-heal|p1a: Ice Burd|55/100
|-singleturn|p1a: Ice Burd|move: Roost
|
|-heal|p1a: Ice Burd|61/100|[from] item: Leftovers
|upkeep
|turn|3
|
|t:|1757816243
|move|p2a: ElRicoSuave|Outrage|p1a: Ice Burd|[from] lockedmove
|-damage|p1a: Ice Burd|8/100
|-start|p2a: ElRicoSuave|confusion|[fatigue]
|move|p1a: Ice Burd|Roost|p1a: Ice Burd
|-heal|p1a: Ice Burd|58/100
|-singleturn|p1a: Ice Burd|move: Roost
|
|-heal|p1a: Ice Burd|65/100|[from] item: Leftovers
|upkeep
|turn|4
|
|t:|1757816315
|switch|p2a: Ou Ou Ah Ah|Infernape, F, shiny|100/100
|move|p1a: Ice Burd|Freeze-Dry|p2a: Ou Ou Ah Ah
|-resisted|p2a: Ou Ou Ah Ah
|-damage|p2a: Ou Ou Ah Ah|74/100
|-status|p2a: Ou Ou Ah Ah|frz
|
|-heal|p2a: Ou Ou Ah Ah|80/100 frz|[from] item: Leftovers
|-heal|p1a: Ice Burd|71/100|[from] item: Leftovers
|upkeep
|turn|5
|c| ClubPangu|messed up
|c| ClubPangu|lowkey
|c| ClubPangu|fire types shouldnt be able to get frozen
|
|t:|1757816395
|-curestatus|p2a: Ou Ou Ah Ah|frz|[msg]
|move|p2a: Ou Ou Ah Ah|Fire Punch|p1a: Ice Burd
|-supereffective|p1a: Ice Burd
|-damage|p1a: Ice Burd|4/100
|move|p1a: Ice Burd|Air Slash|p2a: Ou Ou Ah Ah
|-supereffective|p2a: Ou Ou Ah Ah
|-damage|p2a: Ou Ou Ah Ah|0 fnt
|faint|p2a: Ou Ou Ah Ah
|
|-heal|p1a: Ice Burd|10/100|[from] item: Leftovers
|upkeep
|
|t:|1757816461
|switch|p2a: Drip Ernie|Mismagius, M, shiny|100/100
|turn|6
|
|t:|1757816474
|switch|p1a: Dua Lipa returns|Meloetta|100/100
|move|p2a: Drip Ernie|Power Gem|p1a: Dua Lipa returns
|-damage|p1a: Dua Lipa returns|80/100
|
|upkeep
|turn|7
|
|t:|1757816530
|switch|p2a: DMX|Krookodile, F, shiny|100/100
|move|p1a: Dua Lipa returns|Calm Mind|p1a: Dua Lipa returns
|-boost|p1a: Dua Lipa returns|spa|1
|-boost|p1a: Dua Lipa returns|spd|1
|
|upkeep
|turn|8
|
|t:|1757816553
|move|p2a: DMX|Knock Off|p1a: Dua Lipa returns
|-supereffective|p1a: Dua Lipa returns
|-damage|p1a: Dua Lipa returns|0 fnt
|-enditem|p1a: Dua Lipa returns|Life Orb|[from] move: Knock Off|[of] p2a: DMX
|faint|p1a: Dua Lipa returns
|-ability|p2a: DMX|Moxie|boost
|-boost|p2a: DMX|atk|1
|
|upkeep
|
|t:|1757816593
|switch|p1a: Ice Burd|Articuno|10/100
|-ability|p1a: Ice Burd|Pressure
|turn|9
|
|t:|1757816612
|move|p2a: DMX|Knock Off|p1a: Ice Burd
|-damage|p1a: Ice Burd|0 fnt
|-enditem|p1a: Ice Burd|Leftovers|[from] move: Knock Off|[of] p2a: DMX
|faint|p1a: Ice Burd
|-ability|p2a: DMX|Moxie|boost
|-boost|p2a: DMX|atk|1
|
|upkeep
|
|t:|1757816642
|switch|p1a: Side B|Incineroar, M|100/100
|-ability|p1a: Side B|Intimidate|boost
|-unboost|p2a: DMX|atk|1
|turn|10
|
|t:|1757816697
|switch|p2a: ElRicoSuave|Swampert, F, shiny, tera:Dragon|100/100
|move|p1a: Side B|Trailblaze|p2a: ElRicoSuave
|-resisted|p2a: ElRicoSuave
|-damage|p2a: ElRicoSuave|92/100
|-boost|p1a: Side B|spe|1
|
|upkeep
|turn|11
|
|t:|1757816766
|move|p2a: ElRicoSuave|Outrage|p1a: Side B
|-damage|p1a: Side B|44/100
|move|p1a: Side B|Knock Off|p2a: ElRicoSuave
|-damage|p2a: ElRicoSuave|42/100
|-enditem|p2a: ElRicoSuave|Choice Scarf|[from] move: Knock Off|[of] p1a: Side B
|
|upkeep
|turn|12
|
|t:|1757816801
|switch|p1a: Turtigga|Torterra, M|100/100
|move|p2a: ElRicoSuave|Outrage|p1a: Turtigga|[from] lockedmove
|-damage|p1a: Turtigga|58/100
|-start|p2a: ElRicoSuave|confusion|[fatigue]
|
|-heal|p1a: Turtigga|64/100|[from] item: Leftovers
|upkeep
|turn|13
|
|t:|1757816828
|move|p1a: Turtigga|Headlong Rush|p2a: ElRicoSuave
|-damage|p2a: ElRicoSuave|0 fnt
|-unboost|p1a: Turtigga|def|1
|-unboost|p1a: Turtigga|spd|1
|faint|p2a: ElRicoSuave
|
|-heal|p1a: Turtigga|70/100|[from] item: Leftovers
|upkeep
|
|t:|1757816904
|switch|p2a: GooglyMoogly|Fezandipiti, M|100/100
|turn|14
|
|t:|1757816919
|move|p2a: GooglyMoogly|Brave Bird|p1a: Turtigga
|-supereffective|p1a: Turtigga
|-damage|p1a: Turtigga|0 fnt
|faint|p1a: Turtigga
|-damage|p2a: GooglyMoogly|72/100|[from] Recoil
|
|-heal|p2a: GooglyMoogly|78/100|[from] item: Leftovers
|upkeep
|
|t:|1757816942
|switch|p1a: Slashy Dashy|Gallade, M, shiny|100/100
|turn|15
|
|t:|1757816964
|move|p2a: GooglyMoogly|Play Rough|p1a: Slashy Dashy
|-supereffective|p1a: Slashy Dashy
|-damage|p1a: Slashy Dashy|0 fnt
|faint|p1a: Slashy Dashy
|
|-heal|p2a: GooglyMoogly|84/100|[from] item: Leftovers
|upkeep
|
|t:|1757816973
|switch|p1a: Side B|Incineroar, M|44/100
|-ability|p1a: Side B|Intimidate|boost
|-unboost|p2a: GooglyMoogly|atk|1
|turn|16
|
|t:|1757816999
|switch|p1a: New Aba|Slowbro-Galar, F, shiny|100/100
|move|p2a: GooglyMoogly|Brave Bird|p1a: New Aba
|-damage|p1a: New Aba|87/100
|-damage|p2a: GooglyMoogly|79/100|[from] Recoil
|
|-heal|p2a: GooglyMoogly|85/100|[from] item: Leftovers
|-heal|p1a: New Aba|93/100|[from] item: Leftovers
|upkeep
|turn|17
|
|t:|1757817054
|move|p2a: GooglyMoogly|Brave Bird|p1a: New Aba
|-damage|p1a: New Aba|78/100
|-damage|p2a: GooglyMoogly|79/100|[from] Recoil
|move|p1a: New Aba|Surf|p2a: GooglyMoogly
|-damage|p2a: GooglyMoogly|61/100
|
|-heal|p2a: GooglyMoogly|67/100|[from] item: Leftovers
|-heal|p1a: New Aba|84/100|[from] item: Leftovers
|upkeep
|turn|18
|
|t:|1757817066
|move|p2a: GooglyMoogly|Brave Bird|p1a: New Aba
|-damage|p1a: New Aba|69/100
|-damage|p2a: GooglyMoogly|61/100|[from] Recoil
|move|p1a: New Aba|Surf|p2a: GooglyMoogly
|-damage|p2a: GooglyMoogly|43/100
|
|-heal|p2a: GooglyMoogly|49/100|[from] item: Leftovers
|-heal|p1a: New Aba|75/100|[from] item: Leftovers
|upkeep
|turn|19
|
|t:|1757817077
|move|p2a: GooglyMoogly|Roost|p2a: GooglyMoogly
|-heal|p2a: GooglyMoogly|99/100
|-singleturn|p2a: GooglyMoogly|move: Roost
|move|p1a: New Aba|Surf|p2a: GooglyMoogly
|-damage|p2a: GooglyMoogly|80/100
|
|-heal|p2a: GooglyMoogly|86/100|[from] item: Leftovers
|-heal|p1a: New Aba|81/100|[from] item: Leftovers
|upkeep
|turn|20
|
|t:|1757817092
|switch|p1a: Side B|Incineroar, M|44/100
|-ability|p1a: Side B|Intimidate|boost
|-unboost|p2a: GooglyMoogly|atk|1
|move|p2a: GooglyMoogly|Brave Bird|p1a: Side B
|-damage|p1a: Side B|27/100
|-damage|p2a: GooglyMoogly|79/100|[from] Recoil
|
|-heal|p2a: GooglyMoogly|85/100|[from] item: Leftovers
|upkeep
|turn|21
|
|t:|1757817123
|switch|p1a: New Aba|Slowbro-Galar, F, shiny|100/100
|move|p2a: GooglyMoogly|Poison Jab|p1a: New Aba
|-resisted|p1a: New Aba
|-damage|p1a: New Aba|95/100
|
|-heal|p2a: GooglyMoogly|91/100|[from] item: Leftovers
|-heal|p1a: New Aba|100/100|[from] item: Leftovers
|upkeep
|turn|22
|
|t:|1757817169
|switch|p2a: DMX|Krookodile, F, shiny|100/100
|move|p1a: New Aba|Surf|p2a: DMX
|-supereffective|p2a: DMX
|-damage|p2a: DMX|44/100
|
|upkeep
|turn|23
|
|t:|1757817192
|-terastallize|p1a: New Aba|Flying
|move|p2a: DMX|Earthquake|p1a: New Aba
|-immune|p1a: New Aba
|move|p1a: New Aba|Surf|p2a: DMX
|-supereffective|p2a: DMX
|-damage|p2a: DMX|0 fnt
|faint|p2a: DMX
|
|upkeep
|
|t:|1757817204
|switch|p2a: Drip Ernie|Mismagius, M, shiny|100/100
|turn|24
|
|t:|1757817221
|move|p2a: Drip Ernie|Power Gem|p1a: New Aba
|-supereffective|p1a: New Aba
|-damage|p1a: New Aba|42/100
|move|p1a: New Aba|Toxic|p2a: Drip Ernie
|-status|p2a: Drip Ernie|tox
|
|-heal|p1a: New Aba|48/100|[from] item: Leftovers
|-damage|p2a: Drip Ernie|94/100 tox|[from] psn
|upkeep
|turn|25
|
|t:|1757817234
|move|p1a: New Aba|Protect|p1a: New Aba
|-singleturn|p1a: New Aba|Protect
|move|p2a: Drip Ernie|Power Gem|p1a: New Aba
|-activate|p1a: New Aba|move: Protect
|
|-heal|p1a: New Aba|54/100|[from] item: Leftovers
|-damage|p2a: Drip Ernie|82/100 tox|[from] psn
|upkeep
|turn|26
|
|t:|1757817250
|move|p1a: New Aba|Protect||[still]
|-fail|p1a: New Aba
|move|p2a: Drip Ernie|Power Gem|p1a: New Aba
|-supereffective|p1a: New Aba
|-damage|p1a: New Aba|2/100
|
|-heal|p1a: New Aba|8/100|[from] item: Leftovers
|-damage|p2a: Drip Ernie|64/100 tox|[from] psn
|upkeep
|turn|27
|
|t:|1757817274
|switch|p2a: Martha|Mew, shiny|100/100
|move|p1a: New Aba|Protect||[still]
|-fail|p1a: New Aba
|
|-heal|p1a: New Aba|14/100|[from] item: Leftovers
|upkeep
|turn|28
|
|t:|1757817286
|switch|p1a: Side B|Incineroar, M|27/100
|-ability|p1a: Side B|Intimidate|boost
|-unboost|p2a: Martha|atk|1
|move|p2a: Martha|Rock Blast|p1a: Side B|[miss]
|-miss|p2a: Martha|p1a: Side B
|
|upkeep
|turn|29
|
|t:|1757817304
|switch|p1a: New Aba|Slowbro-Galar, F, shiny, tera:Flying|47/100
|move|p2a: Martha|Rock Blast|p1a: New Aba
|-supereffective|p1a: New Aba
|-damage|p1a: New Aba|41/100
|-supereffective|p1a: New Aba
|-damage|p1a: New Aba|34/100
|-supereffective|p1a: New Aba
|-damage|p1a: New Aba|28/100
|-supereffective|p1a: New Aba
|-damage|p1a: New Aba|21/100
|-hitcount|p1a: New Aba|4
|
|-heal|p1a: New Aba|27/100|[from] item: Leftovers
|upkeep
|turn|30
|
|t:|1757817336
|switch|p2a: Drip Ernie|Mismagius, M, shiny|64/100 tox
|move|p1a: New Aba|Slack Off|p1a: New Aba
|-heal|p1a: New Aba|77/100
|
|-heal|p1a: New Aba|83/100|[from] item: Leftovers
|-damage|p2a: Drip Ernie|58/100 tox|[from] psn
|upkeep
|turn|31
|
|t:|1757817362
|move|p1a: New Aba|Protect|p1a: New Aba
|-singleturn|p1a: New Aba|Protect
|move|p2a: Drip Ernie|Power Gem|p1a: New Aba
|-activate|p1a: New Aba|move: Protect
|
|-heal|p1a: New Aba|89/100|[from] item: Leftovers
|-damage|p2a: Drip Ernie|45/100 tox|[from] psn
|upkeep
|turn|32
|
|t:|1757817376
|move|p2a: Drip Ernie|Power Gem|p1a: New Aba
|-supereffective|p1a: New Aba
|-damage|p1a: New Aba|36/100
|move|p1a: New Aba|Slack Off|p1a: New Aba
|-heal|p1a: New Aba|86/100
|
|-heal|p1a: New Aba|92/100|[from] item: Leftovers
|-damage|p2a: Drip Ernie|27/100 tox|[from] psn
|upkeep
|turn|33
|
|t:|1757817392
|switch|p2a: Martha|Mew, shiny|100/100
|move|p1a: New Aba|Surf|p2a: Martha
|-damage|p2a: Martha|78/100
|
|-heal|p1a: New Aba|98/100|[from] item: Leftovers
|upkeep
|turn|34
|c| ClubPangu|The levels of ugandan are insane rn
|
|t:|1757817446
|move|p2a: Martha|Rock Blast|p1a: New Aba
|-supereffective|p1a: New Aba
|-damage|p1a: New Aba|89/100
|-supereffective|p1a: New Aba
|-damage|p1a: New Aba|80/100
|-supereffective|p1a: New Aba
|-damage|p1a: New Aba|71/100
|-supereffective|p1a: New Aba
|-damage|p1a: New Aba|61/100
|-hitcount|p1a: New Aba|4
|move|p1a: New Aba|Toxic|p2a: Martha|[miss]
|-miss|p1a: New Aba|p2a: Martha
|
|-heal|p1a: New Aba|67/100|[from] item: Leftovers
|upkeep
|turn|35
|
|t:|1757817471
|move|p2a: Martha|Rock Blast|p1a: New Aba
|-supereffective|p1a: New Aba
|-damage|p1a: New Aba|58/100
|-supereffective|p1a: New Aba
|-damage|p1a: New Aba|48/100
|-supereffective|p1a: New Aba
|-damage|p1a: New Aba|38/100
|-supereffective|p1a: New Aba
|-damage|p1a: New Aba|29/100
|-supereffective|p1a: New Aba
|-crit|p1a: New Aba
|-damage|p1a: New Aba|13/100
|-hitcount|p1a: New Aba|5
|move|p1a: New Aba|Toxic|p2a: Martha
|-status|p2a: Martha|tox
|-activate|p2a: Martha|ability: Synchronize
|-status|p1a: New Aba|tox
|
|-heal|p1a: New Aba|20/100 tox|[from] item: Leftovers
|-damage|p2a: Martha|72/100 tox|[from] psn
|-damage|p1a: New Aba|13/100 tox|[from] psn
|upkeep
|turn|36
|
|t:|1757817519
|switch|p2a: Drip Ernie|Mismagius, M, shiny|27/100 tox
|switch|p1a: Side B|Incineroar, M|27/100
|-ability|p1a: Side B|Intimidate|boost
|-unboost|p2a: Drip Ernie|atk|1
|
|-damage|p2a: Drip Ernie|21/100 tox|[from] psn
|upkeep
|turn|37
|
|t:|1757817540
|move|p2a: Drip Ernie|Power Gem|p1a: Side B
|-supereffective|p1a: Side B
|-damage|p1a: Side B|0 fnt
|faint|p1a: Side B
|
|-damage|p2a: Drip Ernie|9/100 tox|[from] psn
|upkeep
|
|t:|1757817546
|switch|p1a: New Aba|Slowbro-Galar, F, shiny, tera:Flying|47/100 tox
|turn|38
|
|t:|1757817551
|move|p2a: Drip Ernie|Power Gem|p1a: New Aba
|-supereffective|p1a: New Aba
|-damage|p1a: New Aba|0 fnt
|faint|p1a: New Aba
|
|win|kthehighkid
|l|☆z40abanob
|player|p1|
|l| MAGAboominGOOCH
|l| mood1e
|l|☆kthehighkid
|player|p2|
