|j|☆icicler
|j|☆Loomie
|t:|1757796780
|gametype|singles
|player|p1|icicler|grimsley|1307
|player|p2|Loomie|drake-gen3|1254
|gen|9
|tier|[Gen 9] OU
|rated|
|rule|HP Percentage Mod: HP is shown in percentages
|rule|Endless Battle Clause: Forcing endless battles is banned
|rule|Species Clause: Limit one of each Pokémon
|rule|OHKO Clause: OHKO moves are banned
|rule|Evasion Items Clause: Evasion items are banned
|rule|Evasion Moves Clause: Evasion moves are banned
|rule|Evasion Abilities Clause: Evasion abilities are banned
|rule|Sleep Moves Clause: Sleep-inducing moves are banned
|clearpoke
|poke|p1|Cinderace, M|
|poke|p1|Primarina, F|
|poke|p1|Meowscarada, M|
|poke|p1|Kingambit, M|
|poke|p1|Ninetales-Alola, F|
|poke|p1|Arcanine-Hisui, M|
|poke|p2|Farigiraf, M|
|poke|p2|Slaking, M|
|poke|p2|Hypno, M|
|poke|p2|Kingambit, M|
|poke|p2|Dondozo, M|
|poke|p2|Clefable, F|
|teampreview
|inactive|Battle timer is ON: inactive players will automatically lose when time's up. (requested by icicler)
|
|t:|1757796790
|teamsize|p1|6
|teamsize|p2|6
|start
|switch|p1a: Belle|Ninetales-Alola, F|100/100
|switch|p2a: Slaking|Slaking, M|100/100
|-weather|Snowscape|[from] ability: Snow Warning|[of] p1a: Belle
|turn|1
|
|t:|1757796797
|move|p1a: Belle|Aurora Veil|p1a: Belle
|-sidestart|p1: icicler|move: Aurora Veil
|move|p2a: Slaking|Drain Punch|p1a: Belle
|-damage|p1a: Belle|78/100
|
|-weather|Snowscape|[upkeep]
|upkeep
|turn|2
|
|t:|1757796816
|switch|p1a: Mascarade|Meowscarada, M, shiny|100/100
|switch|p2a: Hypno|Hypno, M|100/100
|
|-weather|Snowscape|[upkeep]
|upkeep
|turn|3
|
|t:|1757796827
|switch|p2a: Slaking|Slaking, M|100/100
|-terastallize|p1a: Mascarade|Grass
|move|p1a: Mascarade|Flower Trick|p2a: Slaking
|-crit|p2a: Slaking
|-damage|p2a: Slaking|30/100
|
|-weather|Snowscape|[upkeep]
|upkeep
|turn|4
|
|t:|1757796831
|move|p2a: Slaking|Sucker Punch|p1a: Mascarade
|-damage|p1a: Mascarade|69/100
|move|p1a: Mascarade|Flower Trick|p2a: Slaking
|-crit|p2a: Slaking
|-damage|p2a: Slaking|0 fnt
|faint|p2a: Slaking
|
|-weather|Snowscape|[upkeep]
|upkeep
|inactive|Loomie has 120 seconds left.
|
|t:|1757796862
|switch|p2a: Clefable|Clefable, F|100/100
|turn|5
|
|t:|1757796869
|move|p1a: Mascarade|Flower Trick|p2a: Clefable
|-crit|p2a: Clefable
|-damage|p2a: Clefable|24/100
|move|p2a: Clefable|Wish|p2a: Clefable
|
|-weather|none
|upkeep
|turn|6
|
|t:|1757796883
|switch|p2a: Kingambit|Kingambit, M|100/100
|-activate|p2a: Kingambit|ability: Supreme Overlord
|-start|p2a: Kingambit|fallen1|[silent]
|move|p1a: Mascarade|Flower Trick|p2a: Kingambit
|-resisted|p2a: Kingambit
|-crit|p2a: Kingambit
|-damage|p2a: Kingambit|67/100
|
|-heal|p2a: Kingambit|100/100|[from] move: Wish|[wisher] Clefable
|upkeep
|turn|7
|
|t:|1757796901
|switch|p1a: Mbappe|Cinderace, M|100/100
|move|p2a: Kingambit|Iron Head|p1a: Mbappe
|-resisted|p1a: Mbappe
|-damage|p1a: Mbappe|83/100
|
|upkeep
|turn|8
|
|t:|1757796918
|-end|p2a: Kingambit|fallen1|[silent]
|switch|p2a: Dondozo|Dondozo, M|100/100
|move|p1a: Mbappe|Pyro Ball|p2a: Dondozo
|-resisted|p2a: Dondozo
|-damage|p2a: Dondozo|87/100
|-status|p2a: Dondozo|brn
|
|-heal|p2a: Dondozo|94/100 brn|[from] item: Leftovers
|-damage|p2a: Dondozo|87/100 brn|[from] brn
|-sideend|p1: icicler|move: Aurora Veil
|upkeep
|turn|9
|
|t:|1757796924
|move|p1a: Mbappe|U-turn|p2a: Dondozo
|-start|p1a: Mbappe|typechange|Bug|[from] ability: Libero
|-damage|p2a: Dondozo|72/100 brn
|
|t:|1757796926
|switch|p1a: Belle|Ninetales-Alola, F|78/100|[from] U-turn
|-weather|Snowscape|[from] ability: Snow Warning|[of] p1a: Belle
|move|p2a: Dondozo|Curse|p2a: Dondozo
|-unboost|p2a: Dondozo|spe|1
|-boost|p2a: Dondozo|atk|1
|-boost|p2a: Dondozo|def|1
|
|-weather|Snowscape|[upkeep]
|-heal|p2a: Dondozo|79/100 brn|[from] item: Leftovers
|-damage|p2a: Dondozo|72/100 brn|[from] brn
|upkeep
|turn|10
|
|t:|1757796933
|move|p1a: Belle|Aurora Veil|p1a: Belle
|-sidestart|p1: icicler|move: Aurora Veil
|move|p2a: Dondozo|Rest|p2a: Dondozo
|-status|p2a: Dondozo|slp|[from] move: Rest
|-heal|p2a: Dondozo|100/100 slp|[silent]
|
|-weather|Snowscape|[upkeep]
|upkeep
|turn|11
|
|t:|1757796937
|move|p1a: Belle|Freeze-Dry|p2a: Dondozo
|-supereffective|p2a: Dondozo
|-damage|p2a: Dondozo|54/100 slp
|cant|p2a: Dondozo|slp
|move|p2a: Dondozo|Sleep Talk|p2a: Dondozo
|move|p2a: Dondozo|Rest||[from] move: Sleep Talk|[still]
|-fail|p2a: Dondozo
|
|-weather|Snowscape|[upkeep]
|-heal|p2a: Dondozo|60/100 slp|[from] item: Leftovers
|upkeep
|turn|12
|
|t:|1757796954
|move|p1a: Belle|Freeze-Dry|p2a: Dondozo
|-supereffective|p2a: Dondozo
|-damage|p2a: Dondozo|9/100 slp
|cant|p2a: Dondozo|slp
|move|p2a: Dondozo|Sleep Talk|p2a: Dondozo
|move|p2a: Dondozo|Liquidation|p1a: Belle|[from] move: Sleep Talk
|-damage|p1a: Belle|54/100
|
|-weather|Snowscape|[upkeep]
|-heal|p2a: Dondozo|15/100 slp|[from] item: Leftovers
|upkeep
|turn|13
|
|t:|1757796965
|move|p1a: Belle|Freeze-Dry|p2a: Dondozo
|-supereffective|p2a: Dondozo
|-damage|p2a: Dondozo|0 fnt
|faint|p2a: Dondozo
|
|-weather|none
|upkeep
|
|t:|1757796969
|switch|p2a: Hypno|Hypno, M|100/100
|turn|14
|
|t:|1757796978
|switch|p1a: Kingambit|Kingambit, M|100/100
|move|p2a: Hypno|Calm Mind|p2a: Hypno
|-boost|p2a: Hypno|spa|1
|-boost|p2a: Hypno|spd|1
|
|upkeep
|turn|15
|inactive|Loomie has 120 seconds left.
|-message|Loomie forfeited.
|
|win|icicler
|raw|icicler's rating: 1307 &rarr; <strong>1324</strong><br />(+17 for winning)
|raw|Loomie's rating: 1254 &rarr; <strong>1233</strong><br />(-21 for losing)
|l|☆Loomie
|player|p2|
|l|☆icicler
|player|p1|
