|j|☆LX1987
|j|☆jarrodbennett
|t:|1757863952
|gametype|singles
|player|p1|LX1987|169|1352
|player|p2|jarrodbennett|170|1409
|gen|9
|tier|[Gen 9] OU
|rated|
|rule|HP Percentage Mod: HP is shown in percentages
|rule|Endless Battle Clause: Forcing endless battles is banned
|rule|Species Clause: Limit one of each Pokémon
|rule|OHKO Clause: OHKO moves are banned
|rule|Evasion Items Clause: Evasion items are banned
|rule|Evasion Moves Clause: Evasion moves are banned
|rule|Evasion Abilities Clause: Evasion abilities are banned
|rule|Sleep Moves Clause: Sleep-inducing moves are banned
|clearpoke
|poke|p1|Dragonite, F|
|poke|p1|Gholdengo|
|poke|p1|Weezing-Galar, F|
|poke|p1|Kleavor, F|
|poke|p1|Primarina, F|
|poke|p1|Breloom, M|
|poke|p2|Ribombee, F|
|poke|p2|Cinderace, F|
|poke|p2|Serperior, F|
|poke|p2|Hitmonlee, M|
|poke|p2|Empoleon, M|
|poke|p2|Kingambit, M|
|teampreview
|inactive|Battle timer is ON: inactive players will automatically lose when time's up. (requested by LX1987)
|
|t:|1757863961
|teamsize|p1|6
|teamsize|p2|6
|start
|switch|p1a: Kleavor|Kleavor, F|100/100
|switch|p2a: Ya Like Jazz?|Ribombee, F|100/100
|turn|1
|
|t:|1757863968
|move|p2a: Ya Like Jazz?|Sticky Web|p1a: Kleavor
|-sidestart|p1: LX1987|move: Sticky Web
|move|p1a: Kleavor|Stone Axe|p2a: Ya Like Jazz?
|-supereffective|p2a: Ya Like Jazz?
|-enditem|p2a: Ya Like Jazz?|Focus Sash
|-damage|p2a: Ya Like Jazz?|1/100
|-sidestart|p2: jarrodbennett|move: Stealth Rock
|
|upkeep
|turn|2
|
|t:|1757863976
|move|p2a: Ya Like Jazz?|Moonblast|p1a: Kleavor
|-damage|p1a: Kleavor|38/100
|-unboost|p1a: Kleavor|spa|1
|move|p1a: Kleavor|U-turn|p2a: Ya Like Jazz?
|-resisted|p2a: Ya Like Jazz?
|-damage|p2a: Ya Like Jazz?|0 fnt
|faint|p2a: Ya Like Jazz?
|
|t:|1757863985
|switch|p1a: Weezing|Weezing-Galar, F|100/100|[from] U-turn
|
|upkeep
|
|t:|1757863989
|switch|p2a: What's Up Doc?|Cinderace, F|100/100
|turn|3
|
|t:|1757863994
|move|p2a: What's Up Doc?|Taunt|p1a: Weezing
|-start|p2a: What's Up Doc?|typechange|Dark|[from] ability: Libero
|-start|p1a: Weezing|move: Taunt
|cant|p1a: Weezing|move: Taunt|Defog
|
|upkeep
|turn|4
|
|t:|1757864007
|switch|p1a: Breloom|Breloom, M|100/100
|-activate|p1a: Breloom|move: Sticky Web
|-unboost|p1a: Breloom|spe|1
|move|p2a: What's Up Doc?|Court Change|p2a: What's Up Doc?
|-swapsideconditions
|-activate|p2a: What's Up Doc?|move: Court Change
|
|upkeep
|turn|5
|
|t:|1757864015
|move|p1a: Breloom|Mach Punch|p2a: What's Up Doc?
|-supereffective|p2a: What's Up Doc?
|-damage|p2a: What's Up Doc?|10/100
|move|p2a: What's Up Doc?|Pyro Ball|p1a: Breloom
|-supereffective|p1a: Breloom
|-damage|p1a: Breloom|0 fnt
|faint|p1a: Breloom
|
|upkeep
|
|t:|1757864025
|switch|p1a: Kleavor|Kleavor, F|38/100
|-damage|p1a: Kleavor|13/100|[from] Stealth Rock
|turn|6
|
|t:|1757864030
|move|p2a: What's Up Doc?|Pyro Ball|p1a: Kleavor
|-damage|p1a: Kleavor|0 fnt
|faint|p1a: Kleavor
|
|upkeep
|
|t:|1757864038
|switch|p1a: Dragonite|Dragonite, F|100/100
|-damage|p1a: Dragonite|76/100|[from] Stealth Rock
|turn|7
|
|t:|1757864047
|move|p2a: What's Up Doc?|Taunt|p1a: Dragonite
|-start|p1a: Dragonite|move: Taunt
|move|p1a: Dragonite|Earthquake|p2a: What's Up Doc?
|-damage|p2a: What's Up Doc?|0 fnt
|faint|p2a: What's Up Doc?
|
|upkeep
|
|t:|1757864057
|switch|p2a: Taking a Dump|Kingambit, M|100/100
|-activate|p2a: Taking a Dump|move: Sticky Web
|-unboost|p2a: Taking a Dump|spe|1
|-ability|p2a: Taking a Dump|Defiant|boost
|-boost|p2a: Taking a Dump|atk|2
|turn|8
|
|t:|1757864065
|move|p1a: Dragonite|Earthquake|p2a: Taking a Dump
|-supereffective|p2a: Taking a Dump
|-damage|p2a: Taking a Dump|15/100
|move|p2a: Taking a Dump|Kowtow Cleave|p1a: Dragonite
|-damage|p1a: Dragonite|0 fnt
|faint|p1a: Dragonite
|
|upkeep
|
|t:|1757864074
|switch|p1a: Gholdengo|Gholdengo|100/100
|-damage|p1a: Gholdengo|95/100|[from] Stealth Rock
|turn|9
|
|t:|1757864080
|-terastallize|p1a: Gholdengo|Steel
|move|p1a: Gholdengo|Nasty Plot|p1a: Gholdengo
|-boost|p1a: Gholdengo|spa|2
|move|p2a: Taking a Dump|Kowtow Cleave|p1a: Gholdengo
|-damage|p1a: Gholdengo|10/100
|
|-heal|p1a: Gholdengo|16/100|[from] item: Leftovers
|upkeep
|turn|10
|
|t:|1757864090
|move|p1a: Gholdengo|Recover|p1a: Gholdengo
|-heal|p1a: Gholdengo|66/100
|move|p2a: Taking a Dump|Kowtow Cleave|p1a: Gholdengo
|-damage|p1a: Gholdengo|0 fnt
|faint|p1a: Gholdengo
|
|upkeep
|
|t:|1757864098
|switch|p1a: Primarina|Primarina, F|100/100
|-damage|p1a: Primarina|88/100|[from] Stealth Rock
|turn|11
|
|t:|1757864103
|move|p1a: Primarina|Sparkling Aria|p2a: Taking a Dump
|-crit|p2a: Taking a Dump
|-damage|p2a: Taking a Dump|0 fnt
|faint|p2a: Taking a Dump
|
|upkeep
|
|t:|1757864114
|switch|p2a: Slytherin|Serperior, F|100/100
|-activate|p2a: Slytherin|move: Sticky Web
|-boost|p2a: Slytherin|spe|1
|turn|12
|
|t:|1757864119
|switch|p1a: Weezing|Weezing-Galar, F|100/100
|-damage|p1a: Weezing|88/100|[from] Stealth Rock
|move|p2a: Slytherin|Leaf Storm|p1a: Weezing
|-resisted|p1a: Weezing
|-damage|p1a: Weezing|56/100
|-boost|p2a: Slytherin|spa|2
|
|upkeep
|turn|13
|
|t:|1757864128
|move|p2a: Slytherin|Leaf Storm|p1a: Weezing
|-resisted|p1a: Weezing
|-damage|p1a: Weezing|0 fnt
|-boost|p2a: Slytherin|spa|2
|faint|p1a: Weezing
|
|upkeep
|-message|LX1987 forfeited.
|
|win|jarrodbennett
|raw|LX1987's rating: 1352 &rarr; <strong>1335</strong><br />(-17 for losing)
|raw|jarrodbennett's rating: 1409 &rarr; <strong>1426</strong><br />(+17 for winning)
|l|☆LX1987
|player|p1|
|l|☆jarrodbennett
|player|p2|
