|j|☆Britzler
|j|☆cyberlynx07
|t:|1757883073
|gametype|singles
|player|p1|Britzler|101|
|player|p2|cyberlynx07|elesa|
|gen|9
|tier|[Gen 9] OU
|rule|HP Percentage Mod: HP is shown in percentages
|rule|Endless Battle Clause: Forcing endless battles is banned
|rule|Species Clause: Limit one of each Pokémon
|rule|OHKO Clause: OHKO moves are banned
|rule|Evasion Items Clause: Evasion items are banned
|rule|Evasion Moves Clause: Evasion moves are banned
|rule|Evasion Abilities Clause: Evasion abilities are banned
|rule|Sleep Moves Clause: Sleep-inducing moves are banned
|clearpoke
|poke|p1|Tyranitar, M|
|poke|p1|Excadrill, M|
|poke|p1|Houndstone, M|
|poke|p1|Serperior, M|
|poke|p1|Heatran, F|
|poke|p1|Altaria, F|
|poke|p2|Mandibuzz, F|
|poke|p2|Landorus-Therian, M|
|poke|p2|Corviknight, M|
|poke|p2|Meowscarada, F|
|poke|p2|Infernape, M|
|poke|p2|Manaphy|
|teampreview
|c|☆cyberlynx07|hf
|
|t:|1757883093
|teamsize|p1|6
|teamsize|p2|6
|start
|switch|p1a: Tyranitar|Tyranitar, M|100/100
|switch|p2a: Infernape|Infernape, M|100/100
|-item|p2a: Infernape|Air Balloon
|-weather|Sandstorm|[from] ability: Sand Stream|[of] p1a: Tyranitar
|turn|1
|
|t:|1757883102
|move|p2a: Infernape|Will-O-Wisp|p1a: Tyranitar
|-status|p1a: Tyranitar|brn
|move|p1a: Tyranitar|Stealth Rock|p2a: Infernape
|-sidestart|p2: cyberlynx07|move: Stealth Rock
|
|-weather|Sandstorm|[upkeep]
|-damage|p2a: Infernape|94/100|[from] Sandstorm
|-damage|p1a: Tyranitar|94/100 brn|[from] brn
|upkeep
|turn|2
|
|t:|1757883108
|switch|p1a: Houndstone|Houndstone, M, shiny|100/100
|move|p2a: Infernape|Stealth Rock|p1a: Houndstone
|-sidestart|p1: Britzler|move: Stealth Rock
|
|-weather|Sandstorm|[upkeep]
|-damage|p2a: Infernape|88/100|[from] Sandstorm
|upkeep
|turn|3
|
|t:|1757883116
|move|p1a: Houndstone|Play Rough|p2a: Infernape
|-damage|p2a: Infernape|29/100
|-enditem|p2a: Infernape|Air Balloon
|move|p2a: Infernape|Will-O-Wisp|p1a: Houndstone
|-status|p1a: Houndstone|brn
|
|-weather|Sandstorm|[upkeep]
|-damage|p2a: Infernape|22/100|[from] Sandstorm
|-damage|p1a: Houndstone|95/100 brn|[from] brn
|upkeep
|turn|4
|
|t:|1757883143
|switch|p2a: Corviknight|Corviknight, M, shiny|100/100
|-damage|p2a: Corviknight|88/100|[from] Stealth Rock
|-ability|p2a: Corviknight|Pressure
|move|p1a: Houndstone|Play Rough|p2a: Corviknight|[miss]
|-miss|p1a: Houndstone|p2a: Corviknight
|
|-weather|Sandstorm|[upkeep]
|-damage|p1a: Houndstone|89/100 brn|[from] brn
|upkeep
|turn|5
|
|t:|1757883169
|switch|p1a: Excadrill|Excadrill, M|100/100
|-damage|p1a: Excadrill|97/100|[from] Stealth Rock
|move|p2a: Corviknight|Light Screen|p2a: Corviknight
|-sidestart|p2: cyberlynx07|move: Light Screen
|
|-weather|Sandstorm|[upkeep]
|upkeep
|turn|6
|
|t:|1757883177
|move|p1a: Excadrill|Swords Dance|p1a: Excadrill
|-boost|p1a: Excadrill|atk|2
|move|p2a: Corviknight|U-turn|p1a: Excadrill
|-resisted|p1a: Excadrill
|-damage|p1a: Excadrill|88/100
|
|t:|1757883202
|switch|p2a: Mandibuzz|Mandibuzz, F, shiny|100/100|[from] U-turn
|
|-weather|Sandstorm|[upkeep]
|upkeep
|turn|7
|
|t:|1757883206
|move|p1a: Excadrill|Iron Head|p2a: Mandibuzz
|-damage|p2a: Mandibuzz|44/100
|move|p2a: Mandibuzz|Foul Play|p1a: Excadrill
|-damage|p1a: Excadrill|0 fnt
|faint|p1a: Excadrill
|
|-weather|Sandstorm|[upkeep]
|upkeep
|
|t:|1757883212
|switch|p1a: Heatran|Heatran, F|100/100
|-damage|p1a: Heatran|88/100|[from] Stealth Rock
|turn|8
|
|t:|1757883270
|move|p2a: Mandibuzz|U-turn|p1a: Heatran
|-resisted|p1a: Heatran
|-damage|p1a: Heatran|86/100
|
|t:|1757883295
|switch|p2a: Infernape|Infernape, M|22/100|[from] U-turn
|-damage|p2a: Infernape|10/100|[from] Stealth Rock
|move|p1a: Heatran|Magma Storm|p2a: Infernape
|-resisted|p2a: Infernape
|-damage|p2a: Infernape|0 fnt
|faint|p2a: Infernape
|
|-weather|none
|-heal|p1a: Heatran|92/100|[from] item: Leftovers
|upkeep
|
|t:|1757883331
|switch|p2a: Manaphy|Manaphy, shiny|100/100
|-damage|p2a: Manaphy|88/100|[from] Stealth Rock
|turn|9
|
|t:|1757883340
|move|p2a: Manaphy|Substitute|p2a: Manaphy
|-start|p2a: Manaphy|Substitute
|-damage|p2a: Manaphy|63/100
|move|p1a: Heatran|Magma Storm|p2a: Manaphy
|-resisted|p2a: Manaphy
|-activate|p2a: Manaphy|move: Substitute|[damage]
|
|-heal|p1a: Heatran|98/100|[from] item: Leftovers
|upkeep
|turn|10
|
|t:|1757883349
|move|p2a: Manaphy|Tail Glow|p2a: Manaphy
|-boost|p2a: Manaphy|spa|3
|move|p1a: Heatran|Earth Power|p2a: Manaphy
|-end|p2a: Manaphy|Substitute
|
|-heal|p1a: Heatran|100/100|[from] item: Leftovers
|upkeep
|turn|11
|
|t:|1757883358
|switch|p1a: Tyranitar|Tyranitar, M|94/100 brn
|-damage|p1a: Tyranitar|82/100 brn|[from] Stealth Rock
|-weather|Sandstorm|[from] ability: Sand Stream|[of] p1a: Tyranitar
|move|p2a: Manaphy|Substitute|p2a: Manaphy
|-start|p2a: Manaphy|Substitute
|-damage|p2a: Manaphy|38/100
|
|-weather|Sandstorm|[upkeep]
|-damage|p2a: Manaphy|32/100|[from] Sandstorm
|-damage|p1a: Tyranitar|76/100 brn|[from] brn
|upkeep
|turn|12
|
|t:|1757883382
|move|p2a: Manaphy|Surf|p1a: Tyranitar
|-supereffective|p1a: Tyranitar
|-damage|p1a: Tyranitar|0 fnt
|faint|p1a: Tyranitar
|
|-weather|Sandstorm|[upkeep]
|-damage|p2a: Manaphy|26/100|[from] Sandstorm
|-sideend|p2: cyberlynx07|move: Light Screen
|upkeep
|
|t:|1757883386
|switch|p1a: Houndstone|Houndstone, M, shiny|89/100 brn
|-damage|p1a: Houndstone|76/100 brn|[from] Stealth Rock
|turn|13
|
|t:|1757883393
|move|p1a: Houndstone|Destiny Bond|p1a: Houndstone
|-singlemove|p1a: Houndstone|Destiny Bond
|move|p2a: Manaphy|Surf|p1a: Houndstone
|-damage|p1a: Houndstone|0 fnt
|faint|p1a: Houndstone
|-activate|p1a: Houndstone|move: Destiny Bond
|faint|p2a: Manaphy
|
|-weather|Sandstorm|[upkeep]
|upkeep
|
|t:|1757883462
|switch|p2a: Landorus|Landorus-Therian, M|100/100
|switch|p1a: Serperior|Serperior, M|100/100
|-damage|p1a: Serperior|88/100|[from] Stealth Rock
|-damage|p2a: Landorus|88/100|[from] Stealth Rock
|-ability|p2a: Landorus|Intimidate|boost
|-boost|p1a: Serperior|atk|1
|turn|14
|
|t:|1757883479
|-terastallize|p2a: Landorus|Flying
|move|p1a: Serperior|Leaf Storm|p2a: Landorus
|-resisted|p2a: Landorus
|-damage|p2a: Landorus|55/100
|-boost|p1a: Serperior|spa|2
|move|p2a: Landorus|Tera Blast|p1a: Serperior|[anim] Tera Blast Flying
|-supereffective|p1a: Serperior
|-damage|p1a: Serperior|0 fnt
|faint|p1a: Serperior
|
|-weather|Sandstorm|[upkeep]
|-damage|p2a: Landorus|49/100|[from] Sandstorm
|upkeep
|
|t:|1757883482
|switch|p1a: Heatran|Heatran, F|100/100
|-damage|p1a: Heatran|88/100|[from] Stealth Rock
|turn|15
|
|t:|1757883503
|move|p2a: Landorus|Tera Blast|p1a: Heatran|[anim] Tera Blast Flying
|-resisted|p1a: Heatran
|-damage|p1a: Heatran|50/100
|move|p1a: Heatran|Flash Cannon|p2a: Landorus
|-damage|p2a: Landorus|0 fnt
|faint|p2a: Landorus
|
|-weather|Sandstorm|[upkeep]
|-heal|p1a: Heatran|56/100|[from] item: Leftovers
|upkeep
|
|t:|1757883509
|switch|p2a: Meowscarada|Meowscarada, F, shiny|100/100
|-damage|p2a: Meowscarada|88/100|[from] Stealth Rock
|turn|16
|
|t:|1757883512
|move|p2a: Meowscarada|Low Kick|p1a: Heatran
|-start|p2a: Meowscarada|typechange|Fighting|[from] ability: Protean
|-supereffective|p1a: Heatran
|-damage|p1a: Heatran|0 fnt
|faint|p1a: Heatran
|
|-weather|Sandstorm|[upkeep]
|-damage|p2a: Meowscarada|82/100|[from] Sandstorm
|upkeep
|
|t:|1757883515
|switch|p1a: Altaria|Altaria, F|100/100
|-damage|p1a: Altaria|76/100|[from] Stealth Rock
|-ability|p1a: Altaria|Cloud Nine
|turn|17
|
|t:|1757883519
|switch|p2a: Corviknight|Corviknight, M, shiny|88/100
|-damage|p2a: Corviknight|76/100|[from] Stealth Rock
|-ability|p2a: Corviknight|Pressure
|move|p1a: Altaria|Fire Spin|p2a: Corviknight
|-supereffective|p2a: Corviknight
|-damage|p2a: Corviknight|65/100
|-activate|p2a: Corviknight|move: Fire Spin|[of] p1a: Altaria
|
|-weather|Sandstorm|[upkeep]
|-heal|p1a: Altaria|82/100|[from] item: Leftovers
|-damage|p2a: Corviknight|53/100|[from] move: Fire Spin|[partiallytrapped]
|upkeep
|turn|18
|
|t:|1757883525
|move|p1a: Altaria|Perish Song|p1a: Altaria
|-start|p1a: Altaria|perish3|[silent]
|-start|p2a: Corviknight|perish3|[silent]
|-fieldactivate|move: Perish Song
|move|p2a: Corviknight|Light Screen|p2a: Corviknight
|-sidestart|p2: cyberlynx07|move: Light Screen
|
|-weather|none
|-heal|p1a: Altaria|88/100|[from] item: Leftovers
|-damage|p2a: Corviknight|41/100|[from] move: Fire Spin|[partiallytrapped]
|-start|p1a: Altaria|perish3
|-start|p2a: Corviknight|perish3
|upkeep
|turn|19
|
|t:|1757883527
|move|p1a: Altaria|Cotton Guard|p1a: Altaria
|-boost|p1a: Altaria|def|3
|move|p2a: Corviknight|Roost|p2a: Corviknight
|-heal|p2a: Corviknight|91/100
|-singleturn|p2a: Corviknight|move: Roost
|
|-heal|p1a: Altaria|94/100|[from] item: Leftovers
|-damage|p2a: Corviknight|79/100|[from] move: Fire Spin|[partiallytrapped]
|-start|p1a: Altaria|perish2
|-start|p2a: Corviknight|perish2
|upkeep
|turn|20
|c|☆cyberlynx07|gg
|
|t:|1757883539
|move|p1a: Altaria|Cotton Guard|p1a: Altaria
|-boost|p1a: Altaria|def|3
|move|p2a: Corviknight|U-turn|p1a: Altaria
|-resisted|p1a: Altaria
|-damage|p1a: Altaria|93/100
|
|t:|1757883543
|switch|p2a: Meowscarada|Meowscarada, F, shiny|82/100|[from] U-turn
|-damage|p2a: Meowscarada|70/100|[from] Stealth Rock
|
|-heal|p1a: Altaria|99/100|[from] item: Leftovers
|-start|p1a: Altaria|perish1
|upkeep
|turn|21
|c|☆Britzler|G
|c|☆Britzler|G
|
|t:|1757883551
|move|p1a: Altaria|Protect|p1a: Altaria
|-singleturn|p1a: Altaria|Protect
|move|p2a: Meowscarada|Flower Trick|p1a: Altaria
|-start|p2a: Meowscarada|typechange|Grass|[from] ability: Protean
|-activate|p1a: Altaria|move: Protect
|
|-heal|p1a: Altaria|100/100|[from] item: Leftovers
|-start|p1a: Altaria|perish0
|faint|p1a: Altaria
|
|win|cyberlynx07
