|j|☆mingi0925
|j|☆firecharmander004
|t:|1757827233
|gametype|singles
|player|p1|mingi0925|guitarist|1316
|player|p2|firecharmander004|102|1360
|gen|9
|tier|[Gen 9] OU
|rated|
|rule|HP Percentage Mod: HP is shown in percentages
|rule|Endless Battle Clause: Forcing endless battles is banned
|rule|Species Clause: Limit one of each Pokémon
|rule|OHKO Clause: OHKO moves are banned
|rule|Evasion Items Clause: Evasion items are banned
|rule|Evasion Moves Clause: Evasion moves are banned
|rule|Evasion Abilities Clause: Evasion abilities are banned
|rule|Sleep Moves Clause: Sleep-inducing moves are banned
|clearpoke
|poke|p1|Abomasnow, M|
|poke|p1|Armarouge, M|
|poke|p1|Pawmot, M|
|poke|p1|Kingambit, M|
|poke|p1|Cetitan, M|
|poke|p1|Glaceon, F|
|poke|p2|Arcanine-Hisui, M|
|poke|p2|Landorus-Therian, M|
|poke|p2|Meowscarada, F|
|poke|p2|Zamazenta-*|
|poke|p2|Slowking-Galar, M|
|poke|p2|Weezing-Galar, M|
|teampreview
|inactive|Battle timer is ON: inactive players will automatically lose when time's up. (requested by firecharmander004)
|
|t:|1757827249
|teamsize|p1|6
|teamsize|p2|6
|start
|switch|p1a: Abomasnow|Abomasnow, M, shiny|100/100
|switch|p2a: Arcanine|Arcanine-Hisui, M|100/100
|-weather|Snowscape|[from] ability: Snow Warning|[of] p1a: Abomasnow
|turn|1
|
|t:|1757827264
|-terastallize|p2a: Arcanine|Rock
|-terastallize|p1a: Abomasnow|Water
|move|p2a: Arcanine|Head Smash|p1a: Abomasnow
|-damage|p1a: Abomasnow|0 fnt
|faint|p1a: Abomasnow
|
|-weather|Snowscape|[upkeep]
|upkeep
|
|t:|1757827279
|switch|p1a: Cetitan|Cetitan, M, shiny|100/100
|turn|2
|
|t:|1757827287
|switch|p2a: Zamazenta|Zamazenta|100/100
|-ability|p2a: Zamazenta|Dauntless Shield|boost
|-boost|p2a: Zamazenta|def|1
|move|p1a: Cetitan|Earthquake|p2a: Zamazenta
|-damage|p2a: Zamazenta|79/100
|-damage|p1a: Cetitan|91/100|[from] item: Life Orb
|
|-weather|Snowscape|[upkeep]
|-heal|p2a: Zamazenta|85/100|[from] item: Leftovers
|upkeep
|turn|3
|
|t:|1757827303
|switch|p1a: Armarouge|Armarouge, M, shiny|100/100
|move|p2a: Zamazenta|Iron Defense|p2a: Zamazenta
|-boost|p2a: Zamazenta|def|2
|
|-weather|Snowscape|[upkeep]
|-heal|p2a: Zamazenta|91/100|[from] item: Leftovers
|upkeep
|turn|4
|
|t:|1757827318
|switch|p2a: Slowking|Slowking-Galar, M|100/100
|move|p1a: Armarouge|Psyshock|p2a: Slowking
|-damage|p2a: Slowking|31/100
|
|-weather|Snowscape|[upkeep]
|upkeep
|turn|5
|
|t:|1757827326
|switch|p2a: Landorus|Landorus-Therian, M, shiny|100/100
|-ability|p2a: Landorus|Intimidate|boost
|-unboost|p1a: Armarouge|atk|1
|move|p1a: Armarouge|Psyshock|p2a: Landorus
|-damage|p2a: Landorus|33/100
|
|-weather|Snowscape|[upkeep]
|upkeep
|turn|6
|
|t:|1757827334
|move|p2a: Landorus|Earthquake|p1a: Armarouge
|-supereffective|p1a: Armarouge
|-damage|p1a: Armarouge|21/100
|move|p1a: Armarouge|Psyshock|p2a: Landorus
|-damage|p2a: Landorus|0 fnt
|faint|p2a: Landorus
|
|-weather|Snowscape|[upkeep]
|upkeep
|
|t:|1757827346
|switch|p2a: Meowscarada|Meowscarada, F, shiny|100/100
|turn|7
|
|t:|1757827351
|switch|p1a: Pawmot|Pawmot, M, shiny|100/100
|move|p2a: Meowscarada|U-turn|p1a: Pawmot
|-start|p2a: Meowscarada|typechange|Bug|[from] ability: Protean
|-resisted|p1a: Pawmot
|-damage|p1a: Pawmot|73/100
|
|t:|1757827372
|switch|p2a: Zamazenta|Zamazenta|91/100|[from] U-turn
|
|-weather|Snowscape|[upkeep]
|-heal|p2a: Zamazenta|97/100|[from] item: Leftovers
|upkeep
|turn|8
|
|t:|1757827383
|move|p2a: Zamazenta|Iron Defense|p2a: Zamazenta
|-boost|p2a: Zamazenta|def|2
|move|p1a: Pawmot|Nuzzle|p2a: Zamazenta
|-damage|p2a: Zamazenta|94/100
|-status|p2a: Zamazenta|par
|
|-weather|none
|-heal|p2a: Zamazenta|99/100 par|[from] item: Leftovers
|upkeep
|turn|9
|
|t:|1757827392
|move|p1a: Pawmot|Revival Blessing|p1a: Pawmot
|
|t:|1757827394
|-heal|p1: Abomasnow|50/100|[from] move: Revival Blessing
|move|p2a: Zamazenta|Body Press|p1a: Pawmot
|-damage|p1a: Pawmot|0 fnt
|faint|p1a: Pawmot
|
|-heal|p2a: Zamazenta|100/100 par|[from] item: Leftovers
|upkeep
|
|t:|1757827406
|switch|p1a: Armarouge|Armarouge, M, shiny|21/100
|turn|10
|
|t:|1757827411
|move|p2a: Zamazenta|Crunch|p1a: Armarouge
|-supereffective|p1a: Armarouge
|-damage|p1a: Armarouge|0 fnt
|faint|p1a: Armarouge
|
|upkeep
|
|t:|1757827418
|switch|p1a: Abomasnow|Abomasnow, M, shiny|50/100
|-weather|Snowscape|[from] ability: Snow Warning|[of] p1a: Abomasnow
|turn|11
|
|t:|1757827426
|move|p2a: Zamazenta|Body Press|p1a: Abomasnow
|-supereffective|p1a: Abomasnow
|-damage|p1a: Abomasnow|0 fnt
|faint|p1a: Abomasnow
|
|-weather|Snowscape|[upkeep]
|upkeep
|
|t:|1757827436
|switch|p1a: Cetitan|Cetitan, M, shiny|91/100
|turn|12
|
|t:|1757827440
|move|p1a: Cetitan|Belly Drum|p1a: Cetitan
|-damage|p1a: Cetitan|41/100
|-setboost|p1a: Cetitan|atk|6|[from] move: Belly Drum
|move|p2a: Zamazenta|Iron Defense|p2a: Zamazenta
|-boost|p2a: Zamazenta|def|2
|
|-weather|Snowscape|[upkeep]
|upkeep
|turn|13
|
|t:|1757827459
|move|p1a: Cetitan|Superpower|p2a: Zamazenta
|-crit|p2a: Zamazenta
|-damage|p2a: Zamazenta|0 fnt
|-unboost|p1a: Cetitan|atk|1
|-unboost|p1a: Cetitan|def|1
|faint|p2a: Zamazenta
|-damage|p1a: Cetitan|31/100|[from] item: Life Orb
|
|-weather|Snowscape|[upkeep]
|upkeep
|
|t:|1757827469
|switch|p2a: Arcanine|Arcanine-Hisui, M, tera:Rock|100/100
|turn|14
|
|t:|1757827473
|move|p2a: Arcanine|Extreme Speed|p1a: Cetitan
|-damage|p1a: Cetitan|0 fnt
|faint|p1a: Cetitan
|
|-weather|Snowscape|[upkeep]
|upkeep
|
|t:|1757827480
|switch|p1a: Kingambit|Kingambit, M|100/100
|-activate|p1a: Kingambit|ability: Supreme Overlord
|-start|p1a: Kingambit|fallen5|[silent]
|turn|15
|
|t:|1757827492
|switch|p2a: Weezing|Weezing-Galar, M|100/100
|-ability|p2a: Weezing|Neutralizing Gas
|move|p1a: Kingambit|Brick Break|p2a: Weezing
|-resisted|p2a: Weezing
|-damage|p2a: Weezing|95/100
|
|-weather|Snowscape|[upkeep]
|upkeep
|turn|16
|
|t:|1757827502
|move|p2a: Weezing|Will-O-Wisp|p1a: Kingambit
|-status|p1a: Kingambit|brn
|move|p1a: Kingambit|Iron Head|p2a: Weezing
|-supereffective|p2a: Weezing
|-damage|p2a: Weezing|63/100
|
|-weather|Snowscape|[upkeep]
|-damage|p1a: Kingambit|94/100 brn|[from] brn
|upkeep
|turn|17
|-message|mingi0925 forfeited.
|
|win|firecharmander004
|raw|mingi0925's rating: 1316 &rarr; <strong>1299</strong><br />(-17 for losing)
|raw|firecharmander004's rating: 1360 &rarr; <strong>1377</strong><br />(+17 for winning)
|l|☆mingi0925
|player|p1|
