|j|‽bigkatt96
|j|☆KeNgyn
|t:|1757847060
|gametype|singles
|player|p1|bigkatt96|1|1090
|player|p2|KeNgyn|gentleman-gen4|1085
|gen|9
|tier|[Gen 9] OU
|rated|
|rule|HP Percentage Mod: HP is shown in percentages
|rule|Endless Battle Clause: Forcing endless battles is banned
|rule|Species Clause: Limit one of each Pokémon
|rule|OHKO Clause: OHKO moves are banned
|rule|Evasion Items Clause: Evasion items are banned
|rule|Evasion Moves Clause: Evasion moves are banned
|rule|Evasion Abilities Clause: Evasion abilities are banned
|rule|Sleep Moves Clause: Sleep-inducing moves are banned
|clearpoke
|poke|p1|Rhydon, M|
|poke|p1|Chansey, F|
|poke|p1|Scyther, M|
|poke|p1|Magmar, M|
|poke|p1|Magneton|
|poke|p1|Primeape, M|
|poke|p2|Hoopa-Unbound|
|poke|p2|Grimmsnarl, M|
|poke|p2|Corviknight, M|
|poke|p2|Glimmora, M|
|poke|p2|Pecharunt|
|poke|p2|Komala, M|
|teampreview
|
|t:|1757847069
|teamsize|p1|6
|teamsize|p2|6
|start
|switch|p1a: Magneton|Magneton|100/100
|switch|p2a: Glimmora|Glimmora, M, shiny|100/100
|turn|1
|
|t:|1757847076
|move|p2a: Glimmora|Stealth Rock|p1a: Magneton
|-sidestart|p1: bigkatt96|move: Stealth Rock
|move|p1a: Magneton|Flash Cannon|p2a: Glimmora
|-supereffective|p2a: Glimmora
|-enditem|p2a: Glimmora|Focus Sash
|-damage|p2a: Glimmora|1/100
|
|upkeep
|turn|2
|
|t:|1757847094
|move|p2a: Glimmora|Spikes|p1a: Magneton
|-sidestart|p1: bigkatt96|Spikes
|move|p1a: Magneton|Flash Cannon|p2a: Glimmora
|-supereffective|p2a: Glimmora
|-damage|p2a: Glimmora|0 fnt
|faint|p2a: Glimmora
|
|upkeep
|
|t:|1757847102
|switch|p2a: Corviknight|Corviknight, M, shiny|100/100
|turn|3
|
|t:|1757847116
|-terastallize|p2a: Corviknight|Fighting
|move|p1a: Magneton|Thunderbolt|p2a: Corviknight
|-damage|p2a: Corviknight|64/100
|move|p2a: Corviknight|Bulk Up|p2a: Corviknight
|-boost|p2a: Corviknight|atk|1
|-boost|p2a: Corviknight|def|1
|
|upkeep
|turn|4
|
|t:|1757847127
|switch|p1a: Magmar|Magmar, M|100/100
|-damage|p1a: Magmar|76/100|[from] Stealth Rock
|-damage|p1a: Magmar|63/100|[from] Spikes
|move|p2a: Corviknight|Roost|p2a: Corviknight
|-heal|p2a: Corviknight|100/100
|
|upkeep
|turn|5
|
|t:|1757847135
|move|p1a: Magmar|Clear Smog|p2a: Corviknight
|-damage|p2a: Corviknight|93/100
|-clearboost|p2a: Corviknight
|move|p2a: Corviknight|Brave Bird|p1a: Magmar
|-damage|p1a: Magmar|39/100
|-damage|p2a: Corviknight|86/100|[from] Recoil
|
|upkeep
|turn|6
|
|t:|1757847147
|switch|p2a: Komala|Komala, M, shiny|100/100
|-ability|p2a: Komala|Comatose
|move|p1a: Magmar|Will-O-Wisp|p2a: Komala
|-immune|p2a: Komala|[from] ability: Comatose
|
|upkeep
|turn|7
|
|t:|1757847159
|move|p1a: Magmar|Flamethrower|p2a: Komala
|-damage|p2a: Komala|81/100
|move|p2a: Komala|Knock Off|p1a: Magmar
|-damage|p1a: Magmar|20/100
|-enditem|p1a: Magmar|Eviolite|[from] move: Knock Off|[of] p2a: Komala
|
|upkeep
|turn|8
|
|t:|1757847172
|move|p2a: Komala|Sucker Punch|p1a: Magmar
|-damage|p1a: Magmar|0 fnt
|faint|p1a: Magmar
|
|upkeep
|
|t:|1757847178
|switch|p1a: Primeape|Primeape, M, shiny|100/100
|-damage|p1a: Primeape|95/100|[from] Stealth Rock
|-damage|p1a: Primeape|82/100|[from] Spikes
|turn|9
|
|t:|1757847186
|switch|p2a: Pecharunt|Pecharunt|100/100
|move|p1a: Primeape|Bulk Up|p1a: Primeape
|-boost|p1a: Primeape|atk|1
|-boost|p1a: Primeape|def|1
|
|upkeep
|turn|10
|
|t:|1757847194
|move|p1a: Primeape|Bulk Up|p1a: Primeape
|-boost|p1a: Primeape|atk|1
|-boost|p1a: Primeape|def|1
|move|p2a: Pecharunt|Malignant Chain|p1a: Primeape
|-damage|p1a: Primeape|62/100
|-status|p1a: Primeape|tox
|-start|p1a: Primeape|confusion|[from] ability: Poison Puppeteer|[of] p2a: Pecharunt
|
|-damage|p1a: Primeape|56/100 tox|[from] psn
|upkeep
|turn|11
|
|t:|1757847207
|-activate|p1a: Primeape|confusion
|move|p1a: Primeape|Bulk Up|p1a: Primeape
|-boost|p1a: Primeape|atk|1
|-boost|p1a: Primeape|def|1
|move|p2a: Pecharunt|Hex|p1a: Primeape
|-damage|p1a: Primeape|32/100 tox
|
|-damage|p1a: Primeape|20/100 tox|[from] psn
|upkeep
|turn|12
|
|t:|1757847219
|-end|p1a: Primeape|confusion
|move|p1a: Primeape|Rest|p1a: Primeape
|-status|p1a: Primeape|slp|[from] move: Rest
|-heal|p1a: Primeape|100/100 slp|[silent]
|move|p2a: Pecharunt|Parting Shot|p1a: Primeape
|-unboost|p1a: Primeape|atk|1
|-ability|p1a: Primeape|Defiant|boost
|-boost|p1a: Primeape|atk|2
|-unboost|p1a: Primeape|spa|1
|-ability|p1a: Primeape|Defiant|boost
|-boost|p1a: Primeape|atk|2
|
|t:|1757847227
|switch|p2a: Corviknight|Corviknight, M, shiny, tera:Fighting|86/100|[from] Parting Shot
|
|upkeep
|turn|13
|
|t:|1757847235
|cant|p1a: Primeape|slp
|move|p2a: Corviknight|Brave Bird|p1a: Primeape
|-supereffective|p1a: Primeape
|-damage|p1a: Primeape|74/100 slp
|-damage|p2a: Corviknight|78/100|[from] Recoil
|
|upkeep
|turn|14
|
|t:|1757847242
|cant|p1a: Primeape|slp
|move|p2a: Corviknight|Bulk Up|p2a: Corviknight
|-boost|p2a: Corviknight|atk|1
|-boost|p2a: Corviknight|def|1
|
|upkeep
|turn|15
|
|t:|1757847252
|-curestatus|p1a: Primeape|slp|[msg]
|move|p1a: Primeape|Bulk Up|p1a: Primeape
|-boost|p1a: Primeape|atk|0
|-boost|p1a: Primeape|def|1
|move|p2a: Corviknight|Bulk Up|p2a: Corviknight
|-boost|p2a: Corviknight|atk|1
|-boost|p2a: Corviknight|def|1
|
|upkeep
|turn|16
|
|t:|1757847262
|move|p1a: Primeape|Drain Punch|p2a: Corviknight
|-damage|p2a: Corviknight|38/100
|-heal|p1a: Primeape|98/100|[from] drain|[of] p2a: Corviknight
|-damage|p1a: Primeape|81/100|[from] item: Rocky Helmet|[of] p2a: Corviknight
|move|p2a: Corviknight|Roost|p2a: Corviknight
|-heal|p2a: Corviknight|88/100
|
|upkeep
|turn|17
|
|t:|1757847277
|move|p1a: Primeape|Drain Punch|p2a: Corviknight
|-damage|p2a: Corviknight|45/100
|-heal|p1a: Primeape|100/100|[from] drain|[of] p2a: Corviknight
|-damage|p1a: Primeape|84/100|[from] item: Rocky Helmet|[of] p2a: Corviknight
|move|p2a: Corviknight|Roost|p2a: Corviknight
|-heal|p2a: Corviknight|95/100
|
|upkeep
|turn|18
|
|t:|1757847287
|move|p1a: Primeape|Bulk Up|p1a: Primeape
|-boost|p1a: Primeape|atk|0
|-boost|p1a: Primeape|def|1
|move|p2a: Corviknight|Bulk Up|p2a: Corviknight
|-boost|p2a: Corviknight|atk|1
|-boost|p2a: Corviknight|def|1
|
|upkeep
|turn|19
|
|t:|1757847294
|move|p1a: Primeape|Bulk Up|p1a: Primeape
|-boost|p1a: Primeape|atk|0
|-boost|p1a: Primeape|def|1
|move|p2a: Corviknight|Bulk Up|p2a: Corviknight
|-boost|p2a: Corviknight|atk|1
|-boost|p2a: Corviknight|def|1
|
|upkeep
|turn|20
|c|☆KeNgyn|Forever huh :)
|
|t:|1757847309
|-terastallize|p1a: Primeape|Ghost
|move|p1a: Primeape|Rage Fist|p2a: Corviknight
|-damage|p2a: Corviknight|16/100
|-damage|p1a: Primeape|68/100|[from] item: Rocky Helmet|[of] p2a: Corviknight
|move|p2a: Corviknight|Bulk Up|p2a: Corviknight
|-boost|p2a: Corviknight|atk|1
|-boost|p2a: Corviknight|def|1
|
|upkeep
|turn|21
|
|t:|1757847323
|switch|p2a: Komala|Komala, M, shiny|81/100
|-ability|p2a: Komala|Comatose
|move|p1a: Primeape|Rage Fist|p2a: Komala
|-immune|p2a: Komala
|
|upkeep
|turn|22
|
|t:|1757847333
|move|p1a: Primeape|Drain Punch|p2a: Komala
|-supereffective|p2a: Komala
|-damage|p2a: Komala|0 fnt
|-heal|p1a: Primeape|100/100|[from] drain|[of] p2a: Komala
|faint|p2a: Komala
|
|upkeep
|
|t:|1757847339
|switch|p2a: Grimmsnarl|Grimmsnarl, M, shiny|100/100
|turn|23
|
|t:|1757847342
|move|p2a: Grimmsnarl|Thunder Wave|p1a: Primeape
|-status|p1a: Primeape|par
|move|p1a: Primeape|Drain Punch|p2a: Grimmsnarl
|-damage|p2a: Grimmsnarl|0 fnt
|faint|p2a: Grimmsnarl
|
|upkeep
|-message|KeNgyn forfeited.
|
|win|bigkatt96
|raw|bigkatt96's rating: 1090 &rarr; <strong>1116</strong><br />(+26 for winning)
|raw|KeNgyn's rating: 1085 &rarr; <strong>1063</strong><br />(-22 for losing)
|l|☆KeNgyn
|player|p2|
|l|‽bigkatt96
|player|p1|
