|j|☆Turducken64
|j|☆heinous paynus
|t:|1757909157
|gametype|singles
|player|p1|Turducken64|hiker-gen4|1446
|player|p2|heinous paynus|102|1415
|gen|9
|tier|[Gen 9] OU
|rated|
|rule|HP Percentage Mod: HP is shown in percentages
|rule|Endless Battle Clause: Forcing endless battles is banned
|rule|Species Clause: Limit one of each Pokémon
|rule|OHKO Clause: OHKO moves are banned
|rule|Evasion Items Clause: Evasion items are banned
|rule|Evasion Moves Clause: Evasion moves are banned
|rule|Evasion Abilities Clause: Evasion abilities are banned
|rule|Sleep Moves Clause: Sleep-inducing moves are banned
|clearpoke
|poke|p1|Umbreon, F|
|poke|p1|Gliscor, F|
|poke|p1|Dragonite, M|
|poke|p1|Iron Treads|
|poke|p1|Hatterene, F|
|poke|p1|Sinistcha|
|poke|p2|Zapdos|
|poke|p2|Iron Crown|
|poke|p2|Clefable, M|
|poke|p2|Great Tusk|
|poke|p2|Samurott-Hisui, F|
|poke|p2|Dragapult, F|
|teampreview
|inactive|Battle timer is ON: inactive players will automatically lose when time's up. (requested by Turducken64)
|
|t:|1757909163
|teamsize|p1|6
|teamsize|p2|6
|start
|switch|p1a: Gliscor|Gliscor, F|100/100
|switch|p2a: Samurott|Samurott-Hisui, F|100/100
|turn|1
|
|t:|1757909169
|switch|p2a: Great Tusk|Great Tusk|100/100
|move|p1a: Gliscor|Protect||[still]
|-fail|p1a: Gliscor
|
|-status|p1a: Gliscor|tox|[from] item: Toxic Orb
|upkeep
|turn|2
|
|t:|1757909174
|switch|p1a: Hatterene|Hatterene, F|100/100
|move|p2a: Great Tusk|Ice Spinner|p1a: Hatterene
|-damage|p1a: Hatterene|76/100
|-damage|p2a: Great Tusk|84/100|[from] item: Rocky Helmet|[of] p1a: Hatterene
|
|upkeep
|turn|3
|
|t:|1757909181
|-end|p2a: Great Tusk|Protosynthesis|[silent]
|switch|p2a: Iron Crown|Iron Crown|100/100
|move|p1a: Hatterene|Draining Kiss|p2a: Iron Crown
|-resisted|p2a: Iron Crown
|-damage|p2a: Iron Crown|90/100
|-heal|p1a: Hatterene|84/100|[from] drain|[of] p2a: Iron Crown
|
|upkeep
|turn|4
|
|t:|1757909185
|switch|p1a: Iron Treads|Iron Treads|100/100
|move|p2a: Iron Crown|Tachyon Cutter|p1a: Iron Treads
|-resisted|p1a: Iron Treads
|-damage|p1a: Iron Treads|86/100
|-resisted|p1a: Iron Treads
|-damage|p1a: Iron Treads|70/100
|-hitcount|p1a: Iron Treads|2
|
|-heal|p1a: Iron Treads|76/100|[from] item: Leftovers
|upkeep
|turn|5
|
|t:|1757909191
|-end|p2a: Iron Crown|Quark Drive|[silent]
|switch|p2a: Great Tusk|Great Tusk|84/100
|move|p1a: Iron Treads|Knock Off|p2a: Great Tusk
|-resisted|p2a: Great Tusk
|-damage|p2a: Great Tusk|75/100
|-damage|p1a: Iron Treads|60/100|[from] item: Rocky Helmet|[of] p2a: Great Tusk
|-enditem|p2a: Great Tusk|Rocky Helmet|[from] move: Knock Off|[of] p1a: Iron Treads
|
|-heal|p1a: Iron Treads|66/100|[from] item: Leftovers
|upkeep
|turn|6
|
|t:|1757909197
|-end|p1a: Iron Treads|Quark Drive|[silent]
|switch|p1a: Sinistcha|Sinistcha|100/100
|move|p2a: Great Tusk|Headlong Rush|p1a: Sinistcha
|-resisted|p1a: Sinistcha
|-damage|p1a: Sinistcha|78/100
|-unboost|p2a: Great Tusk|def|1
|-unboost|p2a: Great Tusk|spd|1
|
|upkeep
|turn|7
|
|t:|1757909206
|-end|p2a: Great Tusk|Protosynthesis|[silent]
|switch|p2a: Clefable|Clefable, M|100/100
|move|p1a: Sinistcha|Matcha Gotcha|p2a: Clefable
|-damage|p2a: Clefable|78/100
|-heal|p1a: Sinistcha|91/100|[from] drain|[of] p2a: Clefable
|-status|p2a: Clefable|brn
|
|-heal|p2a: Clefable|84/100 brn|[from] item: Leftovers
|upkeep
|turn|8
|
|t:|1757909212
|switch|p1a: Hatterene|Hatterene, F|84/100
|move|p2a: Clefable|Calm Mind|p2a: Clefable
|-boost|p2a: Clefable|spa|1
|-boost|p2a: Clefable|spd|1
|
|-heal|p2a: Clefable|90/100 brn|[from] item: Leftovers
|upkeep
|turn|9
|
|t:|1757909217
|move|p2a: Clefable|Calm Mind|p2a: Clefable
|-boost|p2a: Clefable|spa|1
|-boost|p2a: Clefable|spd|1
|move|p1a: Hatterene|Psychic Noise|p2a: Clefable
|-damage|p2a: Clefable|78/100 brn
|-start|p2a: Clefable|move: Heal Block
|
|upkeep
|turn|10
|
|t:|1757909230
|switch|p1a: Sinistcha|Sinistcha|91/100
|move|p2a: Clefable|Calm Mind|p2a: Clefable
|-boost|p2a: Clefable|spa|1
|-boost|p2a: Clefable|spd|1
|
|-end|p2a: Clefable|move: Heal Block
|upkeep
|turn|11
|
|t:|1757909234
|move|p1a: Sinistcha|Calm Mind|p1a: Sinistcha
|-boost|p1a: Sinistcha|spa|1
|-boost|p1a: Sinistcha|spd|1
|move|p2a: Clefable|Calm Mind|p2a: Clefable
|-boost|p2a: Clefable|spa|1
|-boost|p2a: Clefable|spd|1
|
|-heal|p2a: Clefable|84/100 brn|[from] item: Leftovers
|upkeep
|turn|12
|
|t:|1757909236
|move|p1a: Sinistcha|Calm Mind|p1a: Sinistcha
|-boost|p1a: Sinistcha|spa|1
|-boost|p1a: Sinistcha|spd|1
|move|p2a: Clefable|Stored Power|p1a: Sinistcha
|-damage|p1a: Sinistcha|22/100
|
|-heal|p2a: Clefable|90/100 brn|[from] item: Leftovers
|upkeep
|turn|13
|
|t:|1757909258
|move|p1a: Sinistcha|Hex|p2a: Clefable
|-damage|p2a: Clefable|67/100 brn
|move|p2a: Clefable|Stored Power|p1a: Sinistcha
|-damage|p1a: Sinistcha|0 fnt
|faint|p1a: Sinistcha
|
|-heal|p2a: Clefable|74/100 brn|[from] item: Leftovers
|upkeep
|
|t:|1757909263
|switch|p1a: Dragonite|Dragonite, M|100/100
|turn|14
|
|t:|1757909272
|-terastallize|p1a: Dragonite|Normal
|move|p1a: Dragonite|Extreme Speed|p2a: Clefable
|-damage|p2a: Clefable|4/100 brn
|move|p2a: Clefable|Moonblast|p1a: Dragonite
|-damage|p1a: Dragonite|48/100
|
|-heal|p2a: Clefable|10/100 brn|[from] item: Leftovers
|upkeep
|turn|15
|
|t:|1757909277
|switch|p2a: Zapdos|Zapdos|100/100
|move|p1a: Dragonite|Extreme Speed|p2a: Zapdos
|-damage|p2a: Zapdos|58/100
|
|upkeep
|turn|16
|
|t:|1757909280
|switch|p1a: Gliscor|Gliscor, F|100/100 tox
|move|p2a: Zapdos|Thunder Wave|p1a: Gliscor
|-immune|p1a: Gliscor
|
|upkeep
|turn|17
|
|t:|1757909284
|switch|p2a: Great Tusk|Great Tusk|75/100
|move|p1a: Gliscor|Knock Off|p2a: Great Tusk
|-resisted|p2a: Great Tusk
|-damage|p2a: Great Tusk|70/100
|
|upkeep
|turn|18
|
|t:|1757909296
|switch|p1a: Hatterene|Hatterene, F|84/100
|move|p2a: Great Tusk|Ice Spinner|p1a: Hatterene
|-damage|p1a: Hatterene|60/100
|-damage|p2a: Great Tusk|54/100|[from] item: Rocky Helmet|[of] p1a: Hatterene
|
|upkeep
|turn|19
|
|t:|1757909310
|-end|p2a: Great Tusk|Protosynthesis|[silent]
|switch|p2a: Clefable|Clefable, M|10/100 brn
|move|p1a: Hatterene|Draining Kiss|p2a: Clefable
|-damage|p2a: Clefable|0 fnt
|-heal|p1a: Hatterene|69/100|[from] drain|[of] p2a: Clefable
|faint|p2a: Clefable
|
|upkeep
|
|t:|1757909312
|switch|p2a: Iron Crown|Iron Crown|90/100
|turn|20
|
|t:|1757909322
|switch|p1a: Gliscor|Gliscor, F|100/100 tox
|move|p2a: Iron Crown|Tachyon Cutter|p1a: Gliscor
|-damage|p1a: Gliscor|70/100 tox
|-damage|p1a: Gliscor|37/100 tox
|-hitcount|p1a: Gliscor|2
|
|-heal|p1a: Gliscor|49/100 tox|[from] ability: Poison Heal
|upkeep
|turn|21
|
|t:|1757909326
|move|p1a: Gliscor|Protect|p1a: Gliscor
|-singleturn|p1a: Gliscor|Protect
|move|p2a: Iron Crown|Tachyon Cutter|p1a: Gliscor
|-activate|p1a: Gliscor|move: Protect
|
|-heal|p1a: Gliscor|62/100 tox|[from] ability: Poison Heal
|upkeep
|turn|22
|
|t:|1757909331
|switch|p1a: Iron Treads|Iron Treads|66/100
|move|p2a: Iron Crown|Tachyon Cutter|p1a: Iron Treads
|-resisted|p1a: Iron Treads
|-damage|p1a: Iron Treads|52/100
|-resisted|p1a: Iron Treads
|-damage|p1a: Iron Treads|35/100
|-hitcount|p1a: Iron Treads|2
|
|-heal|p1a: Iron Treads|41/100|[from] item: Leftovers
|upkeep
|turn|23
|
|t:|1757909339
|-end|p2a: Iron Crown|Quark Drive|[silent]
|switch|p2a: Samurott|Samurott-Hisui, F|100/100
|move|p1a: Iron Treads|Earthquake|p2a: Samurott
|-damage|p2a: Samurott|59/100
|
|-heal|p1a: Iron Treads|47/100|[from] item: Leftovers
|upkeep
|turn|24
|
|t:|1757909354
|-end|p1a: Iron Treads|Quark Drive|[silent]
|switch|p1a: Umbreon|Umbreon, F|100/100
|move|p2a: Samurott|Razor Shell|p1a: Umbreon
|-damage|p1a: Umbreon|71/100
|
|-heal|p1a: Umbreon|77/100|[from] item: Leftovers
|upkeep
|turn|25
|
|t:|1757909361
|move|p2a: Samurott|Knock Off|p1a: Umbreon
|-resisted|p1a: Umbreon
|-crit|p1a: Umbreon
|-damage|p1a: Umbreon|56/100
|-enditem|p1a: Umbreon|Leftovers|[from] move: Knock Off|[of] p2a: Samurott
|move|p1a: Umbreon|Toxic|p2a: Samurott
|-status|p2a: Samurott|tox
|
|-damage|p2a: Samurott|52/100 tox|[from] psn
|upkeep
|turn|26
|
|t:|1757909371
|move|p2a: Samurott|Ceaseless Edge|p1a: Umbreon
|-resisted|p1a: Umbreon
|-damage|p1a: Umbreon|44/100
|-sidestart|p1: Turducken64|Spikes
|move|p1a: Umbreon|Wish|p1a: Umbreon
|
|-damage|p2a: Samurott|40/100 tox|[from] psn
|upkeep
|turn|27
|
|t:|1757909373
|move|p2a: Samurott|Ceaseless Edge|p1a: Umbreon
|-resisted|p1a: Umbreon
|-damage|p1a: Umbreon|31/100
|-sidestart|p1: Turducken64|Spikes
|move|p1a: Umbreon|Foul Play|p2a: Samurott
|-resisted|p2a: Samurott
|-damage|p2a: Samurott|16/100 tox
|
|-heal|p1a: Umbreon|81/100|[from] move: Wish|[wisher] Umbreon
|-damage|p2a: Samurott|0 fnt|[from] psn
|faint|p2a: Samurott
|upkeep
|
|t:|1757909381
|switch|p2a: Iron Crown|Iron Crown|90/100
|turn|28
|
|t:|1757909386
|-terastallize|p2a: Iron Crown|Steel
|move|p2a: Iron Crown|Tachyon Cutter|p1a: Umbreon
|-damage|p1a: Umbreon|48/100
|-damage|p1a: Umbreon|18/100
|-hitcount|p1a: Umbreon|2
|move|p1a: Umbreon|Wish|p1a: Umbreon
|
|upkeep
|turn|29
|
|t:|1757909396
|switch|p1a: Iron Treads|Iron Treads|47/100
|-damage|p1a: Iron Treads|31/100|[from] Spikes
|move|p2a: Iron Crown|Tachyon Cutter|p1a: Iron Treads
|-resisted|p1a: Iron Treads
|-damage|p1a: Iron Treads|12/100
|-resisted|p1a: Iron Treads
|-damage|p1a: Iron Treads|0 fnt
|faint|p1a: Iron Treads
|-end|p1a: Iron Treads|Quark Drive|[silent]
|-hitcount|p1: Iron Treads|2
|
|upkeep
|
|t:|1757909398
|switch|p1a: Gliscor|Gliscor, F|62/100 tox
|turn|30
|
|t:|1757909402
|move|p2a: Iron Crown|Tachyon Cutter|p1a: Gliscor
|-damage|p1a: Gliscor|23/100 tox
|-damage|p1a: Gliscor|0 fnt
|faint|p1a: Gliscor
|-hitcount|p1: Gliscor|2
|
|upkeep
|-message|Turducken64 forfeited.
|
|win|heinous paynus
|raw|Turducken64's rating: 1446 &rarr; <strong>1424</strong><br />(-22 for losing)
|raw|heinous paynus's rating: 1415 &rarr; <strong>1437</strong><br />(+22 for winning)
|l|☆Turducken64
|player|p1|
|l|☆heinous paynus
|player|p2|
