|j|☆AndreRWright
|j|☆arturohdez
|t:|1757848703
|gametype|singles
|player|p1|AndreRWright|giovanni|1293
|player|p2|arturohdez|iris-gen5bw2|1414
|gen|9
|tier|[Gen 9] OU
|rated|
|rule|HP Percentage Mod: HP is shown in percentages
|rule|Endless Battle Clause: Forcing endless battles is banned
|rule|Species Clause: Limit one of each Pokémon
|rule|OHKO Clause: OHKO moves are banned
|rule|Evasion Items Clause: Evasion items are banned
|rule|Evasion Moves Clause: Evasion moves are banned
|rule|Evasion Abilities Clause: Evasion abilities are banned
|rule|Sleep Moves Clause: Sleep-inducing moves are banned
|clearpoke
|poke|p1|Florges, F|
|poke|p1|Cobalion|
|poke|p1|Decidueye-Hisui, M|
|poke|p1|Milotic, F|
|poke|p1|Muk-Alola, F|
|poke|p1|Infernape, M|
|poke|p2|Landorus-Therian, M|
|poke|p2|Cinderace, M|
|poke|p2|Zamazenta-*|
|poke|p2|Slowking-Galar, M|
|poke|p2|Ogerpon-Wellspring, F|
|poke|p2|Hydreigon, M|
|teampreview
|
|t:|1757848718
|teamsize|p1|6
|teamsize|p2|6
|start
|switch|p1a: Milotic|Milotic, F|100/100
|switch|p2a: Landorus|Landorus-Therian, M, shiny|100/100
|-ability|p2a: Landorus|Intimidate|boost
|-unboost|p1a: Milotic|atk|1
|-ability|p1a: Milotic|Competitive|boost
|-boost|p1a: Milotic|spa|2
|turn|1
|
|t:|1757848722
|move|p2a: Landorus|U-turn|p1a: Milotic
|-damage|p1a: Milotic|81/100
|
|t:|1757848725
|switch|p2a: Slowking|Slowking-Galar, M, shiny|100/100|[from] U-turn
|move|p1a: Milotic|Scald|p2a: Slowking
|-damage|p2a: Slowking|71/100
|
|-heal|p1a: Milotic|87/100|[from] item: Leftovers
|upkeep
|turn|2
|
|t:|1757848734
|switch|p1a: Muk|Muk-Alola, F|100/100
|move|p2a: Slowking|Sludge Bomb|p1a: Muk
|-resisted|p1a: Muk
|-damage|p1a: Muk|88/100
|
|upkeep
|turn|3
|
|t:|1757848743
|switch|p2a: Landorus|Landorus-Therian, M, shiny|100/100
|-ability|p2a: Landorus|Intimidate|boost
|-unboost|p1a: Muk|atk|1
|move|p1a: Muk|Knock Off|p2a: Landorus
|-damage|p2a: Landorus|69/100
|-damage|p1a: Muk|72/100|[from] item: Rocky Helmet|[of] p2a: Landorus
|-status|p2a: Landorus|psn|[from] ability: Poison Touch|[of] p1a: Muk
|-enditem|p2a: Landorus|Rocky Helmet|[from] move: Knock Off|[of] p1a: Muk
|
|-damage|p2a: Landorus|57/100 psn|[from] psn
|upkeep
|turn|4
|
|t:|1757848751
|switch|p1a: Cobalion|Cobalion|100/100
|-item|p1a: Cobalion|Air Balloon
|move|p2a: Landorus|U-turn|p1a: Cobalion
|-resisted|p1a: Cobalion
|-damage|p1a: Cobalion|96/100
|-enditem|p1a: Cobalion|Air Balloon
|
|t:|1757848761
|switch|p2a: Slowking|Slowking-Galar, M, shiny|100/100|[from] U-turn
|
|upkeep
|turn|5
|
|t:|1757848764
|move|p1a: Cobalion|Thunder Wave|p2a: Slowking
|-status|p2a: Slowking|par
|move|p2a: Slowking|Flamethrower|p1a: Cobalion
|-supereffective|p1a: Cobalion
|-damage|p1a: Cobalion|21/100
|
|upkeep
|turn|6
|
|t:|1757848770
|switch|p1a: Muk|Muk-Alola, F|72/100
|switch|p2a: Landorus|Landorus-Therian, M, shiny|57/100 psn
|-ability|p2a: Landorus|Intimidate|boost
|-unboost|p1a: Muk|atk|1
|
|-damage|p2a: Landorus|44/100 psn|[from] psn
|upkeep
|turn|7
|
|t:|1757848776
|switch|p1a: Decidueye|Decidueye-Hisui, M|100/100
|move|p2a: Landorus|Earthquake|p1a: Decidueye
|-resisted|p1a: Decidueye
|-crit|p1a: Decidueye
|-damage|p1a: Decidueye|51/100
|
|-damage|p2a: Landorus|32/100 psn|[from] psn
|upkeep
|turn|8
|
|t:|1757848782
|move|p1a: Decidueye|Sucker Punch|p2a: Landorus
|-damage|p2a: Landorus|9/100 psn
|move|p2a: Landorus|U-turn|p1a: Decidueye
|-damage|p1a: Decidueye|22/100
|
|t:|1757848792
|switch|p2a: Hydreigon|Hydreigon, M|100/100|[from] U-turn
|
|upkeep
|turn|9
|
|t:|1757848800
|move|p2a: Hydreigon|U-turn|p1a: Decidueye
|-damage|p1a: Decidueye|1/100
|
|t:|1757848804
|switch|p2a: Zamazenta|Zamazenta|100/100|[from] U-turn
|-ability|p2a: Zamazenta|Dauntless Shield|boost
|-boost|p2a: Zamazenta|def|1
|move|p1a: Decidueye|Triple Arrows|p2a: Zamazenta
|-damage|p2a: Zamazenta|78/100
|
|-heal|p2a: Zamazenta|84/100|[from] item: Leftovers
|upkeep
|turn|10
|
|t:|1757848814
|move|p2a: Zamazenta|Body Press|p1a: Decidueye
|-damage|p1a: Decidueye|0 fnt
|faint|p1a: Decidueye
|
|-heal|p2a: Zamazenta|90/100|[from] item: Leftovers
|upkeep
|
|t:|1757848823
|switch|p1a: Infernape|Infernape, M|100/100
|turn|11
|
|t:|1757848829
|move|p2a: Zamazenta|Body Press|p1a: Infernape
|-damage|p1a: Infernape|13/100
|move|p1a: Infernape|Flamethrower|p2a: Zamazenta
|-damage|p2a: Zamazenta|42/100
|
|-heal|p2a: Zamazenta|48/100|[from] item: Leftovers
|upkeep
|turn|12
|
|t:|1757848848
|move|p1a: Infernape|Vacuum Wave|p2a: Zamazenta
|-damage|p2a: Zamazenta|33/100
|move|p2a: Zamazenta|Body Press|p1a: Infernape
|-damage|p1a: Infernape|0 fnt
|faint|p1a: Infernape
|
|-heal|p2a: Zamazenta|39/100|[from] item: Leftovers
|upkeep
|inactive|Battle timer is ON: inactive players will automatically lose when time's up. (requested by arturohdez)
|
|t:|1757848860
|switch|p1a: Florges|Florges, F|100/100
|turn|13
|
|t:|1757848867
|switch|p2a: Slowking|Slowking-Galar, M, shiny|100/100 par
|move|p1a: Florges|Moonblast|p2a: Slowking
|-resisted|p2a: Slowking
|-damage|p2a: Slowking|92/100 par
|-unboost|p2a: Slowking|spa|1
|
|upkeep
|turn|14
|
|t:|1757848883
|-terastallize|p1a: Florges|Grass
|move|p1a: Florges|Calm Mind|p1a: Florges
|-boost|p1a: Florges|spa|1
|-boost|p1a: Florges|spd|1
|move|p2a: Slowking|Flamethrower|p1a: Florges
|-supereffective|p1a: Florges
|-damage|p1a: Florges|84/100
|
|upkeep
|turn|15
|
|t:|1757848892
|move|p1a: Florges|Moonblast|p2a: Slowking
|-resisted|p2a: Slowking
|-damage|p2a: Slowking|78/100 par
|move|p2a: Slowking|Sludge Bomb|p1a: Florges
|-supereffective|p1a: Florges
|-damage|p1a: Florges|62/100
|
|upkeep
|turn|16
|
|t:|1757848899
|move|p1a: Florges|Wish|p1a: Florges
|move|p2a: Slowking|Sludge Bomb|p1a: Florges
|-supereffective|p1a: Florges
|-damage|p1a: Florges|39/100
|
|upkeep
|turn|17
|
|t:|1757848905
|move|p1a: Florges|Moonblast|p2a: Slowking
|-resisted|p2a: Slowking
|-damage|p2a: Slowking|66/100 par
|move|p2a: Slowking|Sludge Bomb|p1a: Florges
|-supereffective|p1a: Florges
|-damage|p1a: Florges|15/100
|
|-heal|p1a: Florges|65/100|[from] move: Wish|[wisher] Florges
|upkeep
|turn|18
|
|t:|1757848913
|move|p1a: Florges|Wish|p1a: Florges
|move|p2a: Slowking|Sludge Bomb|p1a: Florges
|-supereffective|p1a: Florges
|-damage|p1a: Florges|41/100
|
|upkeep
|turn|19
|
|t:|1757848918
|move|p1a: Florges|Protect|p1a: Florges
|-singleturn|p1a: Florges|Protect
|move|p2a: Slowking|Sludge Bomb|p1a: Florges
|-activate|p1a: Florges|move: Protect
|
|-heal|p1a: Florges|91/100|[from] move: Wish|[wisher] Florges
|upkeep
|turn|20
|
|t:|1757848920
|move|p1a: Florges|Wish|p1a: Florges
|move|p2a: Slowking|Sludge Bomb|p1a: Florges
|-supereffective|p1a: Florges
|-damage|p1a: Florges|68/100
|
|upkeep
|turn|21
|
|t:|1757848929
|switch|p1a: Cobalion|Cobalion|21/100
|switch|p2a: Cinderace|Cinderace, M, shiny|100/100
|
|-heal|p1a: Cobalion|76/100|[from] move: Wish|[wisher] Florges
|upkeep
|turn|22
|
|t:|1757848935
|switch|p1a: Milotic|Milotic, F|87/100
|move|p2a: Cinderace|Pyro Ball|p1a: Milotic
|-resisted|p1a: Milotic
|-damage|p1a: Milotic|65/100
|
|-heal|p1a: Milotic|71/100|[from] item: Leftovers
|upkeep
|turn|23
|
|t:|1757848943
|move|p2a: Cinderace|U-turn|p1a: Milotic
|-crit|p1a: Milotic
|-damage|p1a: Milotic|45/100
|
|t:|1757848947
|switch|p2a: Ogerpon|Ogerpon-Wellspring, F|100/100|[from] U-turn
|move|p1a: Milotic|Recover|p1a: Milotic
|-heal|p1a: Milotic|95/100
|
|-heal|p1a: Milotic|100/100|[from] item: Leftovers
|upkeep
|turn|24
|
|t:|1757848955
|switch|p1a: Muk|Muk-Alola, F|72/100
|move|p2a: Ogerpon|Knock Off|p1a: Muk
|-resisted|p1a: Muk
|-damage|p1a: Muk|52/100
|-enditem|p1a: Muk|Assault Vest|[from] move: Knock Off|[of] p2a: Ogerpon
|
|upkeep
|turn|25
|
|t:|1757848962
|switch|p2a: Landorus|Landorus-Therian, M, shiny|9/100 psn
|-ability|p2a: Landorus|Intimidate|boost
|-unboost|p1a: Muk|atk|1
|move|p1a: Muk|Poison Fang|p2a: Landorus
|-resisted|p2a: Landorus
|-crit|p2a: Landorus
|-damage|p2a: Landorus|0 fnt
|faint|p2a: Landorus
|
|upkeep
|
|t:|1757848972
|switch|p2a: Zamazenta|Zamazenta|39/100
|turn|26
|
|t:|1757848981
|move|p2a: Zamazenta|Body Press|p1a: Muk
|-damage|p1a: Muk|12/100
|move|p1a: Muk|Poison Fang|p2a: Zamazenta
|-damage|p2a: Zamazenta|27/100
|-status|p2a: Zamazenta|tox
|
|-heal|p2a: Zamazenta|33/100 tox|[from] item: Leftovers
|-damage|p2a: Zamazenta|27/100 tox|[from] psn
|upkeep
|turn|27
|
|t:|1757848988
|move|p2a: Zamazenta|Body Press|p1a: Muk
|-damage|p1a: Muk|0 fnt
|faint|p1a: Muk
|
|-heal|p2a: Zamazenta|33/100 tox|[from] item: Leftovers
|-damage|p2a: Zamazenta|21/100 tox|[from] psn
|upkeep
|
|t:|1757848997
|switch|p1a: Florges|Florges, F, tera:Grass|68/100
|turn|28
|
|t:|1757849000
|move|p1a: Florges|Wish|p1a: Florges
|move|p2a: Zamazenta|Roar|p1a: Florges
|drag|p1a: Milotic|Milotic, F|100/100
|
|-heal|p2a: Zamazenta|27/100 tox|[from] item: Leftovers
|-damage|p2a: Zamazenta|9/100 tox|[from] psn
|upkeep
|turn|29
|
|t:|1757849011
|switch|p1a: Florges|Florges, F, tera:Grass|68/100
|move|p2a: Zamazenta|Body Press|p1a: Florges
|-damage|p1a: Florges|34/100
|
|-heal|p1a: Florges|84/100|[from] move: Wish|[wisher] Florges
|-heal|p2a: Zamazenta|15/100 tox|[from] item: Leftovers
|-damage|p2a: Zamazenta|0 fnt|[from] psn
|faint|p2a: Zamazenta
|upkeep
|
|t:|1757849021
|switch|p2a: Cinderace|Cinderace, M, shiny|100/100
|turn|30
|
|t:|1757849025
|move|p1a: Florges|Protect|p1a: Florges
|-singleturn|p1a: Florges|Protect
|move|p2a: Cinderace|Pyro Ball|p1a: Florges
|-activate|p1a: Florges|move: Protect
|
|upkeep
|turn|31
|
|t:|1757849031
|switch|p1a: Milotic|Milotic, F|100/100
|move|p2a: Cinderace|U-turn|p1a: Milotic
|-damage|p1a: Milotic|85/100
|
|t:|1757849032
|switch|p2a: Ogerpon|Ogerpon-Wellspring, F|100/100|[from] U-turn
|
|-heal|p1a: Milotic|91/100|[from] item: Leftovers
|upkeep
|turn|32
|
|t:|1757849046
|switch|p1a: Florges|Florges, F, tera:Grass|84/100
|move|p2a: Ogerpon|Swords Dance|p2a: Ogerpon
|-boost|p2a: Ogerpon|atk|2
|
|upkeep
|turn|33
|
|t:|1757849053
|move|p2a: Ogerpon|Knock Off|p1a: Florges
|-damage|p1a: Florges|15/100
|-enditem|p1a: Florges|Covert Cloak|[from] move: Knock Off|[of] p2a: Ogerpon
|move|p1a: Florges|Moonblast|p2a: Ogerpon
|-damage|p2a: Ogerpon|57/100
|
|upkeep
|turn|34
|
|t:|1757849059
|move|p2a: Ogerpon|Knock Off|p1a: Florges
|-damage|p1a: Florges|0 fnt
|faint|p1a: Florges
|
|upkeep
|
|t:|1757849062
|switch|p1a: Cobalion|Cobalion|76/100
|turn|35
|
|t:|1757849074
|switch|p2a: Slowking|Slowking-Galar, M, shiny|99/100 par
|move|p1a: Cobalion|Iron Defense|p1a: Cobalion
|-boost|p1a: Cobalion|def|2
|
|upkeep
|turn|36
|
|t:|1757849080
|move|p1a: Cobalion|Iron Head|p2a: Slowking
|-damage|p2a: Slowking|76/100 par
|cant|p2a: Slowking|par
|
|upkeep
|turn|37
|
|t:|1757849084
|move|p1a: Cobalion|Iron Head|p2a: Slowking
|-damage|p2a: Slowking|48/100 par
|cant|p2a: Slowking|par
|
|upkeep
|turn|38
|
|t:|1757849089
|switch|p2a: Hydreigon|Hydreigon, M|100/100
|move|p1a: Cobalion|Iron Head|p2a: Hydreigon
|-damage|p2a: Hydreigon|69/100
|
|upkeep
|turn|39
|
|t:|1757849094
|move|p2a: Hydreigon|Dark Pulse|p1a: Cobalion
|-resisted|p1a: Cobalion
|-damage|p1a: Cobalion|50/100
|-ability|p1a: Cobalion|Justified|boost
|-boost|p1a: Cobalion|atk|1
|cant|p1a: Cobalion|flinch
|
|upkeep
|turn|40
|
|t:|1757849102
|move|p2a: Hydreigon|Dark Pulse|p1a: Cobalion
|-resisted|p1a: Cobalion
|-damage|p1a: Cobalion|22/100
|-ability|p1a: Cobalion|Justified|boost
|-boost|p1a: Cobalion|atk|1
|move|p1a: Cobalion|Thunder Wave|p2a: Hydreigon
|-status|p2a: Hydreigon|par
|
|upkeep
|turn|41
|
|t:|1757849112
|move|p1a: Cobalion|Iron Defense|p1a: Cobalion
|-boost|p1a: Cobalion|def|2
|move|p2a: Hydreigon|Dark Pulse|p1a: Cobalion
|-resisted|p1a: Cobalion
|-damage|p1a: Cobalion|0 fnt
|faint|p1a: Cobalion
|
|upkeep
|-message|AndreRWright forfeited.
|
|win|arturohdez
|raw|AndreRWright's rating: 1293 &rarr; <strong>1276</strong><br />(-17 for losing)
|raw|arturohdez's rating: 1414 &rarr; <strong>1427</strong><br />(+13 for winning)
|l|☆AndreRWright
|player|p1|
|l|☆arturohdez
|player|p2|
