|j|☆0zack0
|j|☆LC0404
|t:|1757817351
|gametype|singles
|player|p1|0zack0|170|1330
|player|p2|LC0404|2|1295
|gen|9
|tier|[Gen 9] OU
|rated|
|rule|HP Percentage Mod: HP is shown in percentages
|rule|Endless Battle Clause: Forcing endless battles is banned
|rule|Species Clause: Limit one of each Pokémon
|rule|OHKO Clause: OHKO moves are banned
|rule|Evasion Items Clause: Evasion items are banned
|rule|Evasion Moves Clause: Evasion moves are banned
|rule|Evasion Abilities Clause: Evasion abilities are banned
|rule|Sleep Moves Clause: Sleep-inducing moves are banned
|clearpoke
|poke|p1|Ogerpon-Wellspring, F|
|poke|p1|Kingambit, F|
|poke|p1|Landorus-Therian, M|
|poke|p1|Glimmora, M|
|poke|p1|Dragapult, F|
|poke|p1|Iron Valiant|
|poke|p2|Landorus-Therian, M|
|poke|p2|Meowscarada, F|
|poke|p2|Keldeo-Resolute|
|poke|p2|Alomomola, F|
|poke|p2|Raging Bolt|
|poke|p2|Scizor, M|
|teampreview
|inactive|Battle timer is ON: inactive players will automatically lose when time's up. (requested by 0zack0)
|
|t:|1757817379
|teamsize|p1|6
|teamsize|p2|6
|start
|switch|p1a: Landorus|Landorus-Therian, M|100/100
|switch|p2a: Landorus|Landorus-Therian, M|100/100
|-ability|p1a: Landorus|Intimidate|boost
|-unboost|p2a: Landorus|atk|1
|-ability|p2a: Landorus|Intimidate|boost
|-unboost|p1a: Landorus|atk|1
|turn|1
|
|t:|1757817389
|move|p1a: Landorus|Taunt|p2a: Landorus
|-start|p2a: Landorus|move: Taunt
|cant|p2a: Landorus|move: Taunt|Taunt
|
|upkeep
|turn|2
|
|t:|1757817402
|switch|p2a: Meowscarada|Meowscarada, F|100/100
|move|p1a: Landorus|Stealth Rock|p2a: Meowscarada
|-sidestart|p2: LC0404|move: Stealth Rock
|
|upkeep
|turn|3
|
|t:|1757817416
|move|p2a: Meowscarada|Triple Axel|p1a: Landorus
|-start|p2a: Meowscarada|typechange|Ice|[from] ability: Protean
|-supereffective|p1a: Landorus
|-damage|p1a: Landorus|62/100
|-supereffective|p1a: Landorus
|-crit|p1a: Landorus
|-damage|p1a: Landorus|0 fnt
|faint|p1a: Landorus
|-hitcount|p1: Landorus|2
|
|upkeep
|inactive|0zack0 has 120 seconds left.
|inactive|0zack0 has 90 seconds left.
|
|t:|1757817479
|switch|p1a: Iron Valiant|Iron Valiant|100/100
|-enditem|p1a: Iron Valiant|Booster Energy
|-activate|p1a: Iron Valiant|ability: Quark Drive|[fromitem]
|-start|p1a: Iron Valiant|quarkdrivespe
|turn|4
|inactive|0zack0 has 90 seconds left.
|inactive|LC0404 has 120 seconds left.
|
|t:|1757817510
|switch|p2a: Alomomola|Alomomola, F|100/100
|-damage|p2a: Alomomola|88/100|[from] Stealth Rock
|move|p1a: Iron Valiant|Spirit Break|p2a: Alomomola
|-damage|p2a: Alomomola|67/100
|-unboost|p2a: Alomomola|spa|1
|-damage|p1a: Iron Valiant|84/100|[from] item: Rocky Helmet|[of] p2a: Alomomola
|
|upkeep
|turn|5
|inactive|LC0404 has 120 seconds left.
|
|t:|1757817527
|move|p1a: Iron Valiant|Knock Off|p2a: Alomomola
|-damage|p2a: Alomomola|47/100
|-damage|p1a: Iron Valiant|67/100|[from] item: Rocky Helmet|[of] p2a: Alomomola
|-enditem|p2a: Alomomola|Rocky Helmet|[from] move: Knock Off|[of] p1a: Iron Valiant
|move|p2a: Alomomola|Flip Turn|p1a: Iron Valiant
|-damage|p1a: Iron Valiant|45/100
|inactive|LC0404 has 120 seconds left.
|
|t:|1757817536
|switch|p2a: Scizor|Scizor, M|100/100|[from] Flip Turn
|-damage|p2a: Scizor|88/100|[from] Stealth Rock
|
|upkeep
|turn|6
|inactive|LC0404 has 120 seconds left.
|
|t:|1757817549
|-end|p1a: Iron Valiant|Quark Drive|[silent]
|switch|p1a: Glimmora|Glimmora, M|100/100
|move|p2a: Scizor|Bullet Punch|p1a: Glimmora
|-supereffective|p1a: Glimmora
|-damage|p1a: Glimmora|23/100
|-activate|p1a: Glimmora|ability: Toxic Debris
|-sidestart|p2: LC0404|move: Toxic Spikes
|
|upkeep
|turn|7
|
|t:|1757817563
|move|p1a: Glimmora|Meteor Beam||[still]
|-prepare|p1a: Glimmora|Meteor Beam
|-boost|p1a: Glimmora|spa|1
|-enditem|p1a: Glimmora|Power Herb
|-anim|p1a: Glimmora|Meteor Beam|p2a: Scizor
|-damage|p2a: Scizor|0 fnt
|faint|p2a: Scizor
|
|upkeep
|inactive|LC0404 has 120 seconds left.
|
|t:|1757817585
|switch|p2a: Landorus|Landorus-Therian, M|100/100
|-damage|p2a: Landorus|88/100|[from] Stealth Rock
|-ability|p2a: Landorus|Intimidate|boost
|-unboost|p1a: Glimmora|atk|1
|turn|8
|inactive|LC0404 has 120 seconds left.
|
|t:|1757817604
|switch|p1a: Dragapult|Dragapult, F|100/100
|move|p2a: Landorus|Earthquake|p1a: Dragapult
|-damage|p1a: Dragapult|36/100
|
|upkeep
|turn|9
|inactive|LC0404 has 120 seconds left.
|
|t:|1757817619
|switch|p2a: Alomomola|Alomomola, F|81/100
|-damage|p2a: Alomomola|68/100|[from] Stealth Rock
|-status|p2a: Alomomola|psn
|move|p1a: Dragapult|Shadow Ball|p2a: Alomomola
|-damage|p2a: Alomomola|3/100 psn
|
|-damage|p2a: Alomomola|0 fnt|[from] psn
|faint|p2a: Alomomola
|upkeep
|
|t:|1757817645
|switch|p2a: Meowscarada|Meowscarada, F|100/100
|-damage|p2a: Meowscarada|88/100|[from] Stealth Rock
|-status|p2a: Meowscarada|psn
|turn|10
|
|t:|1757817653
|switch|p1a: Glimmora|Glimmora, M|23/100
|move|p2a: Meowscarada|Knock Off|p1a: Glimmora
|-start|p2a: Meowscarada|typechange|Dark|[from] ability: Protean
|-damage|p1a: Glimmora|0 fnt
|-activate|p1a: Glimmora|ability: Toxic Debris
|-sidestart|p2: LC0404|move: Toxic Spikes
|faint|p1a: Glimmora
|
|-damage|p2a: Meowscarada|76/100 psn|[from] psn
|upkeep
|
|t:|1757817678
|switch|p1a: Dragapult|Dragapult, F|36/100
|turn|11
|
|t:|1757817687
|move|p1a: Dragapult|Draco Meteor|p2a: Meowscarada|[miss]
|-miss|p1a: Dragapult|p2a: Meowscarada
|move|p2a: Meowscarada|Knock Off|p1a: Dragapult
|-supereffective|p1a: Dragapult
|-damage|p1a: Dragapult|0 fnt
|-enditem|p1a: Dragapult|Choice Specs|[from] move: Knock Off|[of] p2a: Meowscarada
|faint|p1a: Dragapult
|
|-damage|p2a: Meowscarada|64/100 psn|[from] psn
|upkeep
|c|☆LC0404|srry
|c|☆0zack0|np
|inactive|0zack0 has 60 seconds left.
|inactive|0zack0 has 30 seconds left.
|
|t:|1757817739
|switch|p1a: Kingambit|Kingambit, F|100/100
|-activate|p1a: Kingambit|ability: Supreme Overlord
|-start|p1a: Kingambit|fallen3|[silent]
|turn|12
|inactive|LC0404 has 120 seconds left.
|inactive|0zack0 has 30 seconds left.
|inactive|0zack0 has 20 seconds left.
|
|t:|1757817761
|move|p2a: Meowscarada|U-turn|p1a: Kingambit
|-damage|p1a: Kingambit|84/100
|
|t:|1757817771
|switch|p2a: Landorus|Landorus-Therian, M|88/100|[from] U-turn
|-damage|p2a: Landorus|76/100|[from] Stealth Rock
|-ability|p2a: Landorus|Intimidate|boost
|-unboost|p1a: Kingambit|atk|1
|move|p1a: Kingambit|Iron Head|p2a: Landorus
|-damage|p2a: Landorus|39/100
|-damage|p1a: Kingambit|68/100|[from] item: Rocky Helmet|[of] p2a: Landorus
|
|-heal|p1a: Kingambit|74/100|[from] item: Leftovers
|upkeep
|turn|13
|inactive|0zack0 has 30 seconds left.
|inactive|0zack0 has 20 seconds left.
|
|t:|1757817799
|move|p1a: Kingambit|Sucker Punch||[still]
|-fail|p1a: Kingambit
|move|p2a: Landorus|Taunt|p1a: Kingambit
|-start|p1a: Kingambit|move: Taunt
|
|-heal|p1a: Kingambit|80/100|[from] item: Leftovers
|upkeep
|turn|14
|inactive|0zack0 has 30 seconds left this turn.
|inactive|0zack0 has 20 seconds left.
|
|t:|1757817813
|move|p2a: Landorus|Stealth Rock|p1a: Kingambit
|-sidestart|p1: 0zack0|move: Stealth Rock
|move|p1a: Kingambit|Kowtow Cleave|p2a: Landorus
|-damage|p2a: Landorus|0 fnt
|-damage|p1a: Kingambit|64/100|[from] item: Rocky Helmet|[of] p2a: Landorus
|faint|p2a: Landorus
|
|-heal|p1a: Kingambit|70/100|[from] item: Leftovers
|upkeep
|inactive|LC0404 has 90 seconds left.
|
|t:|1757817830
|switch|p2a: Keldeo|Keldeo-Resolute|100/100
|-damage|p2a: Keldeo|94/100|[from] Stealth Rock
|-status|p2a: Keldeo|tox
|turn|15
|inactive|0zack0 has 30 seconds left.
|inactive|0zack0 has 20 seconds left.
|
|t:|1757817849
|-terastallize|p1a: Kingambit|Ghost
|move|p2a: Keldeo|Vacuum Wave|p1a: Kingambit
|-immune|p1a: Kingambit
|move|p1a: Kingambit|Kowtow Cleave|p2a: Keldeo
|-resisted|p2a: Keldeo
|-damage|p2a: Keldeo|69/100 tox
|-ability|p2a: Keldeo|Justified|boost
|-boost|p2a: Keldeo|atk|1
|
|-heal|p1a: Kingambit|76/100|[from] item: Leftovers
|-damage|p2a: Keldeo|63/100 tox|[from] psn
|upkeep
|turn|16
|inactive|0zack0 has 30 seconds left this turn.
|inactive|0zack0 has 20 seconds left.
|inactive|0zack0 has 15 seconds left.
|
|t:|1757817866
|switch|p2a: Meowscarada|Meowscarada, F|64/100 psn
|-damage|p2a: Meowscarada|51/100 psn|[from] Stealth Rock
|move|p1a: Kingambit|Kowtow Cleave|p2a: Meowscarada
|-resisted|p2a: Meowscarada
|-damage|p2a: Meowscarada|17/100 psn
|
|-heal|p1a: Kingambit|82/100|[from] item: Leftovers
|-damage|p2a: Meowscarada|4/100 psn|[from] psn
|-end|p1a: Kingambit|move: Taunt
|upkeep
|turn|17
|inactive|0zack0 has 25 seconds left this turn.
|inactive|0zack0 has 20 seconds left.
|inactive|0zack0 has 15 seconds left.
|
|t:|1757817878
|move|p1a: Kingambit|Sucker Punch|p2a: Meowscarada
|-resisted|p2a: Meowscarada
|-damage|p2a: Meowscarada|0 fnt
|faint|p2a: Meowscarada
|
|-heal|p1a: Kingambit|89/100|[from] item: Leftovers
|upkeep
|
|t:|1757817885
|switch|p2a: Raging Bolt|Raging Bolt|100/100
|turn|18
|inactive|0zack0 has 30 seconds left this turn.
|
|t:|1757817891
|move|p2a: Raging Bolt|Calm Mind|p2a: Raging Bolt
|-boost|p2a: Raging Bolt|spa|1
|-boost|p2a: Raging Bolt|spd|1
|move|p1a: Kingambit|Kowtow Cleave|p2a: Raging Bolt
|-damage|p2a: Raging Bolt|64/100
|
|-heal|p1a: Kingambit|95/100|[from] item: Leftovers
|upkeep
|turn|19
|inactive|0zack0 has 30 seconds left.
|inactive|0zack0 has 20 seconds left.
|inactive|0zack0 has 15 seconds left.
|
|t:|1757817912
|move|p2a: Raging Bolt|Dragon Pulse|p1a: Kingambit
|-damage|p1a: Kingambit|14/100
|move|p1a: Kingambit|Kowtow Cleave|p2a: Raging Bolt
|-damage|p2a: Raging Bolt|31/100
|
|-heal|p1a: Kingambit|21/100|[from] item: Leftovers
|upkeep
|turn|20
|inactive|0zack0 has 25 seconds left this turn.
|inactive|0zack0 has 20 seconds left.
|
|t:|1757817920
|move|p1a: Kingambit|Sucker Punch|p2a: Raging Bolt
|-damage|p2a: Raging Bolt|4/100
|move|p2a: Raging Bolt|Dragon Pulse|p1a: Kingambit
|-damage|p1a: Kingambit|0 fnt
|faint|p1a: Kingambit
|-end|p1a: Kingambit|fallen3|[silent]
|
|upkeep
|inactive|0zack0 has 25 seconds left this turn.
|inactive|0zack0 has 20 seconds left.
|inactive|0zack0 has 15 seconds left.
|
|t:|1757817933
|switch|p1a: Iron Valiant|Iron Valiant|45/100
|-damage|p1a: Iron Valiant|39/100|[from] Stealth Rock
|turn|21
|inactive|0zack0 has 25 seconds left this turn.
|inactive|0zack0 has 20 seconds left.
|
|t:|1757817949
|move|p2a: Raging Bolt|Thunderclap|p1a: Iron Valiant
|-damage|p1a: Iron Valiant|0 fnt
|faint|p1a: Iron Valiant
|-end|p1a: Iron Valiant|Quark Drive|[silent]
|
|upkeep
|inactive|0zack0 has 25 seconds left this turn.
|
|t:|1757817952
|switch|p1a: Ogerpon|Ogerpon-Wellspring, F|100/100
|-damage|p1a: Ogerpon|88/100|[from] Stealth Rock
|turn|22
|inactive|0zack0 has 30 seconds left.
|
|t:|1757817959
|move|p2a: Raging Bolt|Thunderclap|p1a: Ogerpon
|-damage|p1a: Ogerpon|19/100
|move|p1a: Ogerpon|Horn Leech|p2a: Raging Bolt
|-resisted|p2a: Raging Bolt
|-damage|p2a: Raging Bolt|0 fnt
|-heal|p1a: Ogerpon|22/100|[from] drain|[of] p2a: Raging Bolt
|faint|p2a: Raging Bolt
|-end|p2a: Raging Bolt|Protosynthesis|[silent]
|
|upkeep
|
|t:|1757817966
|switch|p2a: Keldeo|Keldeo-Resolute|63/100 tox
|-damage|p2a: Keldeo|57/100 tox|[from] Stealth Rock
|turn|23
|inactive|LC0404 has 120 seconds left.
|
|t:|1757817974
|move|p2a: Keldeo|Vacuum Wave|p1a: Ogerpon
|-damage|p1a: Ogerpon|0 fnt
|faint|p1a: Ogerpon
|
|win|LC0404
|raw|0zack0's rating: 1330 &rarr; <strong>1308</strong><br />(-22 for losing)
|raw|LC0404's rating: 1295 &rarr; <strong>1323</strong><br />(+28 for winning)
|c|☆LC0404|gg
|c|☆0zack0|gg
|l|☆0zack0
|player|p1|
