|j|☆mymicisasian
|j|☆iheartgalvantula
|t:|1757872327
|gametype|singles
|player|p1|mymicisasian|170|1370
|player|p2|iheartgalvantula|unknown|1320
|gen|9
|tier|[Gen 9] OU
|rated|
|rule|HP Percentage Mod: HP is shown in percentages
|rule|Endless Battle Clause: Forcing endless battles is banned
|rule|Species Clause: Limit one of each Pokémon
|rule|OHKO Clause: OHKO moves are banned
|rule|Evasion Items Clause: Evasion items are banned
|rule|Evasion Moves Clause: Evasion moves are banned
|rule|Evasion Abilities Clause: Evasion abilities are banned
|rule|Sleep Moves Clause: Sleep-inducing moves are banned
|clearpoke
|poke|p1|Great Tusk|
|poke|p1|Gliscor, M|
|poke|p1|Kyurem|
|poke|p1|Hatterene, F|
|poke|p1|Tornadus-Therian, M|
|poke|p1|Zamazenta-*|
|poke|p2|Uxie|
|poke|p2|Indeedee, M|
|poke|p2|Haxorus, M|
|poke|p2|Deoxys-Speed|
|poke|p2|Great Tusk|
|poke|p2|Gholdengo|
|teampreview
|inactive|Battle timer is ON: inactive players will automatically lose when time's up. (requested by iheartgalvantula)
|
|t:|1757872352
|teamsize|p1|6
|teamsize|p2|6
|start
|switch|p1a: Tornadus|Tornadus-Therian, M|100/100
|switch|p2a: Uxie|Uxie|100/100
|turn|1
|
|t:|1757872367
|move|p1a: Tornadus|Knock Off|p2a: Uxie
|-supereffective|p2a: Uxie
|-damage|p2a: Uxie|73/100
|-enditem|p2a: Uxie|Heavy-Duty Boots|[from] move: Knock Off|[of] p1a: Tornadus
|move|p2a: Uxie|Stealth Rock|p1a: Tornadus
|-sidestart|p1: mymicisasian|move: Stealth Rock
|
|upkeep
|turn|2
|
|t:|1757872374
|move|p1a: Tornadus|U-turn|p2a: Uxie
|-supereffective|p2a: Uxie
|-damage|p2a: Uxie|54/100
|
|t:|1757872376
|switch|p1a: Gliscor|Gliscor, M|100/100|[from] U-turn
|-damage|p1a: Gliscor|88/100|[from] Stealth Rock
|move|p2a: Uxie|Magic Room|p2a: Uxie
|-fieldstart|move: Magic Room|[of] p2a: Uxie
|
|upkeep
|turn|3
|
|t:|1757872381
|move|p1a: Gliscor|Stealth Rock|p2a: Uxie
|-sidestart|p2: iheartgalvantula|move: Stealth Rock
|move|p2a: Uxie|U-turn|p1a: Gliscor
|-resisted|p1a: Gliscor
|-damage|p1a: Gliscor|83/100
|
|t:|1757872392
|switch|p2a: Haxorus|Haxorus, M|100/100|[from] U-turn
|-damage|p2a: Haxorus|88/100|[from] Stealth Rock
|-ability|p2a: Haxorus|Mold Breaker
|
|upkeep
|turn|4
|c|☆mymicisasian|wtf
|c|☆mymicisasian|I've never seen this in my life
|
|t:|1757872399
|move|p2a: Haxorus|Dragon Dance|p2a: Haxorus
|-boost|p2a: Haxorus|atk|1
|-boost|p2a: Haxorus|spe|1
|move|p1a: Gliscor|Toxic|p2a: Haxorus
|-status|p2a: Haxorus|tox
|
|-damage|p2a: Haxorus|82/100 tox|[from] psn
|upkeep
|turn|5
|
|t:|1757872406
|move|p1a: Gliscor|Protect|p1a: Gliscor
|-singleturn|p1a: Gliscor|Protect
|move|p2a: Haxorus|Outrage|p1a: Gliscor
|-activate|p1a: Gliscor|move: Protect
|
|-damage|p2a: Haxorus|70/100 tox|[from] psn
|upkeep
|turn|6
|
|t:|1757872415
|switch|p1a: Hatterene|Hatterene, F|100/100
|-damage|p1a: Hatterene|88/100|[from] Stealth Rock
|move|p2a: Haxorus|Outrage|p1a: Hatterene
|-immune|p1a: Hatterene
|
|-damage|p2a: Haxorus|51/100 tox|[from] psn
|-fieldend|move: Magic Room|[of] p2: Uxie
|upkeep
|turn|7
|
|t:|1757872425
|move|p2a: Haxorus|Iron Head|p1a: Hatterene
|-supereffective|p1a: Hatterene
|-damage|p1a: Hatterene|0 fnt
|-damage|p2a: Haxorus|35/100 tox|[from] item: Rocky Helmet|[of] p1a: Hatterene
|faint|p1a: Hatterene
|
|-damage|p2a: Haxorus|10/100 tox|[from] psn
|upkeep
|
|t:|1757872427
|switch|p1a: Gliscor|Gliscor, M|83/100
|-damage|p1a: Gliscor|70/100|[from] Stealth Rock
|turn|8
|
|t:|1757872431
|move|p1a: Gliscor|Protect|p1a: Gliscor
|-singleturn|p1a: Gliscor|Protect
|move|p2a: Haxorus|Iron Head|p1a: Gliscor
|-activate|p1a: Gliscor|move: Protect
|
|-damage|p2a: Haxorus|0 fnt|[from] psn
|faint|p2a: Haxorus
|-status|p1a: Gliscor|tox|[from] item: Toxic Orb
|upkeep
|
|t:|1757872435
|switch|p2a: Uxie|Uxie|54/100
|-damage|p2a: Uxie|42/100|[from] Stealth Rock
|turn|9
|
|t:|1757872441
|move|p1a: Gliscor|Toxic|p2a: Uxie
|-status|p2a: Uxie|tox
|move|p2a: Uxie|Magic Room|p2a: Uxie
|-fieldstart|move: Magic Room|[of] p2a: Uxie
|
|-heal|p1a: Gliscor|83/100 tox|[from] ability: Poison Heal
|-damage|p2a: Uxie|36/100 tox|[from] psn
|upkeep
|turn|10
|
|t:|1757872445
|switch|p1a: Tornadus|Tornadus-Therian, M|100/100
|-damage|p1a: Tornadus|76/100|[from] Stealth Rock
|move|p2a: Uxie|U-turn|p1a: Tornadus
|-resisted|p1a: Tornadus
|-damage|p1a: Tornadus|68/100
|
|t:|1757872449
|switch|p2a: Gholdengo|Gholdengo|100/100|[from] U-turn
|-damage|p2a: Gholdengo|94/100|[from] Stealth Rock
|
|upkeep
|turn|11
|
|t:|1757872458
|move|p1a: Tornadus|Heat Wave|p2a: Gholdengo|[miss]
|-miss|p1a: Tornadus|p2a: Gholdengo
|move|p2a: Gholdengo|Nasty Plot|p2a: Gholdengo
|-boost|p2a: Gholdengo|spa|2
|
|upkeep
|turn|12
|
|t:|1757872463
|-terastallize|p2a: Gholdengo|Flying
|move|p1a: Tornadus|Heat Wave|p2a: Gholdengo|[miss]
|-miss|p1a: Tornadus|p2a: Gholdengo
|move|p2a: Gholdengo|Shadow Ball|p1a: Tornadus
|-damage|p1a: Tornadus|0 fnt
|faint|p1a: Tornadus
|
|upkeep
|c|☆mymicisasian|nice
|
|t:|1757872473
|switch|p1a: Kyurem|Kyurem|100/100
|-damage|p1a: Kyurem|76/100|[from] Stealth Rock
|-ability|p1a: Kyurem|Pressure
|turn|13
|
|t:|1757872489
|-terastallize|p1a: Kyurem|Ground
|move|p1a: Kyurem|Freeze-Dry|p2a: Gholdengo
|-supereffective|p2a: Gholdengo
|-damage|p2a: Gholdengo|8/100
|move|p2a: Gholdengo|Shadow Ball|p1a: Kyurem
|-damage|p1a: Kyurem|3/100
|
|-fieldend|move: Magic Room|[of] p2: Uxie
|upkeep
|turn|14
|
|t:|1757872494
|move|p2a: Gholdengo|Shadow Ball|p1a: Kyurem
|-damage|p1a: Kyurem|0 fnt
|faint|p1a: Kyurem
|
|upkeep
|c|☆mymicisasian|and now you have the scarf
|c|☆mymicisasian|that is so sick
|c|☆mymicisasian|wp
|
|t:|1757872509
|switch|p1a: Gliscor|Gliscor, M|83/100 tox
|-damage|p1a: Gliscor|70/100 tox|[from] Stealth Rock
|turn|15
|
|t:|1757872513
|move|p2a: Gholdengo|Shadow Ball|p1a: Gliscor
|-damage|p1a: Gliscor|1/100 tox
|move|p1a: Gliscor|Knock Off|p2a: Gholdengo
|-damage|p2a: Gholdengo|0 fnt
|-enditem|p2a: Gholdengo|Choice Scarf|[from] move: Knock Off|[of] p1a: Gliscor
|faint|p2a: Gholdengo
|
|-heal|p1a: Gliscor|13/100 tox|[from] ability: Poison Heal
|upkeep
|
|t:|1757872520
|switch|p2a: Indeedee|Indeedee, M|100/100
|-damage|p2a: Indeedee|88/100|[from] Stealth Rock
|-fieldstart|move: Psychic Terrain|[from] ability: Psychic Surge|[of] p2a: Indeedee
|turn|16
|
|t:|1757872524
|move|p1a: Gliscor|Protect|p1a: Gliscor
|-singleturn|p1a: Gliscor|Protect
|move|p2a: Indeedee|Expanding Force|p1a: Gliscor
|-activate|p1a: Gliscor|move: Protect
|
|-heal|p1a: Gliscor|26/100 tox|[from] ability: Poison Heal
|upkeep
|turn|17
|
|t:|1757872529
|move|p2a: Indeedee|Expanding Force|p1a: Gliscor
|-damage|p1a: Gliscor|0 fnt
|faint|p1a: Gliscor
|
|upkeep
|
|t:|1757872532
|switch|p1a: Zamazenta|Zamazenta|100/100
|-damage|p1a: Zamazenta|94/100|[from] Stealth Rock
|-ability|p1a: Zamazenta|Dauntless Shield|boost
|-boost|p1a: Zamazenta|def|1
|turn|18
|
|t:|1757872534
|move|p1a: Zamazenta|Crunch|p2a: Indeedee
|-supereffective|p2a: Indeedee
|-damage|p2a: Indeedee|9/100
|-unboost|p2a: Indeedee|def|1
|move|p2a: Indeedee|Expanding Force|p1a: Zamazenta
|-supereffective|p1a: Zamazenta
|-damage|p1a: Zamazenta|0 fnt
|faint|p1a: Zamazenta
|
|upkeep
|
|t:|1757872537
|switch|p1a: Great Tusk|Great Tusk|100/100
|-damage|p1a: Great Tusk|98/100|[from] Stealth Rock
|-enditem|p1a: Great Tusk|Booster Energy
|-activate|p1a: Great Tusk|ability: Protosynthesis|[fromitem]
|-start|p1a: Great Tusk|protosynthesisatk
|turn|19
|
|t:|1757872540
|move|p1a: Great Tusk|Rapid Spin|p2a: Indeedee
|-crit|p2a: Indeedee
|-damage|p2a: Indeedee|0 fnt
|-boost|p1a: Great Tusk|spe|1
|-sideend|p1: mymicisasian|Stealth Rock|[from] move: Rapid Spin|[of] p1a: Great Tusk
|faint|p2a: Indeedee
|
|upkeep
|
|t:|1757872546
|switch|p2a: Great Tusk|Great Tusk|100/100
|-damage|p2a: Great Tusk|98/100|[from] Stealth Rock
|turn|20
|
|t:|1757872549
|move|p1a: Great Tusk|Close Combat|p2a: Great Tusk
|-damage|p2a: Great Tusk|49/100
|-unboost|p1a: Great Tusk|def|1
|-unboost|p1a: Great Tusk|spd|1
|move|p2a: Great Tusk|Rapid Spin|p1a: Great Tusk
|-damage|p1a: Great Tusk|80/100
|-boost|p2a: Great Tusk|spe|1
|-sideend|p2: iheartgalvantula|Stealth Rock|[from] move: Rapid Spin|[of] p2a: Great Tusk
|
|upkeep
|turn|21
|
|t:|1757872555
|move|p1a: Great Tusk|Close Combat|p2a: Great Tusk
|-damage|p2a: Great Tusk|0 fnt
|-unboost|p1a: Great Tusk|def|1
|-unboost|p1a: Great Tusk|spd|1
|faint|p2a: Great Tusk
|-end|p2a: Great Tusk|Protosynthesis|[silent]
|
|upkeep
|
|t:|1757872558
|switch|p2a: Deoxys|Deoxys-Speed|100/100
|-ability|p2a: Deoxys|Pressure
|turn|22
|
|t:|1757872560
|move|p2a: Deoxys|Expanding Force|p1a: Great Tusk
|-supereffective|p1a: Great Tusk
|-damage|p1a: Great Tusk|0 fnt
|faint|p1a: Great Tusk
|-end|p1a: Great Tusk|Protosynthesis|[silent]
|
|win|iheartgalvantula
|raw|mymicisasian's rating: 1370 &rarr; <strong>1347</strong><br />(-23 for losing)
|raw|iheartgalvantula's rating: 1320 &rarr; <strong>1343</strong><br />(+23 for winning)
|c|☆mymicisasian|gg
|l|☆iheartgalvantula
|player|p2|
|l|☆mymicisasian
|player|p1|
