|j|☆nochanceboy
|j|☆kwsjjdjwjshshsjsja
|t:|1757944345
|gametype|singles
|player|p1|nochanceboy|preschooler|1398
|player|p2|kwsjjdjwjshshsjsja|red|1363
|gen|9
|tier|[Gen 9] OU
|rated|
|rule|HP Percentage Mod: HP is shown in percentages
|rule|Endless Battle Clause: Forcing endless battles is banned
|rule|Species Clause: Limit one of each Pokémon
|rule|OHKO Clause: OHKO moves are banned
|rule|Evasion Items Clause: Evasion items are banned
|rule|Evasion Moves Clause: Evasion moves are banned
|rule|Evasion Abilities Clause: Evasion abilities are banned
|rule|Sleep Moves Clause: Sleep-inducing moves are banned
|clearpoke
|poke|p1|Iron Crown|
|poke|p1|Samurott-Hisui, F|
|poke|p1|Zapdos|
|poke|p1|Dragapult, F|
|poke|p1|Great Tusk|
|poke|p1|Iron Boulder|
|poke|p2|Typhlosion-Hisui, M|
|poke|p2|Skarmory, F|
|poke|p2|Slither Wing|
|poke|p2|Torkoal, F|
|poke|p2|Crawdaunt, M|
|poke|p2|Iron Moth|
|teampreview
|inactive|Battle timer is ON: inactive players will automatically lose when time's up. (requested by kwsjjdjwjshshsjsja)
|
|t:|1757944356
|teamsize|p1|6
|teamsize|p2|6
|start
|switch|p1a: Everytime We Touch|Samurott-Hisui, F|100/100
|switch|p2a: Skarmory|Skarmory, F|100/100
|turn|1
|
|t:|1757944362
|move|p1a: Everytime We Touch|Ceaseless Edge|p2a: Skarmory
|-damage|p2a: Skarmory|71/100
|-sidestart|p2: kwsjjdjwjshshsjsja|Spikes
|move|p2a: Skarmory|Body Press|p1a: Everytime We Touch
|-supereffective|p1a: Everytime We Touch
|-damage|p1a: Everytime We Touch|19/100
|
|-heal|p2a: Skarmory|77/100|[from] item: Leftovers
|upkeep
|turn|2
|
|t:|1757944367
|move|p1a: Everytime We Touch|Ceaseless Edge|p2a: Skarmory
|-damage|p2a: Skarmory|46/100
|-sidestart|p2: kwsjjdjwjshshsjsja|Spikes
|move|p2a: Skarmory|Stealth Rock|p1a: Everytime We Touch
|-sidestart|p1: nochanceboy|move: Stealth Rock
|
|-heal|p2a: Skarmory|52/100|[from] item: Leftovers
|upkeep
|turn|3
|
|t:|1757944387
|move|p1a: Everytime We Touch|Ceaseless Edge|p2a: Skarmory
|-damage|p2a: Skarmory|22/100
|-sidestart|p2: kwsjjdjwjshshsjsja|Spikes
|move|p2a: Skarmory|Roost|p2a: Skarmory
|-heal|p2a: Skarmory|72/100
|-singleturn|p2a: Skarmory|move: Roost
|
|-heal|p2a: Skarmory|78/100|[from] item: Leftovers
|upkeep
|turn|4
|
|t:|1757944390
|move|p1a: Everytime We Touch|Ceaseless Edge|p2a: Skarmory
|-damage|p2a: Skarmory|49/100
|move|p2a: Skarmory|Spikes|p1a: Everytime We Touch
|-sidestart|p1: nochanceboy|Spikes
|
|-heal|p2a: Skarmory|55/100|[from] item: Leftovers
|upkeep
|turn|5
|
|t:|1757944397
|move|p1a: Everytime We Touch|Ceaseless Edge|p2a: Skarmory
|-damage|p2a: Skarmory|23/100
|move|p2a: Skarmory|Roost|p2a: Skarmory
|-heal|p2a: Skarmory|73/100
|-singleturn|p2a: Skarmory|move: Roost
|
|-heal|p2a: Skarmory|79/100|[from] item: Leftovers
|upkeep
|turn|6
|
|t:|1757944408
|move|p1a: Everytime We Touch|Ceaseless Edge|p2a: Skarmory
|-damage|p2a: Skarmory|49/100
|move|p2a: Skarmory|Spikes|p1a: Everytime We Touch
|-sidestart|p1: nochanceboy|Spikes
|
|-heal|p2a: Skarmory|55/100|[from] item: Leftovers
|upkeep
|turn|7
|
|t:|1757944413
|move|p1a: Everytime We Touch|Ceaseless Edge|p2a: Skarmory
|-damage|p2a: Skarmory|23/100
|move|p2a: Skarmory|Spikes|p1a: Everytime We Touch
|-sidestart|p1: nochanceboy|Spikes
|
|-heal|p2a: Skarmory|29/100|[from] item: Leftovers
|upkeep
|turn|8
|
|t:|1757944415
|move|p1a: Everytime We Touch|Ceaseless Edge|p2a: Skarmory
|-damage|p2a: Skarmory|0 fnt
|faint|p2a: Skarmory
|
|upkeep
|
|t:|1757944423
|switch|p2a: Torkoal|Torkoal, F|100/100
|-damage|p2a: Torkoal|76/100|[from] Spikes
|-weather|SunnyDay|[from] ability: Drought|[of] p2a: Torkoal
|turn|9
|
|t:|1757944431
|move|p1a: Everytime We Touch|Ceaseless Edge|p2a: Torkoal|[miss]
|-miss|p1a: Everytime We Touch|p2a: Torkoal
|move|p2a: Torkoal|Rapid Spin|p1a: Everytime We Touch
|-damage|p1a: Everytime We Touch|7/100
|-boost|p2a: Torkoal|spe|1
|-sideend|p2: kwsjjdjwjshshsjsja|Spikes|[from] move: Rapid Spin|[of] p2a: Torkoal
|
|-weather|SunnyDay|[upkeep]
|upkeep
|turn|10
|
|t:|1757944444
|move|p1a: Everytime We Touch|Ceaseless Edge|p2a: Torkoal
|-crit|p2a: Torkoal
|-damage|p2a: Torkoal|34/100
|-sidestart|p2: kwsjjdjwjshshsjsja|Spikes
|move|p2a: Torkoal|Rapid Spin|p1a: Everytime We Touch
|-damage|p1a: Everytime We Touch|0 fnt
|-boost|p2a: Torkoal|spe|1
|-sideend|p2: kwsjjdjwjshshsjsja|Spikes|[from] move: Rapid Spin|[of] p2a: Torkoal
|faint|p1a: Everytime We Touch
|
|-weather|SunnyDay|[upkeep]
|upkeep
|
|t:|1757944450
|switch|p1a: Pump It|Great Tusk|100/100
|-activate|p1a: Pump It|ability: Protosynthesis
|-start|p1a: Pump It|protosynthesisatk
|turn|11
|
|t:|1757944472
|switch|p2a: Typhlosion|Typhlosion-Hisui, M|100/100
|-item|p1a: Pump It|Heavy-Duty Boots|[from] ability: Frisk|[of] p2a: Typhlosion
|move|p1a: Pump It|Rapid Spin|p2a: Typhlosion
|-immune|p2a: Typhlosion
|
|-weather|SunnyDay|[upkeep]
|upkeep
|turn|12
|
|t:|1757944476
|-terastallize|p2a: Typhlosion|Ice
|move|p2a: Typhlosion|Tera Blast|p1a: Pump It|[anim] Tera Blast Ice
|-supereffective|p1a: Pump It
|-damage|p1a: Pump It|0 fnt
|faint|p1a: Pump It
|-end|p1a: Pump It|Protosynthesis|[silent]
|
|-weather|SunnyDay|[upkeep]
|upkeep
|
|t:|1757944495
|switch|p1a: Mindreader|Iron Crown|100/100
|-damage|p1a: Mindreader|94/100|[from] Stealth Rock
|-damage|p1a: Mindreader|69/100|[from] Spikes
|turn|13
|
|t:|1757944503
|switch|p2a: Torkoal|Torkoal, F|34/100
|move|p1a: Mindreader|Tachyon Cutter|p2a: Torkoal
|-resisted|p2a: Torkoal
|-damage|p2a: Torkoal|3/100
|-resisted|p2a: Torkoal
|-damage|p2a: Torkoal|0 fnt
|faint|p2a: Torkoal
|-hitcount|p2: Torkoal|2
|
|-weather|SunnyDay|[upkeep]
|upkeep
|
|t:|1757944508
|switch|p2a: Typhlosion|Typhlosion-Hisui, M, tera:Ice|100/100
|-item|p1a: Mindreader|Choice Specs|[from] ability: Frisk|[of] p2a: Typhlosion
|turn|14
|
|t:|1757944521
|move|p2a: Typhlosion|Eruption|p1a: Mindreader
|-supereffective|p1a: Mindreader
|-crit|p1a: Mindreader
|-damage|p1a: Mindreader|0 fnt
|faint|p1a: Mindreader
|-end|p1a: Mindreader|Quark Drive|[silent]
|
|-weather|SunnyDay|[upkeep]
|upkeep
|
|t:|1757944526
|switch|p1a: Parasite|Dragapult, F|100/100
|-damage|p1a: Parasite|88/100|[from] Stealth Rock
|-damage|p1a: Parasite|63/100|[from] Spikes
|turn|15
|l|☆kwsjjdjwjshshsjsja
|inactive|kwsjjdjwjshshsjsja disconnected and has a minute to reconnect!
|player|p2|
|inactive|kwsjjdjwjshshsjsja has 30 seconds to reconnect!
|inactive|kwsjjdjwjshshsjsja has 20 seconds to reconnect!
|inactive|kwsjjdjwjshshsjsja has 15 seconds to reconnect!
|j|☆kwsjjdjwjshshsjsja
|inactive|kwsjjdjwjshshsjsja reconnected and has 105 seconds left.
|player|p2|kwsjjdjwjshshsjsja|red|
|
|t:|1757944582
|move|p2a: Typhlosion|Eruption|p1a: Parasite
|-resisted|p1a: Parasite
|-damage|p1a: Parasite|0 fnt
|faint|p1a: Parasite
|
|-weather|SunnyDay|[upkeep]
|upkeep
|
|t:|1757944587
|switch|p1a: Revery|Iron Boulder|100/100
|-damage|p1a: Revery|88/100|[from] Stealth Rock
|-damage|p1a: Revery|63/100|[from] Spikes
|-enditem|p1a: Revery|Booster Energy
|-activate|p1a: Revery|ability: Quark Drive|[fromitem]
|-start|p1a: Revery|quarkdrivespe
|turn|16
|
|t:|1757944590
|move|p1a: Revery|Mighty Cleave|p2a: Typhlosion
|-supereffective|p2a: Typhlosion
|-damage|p2a: Typhlosion|0 fnt
|faint|p2a: Typhlosion
|
|-weather|none
|upkeep
|
|t:|1757944600
|switch|p2a: Crawdaunt|Crawdaunt, M|100/100
|turn|17
|
|t:|1757944605
|-terastallize|p1a: Revery|Fighting
|move|p1a: Revery|Close Combat|p2a: Crawdaunt
|-supereffective|p2a: Crawdaunt
|-enditem|p2a: Crawdaunt|Focus Sash
|-damage|p2a: Crawdaunt|1/100
|-unboost|p1a: Revery|def|1
|-unboost|p1a: Revery|spd|1
|move|p2a: Crawdaunt|Crabhammer|p1a: Revery
|-damage|p1a: Revery|0 fnt
|faint|p1a: Revery
|-end|p1a: Revery|Quark Drive|[silent]
|
|upkeep
|
|t:|1757944611
|switch|p1a: Hurikan|Zapdos|100/100
|turn|18
|
|t:|1757944615
|move|p1a: Hurikan|Discharge|p2a: Crawdaunt
|-supereffective|p2a: Crawdaunt
|-damage|p2a: Crawdaunt|0 fnt
|faint|p2a: Crawdaunt
|
|upkeep
|
|t:|1757944619
|switch|p2a: Iron Moth|Iron Moth|100/100
|-enditem|p2a: Iron Moth|Booster Energy
|-activate|p2a: Iron Moth|ability: Quark Drive|[fromitem]
|-start|p2a: Iron Moth|quarkdrivespa
|turn|19
|
|t:|1757944624
|move|p2a: Iron Moth|Fiery Dance|p1a: Hurikan
|-damage|p1a: Hurikan|38/100
|move|p1a: Hurikan|Discharge|p2a: Iron Moth
|-damage|p2a: Iron Moth|67/100
|
|upkeep
|turn|20
|
|t:|1757944628
|move|p2a: Iron Moth|Fiery Dance|p1a: Hurikan
|-damage|p1a: Hurikan|0 fnt
|-boost|p2a: Iron Moth|spa|1
|faint|p1a: Hurikan
|
|win|kwsjjdjwjshshsjsja
|raw|nochanceboy's rating: 1398 &rarr; <strong>1377</strong><br />(-21 for losing)
|raw|kwsjjdjwjshshsjsja's rating: 1383 &rarr; <strong>1404</strong><br />(+21 for winning)
|l|☆nochanceboy
|player|p1|
|l|☆kwsjjdjwjshshsjsja
|player|p2|
