|j|☆Underquill
|j|☆LonelySxNner
|t:|1757857600
|gametype|singles
|player|p1|Underquill|2|1314
|player|p2|LonelySxNner|102|1324
|gen|9
|tier|[Gen 9] OU
|rated|
|rule|HP Percentage Mod: HP is shown in percentages
|rule|Endless Battle Clause: Forcing endless battles is banned
|rule|Species Clause: Limit one of each Pokémon
|rule|OHKO Clause: OHKO moves are banned
|rule|Evasion Items Clause: Evasion items are banned
|rule|Evasion Moves Clause: Evasion moves are banned
|rule|Evasion Abilities Clause: Evasion abilities are banned
|rule|Sleep Moves Clause: Sleep-inducing moves are banned
|clearpoke
|poke|p1|Alomomola, M|
|poke|p1|Landorus-Therian, M|
|poke|p1|Pecharunt|
|poke|p1|Ogerpon-Wellspring, F|
|poke|p1|Scizor, F|
|poke|p1|Scream Tail|
|poke|p2|Meloetta|
|poke|p2|Typhlosion-Hisui, F|
|poke|p2|Ceruledge, F|
|poke|p2|Grimmsnarl, M|
|poke|p2|Greninja-*, M|
|poke|p2|Hoopa-Unbound|
|teampreview
|inactive|Battle timer is ON: inactive players will automatically lose when time's up. (requested by Underquill)
|
|t:|1757857610
|teamsize|p1|6
|teamsize|p2|6
|start
|switch|p1a: Ogerpon|Ogerpon-Wellspring, F|100/100
|switch|p2a: Typhlosion|Typhlosion-Hisui, F|100/100
|-item|p1a: Ogerpon|Wellspring Mask|[from] ability: Frisk|[of] p2a: Typhlosion
|turn|1
|
|t:|1757857613
|move|p2a: Typhlosion|Eruption|p1a: Ogerpon
|-damage|p1a: Ogerpon|13/100
|move|p1a: Ogerpon|Ivy Cudgel|p2a: Typhlosion|[anim] Ivy Cudgel Water
|-supereffective|p2a: Typhlosion
|-damage|p2a: Typhlosion|0 fnt
|faint|p2a: Typhlosion
|
|upkeep
|
|t:|1757857626
|switch|p2a: Grimmsnarl|Grimmsnarl, M|100/100
|turn|2
|
|t:|1757857629
|move|p2a: Grimmsnarl|Reflect|p2a: Grimmsnarl
|-sidestart|p2: LonelySxNner|Reflect
|move|p1a: Ogerpon|Encore|p2a: Grimmsnarl
|-start|p2a: Grimmsnarl|Encore
|
|upkeep
|turn|3
|
|t:|1757857633
|switch|p2a: Ceruledge|Ceruledge, F|100/100
|move|p1a: Ogerpon|Swords Dance|p1a: Ogerpon
|-boost|p1a: Ogerpon|atk|2
|
|upkeep
|turn|4
|
|t:|1757857637
|switch|p2a: Greninja|Greninja, M|100/100
|move|p1a: Ogerpon|Ivy Cudgel|p2a: Greninja|[anim] Ivy Cudgel Water
|-resisted|p2a: Greninja
|-damage|p2a: Greninja|54/100
|
|upkeep
|turn|5
|
|t:|1757857645
|switch|p1a: Alomomola|Alomomola, M|100/100
|move|p2a: Greninja|Dark Pulse|p1a: Alomomola
|-damage|p1a: Alomomola|25/100
|
|upkeep
|turn|6
|
|t:|1757857659
|move|p2a: Greninja|Dark Pulse|p1a: Alomomola
|-damage|p1a: Alomomola|0 fnt
|faint|p1a: Alomomola
|-ability|p2a: Greninja|Battle Bond|boost
|-boost|p2a: Greninja|atk|1
|-boost|p2a: Greninja|spa|1
|-boost|p2a: Greninja|spe|1
|-activate|p2a: Greninja|ability: Battle Bond
|
|upkeep
|
|t:|1757857662
|switch|p1a: Scream Tail|Scream Tail|100/100
|-enditem|p1a: Scream Tail|Booster Energy
|-activate|p1a: Scream Tail|ability: Protosynthesis|[fromitem]
|-start|p1a: Scream Tail|protosynthesisspd
|turn|7
|
|t:|1757857668
|-terastallize|p1a: Scream Tail|Normal
|move|p2a: Greninja|Dark Pulse|p1a: Scream Tail
|-damage|p1a: Scream Tail|50/100
|cant|p1a: Scream Tail|flinch
|
|upkeep
|turn|8
|-message|Underquill forfeited.
|
|win|LonelySxNner
|raw|Underquill's rating: 1314 &rarr; <strong>1295</strong><br />(-19 for losing)
|raw|LonelySxNner's rating: 1324 &rarr; <strong>1343</strong><br />(+19 for winning)
|l|☆Underquill
|player|p1|
|l|☆LonelySxNner
|player|p2|
