|j|☆baivic
|j|☆alex12381723898
|t:|1757921336
|gametype|singles
|player|p1|baivic|1|1479
|player|p2|alex12381723898|102|1486
|gen|9
|tier|[Gen 9] OU
|rated|
|rule|HP Percentage Mod: HP is shown in percentages
|rule|Endless Battle Clause: Forcing endless battles is banned
|rule|Species Clause: Limit one of each Pokémon
|rule|OHKO Clause: OHKO moves are banned
|rule|Evasion Items Clause: Evasion items are banned
|rule|Evasion Moves Clause: Evasion moves are banned
|rule|Evasion Abilities Clause: Evasion abilities are banned
|rule|Sleep Moves Clause: Sleep-inducing moves are banned
|clearpoke
|poke|p1|Dragapult, F|
|poke|p1|Ting-Lu|
|poke|p1|Weezing-Galar, F|
|poke|p1|Iron Crown|
|poke|p1|Zapdos|
|poke|p1|Lokix, M|
|poke|p2|Kyurem|
|poke|p2|Zamazenta-*|
|poke|p2|Meowscarada, M|
|poke|p2|Kingambit, F|
|poke|p2|Slowking-Galar, F|
|poke|p2|Skarmory, F|
|teampreview
|inactive|Battle timer is ON: inactive players will automatically lose when time's up. (requested by alex12381723898)
|
|t:|1757921349
|teamsize|p1|6
|teamsize|p2|6
|start
|switch|p1a: Weezing|Weezing-Galar, F|100/100
|switch|p2a: Skarmory|Skarmory, F|100/100
|-ability|p1a: Weezing|Neutralizing Gas
|turn|1
|
|t:|1757921358
|switch|p2a: Slowking|Slowking-Galar, F|100/100
|move|p1a: Weezing|Will-O-Wisp|p2a: Slowking
|-status|p2a: Slowking|brn
|
|-damage|p2a: Slowking|94/100 brn|[from] brn
|upkeep
|turn|2
|
|t:|1757921365
|-end|p1a: Weezing|ability: Neutralizing Gas
|switch|p1a: Iron Crown|Iron Crown|100/100
|move|p2a: Slowking|Future Sight|p1a: Iron Crown
|-start|p2a: Slowking|move: Future Sight
|
|-damage|p2a: Slowking|88/100 brn|[from] brn
|upkeep
|turn|3
|
|t:|1757921383
|move|p1a: Iron Crown|Volt Switch|p2a: Slowking
|-crit|p2a: Slowking
|-damage|p2a: Slowking|55/100 brn
|
|t:|1757921387
|-end|p1a: Iron Crown|Quark Drive|[silent]
|switch|p1a: Ting-Lu|Ting-Lu|100/100|[from] Volt Switch
|-ability|p1a: Ting-Lu|Vessel of Ruin
|-prepare|p2a: Slowking|Chilly Reception|[premajor]
|move|p2a: Slowking|Chilly Reception|p2a: Slowking
|-weather|Snowscape
|
|t:|1757921390
|switch|p2a: Meowscarada|Meowscarada, M|100/100|[from] Chilly Reception
|
|-weather|Snowscape|[upkeep]
|upkeep
|turn|4
|
|t:|1757921414
|move|p2a: Meowscarada|Knock Off|p1a: Ting-Lu
|-start|p2a: Meowscarada|typechange|Dark|[from] ability: Protean
|-resisted|p1a: Ting-Lu
|-damage|p1a: Ting-Lu|89/100
|-enditem|p1a: Ting-Lu|Leftovers|[from] move: Knock Off|[of] p2a: Meowscarada
|move|p1a: Ting-Lu|Ruination|p2a: Meowscarada
|-damage|p2a: Meowscarada|51/100
|
|-weather|Snowscape|[upkeep]
|-end|p1a: Ting-Lu|move: Future Sight
|-immune|p1a: Ting-Lu
|upkeep
|turn|5
|
|t:|1757921426
|switch|p2a: Skarmory|Skarmory, F|100/100
|move|p1a: Ting-Lu|Stealth Rock|p2a: Skarmory
|-sidestart|p2: alex12381723898|move: Stealth Rock
|
|-weather|Snowscape|[upkeep]
|upkeep
|turn|6
|
|t:|1757921431
|switch|p1a: Weezing|Weezing-Galar, F|100/100
|-ability|p1a: Weezing|Neutralizing Gas
|move|p2a: Skarmory|Stealth Rock|p1a: Weezing
|-sidestart|p1: baivic|move: Stealth Rock
|
|-weather|Snowscape|[upkeep]
|upkeep
|turn|7
|
|t:|1757921436
|switch|p2a: Slowking|Slowking-Galar, F|88/100 brn
|move|p1a: Weezing|Defog|p2a: Slowking
|-unboost|p2a: Slowking|evasion|1
|-sideend|p2: alex12381723898|Stealth Rock|[from] move: Defog|[of] p1a: Weezing
|-sideend|p1: baivic|Stealth Rock|[from] move: Defog|[of] p1a: Weezing
|
|-weather|none
|-damage|p2a: Slowking|82/100 brn|[from] brn
|upkeep
|turn|8
|
|t:|1757921450
|-end|p1a: Weezing|ability: Neutralizing Gas
|switch|p1a: Iron Crown|Iron Crown|100/100
|move|p2a: Slowking|Future Sight|p1a: Iron Crown
|-start|p2a: Slowking|move: Future Sight
|
|-damage|p2a: Slowking|76/100 brn|[from] brn
|upkeep
|turn|9
|
|t:|1757921456
|move|p1a: Iron Crown|Psyshock|p2a: Slowking
|-damage|p2a: Slowking|10/100 brn
|-prepare|p2a: Slowking|Chilly Reception|[premajor]
|move|p2a: Slowking|Chilly Reception|p2a: Slowking
|-weather|Snowscape
|
|t:|1757921473
|switch|p2a: Meowscarada|Meowscarada, M|51/100|[from] Chilly Reception
|
|-weather|Snowscape|[upkeep]
|upkeep
|turn|10
|inactive|baivic has 120 seconds left.
|
|t:|1757921509
|-end|p1a: Iron Crown|Quark Drive|[silent]
|switch|p1a: Weezing|Weezing-Galar, F|100/100
|-ability|p1a: Weezing|Neutralizing Gas
|move|p2a: Meowscarada|Flower Trick|p1a: Weezing
|-resisted|p1a: Weezing
|-crit|p1a: Weezing
|-damage|p1a: Weezing|85/100
|
|-weather|Snowscape|[upkeep]
|-end|p1a: Weezing|move: Future Sight
|-supereffective|p1a: Weezing
|-damage|p1a: Weezing|0 fnt
|faint|p1a: Weezing
|-end|p1a: Weezing|ability: Neutralizing Gas
|upkeep
|
|t:|1757921517
|switch|p1a: Lokix|Lokix, M|100/100
|turn|11
|inactive|baivic has 120 seconds left.
|
|t:|1757921527
|switch|p2a: Skarmory|Skarmory, F|100/100
|switch|p1a: Zapdos|Zapdos|100/100
|
|-weather|Snowscape|[upkeep]
|upkeep
|turn|12
|
|t:|1757921541
|switch|p2a: Kyurem|Kyurem|100/100
|-ability|p2a: Kyurem|Pressure
|move|p1a: Zapdos|Hurricane|p2a: Kyurem
|-damage|p2a: Kyurem|50/100
|
|-weather|Snowscape|[upkeep]
|upkeep
|turn|13
|
|t:|1757921551
|move|p1a: Zapdos|Hurricane|p2a: Kyurem|[miss]
|-miss|p1a: Zapdos|p2a: Kyurem
|move|p2a: Kyurem|Icicle Spear|p1a: Zapdos
|-supereffective|p1a: Zapdos
|-damage|p1a: Zapdos|68/100
|-supereffective|p1a: Zapdos
|-damage|p1a: Zapdos|35/100
|-supereffective|p1a: Zapdos
|-damage|p1a: Zapdos|1/100
|-supereffective|p1a: Zapdos
|-damage|p1a: Zapdos|0 fnt
|faint|p1a: Zapdos
|-hitcount|p1: Zapdos|4
|
|-weather|none
|upkeep
|
|t:|1757921556
|switch|p1a: Dragapult|Dragapult, F|100/100
|turn|14
|
|t:|1757921559
|switch|p2a: Kingambit|Kingambit, F|100/100
|move|p1a: Dragapult|Dragon Darts|p2a: Kingambit
|-resisted|p2a: Kingambit
|-damage|p2a: Kingambit|93/100
|-anim|p1a: Dragapult|Dragon Darts|p2a: Kingambit
|-resisted|p2a: Kingambit
|-damage|p2a: Kingambit|86/100
|
|upkeep
|turn|15
|
|t:|1757921562
|move|p1a: Dragapult|Will-O-Wisp|p2a: Kingambit
|-status|p2a: Kingambit|brn
|move|p2a: Kingambit|Kowtow Cleave|p1a: Dragapult
|-supereffective|p1a: Dragapult
|-damage|p1a: Dragapult|12/100
|
|-damage|p2a: Kingambit|80/100 brn|[from] brn
|upkeep
|turn|16
|
|t:|1757921567
|switch|p1a: Ting-Lu|Ting-Lu|89/100
|-ability|p1a: Ting-Lu|Vessel of Ruin
|move|p2a: Kingambit|Sucker Punch||[still]
|-fail|p2a: Kingambit
|
|-damage|p2a: Kingambit|74/100 brn|[from] brn
|upkeep
|turn|17
|
|t:|1757921570
|-end|p2a: Kingambit|fallenundefined|[silent]
|switch|p2a: Skarmory|Skarmory, F|100/100
|switch|p1a: Iron Crown|Iron Crown|100/100
|
|upkeep
|turn|18
|
|t:|1757921578
|switch|p2a: Kingambit|Kingambit, F|74/100 brn
|move|p1a: Iron Crown|Volt Switch|p2a: Kingambit
|-damage|p2a: Kingambit|38/100 brn
|
|t:|1757921583
|-end|p1a: Iron Crown|Quark Drive|[silent]
|switch|p1a: Lokix|Lokix, M|100/100|[from] Volt Switch
|
|-damage|p2a: Kingambit|32/100 brn|[from] brn
|upkeep
|turn|19
|
|t:|1757921592
|move|p1a: Lokix|First Impression|p2a: Kingambit
|-damage|p2a: Kingambit|0 fnt
|faint|p2a: Kingambit
|-end|p2a: Kingambit|fallenundefined|[silent]
|
|upkeep
|
|t:|1757921595
|switch|p2a: Skarmory|Skarmory, F|100/100
|turn|20
|
|t:|1757921601
|switch|p1a: Iron Crown|Iron Crown|100/100
|move|p2a: Skarmory|Stealth Rock|p1a: Iron Crown
|-sidestart|p1: baivic|move: Stealth Rock
|
|upkeep
|turn|21
|
|t:|1757921621
|switch|p2a: Meowscarada|Meowscarada, M|51/100
|move|p1a: Iron Crown|Volt Switch|p2a: Meowscarada
|-resisted|p2a: Meowscarada
|-damage|p2a: Meowscarada|24/100
|
|t:|1757921632
|-end|p1a: Iron Crown|Quark Drive|[silent]
|switch|p1a: Dragapult|Dragapult, F|12/100|[from] Volt Switch
|
|upkeep
|turn|22
|
|t:|1757921638
|move|p2a: Meowscarada|Knock Off|p1a: Dragapult
|-start|p2a: Meowscarada|typechange|Dark|[from] ability: Protean
|-supereffective|p1a: Dragapult
|-damage|p1a: Dragapult|0 fnt
|-enditem|p1a: Dragapult|Heavy-Duty Boots|[from] move: Knock Off|[of] p2a: Meowscarada
|faint|p1a: Dragapult
|
|upkeep
|
|t:|1757921648
|switch|p1a: Iron Crown|Iron Crown|100/100
|-damage|p1a: Iron Crown|94/100|[from] Stealth Rock
|turn|23
|
|t:|1757921657
|switch|p2a: Slowking|Slowking-Galar, F|44/100 brn
|-end|p1a: Iron Crown|Quark Drive|[silent]
|switch|p1a: Ting-Lu|Ting-Lu|89/100
|-damage|p1a: Ting-Lu|83/100|[from] Stealth Rock
|-ability|p1a: Ting-Lu|Vessel of Ruin
|
|-damage|p2a: Slowking|38/100 brn|[from] brn
|upkeep
|turn|24
|
|t:|1757921665
|switch|p2a: Skarmory|Skarmory, F|100/100
|move|p1a: Ting-Lu|Earthquake|p2a: Skarmory
|-immune|p2a: Skarmory
|
|upkeep
|turn|25
|
|t:|1757921670
|move|p2a: Skarmory|Body Press|p1a: Ting-Lu
|-supereffective|p1a: Ting-Lu
|-damage|p1a: Ting-Lu|46/100
|move|p1a: Ting-Lu|Ruination|p2a: Skarmory
|-damage|p2a: Skarmory|50/100
|
|upkeep
|turn|26
|
|t:|1757921675
|switch|p1a: Iron Crown|Iron Crown|94/100
|-damage|p1a: Iron Crown|88/100|[from] Stealth Rock
|move|p2a: Skarmory|Body Press|p1a: Iron Crown
|-damage|p1a: Iron Crown|55/100
|
|upkeep
|turn|27
|
|t:|1757921679
|switch|p2a: Slowking|Slowking-Galar, F|71/100 brn
|move|p1a: Iron Crown|Volt Switch|p2a: Slowking
|-damage|p2a: Slowking|51/100 brn
|
|t:|1757921682
|-end|p1a: Iron Crown|Quark Drive|[silent]
|switch|p1a: Ting-Lu|Ting-Lu|46/100|[from] Volt Switch
|-damage|p1a: Ting-Lu|40/100|[from] Stealth Rock
|-ability|p1a: Ting-Lu|Vessel of Ruin
|
|-damage|p2a: Slowking|45/100 brn|[from] brn
|upkeep
|turn|28
|
|t:|1757921686
|switch|p1a: Iron Crown|Iron Crown|55/100
|-damage|p1a: Iron Crown|49/100|[from] Stealth Rock
|switch|p2a: Skarmory|Skarmory, F|50/100
|
|upkeep
|turn|29
|
|t:|1757921695
|switch|p2a: Meowscarada|Meowscarada, M|24/100
|-terastallize|p1a: Iron Crown|Steel
|move|p1a: Iron Crown|Tachyon Cutter|p2a: Meowscarada
|-damage|p2a: Meowscarada|0 fnt
|faint|p2a: Meowscarada
|-hitcount|p2: Meowscarada|1
|
|upkeep
|
|t:|1757921704
|switch|p2a: Zamazenta|Zamazenta|100/100
|-ability|p2a: Zamazenta|Dauntless Shield|boost
|-boost|p2a: Zamazenta|def|1
|turn|30
|
|t:|1757921713
|-end|p1a: Iron Crown|Quark Drive|[silent]
|switch|p1a: Ting-Lu|Ting-Lu|40/100
|-damage|p1a: Ting-Lu|34/100|[from] Stealth Rock
|-ability|p1a: Ting-Lu|Vessel of Ruin
|move|p2a: Zamazenta|Close Combat|p1a: Ting-Lu
|-supereffective|p1a: Ting-Lu
|-damage|p1a: Ting-Lu|0 fnt
|-unboost|p2a: Zamazenta|def|1
|-unboost|p2a: Zamazenta|spd|1
|faint|p1a: Ting-Lu
|
|upkeep
|
|t:|1757921718
|switch|p1a: Lokix|Lokix, M|100/100
|-damage|p1a: Lokix|76/100|[from] Stealth Rock
|turn|31
|
|t:|1757921725
|switch|p2a: Skarmory|Skarmory, F|50/100
|move|p1a: Lokix|Leech Life|p2a: Skarmory
|-resisted|p2a: Skarmory
|-damage|p2a: Skarmory|33/100
|-heal|p1a: Lokix|86/100|[from] drain|[of] p2a: Skarmory
|-damage|p1a: Lokix|70/100|[from] item: Rocky Helmet|[of] p2a: Skarmory
|
|upkeep
|turn|32
|
|t:|1757921730
|move|p1a: Lokix|Leech Life|p2a: Skarmory
|-resisted|p2a: Skarmory
|-damage|p2a: Skarmory|15/100
|-heal|p1a: Lokix|80/100|[from] drain|[of] p2a: Skarmory
|-damage|p1a: Lokix|63/100|[from] item: Rocky Helmet|[of] p2a: Skarmory
|move|p2a: Skarmory|Roost|p2a: Skarmory
|-heal|p2a: Skarmory|65/100
|-singleturn|p2a: Skarmory|move: Roost
|
|upkeep
|turn|33
|
|t:|1757921734
|switch|p1a: Iron Crown|Iron Crown, tera:Steel|49/100
|-damage|p1a: Iron Crown|43/100|[from] Stealth Rock
|move|p2a: Skarmory|Body Press|p1a: Iron Crown
|-supereffective|p1a: Iron Crown
|-damage|p1a: Iron Crown|0 fnt
|faint|p1a: Iron Crown
|-end|p1a: Iron Crown|Quark Drive|[silent]
|
|upkeep
|-message|baivic forfeited.
|
|win|alex12381723898
|raw|baivic's rating: 1479 &rarr; <strong>1459</strong><br />(-20 for losing)
|raw|alex12381723898's rating: 1486 &rarr; <strong>1506</strong><br />(+20 for winning)
|l|☆baivic
|player|p1|
