|j|☆babouxr
|j|☆prakshep
|t:|1757926019
|gametype|singles
|player|p1|babouxr|1|1371
|player|p2|prakshep|nate|1376
|gen|9
|tier|[Gen 9] OU
|rated|
|rule|HP Percentage Mod: HP is shown in percentages
|rule|Endless Battle Clause: Forcing endless battles is banned
|rule|Species Clause: Limit one of each Pokémon
|rule|OHKO Clause: OHKO moves are banned
|rule|Evasion Items Clause: Evasion items are banned
|rule|Evasion Moves Clause: Evasion moves are banned
|rule|Evasion Abilities Clause: Evasion abilities are banned
|rule|Sleep Moves Clause: Sleep-inducing moves are banned
|clearpoke
|poke|p1|Iron Crown|
|poke|p1|Samurott-Hisui, F|
|poke|p1|Zapdos|
|poke|p1|Dragapult, F|
|poke|p1|Great Tusk|
|poke|p1|Iron Boulder|
|poke|p2|Enamorus, F|
|poke|p2|Sandy Shocks|
|poke|p2|Great Tusk|
|poke|p2|Ceruledge, M|
|poke|p2|Kingambit, M|
|poke|p2|Ribombee, M|
|teampreview
|inactive|Battle timer is ON: inactive players will automatically lose when time's up. (requested by prakshep)
|
|t:|1757926025
|teamsize|p1|6
|teamsize|p2|6
|start
|switch|p1a: Everytime We Touch|Samurott-Hisui, F|100/100
|switch|p2a: Ribombee|Ribombee, M, shiny|100/100
|turn|1
|
|t:|1757926051
|move|p1a: Everytime We Touch|Razor Shell|p2a: Ribombee
|-enditem|p2a: Ribombee|Focus Sash
|-damage|p2a: Ribombee|1/100
|move|p2a: Ribombee|Sticky Web|p1a: Everytime We Touch
|-sidestart|p1: babouxr|move: Sticky Web
|
|upkeep
|turn|2
|
|t:|1757926069
|move|p1a: Everytime We Touch|Razor Shell|p2a: Ribombee
|-damage|p2a: Ribombee|0 fnt
|faint|p2a: Ribombee
|
|upkeep
|inactive|prakshep has 120 seconds left.
|
|t:|1757926086
|switch|p2a: Ceruledge|Ceruledge, M|100/100
|turn|3
|
|t:|1757926098
|move|p1a: Everytime We Touch|Razor Shell|p2a: Ceruledge
|-supereffective|p2a: Ceruledge
|-enditem|p2a: Ceruledge|Focus Sash
|-damage|p2a: Ceruledge|1/100
|-ability|p2a: Ceruledge|Weak Armor|boost
|-unboost|p2a: Ceruledge|def|1
|-boost|p2a: Ceruledge|spe|2
|move|p2a: Ceruledge|Swords Dance|p2a: Ceruledge
|-boost|p2a: Ceruledge|atk|2
|
|upkeep
|turn|4
|inactive|babouxr has 120 seconds left.
|
|t:|1757926125
|switch|p1a: Hurikan|Zapdos|100/100
|move|p2a: Ceruledge|Close Combat|p1a: Hurikan
|-resisted|p1a: Hurikan
|-damage|p1a: Hurikan|66/100
|-unboost|p2a: Ceruledge|def|1
|-unboost|p2a: Ceruledge|spd|1
|
|upkeep
|turn|5
|inactive|babouxr has 120 seconds left.
|
|t:|1757926139
|move|p2a: Ceruledge|Bitter Blade|p1a: Hurikan
|-damage|p1a: Hurikan|0 fnt
|-heal|p2a: Ceruledge|44/100|[from] drain|[of] p1a: Hurikan
|faint|p1a: Hurikan
|
|upkeep
|inactive|babouxr has 120 seconds left.
|
|t:|1757926145
|switch|p1a: Pump It|Great Tusk|100/100
|turn|6
|
|t:|1757926158
|move|p2a: Ceruledge|Bitter Blade|p1a: Pump It
|-damage|p1a: Pump It|29/100
|-heal|p2a: Ceruledge|90/100|[from] drain|[of] p1a: Pump It
|move|p1a: Pump It|Headlong Rush|p2a: Ceruledge
|-supereffective|p2a: Ceruledge
|-damage|p2a: Ceruledge|0 fnt
|-unboost|p1a: Pump It|def|1
|-unboost|p1a: Pump It|spd|1
|faint|p2a: Ceruledge
|
|upkeep
|
|t:|1757926164
|switch|p2a: Enamorus|Enamorus, F|100/100
|turn|7
|
|t:|1757926170
|-end|p1a: Pump It|Protosynthesis|[silent]
|switch|p1a: Mindreader|Iron Crown|100/100
|-activate|p1a: Mindreader|move: Sticky Web
|-unboost|p1a: Mindreader|spe|1
|move|p2a: Enamorus|Moonblast|p1a: Mindreader
|-resisted|p1a: Mindreader
|-damage|p1a: Mindreader|73/100
|
|upkeep
|turn|8
|
|t:|1757926183
|move|p2a: Enamorus|Earth Power|p1a: Mindreader
|-supereffective|p1a: Mindreader
|-damage|p1a: Mindreader|11/100
|move|p1a: Mindreader|Psyshock|p2a: Enamorus
|-damage|p2a: Enamorus|14/100
|
|upkeep
|turn|9
|
|t:|1757926190
|move|p2a: Enamorus|Mystical Fire|p1a: Mindreader
|-supereffective|p1a: Mindreader
|-crit|p1a: Mindreader
|-damage|p1a: Mindreader|0 fnt
|faint|p1a: Mindreader
|-end|p1a: Mindreader|Quark Drive|[silent]
|
|upkeep
|
|t:|1757926214
|switch|p1a: Revery|Iron Boulder|100/100
|-activate|p1a: Revery|move: Sticky Web
|-unboost|p1a: Revery|spe|1
|-enditem|p1a: Revery|Booster Energy
|-activate|p1a: Revery|ability: Quark Drive|[fromitem]
|-start|p1a: Revery|quarkdriveatk
|turn|10
|
|t:|1757926223
|move|p2a: Enamorus|Earth Power|p1a: Revery
|-supereffective|p1a: Revery
|-damage|p1a: Revery|41/100
|move|p1a: Revery|Mighty Cleave|p2a: Enamorus
|-supereffective|p2a: Enamorus
|-damage|p2a: Enamorus|0 fnt
|faint|p2a: Enamorus
|
|upkeep
|
|t:|1757926242
|switch|p2a: Sandy Shocks|Sandy Shocks|100/100
|-enditem|p2a: Sandy Shocks|Booster Energy
|-activate|p2a: Sandy Shocks|ability: Protosynthesis|[fromitem]
|-start|p2a: Sandy Shocks|protosynthesisspa
|turn|11
|
|t:|1757926258
|move|p2a: Sandy Shocks|Earth Power|p1a: Revery
|-supereffective|p1a: Revery
|-damage|p1a: Revery|0 fnt
|faint|p1a: Revery
|-end|p1a: Revery|Quark Drive|[silent]
|
|upkeep
|inactive|babouxr has 120 seconds left.
|
|t:|1757926280
|switch|p1a: Parasite|Dragapult, F|100/100
|-activate|p1a: Parasite|move: Sticky Web
|-fail|p1a: Parasite|unboost|[from] ability: Clear Body|[of] p1a: Parasite
|turn|12
|inactive|babouxr has 120 seconds left.
|
|t:|1757926294
|-terastallize|p2a: Sandy Shocks|Ice
|move|p1a: Parasite|Dragon Darts|p2a: Sandy Shocks
|-damage|p2a: Sandy Shocks|61/100
|-anim|p1a: Parasite|Dragon Darts|p2a: Sandy Shocks
|-damage|p2a: Sandy Shocks|18/100
|move|p2a: Sandy Shocks|Tera Blast|p1a: Parasite|[anim] Tera Blast Ice
|-supereffective|p1a: Parasite
|-damage|p1a: Parasite|0 fnt
|faint|p1a: Parasite
|
|upkeep
|inactive|babouxr has 120 seconds left.
|
|t:|1757926308
|switch|p1a: Everytime We Touch|Samurott-Hisui, F|100/100
|-activate|p1a: Everytime We Touch|move: Sticky Web
|-unboost|p1a: Everytime We Touch|spe|1
|turn|13
|inactive|babouxr has 120 seconds left.
|
|t:|1757926314
|move|p2a: Sandy Shocks|Thunderbolt|p1a: Everytime We Touch
|-supereffective|p1a: Everytime We Touch
|-damage|p1a: Everytime We Touch|0 fnt
|faint|p1a: Everytime We Touch
|
|upkeep
|inactive|babouxr has 120 seconds left.
|-message|babouxr forfeited.
|
|win|prakshep
|raw|babouxr's rating: 1371 &rarr; <strong>1351</strong><br />(-20 for losing)
|raw|prakshep's rating: 1376 &rarr; <strong>1396</strong><br />(+20 for winning)
|l|☆babouxr
|player|p1|
|l|☆prakshep
|player|p2|
