|j|☆Slim Summers
|j|☆imgodslayer
|t:|1757863645
|gametype|singles
|player|p1|Slim Summers|blue|1477
|player|p2|imgodslayer|benga|1476
|gen|9
|tier|[Gen 9] OU
|rated|
|rule|HP Percentage Mod: HP is shown in percentages
|rule|Endless Battle Clause: Forcing endless battles is banned
|rule|Species Clause: Limit one of each Pokémon
|rule|OHKO Clause: OHKO moves are banned
|rule|Evasion Items Clause: Evasion items are banned
|rule|Evasion Moves Clause: Evasion moves are banned
|rule|Evasion Abilities Clause: Evasion abilities are banned
|rule|Sleep Moves Clause: Sleep-inducing moves are banned
|clearpoke
|poke|p1|Samurott-Hisui, M|
|poke|p1|Scizor, M|
|poke|p1|Zapdos|
|poke|p1|Landorus-Therian, M|
|poke|p1|Iron Crown|
|poke|p1|Pecharunt|
|poke|p2|Araquanid, M|
|poke|p2|Pelipper, M|
|poke|p2|Raging Bolt|
|poke|p2|Great Tusk|
|poke|p2|Poliwrath, F|
|poke|p2|Goodra-Hisui, F|
|teampreview
|
|t:|1757863652
|teamsize|p1|6
|teamsize|p2|6
|start
|switch|p1a: Iron Crown|Iron Crown|100/100
|switch|p2a: Pelipper|Pelipper, M|100/100
|-weather|RainDance|[from] ability: Drizzle|[of] p2a: Pelipper
|turn|1
|
|t:|1757863671
|move|p1a: Iron Crown|Future Sight|p2a: Pelipper
|-start|p1a: Iron Crown|move: Future Sight
|move|p2a: Pelipper|Weather Ball|p1a: Iron Crown
|-damage|p1a: Iron Crown|56/100
|
|-weather|RainDance|[upkeep]
|upkeep
|turn|2
|
|t:|1757863677
|switch|p2a: Goodra|Goodra-Hisui, F|100/100
|move|p1a: Iron Crown|Volt Switch|p2a: Goodra
|-resisted|p2a: Goodra
|-crit|p2a: Goodra
|-damage|p2a: Goodra|92/100
|inactive|Battle timer is ON: inactive players will automatically lose when time's up. (requested by imgodslayer)
|
|t:|1757863694
|-end|p1a: Iron Crown|Quark Drive|[silent]
|switch|p1a: Scizor|Scizor, M|100/100|[from] Volt Switch
|
|-weather|RainDance|[upkeep]
|upkeep
|turn|3
|
|t:|1757863700
|switch|p2a: Araquanid|Araquanid, M|100/100
|move|p1a: Scizor|Knock Off|p2a: Araquanid
|-damage|p2a: Araquanid|36/100
|-enditem|p2a: Araquanid|Choice Band|[from] move: Knock Off|[of] p1a: Scizor
|
|-weather|RainDance|[upkeep]
|-end|p2a: Araquanid|move: Future Sight
|-damage|p2a: Araquanid|0 fnt
|faint|p2a: Araquanid
|upkeep
|
|t:|1757863706
|switch|p2a: Great Tusk|Great Tusk|100/100
|turn|4
|
|t:|1757863714
|switch|p1a: Landorus|Landorus-Therian, M|100/100
|-ability|p1a: Landorus|Intimidate|boost
|-unboost|p2a: Great Tusk|atk|1
|move|p2a: Great Tusk|Stealth Rock|p1a: Landorus
|-sidestart|p1: Slim Summers|move: Stealth Rock
|
|-weather|RainDance|[upkeep]
|upkeep
|turn|5
|
|t:|1757863724
|-end|p2a: Great Tusk|Protosynthesis|[silent]
|switch|p2a: Pelipper|Pelipper, M|100/100
|move|p1a: Landorus|Earthquake|p2a: Pelipper
|-immune|p2a: Pelipper
|
|-weather|RainDance|[upkeep]
|upkeep
|turn|6
|
|t:|1757863730
|move|p1a: Landorus|Stone Edge|p2a: Pelipper|[miss]
|-miss|p1a: Landorus|p2a: Pelipper
|move|p2a: Pelipper|Weather Ball|p1a: Landorus
|-supereffective|p1a: Landorus
|-damage|p1a: Landorus|0 fnt
|faint|p1a: Landorus
|
|-weather|RainDance|[upkeep]
|upkeep
|
|t:|1757863739
|switch|p1a: Zapdos|Zapdos|100/100
|turn|7
|
|t:|1757863743
|switch|p2a: Goodra|Goodra-Hisui, F|92/100
|move|p1a: Zapdos|Hurricane|p2a: Goodra
|-resisted|p2a: Goodra
|-damage|p2a: Goodra|82/100
|
|-weather|RainDance|[upkeep]
|upkeep
|turn|8
|
|t:|1757863749
|move|p1a: Zapdos|Volt Switch|p2a: Goodra
|-resisted|p2a: Goodra
|-damage|p2a: Goodra|75/100
|
|t:|1757863758
|switch|p1a: Scizor|Scizor, M|100/100|[from] Volt Switch
|-damage|p1a: Scizor|88/100|[from] Stealth Rock
|move|p2a: Goodra|Ice Beam|p1a: Scizor
|-resisted|p1a: Scizor
|-damage|p1a: Scizor|67/100
|
|-weather|none
|upkeep
|turn|9
|
|t:|1757863767
|switch|p2a: Great Tusk|Great Tusk|100/100
|move|p1a: Scizor|U-turn|p2a: Great Tusk
|-resisted|p2a: Great Tusk
|-damage|p2a: Great Tusk|83/100
|-damage|p1a: Scizor|50/100|[from] item: Rocky Helmet|[of] p2a: Great Tusk
|
|t:|1757863796
|switch|p1a: Pecharunt|Pecharunt|100/100|[from] U-turn
|
|upkeep
|turn|10
|
|t:|1757863805
|move|p1a: Pecharunt|Parting Shot|p2a: Great Tusk
|-unboost|p2a: Great Tusk|atk|1
|-unboost|p2a: Great Tusk|spa|1
|
|t:|1757863809
|switch|p1a: Zapdos|Zapdos|100/100|[from] Parting Shot
|move|p2a: Great Tusk|Headlong Rush|p1a: Zapdos
|-immune|p1a: Zapdos
|
|upkeep
|turn|11
|
|t:|1757863815
|-end|p2a: Great Tusk|Protosynthesis|[silent]
|switch|p2a: Pelipper|Pelipper, M|100/100
|-weather|RainDance|[from] ability: Drizzle|[of] p2a: Pelipper
|move|p1a: Zapdos|Volt Switch|p2a: Pelipper
|-supereffective|p2a: Pelipper
|-damage|p2a: Pelipper|0 fnt
|faint|p2a: Pelipper
|
|t:|1757863826
|switch|p1a: Samurott|Samurott-Hisui, M|100/100|[from] Volt Switch
|-damage|p1a: Samurott|88/100|[from] Stealth Rock
|
|-weather|RainDance|[upkeep]
|upkeep
|
|t:|1757863828
|switch|p2a: Poliwrath|Poliwrath, F|100/100
|turn|12
|
|t:|1757863841
|move|p2a: Poliwrath|Belly Drum|p2a: Poliwrath
|-damage|p2a: Poliwrath|51/100
|-setboost|p2a: Poliwrath|atk|6|[from] move: Belly Drum
|move|p1a: Samurott|Flip Turn|p2a: Poliwrath
|-resisted|p2a: Poliwrath
|-damage|p2a: Poliwrath|26/100
|-enditem|p2a: Poliwrath|Sitrus Berry|[eat]
|-heal|p2a: Poliwrath|51/100|[from] item: Sitrus Berry
|inactive|Slim Summers has 120 seconds left.
|
|t:|1757863887
|switch|p1a: Pecharunt|Pecharunt|100/100|[from] Flip Turn
|
|-weather|RainDance|[upkeep]
|upkeep
|turn|13
|inactive|Slim Summers has 90 seconds left.
|
|t:|1757863910
|move|p2a: Poliwrath|Earthquake|p1a: Pecharunt
|-supereffective|p1a: Pecharunt
|-damage|p1a: Pecharunt|0 fnt
|faint|p1a: Pecharunt
|
|-weather|RainDance|[upkeep]
|upkeep
|inactive|Slim Summers has 90 seconds left.
|-message|Slim Summers forfeited.
|
|win|imgodslayer
|raw|Slim Summers's rating: 1477 &rarr; <strong>1457</strong><br />(-20 for losing)
|raw|imgodslayer's rating: 1476 &rarr; <strong>1496</strong><br />(+20 for winning)
|l|☆Slim Summers
|player|p1|
|l|☆imgodslayer
|player|p2|
