|j|☆HaventPlayed4Years
|j|☆mach95a113
|t:|1757817465
|gametype|singles
|player|p1|HaventPlayed4Years|ghetsis|1178
|player|p2|mach95a113|gardenia|1148
|gen|9
|tier|[Gen 9] OU
|rated|
|rule|HP Percentage Mod: HP is shown in percentages
|rule|Endless Battle Clause: Forcing endless battles is banned
|rule|Species Clause: Limit one of each Pokémon
|rule|OHKO Clause: OHKO moves are banned
|rule|Evasion Items Clause: Evasion items are banned
|rule|Evasion Moves Clause: Evasion moves are banned
|rule|Evasion Abilities Clause: Evasion abilities are banned
|rule|Sleep Moves Clause: Sleep-inducing moves are banned
|clearpoke
|poke|p1|Scream Tail|
|poke|p1|Iron Treads|
|poke|p1|Ogerpon-Wellspring, F|
|poke|p1|Incineroar, F|
|poke|p1|Raging Bolt|
|poke|p1|Primarina, M|
|poke|p2|Ninetales-Alola, M|
|poke|p2|Slowking-Galar, M|
|poke|p2|Primarina, M|
|poke|p2|Kyurem|
|poke|p2|Gastrodon-East, M|
|poke|p2|Cryogonal|
|teampreview
|c|☆mach95a113|Good luck!
|inactive|Battle timer is ON: inactive players will automatically lose when time's up. (requested by mach95a113)
|
|t:|1757817520
|teamsize|p1|6
|teamsize|p2|6
|start
|switch|p1a: Incineroar|Incineroar, F|100/100
|switch|p2a: Slowking|Slowking-Galar, M|100/100
|-ability|p1a: Incineroar|Intimidate|boost
|-unboost|p2a: Slowking|atk|1
|turn|1
|
|t:|1757817541
|move|p1a: Incineroar|Fake Out|p2a: Slowking
|-damage|p2a: Slowking|90/100
|cant|p2a: Slowking|flinch
|
|upkeep
|turn|2
|
|t:|1757817559
|move|p1a: Incineroar|Parting Shot|p2a: Slowking
|-unboost|p2a: Slowking|atk|1
|-unboost|p2a: Slowking|spa|1
|
|t:|1757817562
|switch|p1a: Iron Treads|Iron Treads|100/100|[from] Parting Shot
|-prepare|p2a: Slowking|Chilly Reception|[premajor]
|move|p2a: Slowking|Chilly Reception|p2a: Slowking
|-weather|Snowscape
|
|t:|1757817569
|switch|p2a: Kyurem|Kyurem|100/100|[from] Chilly Reception
|-ability|p2a: Kyurem|Pressure
|
|-weather|Snowscape|[upkeep]
|upkeep
|turn|3
|inactive|HaventPlayed4Years has 120 seconds left.
|
|t:|1757817619
|-end|p1a: Iron Treads|Quark Drive|[silent]
|switch|p1a: Incineroar|Incineroar, F|100/100
|-ability|p1a: Incineroar|Intimidate|boost
|-unboost|p2a: Kyurem|atk|1
|move|p2a: Kyurem|Blizzard|p1a: Incineroar
|-resisted|p1a: Incineroar
|-damage|p1a: Incineroar|78/100
|
|-weather|Snowscape|[upkeep]
|upkeep
|turn|4
|
|t:|1757817633
|move|p1a: Incineroar|Fake Out|p2a: Kyurem
|-damage|p2a: Kyurem|94/100
|cant|p2a: Kyurem|flinch
|
|-weather|Snowscape|[upkeep]
|upkeep
|turn|5
|
|t:|1757817649
|move|p2a: Kyurem|Earth Power|p1a: Incineroar
|-supereffective|p1a: Incineroar
|-damage|p1a: Incineroar|33/100
|move|p1a: Incineroar|Parting Shot|p2a: Kyurem
|-unboost|p2a: Kyurem|atk|1
|-unboost|p2a: Kyurem|spa|1
|
|t:|1757817658
|switch|p1a: Scream Tail|Scream Tail|100/100|[from] Parting Shot
|-enditem|p1a: Scream Tail|Booster Energy
|-activate|p1a: Scream Tail|ability: Protosynthesis|[fromitem]
|-start|p1a: Scream Tail|protosynthesisspe
|
|-weather|Snowscape|[upkeep]
|upkeep
|turn|6
|
|t:|1757817668
|switch|p2a: Slowking|Slowking-Galar, M|100/100
|move|p1a: Scream Tail|Encore||[still]
|-fail|p1a: Scream Tail
|
|-weather|none
|upkeep
|turn|7
|inactive|HaventPlayed4Years has 120 seconds left.
|
|t:|1757817677
|move|p1a: Scream Tail|Protect|p1a: Scream Tail
|-singleturn|p1a: Scream Tail|Protect
|move|p2a: Slowking|Future Sight|p1a: Scream Tail
|-start|p2a: Slowking|move: Future Sight
|
|upkeep
|turn|8
|
|t:|1757817686
|switch|p2a: Gastrodon|Gastrodon-East, M|100/100
|move|p1a: Scream Tail|Encore||[still]
|-fail|p1a: Scream Tail
|
|upkeep
|turn|9
|
|t:|1757817689
|move|p1a: Scream Tail|Protect|p1a: Scream Tail
|-singleturn|p1a: Scream Tail|Protect
|move|p2a: Gastrodon|Spikes|p1a: Scream Tail
|-sidestart|p1: HaventPlayed4Years|Spikes
|
|-end|p1a: Scream Tail|move: Future Sight
|-resisted|p1a: Scream Tail
|-damage|p1a: Scream Tail|78/100
|upkeep
|turn|10
|
|t:|1757817697
|move|p1a: Scream Tail|Disable|p2a: Gastrodon
|-start|p2a: Gastrodon|Disable|Spikes
|cant|p2a: Gastrodon|Disable|Spikes
|
|upkeep
|turn|11
|
|t:|1757817712
|switch|p2a: Kyurem|Kyurem|94/100
|-ability|p2a: Kyurem|Pressure
|move|p1a: Scream Tail|Wish|p1a: Scream Tail
|
|upkeep
|turn|12
|
|t:|1757817730
|move|p1a: Scream Tail|Protect|p1a: Scream Tail
|-singleturn|p1a: Scream Tail|Protect
|move|p2a: Kyurem|Shadow Ball|p1a: Scream Tail
|-activate|p1a: Scream Tail|move: Protect
|
|-heal|p1a: Scream Tail|100/100|[from] move: Wish|[wisher] Scream Tail
|upkeep
|turn|13
|
|t:|1757817741
|-terastallize|p1a: Scream Tail|Fairy
|move|p1a: Scream Tail|Wish|p1a: Scream Tail
|move|p2a: Kyurem|Shadow Ball|p1a: Scream Tail
|-damage|p1a: Scream Tail|81/100
|
|upkeep
|turn|14
|
|t:|1757817748
|-end|p1a: Scream Tail|Protosynthesis|[silent]
|switch|p1a: Incineroar|Incineroar, F|33/100
|-ability|p1a: Incineroar|Intimidate|boost
|-unboost|p2a: Kyurem|atk|1
|switch|p2a: Slowking|Slowking-Galar, M|100/100
|
|-heal|p1a: Incineroar|88/100|[from] move: Wish|[wisher] Scream Tail
|upkeep
|turn|15
|
|t:|1757817758
|move|p1a: Incineroar|Knock Off|p2a: Slowking
|-supereffective|p2a: Slowking
|-damage|p2a: Slowking|24/100
|-enditem|p2a: Slowking|Heavy-Duty Boots|[from] move: Knock Off|[of] p1a: Incineroar
|-prepare|p2a: Slowking|Chilly Reception|[premajor]
|move|p2a: Slowking|Chilly Reception|p2a: Slowking
|-weather|Snowscape
|
|t:|1757817779
|switch|p2a: Gastrodon|Gastrodon-East, M|100/100|[from] Chilly Reception
|
|-weather|Snowscape|[upkeep]
|upkeep
|turn|16
|
|t:|1757817786
|move|p1a: Incineroar|Parting Shot|p2a: Gastrodon
|-unboost|p2a: Gastrodon|atk|1
|-unboost|p2a: Gastrodon|spa|1
|
|t:|1757817790
|switch|p1a: Scream Tail|Scream Tail, tera:Fairy|81/100|[from] Parting Shot
|-damage|p1a: Scream Tail|69/100|[from] Spikes
|move|p2a: Gastrodon|Blizzard|p1a: Scream Tail
|-damage|p1a: Scream Tail|54/100
|-status|p1a: Scream Tail|frz
|
|-weather|Snowscape|[upkeep]
|upkeep
|turn|17
|
|t:|1757817801
|-curestatus|p1a: Scream Tail|frz|[msg]
|move|p1a: Scream Tail|Protect|p1a: Scream Tail
|-singleturn|p1a: Scream Tail|Protect
|move|p2a: Gastrodon|Surf|p1a: Scream Tail
|-activate|p1a: Scream Tail|move: Protect
|
|-weather|Snowscape|[upkeep]
|upkeep
|turn|18
|
|t:|1757817809
|-end|p1a: Scream Tail|Protosynthesis|[silent]
|switch|p1a: Ogerpon|Ogerpon-Wellspring, F|100/100
|-damage|p1a: Ogerpon|88/100|[from] Spikes
|move|p2a: Gastrodon|Surf|p1a: Ogerpon
|-heal|p1a: Ogerpon|100/100|[from] ability: Water Absorb|[of] p2a: Gastrodon
|
|-weather|Snowscape|[upkeep]
|upkeep
|turn|19
|
|t:|1757817827
|move|p1a: Ogerpon|Play Rough|p2a: Gastrodon|[miss]
|-miss|p1a: Ogerpon|p2a: Gastrodon
|move|p2a: Gastrodon|Blizzard|p1a: Ogerpon
|-damage|p1a: Ogerpon|74/100
|
|-weather|none
|upkeep
|turn|20
|
|t:|1757817838
|switch|p2a: Slowking|Slowking-Galar, M|57/100
|move|p1a: Ogerpon|Power Whip|p2a: Slowking
|-resisted|p2a: Slowking
|-damage|p2a: Slowking|22/100
|
|upkeep
|turn|21
|
|t:|1757817852
|switch|p2a: Gastrodon|Gastrodon-East, M|100/100
|move|p1a: Ogerpon|Ivy Cudgel|p2a: Gastrodon|[anim] Ivy Cudgel Water
|-damage|p2a: Gastrodon|30/100
|
|upkeep
|turn|22
|
|t:|1757817867
|move|p1a: Ogerpon|Ivy Cudgel|p2a: Gastrodon|[anim] Ivy Cudgel Water
|-crit|p2a: Gastrodon
|-damage|p2a: Gastrodon|0 fnt
|faint|p2a: Gastrodon
|
|upkeep
|
|t:|1757817882
|switch|p2a: Primarina|Primarina, M|100/100
|turn|23
|
|t:|1757817893
|switch|p1a: Scream Tail|Scream Tail, tera:Fairy|54/100
|-damage|p1a: Scream Tail|42/100|[from] Spikes
|switch|p2a: Ninetales|Ninetales-Alola, M|100/100
|-weather|Snowscape|[from] ability: Snow Warning|[of] p2a: Ninetales
|
|-weather|Snowscape|[upkeep]
|upkeep
|turn|24
|
|t:|1757817902
|move|p1a: Scream Tail|Wish|p1a: Scream Tail
|move|p2a: Ninetales|Blizzard|p1a: Scream Tail
|-damage|p1a: Scream Tail|12/100
|
|-weather|Snowscape|[upkeep]
|upkeep
|turn|25
|
|t:|1757817909
|move|p1a: Scream Tail|Protect|p1a: Scream Tail
|-singleturn|p1a: Scream Tail|Protect
|move|p2a: Ninetales|Encore|p1a: Scream Tail
|-activate|p1a: Scream Tail|move: Protect
|
|-weather|Snowscape|[upkeep]
|-heal|p1a: Scream Tail|62/100|[from] move: Wish|[wisher] Scream Tail
|upkeep
|turn|26
|
|t:|1757817918
|move|p1a: Scream Tail|Encore||[still]
|-fail|p1a: Scream Tail
|move|p2a: Ninetales|Blizzard|p1a: Scream Tail
|-damage|p1a: Scream Tail|32/100
|-status|p1a: Scream Tail|frz
|
|-weather|Snowscape|[upkeep]
|upkeep
|turn|27
|c|☆HaventPlayed4Years|Again???
|inactive|mach95a113 has 120 seconds left.
|c|☆mach95a113|mb
|
|t:|1757817965
|-curestatus|p1a: Scream Tail|frz|[msg]
|move|p1a: Scream Tail|Protect|p1a: Scream Tail
|-singleturn|p1a: Scream Tail|Protect
|move|p2a: Ninetales|Blizzard|p1a: Scream Tail
|-activate|p1a: Scream Tail|move: Protect
|
|-weather|Snowscape|[upkeep]
|upkeep
|turn|28
|
|t:|1757817974
|move|p1a: Scream Tail|Disable|p2a: Ninetales
|-start|p2a: Ninetales|Disable|Blizzard
|cant|p2a: Ninetales|Disable|Blizzard
|
|-weather|Snowscape|[upkeep]
|upkeep
|turn|29
|
|t:|1757817983
|move|p1a: Scream Tail|Wish|p1a: Scream Tail
|move|p2a: Ninetales|Aurora Veil|p2a: Ninetales
|-sidestart|p2: mach95a113|move: Aurora Veil
|
|-weather|Snowscape|[upkeep]
|upkeep
|turn|30
|inactive|mach95a113 has 120 seconds left.
|
|t:|1757817994
|switch|p2a: Slowking|Slowking-Galar, M|55/100
|move|p1a: Scream Tail|Encore||[still]
|-fail|p1a: Scream Tail
|
|-weather|none
|-heal|p1a: Scream Tail|82/100|[from] move: Wish|[wisher] Scream Tail
|upkeep
|turn|31
|inactive|HaventPlayed4Years has 120 seconds left.
|
|t:|1757818028
|move|p1a: Scream Tail|Wish|p1a: Scream Tail
|-prepare|p2a: Slowking|Chilly Reception|[premajor]
|move|p2a: Slowking|Chilly Reception|p2a: Slowking
|-weather|Snowscape
|
|t:|1757818037
|switch|p2a: Primarina|Primarina, M|100/100|[from] Chilly Reception
|
|-weather|Snowscape|[upkeep]
|upkeep
|turn|32
|
|t:|1757818046
|move|p1a: Scream Tail|Protect|p1a: Scream Tail
|-singleturn|p1a: Scream Tail|Protect
|move|p2a: Primarina|Psychic Noise|p1a: Scream Tail
|-activate|p1a: Scream Tail|move: Protect
|
|-weather|Snowscape|[upkeep]
|-heal|p1a: Scream Tail|100/100|[from] move: Wish|[wisher] Scream Tail
|upkeep
|turn|33
|
|t:|1757818059
|move|p1a: Scream Tail|Encore|p2a: Primarina
|-start|p2a: Primarina|Encore
|move|p2a: Primarina|Psychic Noise|p1a: Scream Tail
|-damage|p1a: Scream Tail|71/100
|-start|p1a: Scream Tail|move: Heal Block
|
|-weather|Snowscape|[upkeep]
|-sideend|p2: mach95a113|move: Aurora Veil
|upkeep
|turn|34
|
|t:|1757818073
|-end|p1a: Scream Tail|Protosynthesis|[silent]
|switch|p1a: Ogerpon|Ogerpon-Wellspring, F|74/100
|-damage|p1a: Ogerpon|61/100|[from] Spikes
|switch|p2a: Slowking|Slowking-Galar, M|89/100
|
|-weather|Snowscape|[upkeep]
|upkeep
|turn|35
|
|t:|1757818083
|move|p1a: Ogerpon|Ivy Cudgel|p2a: Slowking|[anim] Ivy Cudgel Water
|-damage|p2a: Slowking|25/100
|move|p2a: Slowking|Blizzard|p1a: Ogerpon
|-damage|p1a: Ogerpon|15/100
|
|-weather|none
|upkeep
|turn|36
|
|t:|1757818091
|switch|p2a: Kyurem|Kyurem|94/100
|-ability|p2a: Kyurem|Pressure
|move|p1a: Ogerpon|Ivy Cudgel|p2a: Kyurem|[anim] Ivy Cudgel Water
|-resisted|p2a: Kyurem
|-damage|p2a: Kyurem|68/100
|
|upkeep
|turn|37
|
|t:|1757818103
|switch|p2a: Ninetales|Ninetales-Alola, M|100/100
|-weather|Snowscape|[from] ability: Snow Warning|[of] p2a: Ninetales
|move|p1a: Ogerpon|Play Rough|p2a: Ninetales
|-damage|p2a: Ninetales|67/100
|
|-weather|Snowscape|[upkeep]
|upkeep
|turn|38
|
|t:|1757818111
|move|p1a: Ogerpon|Ivy Cudgel|p2a: Ninetales|[anim] Ivy Cudgel Water
|-damage|p2a: Ninetales|8/100
|move|p2a: Ninetales|Blizzard|p1a: Ogerpon
|-damage|p1a: Ogerpon|0 fnt
|faint|p1a: Ogerpon
|
|-weather|Snowscape|[upkeep]
|upkeep
|
|t:|1757818117
|switch|p1a: Incineroar|Incineroar, F|88/100
|-ability|p1a: Incineroar|Intimidate|boost
|-unboost|p2a: Ninetales|atk|1
|turn|39
|
|t:|1757818129
|switch|p2a: Primarina|Primarina, M|100/100
|move|p1a: Incineroar|Fake Out|p2a: Primarina
|-damage|p2a: Primarina|86/100
|
|-weather|Snowscape|[upkeep]
|upkeep
|turn|40
|
|t:|1757818156
|switch|p1a: Raging Bolt|Raging Bolt|100/100
|-damage|p1a: Raging Bolt|88/100|[from] Spikes
|move|p2a: Primarina|Blizzard|p1a: Raging Bolt
|-supereffective|p1a: Raging Bolt
|-damage|p1a: Raging Bolt|1/100
|-status|p1a: Raging Bolt|frz
|
|-weather|Snowscape|[upkeep]
|upkeep
|turn|41
|c|☆HaventPlayed4Years|Okay
|c|☆HaventPlayed4Years|what
|c|☆HaventPlayed4Years|3 10%s
|c|☆HaventPlayed4Years|basically in a row
|inactive|mach95a113 has 120 seconds left.
|
|t:|1757818196
|cant|p1a: Raging Bolt|frz
|move|p2a: Primarina|Psychic Noise|p1a: Raging Bolt
|-resisted|p1a: Raging Bolt
|-damage|p1a: Raging Bolt|0 fnt
|faint|p1a: Raging Bolt
|-end|p1a: Raging Bolt|Protosynthesis|[silent]
|
|-weather|Snowscape|[upkeep]
|upkeep
|inactive|HaventPlayed4Years has 120 seconds left.
|c|☆mach95a113|Tbf that was the only one that really mattered
|
|t:|1757818216
|switch|p1a: Primarina|Primarina, M|100/100
|-damage|p1a: Primarina|88/100|[from] Spikes
|turn|42
|
|t:|1757818224
|move|p2a: Primarina|Calm Mind|p2a: Primarina
|-boost|p2a: Primarina|spa|1
|-boost|p2a: Primarina|spd|1
|move|p1a: Primarina|Calm Mind|p1a: Primarina
|-boost|p1a: Primarina|spa|1
|-boost|p1a: Primarina|spd|1
|
|-weather|Snowscape|[upkeep]
|-heal|p1a: Primarina|94/100|[from] item: Leftovers
|upkeep
|turn|43
|
|t:|1757818232
|move|p2a: Primarina|Calm Mind|p2a: Primarina
|-boost|p2a: Primarina|spa|1
|-boost|p2a: Primarina|spd|1
|move|p1a: Primarina|Calm Mind|p1a: Primarina
|-boost|p1a: Primarina|spa|1
|-boost|p1a: Primarina|spd|1
|
|-weather|Snowscape|[upkeep]
|-heal|p1a: Primarina|99/100|[from] item: Leftovers
|upkeep
|turn|44
|
|t:|1757818245
|switch|p2a: Ninetales|Ninetales-Alola, M|8/100
|move|p1a: Primarina|Calm Mind|p1a: Primarina
|-boost|p1a: Primarina|spa|1
|-boost|p1a: Primarina|spd|1
|
|-weather|none
|-heal|p1a: Primarina|100/100|[from] item: Leftovers
|upkeep
|turn|45
|
|t:|1757818249
|move|p2a: Ninetales|Encore|p1a: Primarina
|-start|p1a: Primarina|Encore
|move|p1a: Primarina|Calm Mind|p1a: Primarina
|-boost|p1a: Primarina|spa|1
|-boost|p1a: Primarina|spd|1
|
|upkeep
|turn|46
|
|t:|1757818262
|switch|p2a: Slowking|Slowking-Galar, M|58/100
|move|p1a: Primarina|Calm Mind|p1a: Primarina
|-boost|p1a: Primarina|spa|1
|-boost|p1a: Primarina|spd|1
|
|upkeep
|turn|47
|
|t:|1757818267
|move|p1a: Primarina|Calm Mind|p1a: Primarina
|-boost|p1a: Primarina|spa|1
|-boost|p1a: Primarina|spd|1
|-prepare|p2a: Slowking|Chilly Reception|[premajor]
|move|p2a: Slowking|Chilly Reception|p2a: Slowking
|-weather|Snowscape
|
|t:|1757818275
|switch|p2a: Ninetales|Ninetales-Alola, M|8/100|[from] Chilly Reception
|
|-weather|Snowscape|[upkeep]
|-end|p1a: Primarina|Encore
|upkeep
|turn|48
|
|t:|1757818281
|move|p2a: Ninetales|Encore|p1a: Primarina
|-start|p1a: Primarina|Encore
|move|p1a: Primarina|Calm Mind|p1a: Primarina
|-boost|p1a: Primarina|spa|0
|-boost|p1a: Primarina|spd|0
|
|-weather|Snowscape|[upkeep]
|upkeep
|turn|49
|
|t:|1757818285
|move|p2a: Ninetales|Nasty Plot|p2a: Ninetales
|-boost|p2a: Ninetales|spa|2
|move|p1a: Primarina|Calm Mind|p1a: Primarina
|-boost|p1a: Primarina|spa|0
|-boost|p1a: Primarina|spd|0
|
|-weather|Snowscape|[upkeep]
|upkeep
|turn|50
|
|t:|1757818288
|move|p2a: Ninetales|Nasty Plot|p2a: Ninetales
|-boost|p2a: Ninetales|spa|2
|move|p1a: Primarina|Calm Mind|p1a: Primarina
|-boost|p1a: Primarina|spa|0
|-boost|p1a: Primarina|spd|0
|
|-weather|Snowscape|[upkeep]
|-end|p1a: Primarina|Encore
|upkeep
|turn|51
|
|t:|1757818291
|move|p2a: Ninetales|Encore|p1a: Primarina
|-start|p1a: Primarina|Encore
|move|p1a: Primarina|Calm Mind|p1a: Primarina
|-boost|p1a: Primarina|spa|0
|-boost|p1a: Primarina|spd|0
|
|-weather|none
|upkeep
|turn|52
|
|t:|1757818306
|switch|p2a: Primarina|Primarina, M|86/100
|switch|p1a: Iron Treads|Iron Treads|100/100
|-damage|p1a: Iron Treads|88/100|[from] Spikes
|
|-heal|p1a: Iron Treads|94/100|[from] item: Leftovers
|upkeep
|turn|53
|
|t:|1757818318
|switch|p2a: Ninetales|Ninetales-Alola, M|8/100
|-weather|Snowscape|[from] ability: Snow Warning|[of] p2a: Ninetales
|move|p1a: Iron Treads|Stealth Rock|p2a: Ninetales
|-sidestart|p2: mach95a113|move: Stealth Rock
|
|-weather|Snowscape|[upkeep]
|-heal|p1a: Iron Treads|100/100|[from] item: Leftovers
|upkeep
|turn|54
|
|t:|1757818330
|-end|p1a: Iron Treads|Quark Drive|[silent]
|switch|p1a: Incineroar|Incineroar, F|88/100
|-ability|p1a: Incineroar|Intimidate|boost
|-unboost|p2a: Ninetales|atk|1
|move|p2a: Ninetales|Encore||[still]
|-fail|p2a: Ninetales
|
|-weather|Snowscape|[upkeep]
|upkeep
|turn|55
|
|t:|1757818335
|move|p1a: Incineroar|Fake Out|p2a: Ninetales
|-damage|p2a: Ninetales|0 fnt
|faint|p2a: Ninetales
|
|-weather|Snowscape|[upkeep]
|upkeep
|
|t:|1757818343
|switch|p2a: Primarina|Primarina, M|86/100
|-damage|p2a: Primarina|74/100|[from] Stealth Rock
|turn|56
|
|t:|1757818350
|switch|p1a: Scream Tail|Scream Tail, tera:Fairy|71/100
|-damage|p1a: Scream Tail|58/100|[from] Spikes
|move|p2a: Primarina|Psychic Noise|p1a: Scream Tail
|-damage|p1a: Scream Tail|30/100
|-start|p1a: Scream Tail|move: Heal Block
|
|-weather|Snowscape|[upkeep]
|upkeep
|turn|57
|
|t:|1757818359
|move|p1a: Scream Tail|Protect|p1a: Scream Tail
|-singleturn|p1a: Scream Tail|Protect
|move|p2a: Primarina|Blizzard|p1a: Scream Tail
|-activate|p1a: Scream Tail|move: Protect
|
|-weather|Snowscape|[upkeep]
|-end|p1a: Scream Tail|move: Heal Block
|upkeep
|turn|58
|
|t:|1757818370
|-end|p1a: Scream Tail|Protosynthesis|[silent]
|switch|p1a: Primarina|Primarina, M|100/100
|-damage|p1a: Primarina|88/100|[from] Spikes
|move|p2a: Primarina|Blizzard|p1a: Primarina
|-resisted|p1a: Primarina
|-damage|p1a: Primarina|69/100
|
|-weather|Snowscape|[upkeep]
|-heal|p1a: Primarina|75/100|[from] item: Leftovers
|upkeep
|turn|59
|
|t:|1757818378
|move|p2a: Primarina|Moonblast|p1a: Primarina
|-damage|p1a: Primarina|36/100
|-unboost|p1a: Primarina|spa|1
|move|p1a: Primarina|Calm Mind|p1a: Primarina
|-boost|p1a: Primarina|spa|1
|-boost|p1a: Primarina|spd|1
|
|-weather|Snowscape|[upkeep]
|-heal|p1a: Primarina|42/100|[from] item: Leftovers
|upkeep
|turn|60
|
|t:|1757818391
|move|p2a: Primarina|Moonblast|p1a: Primarina
|-damage|p1a: Primarina|18/100
|move|p1a: Primarina|Draining Kiss|p2a: Primarina
|-damage|p2a: Primarina|49/100
|-heal|p1a: Primarina|33/100|[from] drain|[of] p2a: Primarina
|
|-weather|none
|-heal|p1a: Primarina|39/100|[from] item: Leftovers
|upkeep
|turn|61
|
|t:|1757818397
|switch|p2a: Slowking|Slowking-Galar, M|91/100
|-damage|p2a: Slowking|79/100|[from] Stealth Rock
|move|p1a: Primarina|Calm Mind|p1a: Primarina
|-boost|p1a: Primarina|spa|1
|-boost|p1a: Primarina|spd|1
|
|-heal|p1a: Primarina|45/100|[from] item: Leftovers
|upkeep
|turn|62
|
|t:|1757818404
|move|p1a: Primarina|Psychic Noise|p2a: Slowking
|-damage|p2a: Slowking|31/100
|-start|p2a: Slowking|move: Heal Block
|-prepare|p2a: Slowking|Chilly Reception|[premajor]
|move|p2a: Slowking|Chilly Reception|p2a: Slowking
|-weather|Snowscape
|
|t:|1757818423
|switch|p2a: Primarina|Primarina, M|49/100|[from] Chilly Reception
|-damage|p2a: Primarina|36/100|[from] Stealth Rock
|
|-weather|Snowscape|[upkeep]
|-heal|p1a: Primarina|52/100|[from] item: Leftovers
|upkeep
|turn|63
|
|t:|1757818426
|move|p2a: Primarina|Moonblast|p1a: Primarina
|-damage|p1a: Primarina|30/100
|move|p1a: Primarina|Draining Kiss|p2a: Primarina
|-damage|p2a: Primarina|0 fnt
|-heal|p1a: Primarina|53/100|[from] drain|[of] p2a: Primarina
|faint|p2a: Primarina
|
|-weather|Snowscape|[upkeep]
|-heal|p1a: Primarina|59/100|[from] item: Leftovers
|upkeep
|
|t:|1757818443
|switch|p2a: Slowking|Slowking-Galar, M|64/100
|-damage|p2a: Slowking|52/100|[from] Stealth Rock
|turn|64
|
|t:|1757818462
|move|p1a: Primarina|Psychic Noise|p2a: Slowking
|-damage|p2a: Slowking|5/100
|-start|p2a: Slowking|move: Heal Block
|move|p2a: Slowking|Future Sight|p1a: Primarina
|-start|p2a: Slowking|move: Future Sight
|
|-weather|Snowscape|[upkeep]
|-heal|p1a: Primarina|65/100|[from] item: Leftovers
|upkeep
|turn|65
|
|t:|1757818477
|move|p1a: Primarina|Calm Mind|p1a: Primarina
|-boost|p1a: Primarina|spa|1
|-boost|p1a: Primarina|spd|1
|move|p2a: Slowking|Blizzard|p1a: Primarina
|-resisted|p1a: Primarina
|-crit|p1a: Primarina
|-damage|p1a: Primarina|45/100
|
|-weather|Snowscape|[upkeep]
|-heal|p1a: Primarina|51/100|[from] item: Leftovers
|-end|p2a: Slowking|move: Heal Block
|upkeep
|turn|66
|
|t:|1757818486
|switch|p2a: Cryogonal|Cryogonal|100/100
|move|p1a: Primarina|Calm Mind|p1a: Primarina
|-boost|p1a: Primarina|spa|1
|-boost|p1a: Primarina|spd|1
|
|-weather|none
|-end|p1a: Primarina|move: Future Sight
|-damage|p1a: Primarina|35/100
|-heal|p1a: Primarina|41/100|[from] item: Leftovers
|upkeep
|turn|67
|
|t:|1757818490
|move|p2a: Cryogonal|Snowscape|p2a: Cryogonal
|-weather|Snowscape
|move|p1a: Primarina|Draining Kiss|p2a: Cryogonal
|-damage|p2a: Cryogonal|56/100
|-heal|p1a: Primarina|75/100|[from] drain|[of] p2a: Cryogonal
|
|-weather|Snowscape|[upkeep]
|-heal|p1a: Primarina|81/100|[from] item: Leftovers
|upkeep
|turn|68
|
|t:|1757818497
|move|p2a: Cryogonal|Recover|p2a: Cryogonal
|-heal|p2a: Cryogonal|100/100
|move|p1a: Primarina|Draining Kiss|p2a: Cryogonal
|-damage|p2a: Cryogonal|56/100
|-heal|p1a: Primarina|100/100|[from] drain|[of] p2a: Cryogonal
|
|-weather|Snowscape|[upkeep]
|upkeep
|turn|69
|
|t:|1757818503
|move|p2a: Cryogonal|Recover|p2a: Cryogonal
|-heal|p2a: Cryogonal|100/100
|move|p1a: Primarina|Psychic Noise|p2a: Cryogonal
|-damage|p2a: Cryogonal|35/100
|-start|p2a: Cryogonal|move: Heal Block
|
|-weather|Snowscape|[upkeep]
|upkeep
|turn|70
|
|t:|1757818508
|move|p2a: Cryogonal|Blizzard|p1a: Primarina
|-resisted|p1a: Primarina
|-damage|p1a: Primarina|96/100
|move|p1a: Primarina|Draining Kiss|p2a: Cryogonal
|-damage|p2a: Cryogonal|0 fnt
|-heal|p1a: Primarina|100/100|[from] drain|[of] p2a: Cryogonal
|faint|p2a: Cryogonal
|
|-weather|Snowscape|[upkeep]
|upkeep
|
|t:|1757818519
|switch|p2a: Kyurem|Kyurem|68/100
|-damage|p2a: Kyurem|43/100|[from] Stealth Rock
|-ability|p2a: Kyurem|Pressure
|turn|71
|
|t:|1757818532
|-terastallize|p2a: Kyurem|Steel
|move|p2a: Kyurem|Draco Meteor|p1a: Primarina
|-immune|p1a: Primarina
|move|p1a: Primarina|Draining Kiss|p2a: Kyurem
|-resisted|p2a: Kyurem
|-damage|p2a: Kyurem|12/100
|
|-weather|none
|upkeep
|turn|72
|
|t:|1757818553
|move|p2a: Kyurem|Blizzard|p1a: Primarina
|-resisted|p1a: Primarina
|-damage|p1a: Primarina|92/100
|-status|p1a: Primarina|frz
|cant|p1a: Primarina|frz
|
|-heal|p1a: Primarina|98/100 frz|[from] item: Leftovers
|upkeep
|turn|73
|c|☆HaventPlayed4Years|????????????????
|c|☆HaventPlayed4Years|I have never been frozen this many times in my LIFE
|inactive|mach95a113 has 120 seconds left.
|c|☆mach95a113|Sorry
|
|t:|1757818593
|switch|p2a: Slowking|Slowking-Galar, M|38/100
|-damage|p2a: Slowking|26/100|[from] Stealth Rock
|cant|p1a: Primarina|frz
|
|-heal|p1a: Primarina|100/100 frz|[from] item: Leftovers
|upkeep
|turn|74
|
|t:|1757818602
|cant|p1a: Primarina|frz
|-prepare|p2a: Slowking|Chilly Reception|[premajor]
|move|p2a: Slowking|Chilly Reception|p2a: Slowking
|-weather|Snowscape
|
|t:|1757818604
|switch|p2a: Kyurem|Kyurem, tera:Steel|12/100|[from] Chilly Reception
|-damage|p2a: Kyurem|6/100|[from] Stealth Rock
|-ability|p2a: Kyurem|Pressure
|
|-weather|Snowscape|[upkeep]
|upkeep
|turn|75
|
|t:|1757818607
|move|p2a: Kyurem|Blizzard|p1a: Primarina
|-resisted|p1a: Primarina
|-damage|p1a: Primarina|91/100 frz
|cant|p1a: Primarina|frz
|
|-weather|Snowscape|[upkeep]
|-heal|p1a: Primarina|97/100 frz|[from] item: Leftovers
|upkeep
|turn|76
|inactive|mach95a113 has 120 seconds left.
|
|t:|1757818618
|move|p2a: Kyurem|Blizzard|p1a: Primarina
|-resisted|p1a: Primarina
|-damage|p1a: Primarina|88/100 frz
|cant|p1a: Primarina|frz
|
|-weather|Snowscape|[upkeep]
|-heal|p1a: Primarina|94/100 frz|[from] item: Leftovers
|upkeep
|turn|77
|
|t:|1757818626
|move|p2a: Kyurem|Blizzard|p1a: Primarina
|-resisted|p1a: Primarina
|-damage|p1a: Primarina|86/100 frz
|cant|p1a: Primarina|frz
|
|-weather|Snowscape|[upkeep]
|-heal|p1a: Primarina|92/100 frz|[from] item: Leftovers
|upkeep
|turn|78
|inactive|mach95a113 has 120 seconds left.
|
|t:|1757818651
|move|p2a: Kyurem|Blizzard|p1a: Primarina
|-resisted|p1a: Primarina
|-damage|p1a: Primarina|83/100 frz
|cant|p1a: Primarina|frz
|
|-weather|none
|-heal|p1a: Primarina|89/100 frz|[from] item: Leftovers
|upkeep
|turn|79
|inactive|mach95a113 has 120 seconds left.
|c|☆mach95a113|Y'know what I'll stop wasting ypur time
|-message|mach95a113 forfeited.
|
|win|HaventPlayed4Years
|raw|HaventPlayed4Years's rating: 1178 &rarr; <strong>1201</strong><br />(+23 for winning)
|raw|mach95a113's rating: 1148 &rarr; <strong>1125</strong><br />(-23 for losing)
|l|☆HaventPlayed4Years
|player|p1|
|c|☆mach95a113|*your
