|j|☆cMaKelite
|j|☆lightnight92
|t:|1757939302
|gametype|singles
|player|p1|cMaKelite|lucy|1055
|player|p2|lightnight92|102|1080
|gen|9
|tier|[Gen 9] OU
|rated|
|rule|HP Percentage Mod: HP is shown in percentages
|rule|Endless Battle Clause: Forcing endless battles is banned
|rule|Species Clause: Limit one of each Pokémon
|rule|OHKO Clause: OHKO moves are banned
|rule|Evasion Items Clause: Evasion items are banned
|rule|Evasion Moves Clause: Evasion moves are banned
|rule|Evasion Abilities Clause: Evasion abilities are banned
|rule|Sleep Moves Clause: Sleep-inducing moves are banned
|clearpoke
|poke|p1|Kingambit, M|
|poke|p1|Sinistcha-Masterpiece|
|poke|p1|Ninetales-Alola, M|
|poke|p1|Gliscor, F|
|poke|p1|Araquanid, M|
|poke|p1|Armarouge, M|
|poke|p2|Fezandipiti, M|
|poke|p2|Bronzong|
|poke|p2|Munkidori, M|
|poke|p2|Gengar, M|
|poke|p2|Seadra, F|
|poke|p2|Hitmontop, M|
|teampreview
|inactive|Battle timer is ON: inactive players will automatically lose when time's up. (requested by cMaKelite)
|
|t:|1757939334
|teamsize|p1|6
|teamsize|p2|6
|start
|switch|p1a: Candlelit Dinner|Armarouge, M, shiny|100/100
|switch|p2a: Hitmontop|Hitmontop, M|100/100
|turn|1
|
|t:|1757939357
|move|p2a: Hitmontop|Fake Out|p1a: Candlelit Dinner
|-damage|p1a: Candlelit Dinner|82/100
|-ability|p1a: Candlelit Dinner|Weak Armor|boost
|-unboost|p1a: Candlelit Dinner|def|1
|-boost|p1a: Candlelit Dinner|spe|2
|cant|p1a: Candlelit Dinner|flinch
|
|upkeep
|turn|2
|inactive|lightnight92 has 120 seconds left.
|
|t:|1757939381
|switch|p2a: Gengar|Gengar, M|100/100
|-item|p2a: Gengar|Air Balloon
|move|p1a: Candlelit Dinner|Psychic|p2a: Gengar
|-supereffective|p2a: Gengar
|-damage|p2a: Gengar|0 fnt
|-start|p1a: Candlelit Dinner|Disable|Psychic|[from] ability: Cursed Body|[of] p2a: Gengar
|-enditem|p2a: Gengar|Air Balloon
|faint|p2a: Gengar
|
|upkeep
|inactive|lightnight92 has 120 seconds left.
|
|t:|1757939395
|switch|p2a: Fezandipiti|Fezandipiti, M|100/100
|turn|3
|inactive|lightnight92 has 120 seconds left.
|
|t:|1757939401
|-terastallize|p1a: Candlelit Dinner|Stellar
|move|p1a: Candlelit Dinner|Armor Cannon|p2a: Fezandipiti
|-crit|p2a: Fezandipiti
|-damage|p2a: Fezandipiti|36/100
|-unboost|p1a: Candlelit Dinner|def|1
|-unboost|p1a: Candlelit Dinner|spd|1
|move|p2a: Fezandipiti|Beat Up|p1a: Candlelit Dinner
|-supereffective|p1a: Candlelit Dinner
|-damage|p1a: Candlelit Dinner|67/100
|-ability|p1a: Candlelit Dinner|Weak Armor|boost
|-unboost|p1a: Candlelit Dinner|def|1
|-boost|p1a: Candlelit Dinner|spe|2
|-enditem|p1a: Candlelit Dinner|Weakness Policy
|-boost|p1a: Candlelit Dinner|atk|2|[from] item: Weakness Policy
|-boost|p1a: Candlelit Dinner|spa|2|[from] item: Weakness Policy
|-supereffective|p1a: Candlelit Dinner
|-damage|p1a: Candlelit Dinner|53/100
|-ability|p1a: Candlelit Dinner|Weak Armor|boost
|-unboost|p1a: Candlelit Dinner|def|1
|-boost|p1a: Candlelit Dinner|spe|2
|-supereffective|p1a: Candlelit Dinner
|-damage|p1a: Candlelit Dinner|35/100
|-ability|p1a: Candlelit Dinner|Weak Armor|boost
|-unboost|p1a: Candlelit Dinner|def|1
|-supereffective|p1a: Candlelit Dinner
|-damage|p1a: Candlelit Dinner|12/100
|-ability|p1a: Candlelit Dinner|Weak Armor|boost
|-unboost|p1a: Candlelit Dinner|def|1
|-supereffective|p1a: Candlelit Dinner
|-damage|p1a: Candlelit Dinner|0 fnt
|faint|p1a: Candlelit Dinner
|-hitcount|p1: Candlelit Dinner|5
|
|upkeep
|
|t:|1757939407
|switch|p1a: Speedray|Araquanid, M|100/100
|turn|4
|inactive|lightnight92 has 120 seconds left.
|
|t:|1757939431
|move|p2a: Fezandipiti|U-turn|p1a: Speedray
|-damage|p1a: Speedray|86/100
|
|t:|1757939440
|switch|p2a: Bronzong|Bronzong|100/100|[from] U-turn
|move|p1a: Speedray|Surf|p2a: Bronzong
|-damage|p2a: Bronzong|46/100
|
|-heal|p2a: Bronzong|52/100|[from] item: Leftovers
|upkeep
|turn|5
|inactive|lightnight92 has 120 seconds left.
|
|t:|1757939451
|move|p2a: Bronzong|Protect|p2a: Bronzong
|-singleturn|p2a: Bronzong|Protect
|move|p1a: Speedray|Sticky Web|p2a: Bronzong
|-sidestart|p2: lightnight92|move: Sticky Web
|
|-heal|p2a: Bronzong|58/100|[from] item: Leftovers
|upkeep
|turn|6
|inactive|lightnight92 has 120 seconds left.
|
|t:|1757939457
|move|p2a: Bronzong|Stealth Rock|p1a: Speedray
|-sidestart|p1: cMaKelite|move: Stealth Rock
|move|p1a: Speedray|Stockpile|p1a: Speedray
|-start|p1a: Speedray|stockpile1
|-boost|p1a: Speedray|def|1
|-boost|p1a: Speedray|spd|1
|
|-heal|p2a: Bronzong|65/100|[from] item: Leftovers
|upkeep
|turn|7
|
|t:|1757939465
|move|p2a: Bronzong|Night Shade|p1a: Speedray
|-damage|p1a: Speedray|50/100
|move|p1a: Speedray|Reflect|p1a: Speedray
|-sidestart|p1: cMaKelite|Reflect
|
|-heal|p2a: Bronzong|71/100|[from] item: Leftovers
|upkeep
|turn|8
|
|t:|1757939473
|move|p2a: Bronzong|Protect|p2a: Bronzong
|-singleturn|p2a: Bronzong|Protect
|move|p1a: Speedray|Surf|p2a: Bronzong
|-activate|p2a: Bronzong|move: Protect
|
|-heal|p2a: Bronzong|77/100|[from] item: Leftovers
|upkeep
|turn|9
|
|t:|1757939479
|move|p2a: Bronzong|Night Shade|p1a: Speedray
|-damage|p1a: Speedray|14/100
|move|p1a: Speedray|Stockpile|p1a: Speedray
|-start|p1a: Speedray|stockpile2
|-boost|p1a: Speedray|def|1
|-boost|p1a: Speedray|spd|1
|
|-heal|p2a: Bronzong|83/100|[from] item: Leftovers
|upkeep
|turn|10
|
|t:|1757939487
|move|p2a: Bronzong|Protect|p2a: Bronzong
|-singleturn|p2a: Bronzong|Protect
|move|p1a: Speedray|Surf|p2a: Bronzong
|-activate|p2a: Bronzong|move: Protect
|
|-heal|p2a: Bronzong|90/100|[from] item: Leftovers
|upkeep
|turn|11
|inactive|cMaKelite has 120 seconds left.
|
|t:|1757939537
|move|p2a: Bronzong|Night Shade|p1a: Speedray
|-damage|p1a: Speedray|0 fnt
|faint|p1a: Speedray
|
|-heal|p2a: Bronzong|96/100|[from] item: Leftovers
|-sideend|p1: cMaKelite|Reflect
|upkeep
|
|t:|1757939541
|switch|p1a: I Am The Manager|Kingambit, M, shiny|100/100
|-damage|p1a: I Am The Manager|94/100|[from] Stealth Rock
|-activate|p1a: I Am The Manager|ability: Supreme Overlord
|-start|p1a: I Am The Manager|fallen2|[silent]
|turn|12
|
|t:|1757939558
|-terastallize|p2a: Bronzong|Fairy
|move|p1a: I Am The Manager|Kowtow Cleave|p2a: Bronzong
|-resisted|p2a: Bronzong
|-damage|p2a: Bronzong|75/100
|move|p2a: Bronzong|Body Press|p1a: I Am The Manager
|-supereffective|p1a: I Am The Manager
|-damage|p1a: I Am The Manager|4/100
|
|-heal|p2a: Bronzong|82/100|[from] item: Leftovers
|upkeep
|turn|13
|inactive|cMaKelite has 120 seconds left.
|inactive|cMaKelite has 90 seconds left.
|
|t:|1757939599
|move|p2a: Bronzong|Protect|p2a: Bronzong
|-singleturn|p2a: Bronzong|Protect
|move|p1a: I Am The Manager|Iron Head|p2a: Bronzong
|-activate|p2a: Bronzong|move: Protect
|
|-heal|p2a: Bronzong|88/100|[from] item: Leftovers
|upkeep
|turn|14
|
|t:|1757939608
|switch|p2a: Seadra|Seadra, F|100/100
|-activate|p2a: Seadra|move: Sticky Web
|-unboost|p2a: Seadra|spe|1
|move|p1a: I Am The Manager|Iron Head|p2a: Seadra
|-resisted|p2a: Seadra
|-damage|p2a: Seadra|79/100
|
|upkeep
|turn|15
|
|t:|1757939618
|move|p1a: I Am The Manager|Kowtow Cleave|p2a: Seadra
|-damage|p2a: Seadra|35/100
|move|p2a: Seadra|Surf|p1a: I Am The Manager
|-damage|p1a: I Am The Manager|0 fnt
|faint|p1a: I Am The Manager
|-end|p1a: I Am The Manager|fallen2|[silent]
|
|upkeep
|
|t:|1757939622
|switch|p1a: Pichy Sweetheart|Ninetales-Alola, M, shiny|100/100
|-damage|p1a: Pichy Sweetheart|76/100|[from] Stealth Rock
|-weather|Snowscape|[from] ability: Snow Warning|[of] p1a: Pichy Sweetheart
|turn|16
|
|t:|1757939633
|move|p1a: Pichy Sweetheart|Aurora Veil|p1a: Pichy Sweetheart
|-sidestart|p1: cMaKelite|move: Aurora Veil
|move|p2a: Seadra|Rest|p2a: Seadra
|-status|p2a: Seadra|slp|[from] move: Rest
|-heal|p2a: Seadra|100/100 slp|[silent]
|
|-weather|Snowscape|[upkeep]
|upkeep
|turn|17
|
|t:|1757939642
|move|p1a: Pichy Sweetheart|Freeze-Dry|p2a: Seadra
|-supereffective|p2a: Seadra
|-damage|p2a: Seadra|31/100 slp
|cant|p2a: Seadra|slp
|move|p2a: Seadra|Sleep Talk|p2a: Seadra
|move|p2a: Seadra|Ice Beam|p1a: Pichy Sweetheart|[from] move: Sleep Talk
|-resisted|p1a: Pichy Sweetheart
|-damage|p1a: Pichy Sweetheart|68/100
|
|-weather|Snowscape|[upkeep]
|upkeep
|turn|18
|
|t:|1757939654
|move|p1a: Pichy Sweetheart|Moonblast|p2a: Seadra
|-damage|p2a: Seadra|0 fnt
|faint|p2a: Seadra
|
|-weather|Snowscape|[upkeep]
|upkeep
|
|t:|1757939666
|switch|p2a: Hitmontop|Hitmontop, M|100/100
|turn|19
|
|t:|1757939669
|move|p2a: Hitmontop|Fake Out|p1a: Pichy Sweetheart
|-damage|p1a: Pichy Sweetheart|60/100
|cant|p1a: Pichy Sweetheart|flinch
|
|-weather|Snowscape|[upkeep]
|upkeep
|turn|20
|
|t:|1757939682
|move|p1a: Pichy Sweetheart|Moonblast|p2a: Hitmontop
|-supereffective|p2a: Hitmontop
|-damage|p2a: Hitmontop|29/100
|-unboost|p2a: Hitmontop|spa|1
|move|p2a: Hitmontop|Rapid Spin|p1a: Pichy Sweetheart
|-damage|p1a: Pichy Sweetheart|48/100
|-boost|p2a: Hitmontop|spe|1
|-sideend|p2: lightnight92|Sticky Web|[from] move: Rapid Spin|[of] p2a: Hitmontop
|
|-weather|none
|upkeep
|turn|21
|
|t:|1757939696
|move|p2a: Hitmontop|Mach Punch|p1a: Pichy Sweetheart
|-damage|p1a: Pichy Sweetheart|27/100
|move|p1a: Pichy Sweetheart|Freeze-Dry|p2a: Hitmontop
|-damage|p2a: Hitmontop|0 fnt
|faint|p2a: Hitmontop
|
|upkeep
|
|t:|1757939705
|switch|p2a: Munkidori|Munkidori, M|100/100
|turn|22
|
|t:|1757939713
|move|p2a: Munkidori|Psyshock|p1a: Pichy Sweetheart
|-damage|p1a: Pichy Sweetheart|0 fnt
|faint|p1a: Pichy Sweetheart
|
|upkeep
|
|t:|1757939717
|switch|p1a: Tootsy Wootsy|Gliscor, F, shiny|100/100
|-damage|p1a: Tootsy Wootsy|88/100|[from] Stealth Rock
|turn|23
|
|t:|1757939721
|switch|p2a: Bronzong|Bronzong, tera:Fairy|88/100
|move|p1a: Tootsy Wootsy|Swords Dance|p1a: Tootsy Wootsy
|-boost|p1a: Tootsy Wootsy|atk|2
|
|-heal|p2a: Bronzong|94/100|[from] item: Leftovers
|-sideend|p1: cMaKelite|move: Aurora Veil
|-status|p1a: Tootsy Wootsy|tox|[from] item: Toxic Orb
|upkeep
|turn|24
|
|t:|1757939730
|move|p1a: Tootsy Wootsy|Tailwind|p1a: Tootsy Wootsy
|-sidestart|p1: cMaKelite|move: Tailwind
|move|p2a: Bronzong|Night Shade|p1a: Tootsy Wootsy
|-damage|p1a: Tootsy Wootsy|54/100 tox
|
|-heal|p2a: Bronzong|99/100|[from] item: Leftovers
|-heal|p1a: Tootsy Wootsy|66/100 tox|[from] ability: Poison Heal
|upkeep
|turn|25
|
|t:|1757939738
|switch|p1a: Good Soup|Sinistcha-Masterpiece, shiny|100/100
|-damage|p1a: Good Soup|88/100|[from] Stealth Rock
|move|p2a: Bronzong|Night Shade|p1a: Good Soup
|-damage|p1a: Good Soup|55/100
|
|-heal|p1a: Good Soup|61/100|[from] item: Leftovers
|-heal|p2a: Bronzong|100/100|[from] item: Leftovers
|upkeep
|turn|26
|
|t:|1757939751
|move|p1a: Good Soup|Strength Sap|p2a: Bronzong
|-unboost|p2a: Bronzong|atk|1
|-heal|p1a: Good Soup|100/100
|move|p2a: Bronzong|Night Shade|p1a: Good Soup
|-damage|p1a: Good Soup|67/100
|
|-heal|p1a: Good Soup|73/100|[from] item: Leftovers
|upkeep
|turn|27
|
|t:|1757939759
|move|p1a: Good Soup|Calm Mind|p1a: Good Soup
|-boost|p1a: Good Soup|spa|1
|-boost|p1a: Good Soup|spd|1
|move|p2a: Bronzong|Night Shade|p1a: Good Soup
|-damage|p1a: Good Soup|40/100
|
|-heal|p1a: Good Soup|46/100|[from] item: Leftovers
|-sideend|p1: cMaKelite|move: Tailwind
|upkeep
|turn|28
|
|t:|1757939782
|switch|p2a: Fezandipiti|Fezandipiti, M|36/100
|move|p1a: Good Soup|Strength Sap|p2a: Fezandipiti
|-unboost|p2a: Fezandipiti|atk|1
|-heal|p1a: Good Soup|100/100
|
|upkeep
|turn|29
|
|t:|1757939790
|move|p2a: Fezandipiti|U-turn|p1a: Good Soup
|-damage|p1a: Good Soup|93/100
|
|t:|1757939793
|switch|p2a: Munkidori|Munkidori, M|100/100|[from] U-turn
|move|p1a: Good Soup|Calm Mind|p1a: Good Soup
|-boost|p1a: Good Soup|spa|1
|-boost|p1a: Good Soup|spd|1
|
|-heal|p1a: Good Soup|99/100|[from] item: Leftovers
|upkeep
|turn|30
|
|t:|1757939811
|move|p2a: Munkidori|Trick|p1a: Good Soup
|-activate|p2a: Munkidori|move: Trick|[of] p1a: Good Soup
|-item|p1a: Good Soup|Choice Scarf|[from] move: Trick
|-item|p2a: Munkidori|Leftovers|[from] move: Trick
|move|p1a: Good Soup|Shadow Ball|p2a: Munkidori
|-supereffective|p2a: Munkidori
|-damage|p2a: Munkidori|0 fnt
|faint|p2a: Munkidori
|
|upkeep
|
|t:|1757939819
|switch|p2a: Fezandipiti|Fezandipiti, M|36/100
|turn|31
|
|t:|1757939824
|move|p2a: Fezandipiti|Play Rough|p1a: Good Soup
|-damage|p1a: Good Soup|77/100
|-unboost|p1a: Good Soup|atk|1
|move|p1a: Good Soup|Shadow Ball|p2a: Fezandipiti
|-damage|p2a: Fezandipiti|1/100
|
|upkeep
|turn|32
|
|t:|1757939832
|move|p2a: Fezandipiti|Gunk Shot|p1a: Good Soup
|-damage|p1a: Good Soup|49/100
|move|p1a: Good Soup|Shadow Ball|p2a: Fezandipiti
|-damage|p2a: Fezandipiti|0 fnt
|faint|p2a: Fezandipiti
|
|upkeep
|-message|lightnight92 forfeited.
|
|win|cMaKelite
|raw|cMaKelite's rating: 1055 &rarr; <strong>1089</strong><br />(+34 for winning)
|raw|lightnight92's rating: 1080 &rarr; <strong>1056</strong><br />(-24 for losing)
|l|☆lightnight92
|player|p2|
|l|☆cMaKelite
|player|p1|
