|j|☆kk826
|j|☆Nameless Moron
|t:|1757844094
|gametype|singles
|player|p1|kk826|dancer|1125
|player|p2|Nameless Moron|unknown|1095
|gen|9
|tier|[Gen 9] OU
|rated|
|rule|HP Percentage Mod: HP is shown in percentages
|rule|Endless Battle Clause: Forcing endless battles is banned
|rule|Species Clause: Limit one of each Pokémon
|rule|OHKO Clause: OHKO moves are banned
|rule|Evasion Items Clause: Evasion items are banned
|rule|Evasion Moves Clause: Evasion moves are banned
|rule|Evasion Abilities Clause: Evasion abilities are banned
|rule|Sleep Moves Clause: Sleep-inducing moves are banned
|clearpoke
|poke|p1|Gliscor, F|
|poke|p1|Primarina, M|
|poke|p1|Scizor, M|
|poke|p1|Arcanine-Hisui, M|
|poke|p1|Zapdos|
|poke|p1|Dragapult, M|
|poke|p2|Rillaboom, F|
|poke|p2|Hatterene, F|
|poke|p2|Great Tusk|
|poke|p2|Ninetales, F|
|poke|p2|Venusaur, F|
|poke|p2|Raging Bolt|
|teampreview
|inactive|Battle timer is ON: inactive players will automatically lose when time's up. (requested by Nameless Moron)
|inactive|Nameless Moron has 120 seconds left.
|
|t:|1757844126
|teamsize|p1|6
|teamsize|p2|6
|start
|switch|p1a: Gliscor|Gliscor, F|100/100
|switch|p2a: Great Tusk|Great Tusk|100/100
|turn|1
|
|t:|1757844140
|move|p2a: Great Tusk|Ice Spinner|p1a: Gliscor
|-supereffective|p1a: Gliscor
|-damage|p1a: Gliscor|22/100
|move|p1a: Gliscor|Knock Off|p2a: Great Tusk
|-resisted|p2a: Great Tusk
|-damage|p2a: Great Tusk|93/100
|-damage|p1a: Gliscor|6/100|[from] item: Rocky Helmet|[of] p2a: Great Tusk
|-enditem|p2a: Great Tusk|Rocky Helmet|[from] move: Knock Off|[of] p1a: Gliscor
|
|-status|p1a: Gliscor|tox|[from] item: Toxic Orb
|upkeep
|turn|2
|
|t:|1757844165
|switch|p1a: Primarina|Primarina, M|100/100
|move|p2a: Great Tusk|Stealth Rock|p1a: Primarina
|-sidestart|p1: kk826|move: Stealth Rock
|
|upkeep
|turn|3
|
|t:|1757844177
|-end|p2a: Great Tusk|Protosynthesis|[silent]
|switch|p2a: Hatterene|Hatterene, F|100/100
|move|p1a: Primarina|Ice Beam|p2a: Hatterene
|-damage|p2a: Hatterene|56/100
|-damage|p1a: Primarina|91/100|[from] item: Life Orb
|
|-heal|p2a: Hatterene|62/100|[from] item: Leftovers
|upkeep
|turn|4
|inactive|kk826 has 120 seconds left.
|
|t:|1757844203
|move|p1a: Primarina|Ice Beam|p2a: Hatterene
|-damage|p2a: Hatterene|20/100
|-damage|p1a: Primarina|81/100|[from] item: Life Orb
|move|p2a: Hatterene|Calm Mind|p2a: Hatterene
|-boost|p2a: Hatterene|spa|1
|-boost|p2a: Hatterene|spd|1
|
|-heal|p2a: Hatterene|26/100|[from] item: Leftovers
|upkeep
|turn|5
|inactive|Nameless Moron has 120 seconds left.
|
|t:|1757844240
|switch|p2a: Ninetales|Ninetales, F|100/100
|-weather|SunnyDay|[from] ability: Drought|[of] p2a: Ninetales
|move|p1a: Primarina|Sparkling Aria|p2a: Ninetales
|-supereffective|p2a: Ninetales
|-damage|p2a: Ninetales|40/100
|-damage|p1a: Primarina|71/100|[from] item: Life Orb
|
|-weather|SunnyDay|[upkeep]
|upkeep
|turn|6
|inactive|Nameless Moron has 120 seconds left.
|
|t:|1757844270
|move|p2a: Ninetales|Will-O-Wisp|p1a: Primarina
|-status|p1a: Primarina|brn
|move|p1a: Primarina|Sparkling Aria|p2a: Ninetales
|-supereffective|p2a: Ninetales
|-damage|p2a: Ninetales|0 fnt
|faint|p2a: Ninetales
|-damage|p1a: Primarina|61/100 brn|[from] item: Life Orb
|
|-weather|SunnyDay|[upkeep]
|-damage|p1a: Primarina|55/100 brn|[from] brn
|upkeep
|inactive|Nameless Moron has 90 seconds left.
|
|t:|1757844281
|switch|p2a: Venusaur|Venusaur, F|100/100
|turn|7
|inactive|kk826 has 120 seconds left.
|inactive|Nameless Moron has 90 seconds left.
|
|t:|1757844311
|switch|p1a: Scizor|Scizor, M|100/100
|-damage|p1a: Scizor|88/100|[from] Stealth Rock
|-terastallize|p2a: Venusaur|Fire
|move|p2a: Venusaur|Growth|p2a: Venusaur
|-boost|p2a: Venusaur|atk|2
|-boost|p2a: Venusaur|spa|2
|
|-weather|SunnyDay|[upkeep]
|-heal|p1a: Scizor|94/100|[from] item: Leftovers
|upkeep
|turn|8
|inactive|Nameless Moron has 90 seconds left.
|
|t:|1757844325
|move|p2a: Venusaur|Weather Ball|p1a: Scizor
|-supereffective|p1a: Scizor
|-damage|p1a: Scizor|0 fnt
|faint|p1a: Scizor
|-damage|p2a: Venusaur|91/100|[from] item: Life Orb
|
|-weather|SunnyDay|[upkeep]
|upkeep
|inactive|kk826 has 90 seconds left.
|
|t:|1757844341
|switch|p1a: Zapdos|Zapdos|100/100
|-damage|p1a: Zapdos|76/100|[from] Stealth Rock
|turn|9
|
|t:|1757844351
|move|p2a: Venusaur|Weather Ball|p1a: Zapdos
|-damage|p1a: Zapdos|0 fnt
|faint|p1a: Zapdos
|-damage|p2a: Venusaur|81/100|[from] item: Life Orb
|
|-weather|SunnyDay|[upkeep]
|upkeep
|inactive|kk826 has 90 seconds left.
|
|t:|1757844370
|switch|p1a: Gliscor|Gliscor, F|6/100 tox
|-damage|p1a: Gliscor|0 fnt|[from] Stealth Rock
|faint|p1a: Gliscor
|
|t:|1757844382
|switch|p1a: Arcanine|Arcanine-Hisui, M|100/100
|-damage|p1a: Arcanine|75/100|[from] Stealth Rock
|-ability|p1a: Arcanine|Intimidate|boost
|-unboost|p2a: Venusaur|atk|1
|turn|10
|
|t:|1757844395
|move|p2a: Venusaur|Giga Drain|p1a: Arcanine
|-damage|p1a: Arcanine|7/100
|-heal|p2a: Venusaur|100/100|[from] drain|[of] p1a: Arcanine
|-damage|p2a: Venusaur|91/100|[from] item: Life Orb
|move|p1a: Arcanine|Head Smash|p2a: Venusaur
|-supereffective|p2a: Venusaur
|-damage|p2a: Venusaur|0 fnt
|faint|p2a: Venusaur
|-damage|p1a: Arcanine|0 fnt|[from] Recoil
|faint|p1a: Arcanine
|
|-weather|SunnyDay|[upkeep]
|upkeep
|
|t:|1757844416
|switch|p2a: Raging Bolt|Raging Bolt|100/100
|switch|p1a: Dragapult|Dragapult, M|100/100
|-damage|p1a: Dragapult|88/100|[from] Stealth Rock
|-activate|p2a: Raging Bolt|ability: Protosynthesis
|-start|p2a: Raging Bolt|protosynthesisspa
|turn|11
|inactive|kk826 has 60 seconds left.
|
|t:|1757844433
|move|p2a: Raging Bolt|Thunderclap|p1a: Dragapult
|-resisted|p1a: Dragapult
|-damage|p1a: Dragapult|52/100
|move|p1a: Dragapult|Dragon Darts|p2a: Raging Bolt
|-supereffective|p2a: Raging Bolt
|-damage|p2a: Raging Bolt|54/100
|-anim|p1a: Dragapult|Dragon Darts|p2a: Raging Bolt
|-supereffective|p2a: Raging Bolt
|-damage|p2a: Raging Bolt|8/100
|
|-weather|SunnyDay|[upkeep]
|-heal|p2a: Raging Bolt|14/100|[from] item: Leftovers
|upkeep
|turn|12
|inactive|kk826 has 60 seconds left.
|
|t:|1757844449
|move|p2a: Raging Bolt|Thunderclap|p1a: Dragapult
|-resisted|p1a: Dragapult
|-damage|p1a: Dragapult|14/100
|move|p1a: Dragapult|Dragon Darts|p2a: Raging Bolt
|-supereffective|p2a: Raging Bolt
|-damage|p2a: Raging Bolt|0 fnt
|faint|p2a: Raging Bolt
|-end|p2a: Raging Bolt|Protosynthesis|[silent]
|
|-weather|none
|upkeep
|
|t:|1757844457
|switch|p2a: Rillaboom|Rillaboom, F|100/100
|-fieldstart|move: Grassy Terrain|[from] ability: Grassy Surge|[of] p2a: Rillaboom
|turn|13
|inactive|kk826 has 60 seconds left.
|
|t:|1757844470
|move|p2a: Rillaboom|Grassy Glide|p1a: Dragapult
|-resisted|p1a: Dragapult
|-damage|p1a: Dragapult|0 fnt
|faint|p1a: Dragapult
|
|upkeep
|inactive|kk826 has 60 seconds left.
|-message|kk826 forfeited.
|
|win|Nameless Moron
|raw|kk826's rating: 1125 &rarr; <strong>1098</strong><br />(-27 for losing)
|raw|Nameless Moron's rating: 1095 &rarr; <strong>1123</strong><br />(+28 for winning)
|l|☆kk826
|player|p1|
