|j|☆Devrai
|j|☆mathismathin
|t:|1757908751
|gametype|singles
|player|p1|Devrai|zinnia|1412
|player|p2|mathismathin|hilbert|1480
|gen|9
|tier|[Gen 9] OU
|rated|
|rule|HP Percentage Mod: HP is shown in percentages
|rule|Endless Battle Clause: Forcing endless battles is banned
|rule|Species Clause: Limit one of each Pokémon
|rule|OHKO Clause: OHKO moves are banned
|rule|Evasion Items Clause: Evasion items are banned
|rule|Evasion Moves Clause: Evasion moves are banned
|rule|Evasion Abilities Clause: Evasion abilities are banned
|rule|Sleep Moves Clause: Sleep-inducing moves are banned
|clearpoke
|poke|p1|Araquanid, M|
|poke|p1|Skeledirge, F|
|poke|p1|Enamorus, F|
|poke|p1|Iron Treads|
|poke|p1|Latios, M|
|poke|p1|Raichu, F|
|poke|p2|Mew|
|poke|p2|Primarina, F|
|poke|p2|Moltres|
|poke|p2|Chesnaught, F|
|poke|p2|Great Tusk|
|poke|p2|Dragapult, M|
|teampreview
|inactive|Battle timer is ON: inactive players will automatically lose when time's up. (requested by Devrai)
|inactive|mathismathin has 120 seconds left.
|
|t:|1757908806
|teamsize|p1|6
|teamsize|p2|6
|start
|switch|p1a: Ampere|Raichu, F|100/100
|switch|p2a: Mew|Mew|100/100
|turn|1
|
|t:|1757908809
|move|p2a: Mew|Trick|p1a: Ampere
|-activate|p2a: Mew|move: Trick|[of] p1a: Ampere
|-item|p1a: Ampere|Choice Scarf|[from] move: Trick
|-item|p2a: Mew|Life Orb|[from] move: Trick
|move|p1a: Ampere|Thunderbolt|p2a: Mew
|-damage|p2a: Mew|68/100
|
|upkeep
|turn|2
|
|t:|1757908827
|switch|p1a: Jet Lag|Latios, M, shiny|100/100
|switch|p2a: Great Tusk|Great Tusk|100/100
|
|upkeep
|turn|3
|
|t:|1757908833
|-end|p2a: Great Tusk|Protosynthesis|[silent]
|switch|p2a: Primarina|Primarina, F|100/100
|move|p1a: Jet Lag|Luster Purge|p2a: Primarina
|-damage|p2a: Primarina|50/100
|-unboost|p2a: Primarina|spd|1
|
|upkeep
|turn|4
|
|t:|1757908840
|move|p1a: Jet Lag|Luster Purge|p2a: Primarina
|-damage|p2a: Primarina|0 fnt
|faint|p2a: Primarina
|
|upkeep
|
|t:|1757908842
|switch|p2a: Dragapult|Dragapult, M|100/100
|turn|5
|
|t:|1757908847
|switch|p1a: Bubble Buddy|Araquanid, M, shiny|100/100
|-terastallize|p2a: Dragapult|Ghost
|move|p2a: Dragapult|Tera Blast|p1a: Bubble Buddy|[anim] Tera Blast Ghost
|-damage|p1a: Bubble Buddy|43/100
|
|-heal|p1a: Bubble Buddy|49/100|[from] item: Leftovers
|upkeep
|turn|6
|
|t:|1757908855
|move|p2a: Dragapult|Tera Blast|p1a: Bubble Buddy|[anim] Tera Blast Ghost
|-damage|p1a: Bubble Buddy|0 fnt
|faint|p1a: Bubble Buddy
|
|upkeep
|
|t:|1757908858
|switch|p1a: Treadmill|Iron Treads, shiny|100/100
|turn|7
|
|t:|1757908866
|switch|p2a: Moltres|Moltres|100/100
|move|p1a: Treadmill|Knock Off|p2a: Moltres
|-damage|p2a: Moltres|68/100
|-enditem|p2a: Moltres|Heavy-Duty Boots|[from] move: Knock Off|[of] p1a: Treadmill
|
|upkeep
|turn|8
|
|t:|1757908869
|move|p2a: Moltres|Hurricane|p1a: Treadmill
|-resisted|p1a: Treadmill
|-damage|p1a: Treadmill|65/100
|move|p1a: Treadmill|Stealth Rock|p2a: Moltres
|-sidestart|p2: mathismathin|move: Stealth Rock
|
|upkeep
|turn|9
|
|t:|1757908881
|-end|p1a: Treadmill|Quark Drive|[silent]
|switch|p1a: Ampere|Raichu, F|100/100
|move|p2a: Moltres|Hurricane|p1a: Ampere
|-resisted|p1a: Ampere
|-damage|p1a: Ampere|60/100
|
|upkeep
|turn|10
|
|t:|1757908885
|switch|p2a: Chesnaught|Chesnaught, F|100/100
|-damage|p2a: Chesnaught|94/100|[from] Stealth Rock
|move|p1a: Ampere|Alluring Voice|p2a: Chesnaught
|-supereffective|p2a: Chesnaught
|-damage|p2a: Chesnaught|44/100
|
|upkeep
|turn|11
|
|t:|1757908891
|move|p1a: Ampere|Alluring Voice|p2a: Chesnaught
|-supereffective|p2a: Chesnaught
|-damage|p2a: Chesnaught|0 fnt
|faint|p2a: Chesnaught
|
|upkeep
|
|t:|1757908892
|switch|p2a: Dragapult|Dragapult, M, tera:Ghost|100/100
|-damage|p2a: Dragapult|88/100|[from] Stealth Rock
|turn|12
|
|t:|1757908893
|move|p1a: Ampere|Alluring Voice|p2a: Dragapult
|-damage|p2a: Dragapult|58/100
|move|p2a: Dragapult|Tera Blast|p1a: Ampere|[anim] Tera Blast Ghost
|-crit|p1a: Ampere
|-damage|p1a: Ampere|0 fnt
|faint|p1a: Ampere
|
|upkeep
|
|t:|1757908898
|switch|p1a: Mistress|Enamorus, F, shiny|100/100
|turn|13
|inactive|mathismathin has 120 seconds left.
|
|t:|1757908929
|-terastallize|p1a: Mistress|Stellar
|move|p2a: Dragapult|Tera Blast|p1a: Mistress|[anim] Tera Blast Ghost
|-damage|p1a: Mistress|0 fnt
|faint|p1a: Mistress
|
|upkeep
|-message|Devrai forfeited.
|
|win|mathismathin
|raw|Devrai's rating: 1412 &rarr; <strong>1396</strong><br />(-16 for losing)
|raw|mathismathin's rating: 1480 &rarr; <strong>1496</strong><br />(+16 for winning)
|l|☆Devrai
|player|p1|
