|j|☆spicy_milk368
|j|☆Lych0966
|t:|1757912072
|gametype|singles
|player|p1|spicy_milk368|grimsley|1344
|player|p2|Lych0966|giovanni|1378
|gen|9
|tier|[Gen 9] OU
|rated|
|rule|HP Percentage Mod: HP is shown in percentages
|rule|Endless Battle Clause: Forcing endless battles is banned
|rule|Species Clause: Limit one of each Pokémon
|rule|OHKO Clause: OHKO moves are banned
|rule|Evasion Items Clause: Evasion items are banned
|rule|Evasion Moves Clause: Evasion moves are banned
|rule|Evasion Abilities Clause: Evasion abilities are banned
|rule|Sleep Moves Clause: Sleep-inducing moves are banned
|clearpoke
|poke|p1|Indeedee, M|
|poke|p1|Hatterene, F|
|poke|p1|Ursaluna, F|
|poke|p1|Iron Hands|
|poke|p1|Hoopa-Unbound|
|poke|p1|Mimikyu, F|
|poke|p2|Landorus-Therian, M|
|poke|p2|Greninja-*, M|
|poke|p2|Dragonite, M|
|poke|p2|Meowscarada, F|
|poke|p2|Iron Valiant|
|poke|p2|Cinderace, F|
|teampreview
|
|t:|1757912116
|teamsize|p1|6
|teamsize|p2|6
|start
|switch|p1a: Indeedee|Indeedee, M, shiny|100/100
|switch|p2a: TRAVELO|Meowscarada, F|100/100
|-fieldstart|move: Psychic Terrain|[from] ability: Psychic Surge|[of] p1a: Indeedee
|turn|1
|
|t:|1757912134
|switch|p1a: Iron Hands|Iron Hands|100/100
|-enditem|p1a: Iron Hands|Booster Energy
|-activate|p1a: Iron Hands|ability: Quark Drive|[fromitem]
|-start|p1a: Iron Hands|quarkdriveatk
|move|p2a: TRAVELO|U-turn|p1a: Iron Hands
|-start|p2a: TRAVELO|typechange|Bug|[from] ability: Protean
|-resisted|p1a: Iron Hands
|-damage|p1a: Iron Hands|83/100
|
|t:|1757912143
|switch|p2a: FERNANDO|Landorus-Therian, M|100/100|[from] U-turn
|-ability|p2a: FERNANDO|Intimidate|boost
|-unboost|p1a: Iron Hands|atk|1
|
|upkeep
|turn|2
|
|t:|1757912156
|-terastallize|p1a: Iron Hands|Flying
|move|p2a: FERNANDO|Earthquake|p1a: Iron Hands
|-immune|p1a: Iron Hands
|move|p1a: Iron Hands|Ice Punch|p2a: FERNANDO
|-supereffective|p2a: FERNANDO
|-damage|p2a: FERNANDO|0 fnt
|faint|p2a: FERNANDO
|
|upkeep
|
|t:|1757912165
|switch|p2a: TRAVELO|Meowscarada, F|100/100
|turn|3
|
|t:|1757912187
|move|p2a: TRAVELO|Triple Axel|p1a: Iron Hands|[miss]
|-start|p2a: TRAVELO|typechange|Ice|[from] ability: Protean
|-miss|p2a: TRAVELO|p1a: Iron Hands
|move|p1a: Iron Hands|Close Combat|p2a: TRAVELO
|-supereffective|p2a: TRAVELO
|-damage|p2a: TRAVELO|0 fnt
|-unboost|p1a: Iron Hands|def|1
|-unboost|p1a: Iron Hands|spd|1
|faint|p2a: TRAVELO
|
|upkeep
|
|t:|1757912198
|switch|p2a: EAUMOPHOBE|Greninja, M|100/100
|turn|4
|
|t:|1757912203
|-end|p1a: Iron Hands|Quark Drive|[silent]
|switch|p1a: Hoopa|Hoopa-Unbound|100/100
|-enditem|p1a: Hoopa|Psychic Seed
|-boost|p1a: Hoopa|spd|1|[from] item: Psychic Seed
|move|p2a: EAUMOPHOBE|Ice Beam|p1a: Hoopa
|-damage|p1a: Hoopa|84/100
|-damage|p2a: EAUMOPHOBE|91/100|[from] item: Life Orb
|
|upkeep
|turn|5
|
|t:|1757912210
|switch|p2a: CARTMAN|Dragonite, M|100/100
|move|p1a: Hoopa|Trick Room|p1a: Hoopa
|-fieldstart|move: Trick Room|[of] p1a: Hoopa
|
|upkeep
|turn|6
|
|t:|1757912218
|move|p1a: Hoopa|Expanding Force|p2a: CARTMAN
|-damage|p2a: CARTMAN|50/100
|-item|p1a: Hoopa|Heavy-Duty Boots|[from] ability: Magician|[of] p2a: CARTMAN
|move|p2a: CARTMAN|Dragon Dance|p2a: CARTMAN
|-boost|p2a: CARTMAN|atk|1
|-boost|p2a: CARTMAN|spe|1
|
|upkeep
|turn|7
|
|t:|1757912228
|-terastallize|p2a: CARTMAN|Normal
|move|p1a: Hoopa|Expanding Force|p2a: CARTMAN
|-damage|p2a: CARTMAN|0 fnt
|faint|p2a: CARTMAN
|
|upkeep
|-message|Lych0966 forfeited.
|
|win|spicy_milk368
|raw|spicy_milk368's rating: 1344 &rarr; <strong>1366</strong><br />(+22 for winning)
|raw|Lych0966's rating: 1378 &rarr; <strong>1356</strong><br />(-22 for losing)
|l|☆Lych0966
|player|p2|
|l|☆spicy_milk368
|player|p1|
