|j|☆ratrotation
|j|☆peach boy test
|t:|1757869036
|gametype|singles
|player|p1|ratrotation|pokemaniac|1177
|player|p2|peach boy test|drayden|1208
|gen|9
|tier|[Gen 9] OU
|rated|
|rule|HP Percentage Mod: HP is shown in percentages
|rule|Endless Battle Clause: Forcing endless battles is banned
|rule|Species Clause: Limit one of each Pokémon
|rule|OHKO Clause: OHKO moves are banned
|rule|Evasion Items Clause: Evasion items are banned
|rule|Evasion Moves Clause: Evasion moves are banned
|rule|Evasion Abilities Clause: Evasion abilities are banned
|rule|Sleep Moves Clause: Sleep-inducing moves are banned
|clearpoke
|poke|p1|Pecharunt|
|poke|p1|Heatran, M|
|poke|p1|Primarina, M|
|poke|p1|Great Tusk|
|poke|p1|Scizor, M|
|poke|p1|Dragonite, F|
|poke|p2|Iron Hands|
|poke|p2|Moltres|
|poke|p2|Oricorio-Sensu, M|
|poke|p2|Weezing-Galar, F|
|poke|p2|Garchomp, M|
|poke|p2|Lokix, F|
|teampreview
|inactive|Battle timer is ON: inactive players will automatically lose when time's up. (requested by peach boy test)
|c|☆peach boy test|glhf :)
|
|t:|1757869048
|teamsize|p1|6
|teamsize|p2|6
|start
|switch|p1a: Primarina|Primarina, M, shiny|100/100
|switch|p2a: Garth Champ|Garchomp, M|100/100
|turn|1
|c|☆ratrotation|GLHF
|
|t:|1757869064
|switch|p2a: walling Geezer|Weezing-Galar, F|100/100
|-ability|p2a: walling Geezer|Neutralizing Gas
|move|p1a: Primarina|Calm Mind|p1a: Primarina
|-boost|p1a: Primarina|spa|1
|-boost|p1a: Primarina|spd|1
|
|upkeep
|turn|2
|
|t:|1757869088
|switch|p1a: Heatran|Heatran, M, shiny|100/100
|move|p2a: walling Geezer|Will-O-Wisp|p1a: Heatran
|-immune|p1a: Heatran
|
|upkeep
|turn|3
|
|t:|1757869101
|-end|p2a: walling Geezer|ability: Neutralizing Gas
|switch|p2a: Garth Champ|Garchomp, M|100/100
|move|p1a: Heatran|Flash Cannon|p2a: Garth Champ
|-damage|p2a: Garth Champ|58/100
|
|upkeep
|turn|4
|inactive|ratrotation has 120 seconds left.
|
|t:|1757869126
|switch|p1a: Pecharunt|Pecharunt|100/100
|move|p2a: Garth Champ|Stealth Rock|p1a: Pecharunt
|-sidestart|p1: ratrotation|move: Stealth Rock
|
|upkeep
|turn|5
|inactive|ratrotation has 120 seconds left.
|
|t:|1757869139
|-terastallize|p1a: Pecharunt|Dark
|move|p2a: Garth Champ|Earthquake|p1a: Pecharunt
|-damage|p1a: Pecharunt|76/100
|move|p1a: Pecharunt|Malignant Chain|p2a: Garth Champ
|-resisted|p2a: Garth Champ
|-damage|p2a: Garth Champ|44/100
|-status|p2a: Garth Champ|tox
|-start|p2a: Garth Champ|confusion|[from] ability: Poison Puppeteer|[of] p1a: Pecharunt
|
|-damage|p2a: Garth Champ|38/100 tox|[from] psn
|upkeep
|turn|6
|inactive|ratrotation has 120 seconds left.
|
|t:|1757869150
|-activate|p2a: Garth Champ|confusion
|move|p2a: Garth Champ|Spikes|p1a: Pecharunt
|-sidestart|p1: ratrotation|Spikes
|move|p1a: Pecharunt|Parting Shot|p2a: Garth Champ
|-unboost|p2a: Garth Champ|atk|1
|-unboost|p2a: Garth Champ|spa|1
|inactive|ratrotation has 120 seconds left.
|
|t:|1757869155
|switch|p1a: Great Tusk|Great Tusk|100/100|[from] Parting Shot
|-damage|p1a: Great Tusk|98/100|[from] Stealth Rock
|-damage|p1a: Great Tusk|85/100|[from] Spikes
|-enditem|p1a: Great Tusk|Booster Energy
|-activate|p1a: Great Tusk|ability: Protosynthesis|[fromitem]
|-start|p1a: Great Tusk|protosynthesisatk
|
|-damage|p2a: Garth Champ|25/100 tox|[from] psn
|upkeep
|turn|7
|
|t:|1757869165
|switch|p2a: Ollie Corio|Oricorio-Sensu, M|100/100
|move|p1a: Great Tusk|Rapid Spin|p2a: Ollie Corio
|-immune|p2a: Ollie Corio
|
|upkeep
|turn|8
|
|t:|1757869173
|move|p1a: Great Tusk|Head Smash|p2a: Ollie Corio
|-supereffective|p2a: Ollie Corio
|-damage|p2a: Ollie Corio|0 fnt
|-damage|p1a: Great Tusk|69/100|[from] item: Rocky Helmet|[of] p2a: Ollie Corio
|faint|p2a: Ollie Corio
|-damage|p1a: Great Tusk|21/100|[from] Recoil
|
|upkeep
|
|t:|1757869177
|switch|p2a: Ramen Kaider|Lokix, F|100/100
|turn|9
|
|t:|1757869182
|move|p2a: Ramen Kaider|First Impression|p1a: Great Tusk
|-resisted|p1a: Great Tusk
|-damage|p1a: Great Tusk|0 fnt
|faint|p1a: Great Tusk
|-end|p1a: Great Tusk|Protosynthesis|[silent]
|
|upkeep
|
|t:|1757869190
|switch|p1a: Scizor|Scizor, M|100/100
|-damage|p1a: Scizor|88/100|[from] Stealth Rock
|-damage|p1a: Scizor|76/100|[from] Spikes
|turn|10
|
|t:|1757869195
|switch|p2a: trawl mez|Moltres|100/100
|move|p1a: Scizor|Dual Wingbeat|p2a: trawl mez
|-damage|p2a: trawl mez|78/100
|-damage|p2a: trawl mez|55/100
|-status|p1a: Scizor|brn|[from] ability: Flame Body|[of] p2a: trawl mez
|-hitcount|p2a: trawl mez|2
|
|-damage|p1a: Scizor|70/100 brn|[from] brn
|upkeep
|turn|11
|
|t:|1757869208
|switch|p1a: Dragonite|Dragonite, F, shiny|100/100
|-damage|p1a: Dragonite|76/100|[from] Stealth Rock
|move|p2a: trawl mez|Roost|p2a: trawl mez
|-heal|p2a: trawl mez|100/100
|-singleturn|p2a: trawl mez|move: Roost
|
|upkeep
|turn|12
|
|t:|1757869216
|move|p1a: Dragonite|Dragon Dance|p1a: Dragonite
|-boost|p1a: Dragonite|atk|1
|-boost|p1a: Dragonite|spe|1
|move|p2a: trawl mez|Roar|p1a: Dragonite
|drag|p1a: Scizor|Scizor, M|70/100 brn
|-damage|p1a: Scizor|58/100 brn|[from] Stealth Rock
|-damage|p1a: Scizor|45/100 brn|[from] Spikes
|
|-damage|p1a: Scizor|39/100 brn|[from] brn
|upkeep
|turn|13
|
|t:|1757869227
|move|p2a: trawl mez|Flamethrower|p1a: Scizor
|-supereffective|p1a: Scizor
|-damage|p1a: Scizor|0 fnt
|faint|p1a: Scizor
|
|upkeep
|
|t:|1757869233
|switch|p1a: Primarina|Primarina, M, shiny|100/100
|-damage|p1a: Primarina|88/100|[from] Stealth Rock
|-damage|p1a: Primarina|76/100|[from] Spikes
|turn|14
|
|t:|1757869240
|move|p2a: trawl mez|U-turn|p1a: Primarina
|-resisted|p1a: Primarina
|-damage|p1a: Primarina|68/100
|
|t:|1757869243
|switch|p2a: walling Geezer|Weezing-Galar, F|100/100|[from] U-turn
|-ability|p2a: walling Geezer|Neutralizing Gas
|move|p1a: Primarina|Calm Mind|p1a: Primarina
|-boost|p1a: Primarina|spa|1
|-boost|p1a: Primarina|spd|1
|
|-heal|p1a: Primarina|74/100|[from] item: Leftovers
|upkeep
|turn|15
|
|t:|1757869254
|move|p2a: walling Geezer|Will-O-Wisp|p1a: Primarina
|-status|p1a: Primarina|brn
|move|p1a: Primarina|Calm Mind|p1a: Primarina
|-boost|p1a: Primarina|spa|1
|-boost|p1a: Primarina|spd|1
|
|-heal|p1a: Primarina|80/100 brn|[from] item: Leftovers
|-damage|p1a: Primarina|74/100 brn|[from] brn
|upkeep
|turn|16
|c|☆peach boy test|oh I should have roared again
|c|☆peach boy test|but thought you wouldn't set up knowing I had it
|
|t:|1757869266
|move|p2a: walling Geezer|Strange Steam|p1a: Primarina
|-damage|p1a: Primarina|63/100 brn
|move|p1a: Primarina|Shadow Ball|p2a: walling Geezer
|-damage|p2a: walling Geezer|13/100
|
|-heal|p1a: Primarina|69/100 brn|[from] item: Leftovers
|-damage|p1a: Primarina|63/100 brn|[from] brn
|upkeep
|turn|17
|
|t:|1757869277
|move|p1a: Primarina|Shadow Ball|p2a: walling Geezer
|-damage|p2a: walling Geezer|0 fnt
|faint|p2a: walling Geezer
|-end|p2a: walling Geezer|ability: Neutralizing Gas
|
|-heal|p1a: Primarina|69/100 brn|[from] item: Leftovers
|-damage|p1a: Primarina|63/100 brn|[from] brn
|upkeep
|c|☆peach boy test|oh must have been a speed tie
|
|t:|1757869296
|switch|p2a: Brian Hands|Iron Hands|100/100
|-enditem|p2a: Brian Hands|Booster Energy
|-activate|p2a: Brian Hands|ability: Quark Drive|[fromitem]
|-start|p2a: Brian Hands|quarkdriveatk
|turn|18
|
|t:|1757869308
|move|p2a: Brian Hands|Thunder Punch|p1a: Primarina
|-supereffective|p1a: Primarina
|-damage|p1a: Primarina|0 fnt
|faint|p1a: Primarina
|
|upkeep
|
|t:|1757869314
|switch|p1a: Pecharunt|Pecharunt, tera:Dark|76/100
|-damage|p1a: Pecharunt|64/100|[from] Stealth Rock
|-damage|p1a: Pecharunt|51/100|[from] Spikes
|turn|19
|
|t:|1757869319
|move|p1a: Pecharunt|Toxic|p2a: Brian Hands
|-status|p2a: Brian Hands|tox
|-start|p2a: Brian Hands|confusion|[from] ability: Poison Puppeteer|[of] p1a: Pecharunt
|-activate|p2a: Brian Hands|confusion
|move|p2a: Brian Hands|Drain Punch|p1a: Pecharunt
|-supereffective|p1a: Pecharunt
|-damage|p1a: Pecharunt|0 fnt
|-damage|p2a: Brian Hands|84/100 tox|[from] item: Rocky Helmet|[of] p1a: Pecharunt
|faint|p1a: Pecharunt
|
|-damage|p2a: Brian Hands|78/100 tox|[from] psn
|upkeep
|-message|ratrotation forfeited.
|
|win|peach boy test
|raw|ratrotation's rating: 1177 &rarr; <strong>1154</strong><br />(-23 for losing)
|raw|peach boy test's rating: 1208 &rarr; <strong>1231</strong><br />(+23 for winning)
|l|☆ratrotation
|player|p1|
|c|☆peach boy test|gg
|l|☆peach boy test
|player|p2|
