|j|☆zhuangmou
|j|‽v1n001
|t:|1757854499
|gametype|singles
|player|p1|zhuangmou|red|1648
|player|p2|v1n001|2|1656
|gen|9
|tier|[Gen 9] OU
|rated|
|rule|HP Percentage Mod: HP is shown in percentages
|rule|Endless Battle Clause: Forcing endless battles is banned
|rule|Species Clause: Limit one of each Pokémon
|rule|OHKO Clause: OHKO moves are banned
|rule|Evasion Items Clause: Evasion items are banned
|rule|Evasion Moves Clause: Evasion moves are banned
|rule|Evasion Abilities Clause: Evasion abilities are banned
|rule|Sleep Moves Clause: Sleep-inducing moves are banned
|clearpoke
|poke|p1|Darkrai|
|poke|p1|Great Tusk|
|poke|p1|Landorus-Therian, M|
|poke|p1|Dragapult, M|
|poke|p1|Heatran, F|
|poke|p1|Primarina, M|
|poke|p2|Raging Bolt|
|poke|p2|Alomomola, F|
|poke|p2|Ting-Lu|
|poke|p2|Weezing-Galar, F|
|poke|p2|Landorus-Therian, M|
|poke|p2|Ogerpon-Wellspring, F|
|teampreview
|inactive|Battle timer is ON: inactive players will automatically lose when time's up. (requested by v1n001)
|inactive|zhuangmou also wants the timer to be on.
|j| Nikator98
|inactive|zhuangmou has 120 seconds left.
|
|t:|1757854537
|teamsize|p1|6
|teamsize|p2|6
|start
|switch|p1a: Dragapult|Dragapult, M|100/100
|switch|p2a: Alomomola|Alomomola, F, shiny|100/100
|turn|1
|
|t:|1757854542
|move|p1a: Dragapult|U-turn|p2a: Alomomola
|-damage|p2a: Alomomola|80/100
|l| Nikator98
|inactive|zhuangmou has 120 seconds left.
|
|t:|1757854579
|switch|p1a: Primarina|Primarina, M|100/100|[from] U-turn
|move|p2a: Alomomola|Flip Turn|p1a: Primarina
|-resisted|p1a: Primarina
|-damage|p1a: Primarina|91/100
|
|t:|1757854583
|switch|p2a: Raging Bolt|Raging Bolt|100/100|[from] Flip Turn
|
|upkeep
|turn|2
|inactive|zhuangmou has 120 seconds left.
|
|t:|1757854611
|move|p2a: Raging Bolt|Volt Switch|p1a: Primarina
|-supereffective|p1a: Primarina
|-damage|p1a: Primarina|36/100
|
|t:|1757854615
|-end|p2a: Raging Bolt|Protosynthesis|[silent]
|switch|p2a: Alomomola|Alomomola, F, shiny|100/100|[from] Volt Switch
|move|p1a: Primarina|Moonblast|p2a: Alomomola
|-damage|p2a: Alomomola|59/100
|
|upkeep
|turn|3
|inactive|zhuangmou has 120 seconds left.
|
|t:|1757854623
|move|p1a: Primarina|Energy Ball|p2a: Alomomola
|-supereffective|p2a: Alomomola
|-damage|p2a: Alomomola|13/100
|move|p2a: Alomomola|Flip Turn|p1a: Primarina
|-resisted|p1a: Primarina
|-damage|p1a: Primarina|26/100
|
|t:|1757854639
|switch|p2a: Ogerpon|Ogerpon-Wellspring, F|100/100|[from] Flip Turn
|
|upkeep
|turn|4
|
|t:|1757854654
|move|p2a: Ogerpon|Ivy Cudgel|p1a: Primarina|[anim] Ivy Cudgel Water
|-resisted|p1a: Primarina
|-damage|p1a: Primarina|0 fnt
|faint|p1a: Primarina
|
|upkeep
|
|t:|1757854660
|switch|p1a: Dragapult|Dragapult, M|100/100
|turn|5
|
|t:|1757854671
|switch|p2a: Alomomola|Alomomola, F, shiny|46/100
|move|p1a: Dragapult|U-turn|p2a: Alomomola
|-damage|p2a: Alomomola|25/100
|
|t:|1757854676
|switch|p1a: Darkrai|Darkrai|100/100|[from] U-turn
|
|upkeep
|turn|6
|
|t:|1757854694
|switch|p2a: Ting-Lu|Ting-Lu|100/100
|-ability|p2a: Ting-Lu|Vessel of Ruin
|move|p1a: Darkrai|Nasty Plot|p1a: Darkrai
|-boost|p1a: Darkrai|spa|2
|
|upkeep
|turn|7
|
|t:|1757854697
|move|p1a: Darkrai|Ice Beam|p2a: Ting-Lu
|-supereffective|p2a: Ting-Lu
|-damage|p2a: Ting-Lu|27/100
|-status|p2a: Ting-Lu|frz
|-damage|p1a: Darkrai|91/100|[from] item: Life Orb
|cant|p2a: Ting-Lu|frz
|
|-heal|p2a: Ting-Lu|33/100 frz|[from] item: Leftovers
|upkeep
|turn|8
|
|t:|1757854703
|move|p1a: Darkrai|Ice Beam|p2a: Ting-Lu
|-supereffective|p2a: Ting-Lu
|-damage|p2a: Ting-Lu|0 fnt
|faint|p2a: Ting-Lu
|-damage|p1a: Darkrai|81/100|[from] item: Life Orb
|
|upkeep
|
|t:|1757854707
|switch|p2a: Landorus|Landorus-Therian, M, shiny|100/100
|-ability|p2a: Landorus|Intimidate|boost
|-unboost|p1a: Darkrai|atk|1
|turn|9
|j| Nikator98
|l| Nikator98
|
|t:|1757854725
|switch|p1a: Landorus|Landorus-Therian, M|100/100
|-ability|p1a: Landorus|Intimidate|boost
|-unboost|p2a: Landorus|atk|1
|move|p2a: Landorus|U-turn|p1a: Landorus
|-resisted|p1a: Landorus
|-damage|p1a: Landorus|94/100
|-damage|p2a: Landorus|84/100|[from] item: Rocky Helmet|[of] p1a: Landorus
|
|t:|1757854743
|switch|p2a: Ogerpon|Ogerpon-Wellspring, F|100/100|[from] U-turn
|
|upkeep
|turn|10
|
|t:|1757854762
|-terastallize|p1a: Landorus|Water
|move|p2a: Ogerpon|Ivy Cudgel|p1a: Landorus|[anim] Ivy Cudgel Water
|-resisted|p1a: Landorus
|-damage|p1a: Landorus|74/100
|move|p1a: Landorus|U-turn|p2a: Ogerpon
|-supereffective|p2a: Ogerpon
|-damage|p2a: Ogerpon|41/100
|inactive|zhuangmou has 120 seconds left.
|
|t:|1757854802
|switch|p1a: Dragapult|Dragapult, M|100/100|[from] U-turn
|
|upkeep
|turn|11
|j| wgw2333
|
|t:|1757854811
|switch|p2a: Alomomola|Alomomola, F, shiny|58/100
|move|p1a: Dragapult|U-turn|p2a: Alomomola
|-damage|p2a: Alomomola|37/100
|
|t:|1757854814
|switch|p1a: Darkrai|Darkrai|81/100|[from] U-turn
|
|upkeep
|turn|12
|inactive|zhuangmou has 120 seconds left.
|
|t:|1757854825
|switch|p2a: Weezing|Weezing-Galar, F, shiny|100/100
|-ability|p2a: Weezing|Neutralizing Gas
|move|p1a: Darkrai|Dark Pulse|p2a: Weezing
|-resisted|p2a: Weezing
|-damage|p2a: Weezing|63/100
|-damage|p1a: Darkrai|71/100|[from] item: Life Orb
|
|upkeep
|turn|13
|inactive|zhuangmou has 120 seconds left.
|inactive|v1n001 has 120 seconds left.
|
|t:|1757854865
|switch|p1a: Heatran|Heatran, F|100/100
|-end|p2a: Weezing|ability: Neutralizing Gas
|switch|p2a: Landorus|Landorus-Therian, M, shiny|84/100
|-ability|p2a: Landorus|Intimidate|boost
|-unboost|p1a: Heatran|atk|1
|
|upkeep
|turn|14
|inactive|v1n001 has 120 seconds left.
|
|t:|1757854878
|move|p1a: Heatran|Protect|p1a: Heatran
|-singleturn|p1a: Heatran|Protect
|move|p2a: Landorus|Earthquake|p1a: Heatran
|-activate|p1a: Heatran|move: Protect
|
|upkeep
|turn|15
|inactive|v1n001 has 120 seconds left.
|
|t:|1757854897
|switch|p1a: Landorus|Landorus-Therian, M, tera:Water|74/100
|-ability|p1a: Landorus|Intimidate|boost
|-unboost|p2a: Landorus|atk|1
|-terastallize|p2a: Landorus|Ground
|move|p2a: Landorus|Earthquake|p1a: Landorus
|-damage|p1a: Landorus|40/100
|
|upkeep
|turn|16
|inactive|v1n001 has 120 seconds left.
|inactive|zhuangmou has 90 seconds left.
|
|t:|1757854926
|switch|p2a: Alomomola|Alomomola, F, shiny|70/100
|move|p1a: Landorus|U-turn|p2a: Alomomola
|-damage|p2a: Alomomola|56/100
|
|t:|1757854936
|switch|p1a: Darkrai|Darkrai|71/100|[from] U-turn
|
|upkeep
|turn|17
|inactive|zhuangmou has 90 seconds left.
|
|t:|1757854944
|move|p1a: Darkrai|Dark Pulse|p2a: Alomomola
|-damage|p2a: Alomomola|9/100
|-damage|p1a: Darkrai|61/100|[from] item: Life Orb
|move|p2a: Alomomola|Flip Turn|p1a: Darkrai
|-damage|p1a: Darkrai|38/100
|
|t:|1757854947
|switch|p2a: Landorus|Landorus-Therian, M, shiny, tera:Ground|84/100|[from] Flip Turn
|-ability|p2a: Landorus|Intimidate|boost
|-unboost|p1a: Darkrai|atk|1
|
|upkeep
|turn|18
|
|t:|1757854954
|switch|p1a: Landorus|Landorus-Therian, M, tera:Water|40/100
|-ability|p1a: Landorus|Intimidate|boost
|-unboost|p2a: Landorus|atk|1
|move|p2a: Landorus|Earthquake|p1a: Landorus
|-damage|p1a: Landorus|3/100
|
|upkeep
|turn|19
|
|t:|1757854961
|move|p2a: Landorus|Earthquake|p1a: Landorus
|-damage|p1a: Landorus|0 fnt
|faint|p1a: Landorus
|
|upkeep
|
|t:|1757854963
|switch|p1a: Great Tusk|Great Tusk|100/100
|turn|20
|inactive|v1n001 has 120 seconds left.
|
|t:|1757854994
|switch|p2a: Alomomola|Alomomola, F, shiny|42/100
|move|p1a: Great Tusk|Rapid Spin|p2a: Alomomola
|-damage|p2a: Alomomola|31/100
|-boost|p1a: Great Tusk|spe|1
|
|upkeep
|turn|21
|
|t:|1757855021
|switch|p2a: Weezing|Weezing-Galar, F, shiny|63/100
|-ability|p2a: Weezing|Neutralizing Gas
|move|p1a: Great Tusk|Rapid Spin|p2a: Weezing
|-damage|p2a: Weezing|51/100
|-boost|p1a: Great Tusk|spe|1
|
|upkeep
|turn|22
|inactive|v1n001 has 120 seconds left.
|
|t:|1757855059
|move|p1a: Great Tusk|Headlong Rush|p2a: Weezing
|-supereffective|p2a: Weezing
|-damage|p2a: Weezing|0 fnt
|-unboost|p1a: Great Tusk|def|1
|-unboost|p1a: Great Tusk|spd|1
|faint|p2a: Weezing
|-end|p2a: Weezing|ability: Neutralizing Gas
|
|upkeep
|
|t:|1757855063
|switch|p2a: Alomomola|Alomomola, F, shiny|64/100
|turn|23
|
|t:|1757855076
|move|p1a: Great Tusk|Headlong Rush|p2a: Alomomola
|-damage|p2a: Alomomola|26/100
|-unboost|p1a: Great Tusk|def|1
|-unboost|p1a: Great Tusk|spd|1
|move|p2a: Alomomola|Wish|p2a: Alomomola
|
|upkeep
|turn|24
|inactive|v1n001 has 120 seconds left.
|inactive|zhuangmou has 90 seconds left.
|j| Nikator98
|l| Nikator98
|
|t:|1757855111
|-end|p1a: Great Tusk|Protosynthesis|[silent]
|switch|p1a: Darkrai|Darkrai|38/100
|move|p2a: Alomomola|Protect||[still]
|-fail|p2a: Alomomola
|
|-heal|p2a: Alomomola|76/100|[from] move: Wish|[wisher] Alomomola
|upkeep
|turn|25
|inactive|zhuangmou has 90 seconds left.
|
|t:|1757855135
|move|p1a: Darkrai|Dark Pulse|p2a: Alomomola
|-crit|p2a: Alomomola
|-damage|p2a: Alomomola|0 fnt
|faint|p2a: Alomomola
|-damage|p1a: Darkrai|28/100|[from] item: Life Orb
|
|upkeep
|
|t:|1757855138
|switch|p2a: Landorus|Landorus-Therian, M, shiny, tera:Ground|84/100
|-ability|p2a: Landorus|Intimidate|boost
|-unboost|p1a: Darkrai|atk|1
|turn|26
|inactive|zhuangmou has 90 seconds left.
|
|t:|1757855146
|move|p2a: Landorus|Earthquake|p1a: Darkrai
|-damage|p1a: Darkrai|0 fnt
|faint|p1a: Darkrai
|
|upkeep
|inactive|zhuangmou has 90 seconds left.
|
|t:|1757855160
|switch|p1a: Great Tusk|Great Tusk|100/100
|turn|27
|
|t:|1757855174
|switch|p2a: Ogerpon|Ogerpon-Wellspring, F|41/100
|move|p1a: Great Tusk|Rapid Spin|p2a: Ogerpon
|-damage|p2a: Ogerpon|16/100
|-boost|p1a: Great Tusk|spe|1
|
|upkeep
|turn|28
|
|t:|1757855180
|move|p1a: Great Tusk|Rapid Spin|p2a: Ogerpon
|-damage|p2a: Ogerpon|0 fnt
|-boost|p1a: Great Tusk|spe|1
|faint|p2a: Ogerpon
|
|upkeep
|
|t:|1757855181
|switch|p2a: Landorus|Landorus-Therian, M, shiny, tera:Ground|84/100
|-ability|p2a: Landorus|Intimidate|boost
|-unboost|p1a: Great Tusk|atk|1
|turn|29
|
|t:|1757855203
|move|p1a: Great Tusk|Knock Off|p2a: Landorus
|-crit|p2a: Landorus
|-damage|p2a: Landorus|27/100
|-enditem|p2a: Landorus|Choice Scarf|[from] move: Knock Off|[of] p1a: Great Tusk
|move|p2a: Landorus|Grass Knot|p1a: Great Tusk
|-supereffective|p1a: Great Tusk
|-damage|p1a: Great Tusk|11/100
|
|upkeep
|turn|30
|
|t:|1757855220
|move|p1a: Great Tusk|Ice Spinner|p2a: Landorus
|-supereffective|p2a: Landorus
|-damage|p2a: Landorus|0 fnt
|faint|p2a: Landorus
|
|upkeep
|-message|v1n001 forfeited.
|
|win|zhuangmou
|raw|zhuangmou's rating: 1648 &rarr; <strong>1668</strong><br />(+20 for winning)
|raw|v1n001's rating: 1656 &rarr; <strong>1636</strong><br />(-20 for losing)
|l|‽v1n001
|player|p2|
