|j|☆Dr. Sparce
|j|☆Absiinte
|t:|1757856757
|gametype|singles
|player|p1|Dr. Sparce|102|1489
|player|p2|Absiinte|102|1452
|gen|9
|tier|[Gen 9] OU
|rated|
|rule|HP Percentage Mod: HP is shown in percentages
|rule|Endless Battle Clause: Forcing endless battles is banned
|rule|Species Clause: Limit one of each Pokémon
|rule|OHKO Clause: OHKO moves are banned
|rule|Evasion Items Clause: Evasion items are banned
|rule|Evasion Moves Clause: Evasion moves are banned
|rule|Evasion Abilities Clause: Evasion abilities are banned
|rule|Sleep Moves Clause: Sleep-inducing moves are banned
|clearpoke
|poke|p1|Bellibolt, M|
|poke|p1|Rillaboom, M|
|poke|p1|Alomomola, F|
|poke|p1|Tinkaton, F|
|poke|p1|Great Tusk|
|poke|p1|Dragapult, M|
|poke|p2|Iron Moth|
|poke|p2|Kingambit, M|
|poke|p2|Dragonite, M|
|poke|p2|Ogerpon-Cornerstone, F|
|poke|p2|Iron Valiant|
|poke|p2|Raging Bolt|
|teampreview
|
|t:|1757856781
|teamsize|p1|6
|teamsize|p2|6
|start
|switch|p1a: Rillaboom|Rillaboom, M|100/100
|switch|p2a: Iron Moth|Iron Moth|100/100
|-fieldstart|move: Grassy Terrain|[from] ability: Grassy Surge|[of] p1a: Rillaboom
|-enditem|p2a: Iron Moth|Booster Energy
|-activate|p2a: Iron Moth|ability: Quark Drive|[fromitem]
|-start|p2a: Iron Moth|quarkdrivespe
|turn|1
|
|t:|1757856818
|switch|p1a: Alomomola|Alomomola, F|100/100
|move|p2a: Iron Moth|Fiery Dance|p1a: Alomomola
|-resisted|p1a: Alomomola
|-damage|p1a: Alomomola|83/100
|-boost|p2a: Iron Moth|spa|1
|
|-heal|p1a: Alomomola|90/100|[from] Grassy Terrain
|upkeep
|turn|2
|inactive|Battle timer is ON: inactive players will automatically lose when time's up. (requested by Dr. Sparce)
|
|t:|1757856829
|-terastallize|p2a: Iron Moth|Grass
|-terastallize|p1a: Alomomola|Ghost
|move|p2a: Iron Moth|Energy Ball|p1a: Alomomola
|-damage|p1a: Alomomola|16/100
|move|p1a: Alomomola|Tickle|p2a: Iron Moth
|-unboost|p2a: Iron Moth|atk|1
|-unboost|p2a: Iron Moth|def|1
|
|-heal|p1a: Alomomola|22/100|[from] Grassy Terrain
|upkeep
|turn|3
|
|t:|1757856845
|move|p1a: Alomomola|Protect|p1a: Alomomola
|-singleturn|p1a: Alomomola|Protect
|move|p2a: Iron Moth|Fiery Dance|p1a: Alomomola
|-activate|p1a: Alomomola|move: Protect
|
|-heal|p1a: Alomomola|28/100|[from] Grassy Terrain
|upkeep
|turn|4
|
|t:|1757856854
|switch|p1a: Dragapult|Dragapult, M|100/100
|move|p2a: Iron Moth|Fiery Dance|p1a: Dragapult
|-resisted|p1a: Dragapult
|-damage|p1a: Dragapult|62/100
|-boost|p2a: Iron Moth|spa|1
|
|-heal|p1a: Dragapult|68/100|[from] Grassy Terrain
|upkeep
|turn|5
|
|t:|1757856869
|switch|p1a: Alomomola|Alomomola, F, tera:Ghost|61/100
|move|p2a: Iron Moth|Dazzling Gleam|p1a: Alomomola
|-crit|p1a: Alomomola
|-damage|p1a: Alomomola|0 fnt
|faint|p1a: Alomomola
|
|-fieldend|move: Grassy Terrain
|upkeep
|
|t:|1757856888
|switch|p1a: Bellibolt|Bellibolt, M, shiny|100/100
|turn|6
|
|t:|1757856894
|move|p2a: Iron Moth|Fiery Dance|p1a: Bellibolt
|-damage|p1a: Bellibolt|47/100
|-start|p1a: Bellibolt|Charge|Fiery Dance|[from] ability: Electromorphosis
|move|p1a: Bellibolt|Discharge|p2a: Iron Moth
|-resisted|p2a: Iron Moth
|-damage|p2a: Iron Moth|71/100
|-end|p1a: Bellibolt|Charge|[silent]
|
|upkeep
|turn|7
|
|t:|1757856906
|move|p2a: Iron Moth|Sludge Wave|p1a: Bellibolt
|-damage|p1a: Bellibolt|0 fnt
|faint|p1a: Bellibolt
|
|upkeep
|
|t:|1757856909
|switch|p1a: Rillaboom|Rillaboom, M|100/100
|-fieldstart|move: Grassy Terrain|[from] ability: Grassy Surge|[of] p1a: Rillaboom
|turn|8
|
|t:|1757856913
|move|p1a: Rillaboom|Grassy Glide|p2a: Iron Moth
|-resisted|p2a: Iron Moth
|-damage|p2a: Iron Moth|1/100
|move|p2a: Iron Moth|Fiery Dance|p1a: Rillaboom
|-supereffective|p1a: Rillaboom
|-damage|p1a: Rillaboom|0 fnt
|faint|p1a: Rillaboom
|
|-heal|p2a: Iron Moth|7/100|[from] Grassy Terrain
|upkeep
|-message|Dr. Sparce forfeited.
|
|win|Absiinte
|raw|Dr. Sparce's rating: 1489 &rarr; <strong>1467</strong><br />(-22 for losing)
|raw|Absiinte's rating: 1452 &rarr; <strong>1474</strong><br />(+22 for winning)
|l|☆Dr. Sparce
|player|p1|
