|j|☆UnPlatanoQueHabla.
|j|☆fatheralex909
|t:|1757828304
|gametype|singles
|player|p1|UnPlatanoQueHabla.|266|1176
|player|p2|fatheralex909|2|1238
|gen|9
|tier|[Gen 9] OU
|rated|
|rule|HP Percentage Mod: HP is shown in percentages
|rule|Endless Battle Clause: Forcing endless battles is banned
|rule|Species Clause: Limit one of each Pokémon
|rule|OHKO Clause: OHKO moves are banned
|rule|Evasion Items Clause: Evasion items are banned
|rule|Evasion Moves Clause: Evasion moves are banned
|rule|Evasion Abilities Clause: Evasion abilities are banned
|rule|Sleep Moves Clause: Sleep-inducing moves are banned
|clearpoke
|poke|p1|Gengar, M|
|poke|p1|Gliscor, M|
|poke|p1|Ursaluna, M|
|poke|p1|Latias, F|
|poke|p1|Ceruledge, M|
|poke|p1|Dragapult, F|
|poke|p2|Typhlosion-Hisui, M|
|poke|p2|Great Tusk|
|poke|p2|Ogerpon-Wellspring, F|
|poke|p2|Pecharunt|
|poke|p2|Samurott-Hisui, F|
|poke|p2|Kyurem|
|teampreview
|
|t:|1757828314
|teamsize|p1|6
|teamsize|p2|6
|start
|switch|p1a: El Temach|Ursaluna, M, shiny|100/100
|switch|p2a: Samurott|Samurott-Hisui, F|100/100
|turn|1
|
|t:|1757828322
|move|p2a: Samurott|Flip Turn|p1a: El Temach
|-supereffective|p1a: El Temach
|-crit|p1a: El Temach
|-damage|p1a: El Temach|37/100
|
|t:|1757828325
|switch|p2a: Great Tusk|Great Tusk|100/100|[from] Flip Turn
|-enditem|p2a: Great Tusk|Booster Energy
|-activate|p2a: Great Tusk|ability: Protosynthesis|[fromitem]
|-start|p2a: Great Tusk|protosynthesisatk
|move|p1a: El Temach|Earthquake|p2a: Great Tusk
|-damage|p2a: Great Tusk|59/100
|
|-status|p1a: El Temach|brn|[from] item: Flame Orb
|upkeep
|turn|2
|
|t:|1757828339
|move|p2a: Great Tusk|Stealth Rock|p1a: El Temach
|-sidestart|p1: UnPlatanoQueHabla.|move: Stealth Rock
|move|p1a: El Temach|Ice Punch|p2a: Great Tusk
|-supereffective|p2a: Great Tusk
|-damage|p2a: Great Tusk|0 fnt
|faint|p2a: Great Tusk
|-end|p2a: Great Tusk|Protosynthesis|[silent]
|
|-damage|p1a: El Temach|31/100 brn|[from] brn
|upkeep
|
|t:|1757828346
|switch|p2a: Typhlosion|Typhlosion-Hisui, M, shiny|100/100
|-item|p1a: El Temach|Flame Orb|[from] ability: Frisk|[of] p2a: Typhlosion
|turn|3
|
|t:|1757828354
|move|p2a: Typhlosion|Eruption|p1a: El Temach
|-damage|p1a: El Temach|0 fnt
|faint|p1a: El Temach
|
|upkeep
|
|t:|1757828360
|switch|p1a: Toxica Como Mi Ex|Gliscor, M|100/100
|-damage|p1a: Toxica Como Mi Ex|88/100|[from] Stealth Rock
|turn|4
|
|t:|1757828365
|move|p2a: Typhlosion|Eruption|p1a: Toxica Como Mi Ex
|-damage|p1a: Toxica Como Mi Ex|0 fnt
|faint|p1a: Toxica Como Mi Ex
|
|upkeep
|
|t:|1757828370
|switch|p1a: Nooo mi compa!|Latias, F|100/100
|-damage|p1a: Nooo mi compa!|88/100|[from] Stealth Rock
|turn|5
|
|t:|1757828378
|switch|p2a: Samurott|Samurott-Hisui, F|100/100
|move|p1a: Nooo mi compa!|Thunder Wave|p2a: Samurott
|-status|p2a: Samurott|par
|
|-heal|p1a: Nooo mi compa!|94/100|[from] item: Leftovers
|upkeep
|turn|6
|inactive|Battle timer is ON: inactive players will automatically lose when time's up. (requested by fatheralex909)
|
|t:|1757828388
|-terastallize|p1a: Nooo mi compa!|Fairy
|move|p1a: Nooo mi compa!|Calm Mind|p1a: Nooo mi compa!
|-boost|p1a: Nooo mi compa!|spa|1
|-boost|p1a: Nooo mi compa!|spd|1
|cant|p2a: Samurott|par
|
|-heal|p1a: Nooo mi compa!|99/100|[from] item: Leftovers
|upkeep
|turn|7
|
|t:|1757828400
|move|p1a: Nooo mi compa!|Dragon Pulse|p2a: Samurott
|-crit|p2a: Samurott
|-damage|p2a: Samurott|10/100 par
|cant|p2a: Samurott|par
|
|-heal|p1a: Nooo mi compa!|100/100|[from] item: Leftovers
|upkeep
|turn|8
|
|t:|1757828417
|move|p1a: Nooo mi compa!|Dragon Pulse|p2a: Samurott
|-damage|p2a: Samurott|0 fnt
|faint|p2a: Samurott
|
|upkeep
|
|t:|1757828422
|switch|p2a: Ogerpon|Ogerpon-Wellspring, F|100/100
|turn|9
|
|t:|1757828433
|-terastallize|p2a: Ogerpon|Water
|detailschange|p2a: Ogerpon|Ogerpon-Wellspring-Tera, F, tera:Water
|-ability|p2a: Ogerpon|Embody Aspect (Wellspring)|boost
|-boost|p2a: Ogerpon|spd|1
|move|p2a: Ogerpon|Horn Leech|p1a: Nooo mi compa!
|-damage|p1a: Nooo mi compa!|43/100
|move|p1a: Nooo mi compa!|Thunder Wave|p2a: Ogerpon
|-status|p2a: Ogerpon|par
|
|-heal|p1a: Nooo mi compa!|49/100|[from] item: Leftovers
|upkeep
|turn|10
|
|t:|1757828450
|move|p1a: Nooo mi compa!|Dragon Pulse|p2a: Ogerpon
|-damage|p2a: Ogerpon|50/100 par
|move|p2a: Ogerpon|Horn Leech|p1a: Nooo mi compa!
|-damage|p1a: Nooo mi compa!|0 fnt
|-heal|p2a: Ogerpon|74/100 par|[from] drain|[of] p1a: Nooo mi compa!
|faint|p1a: Nooo mi compa!
|
|upkeep
|
|t:|1757828460
|switch|p1a: Pepino|Gengar, M|100/100
|-damage|p1a: Pepino|88/100|[from] Stealth Rock
|turn|11
|
|t:|1757828467
|move|p1a: Pepino|Sludge Bomb|p2a: Ogerpon
|-damage|p2a: Ogerpon|31/100 par
|move|p2a: Ogerpon|Ivy Cudgel|p1a: Pepino|[anim] Ivy Cudgel Water
|-damage|p1a: Pepino|0 fnt
|-start|p2a: Ogerpon|Disable|Ivy Cudgel|[from] ability: Cursed Body|[of] p1a: Pepino
|faint|p1a: Pepino
|
|upkeep
|
|t:|1757828476
|switch|p1a: Cucaracha|Dragapult, F|100/100
|-damage|p1a: Cucaracha|88/100|[from] Stealth Rock
|turn|12
|
|t:|1757828482
|move|p1a: Cucaracha|Dragon Dance|p1a: Cucaracha
|-boost|p1a: Cucaracha|atk|1
|-boost|p1a: Cucaracha|spe|1
|cant|p2a: Ogerpon|par
|
|-heal|p1a: Cucaracha|94/100|[from] item: Leftovers
|upkeep
|turn|13
|
|t:|1757828491
|move|p1a: Cucaracha|Dragon Darts|p2a: Ogerpon
|-damage|p2a: Ogerpon|0 fnt
|faint|p2a: Ogerpon
|detailschange|p2: Ogerpon|Ogerpon-Wellspring, F|[silent]
|
|-heal|p1a: Cucaracha|99/100|[from] item: Leftovers
|upkeep
|
|t:|1757828494
|switch|p2a: Pecharunt|Pecharunt|100/100
|turn|14
|
|t:|1757828502
|move|p1a: Cucaracha|Dragon Dance|p1a: Cucaracha
|-boost|p1a: Cucaracha|atk|1
|-boost|p1a: Cucaracha|spe|1
|move|p2a: Pecharunt|Malignant Chain|p1a: Cucaracha
|-resisted|p1a: Cucaracha
|-damage|p1a: Cucaracha|81/100
|-start|p2a: Pecharunt|Disable|Malignant Chain|[from] ability: Cursed Body|[of] p1a: Cucaracha
|
|-heal|p1a: Cucaracha|87/100|[from] item: Leftovers
|upkeep
|turn|15
|
|t:|1757828526
|move|p1a: Cucaracha|Dragon Darts|p2a: Pecharunt
|-damage|p2a: Pecharunt|78/100
|-anim|p1a: Cucaracha|Dragon Darts|p2a: Pecharunt
|-damage|p2a: Pecharunt|54/100
|move|p2a: Pecharunt|Hex|p1a: Cucaracha
|-supereffective|p1a: Cucaracha
|-damage|p1a: Cucaracha|33/100
|
|-heal|p1a: Cucaracha|39/100|[from] item: Leftovers
|upkeep
|turn|16
|inactive|UnPlatanoQueHabla. has 120 seconds left.
|
|t:|1757828579
|move|p1a: Cucaracha|Dragon Darts|p2a: Pecharunt
|-crit|p2a: Pecharunt
|-damage|p2a: Pecharunt|20/100
|-anim|p1a: Cucaracha|Dragon Darts|p2a: Pecharunt
|-damage|p2a: Pecharunt|0 fnt
|faint|p2a: Pecharunt
|
|-heal|p1a: Cucaracha|45/100|[from] item: Leftovers
|upkeep
|-message|fatheralex909 forfeited.
|
|win|UnPlatanoQueHabla.
|raw|UnPlatanoQueHabla.'s rating: 1176 &rarr; <strong>1205</strong><br />(+29 for winning)
|raw|fatheralex909's rating: 1238 &rarr; <strong>1209</strong><br />(-29 for losing)
|l|☆fatheralex909
|player|p2|
|l|☆UnPlatanoQueHabla.
|player|p1|
