|j|☆Docter_Peng99
|j|☆tiawinter
|t:|1757789433
|gametype|singles
|player|p1|Docter_Peng99|drayton|1360
|player|p2|tiawinter|102|1405
|gen|9
|tier|[Gen 9] OU
|rated|
|rule|HP Percentage Mod: HP is shown in percentages
|rule|Endless Battle Clause: Forcing endless battles is banned
|rule|Species Clause: Limit one of each Pokémon
|rule|OHKO Clause: OHKO moves are banned
|rule|Evasion Items Clause: Evasion items are banned
|rule|Evasion Moves Clause: Evasion moves are banned
|rule|Evasion Abilities Clause: Evasion abilities are banned
|rule|Sleep Moves Clause: Sleep-inducing moves are banned
|clearpoke
|poke|p1|Ting-Lu|
|poke|p1|Iron Crown|
|poke|p1|Primarina, F|
|poke|p1|Great Tusk|
|poke|p1|Gholdengo|
|poke|p1|Kingambit, M|
|poke|p2|Great Tusk|
|poke|p2|Heatran, M|
|poke|p2|Weavile, M|
|poke|p2|Primarina, M|
|poke|p2|Ogerpon, F|
|poke|p2|Pecharunt|
|teampreview
|inactive|Battle timer is ON: inactive players will automatically lose when time's up. (requested by tiawinter)
|
|t:|1757789453
|teamsize|p1|6
|teamsize|p2|6
|start
|switch|p1a: Mr. Moneybags|Gholdengo|100/100
|switch|p2a: temu rillaboom|Ogerpon, F|100/100
|turn|1
|
|t:|1757789459
|move|p1a: Mr. Moneybags|Trick|p2a: temu rillaboom
|-activate|p1a: Mr. Moneybags|move: Trick|[of] p2a: temu rillaboom
|-item|p2a: temu rillaboom|Choice Scarf|[from] move: Trick
|-item|p1a: Mr. Moneybags|Choice Band|[from] move: Trick
|move|p2a: temu rillaboom|Knock Off|p1a: Mr. Moneybags
|-supereffective|p1a: Mr. Moneybags
|-damage|p1a: Mr. Moneybags|33/100
|-enditem|p1a: Mr. Moneybags|Choice Band|[from] move: Knock Off|[of] p2a: temu rillaboom
|
|upkeep
|turn|2
|
|t:|1757789466
|move|p2a: temu rillaboom|Knock Off|p1a: Mr. Moneybags
|-supereffective|p1a: Mr. Moneybags
|-damage|p1a: Mr. Moneybags|0 fnt
|faint|p1a: Mr. Moneybags
|
|upkeep
|
|t:|1757789473
|switch|p1a: Ancient Elephant|Great Tusk|100/100
|turn|3
|
|t:|1757789485
|switch|p2a: girlboss|Primarina, M|100/100
|move|p1a: Ancient Elephant|Headlong Rush|p2a: girlboss
|-damage|p2a: girlboss|29/100
|-unboost|p1a: Ancient Elephant|def|1
|-unboost|p1a: Ancient Elephant|spd|1
|
|upkeep
|turn|4
|
|t:|1757789495
|switch|p2a: temu rillaboom|Ogerpon, F|100/100
|move|p1a: Ancient Elephant|Headlong Rush|p2a: temu rillaboom
|-resisted|p2a: temu rillaboom
|-damage|p2a: temu rillaboom|62/100
|-unboost|p1a: Ancient Elephant|def|1
|-unboost|p1a: Ancient Elephant|spd|1
|
|upkeep
|turn|5
|
|t:|1757789499
|-end|p1a: Ancient Elephant|Protosynthesis|[silent]
|switch|p1a: Ruinous Bowl|Ting-Lu|100/100
|-ability|p1a: Ruinous Bowl|Vessel of Ruin
|move|p2a: temu rillaboom|Ivy Cudgel|p1a: Ruinous Bowl
|-supereffective|p1a: Ruinous Bowl
|-damage|p1a: Ruinous Bowl|44/100
|
|-heal|p1a: Ruinous Bowl|50/100|[from] item: Leftovers
|upkeep
|turn|6
|
|t:|1757789501
|move|p2a: temu rillaboom|Ivy Cudgel|p1a: Ruinous Bowl
|-supereffective|p1a: Ruinous Bowl
|-damage|p1a: Ruinous Bowl|0 fnt
|faint|p1a: Ruinous Bowl
|
|upkeep
|
|t:|1757789506
|switch|p1a: Iron Judgement|Iron Crown|100/100
|turn|7
|
|t:|1757789526
|switch|p2a: forsaken|Pecharunt|100/100
|move|p1a: Iron Judgement|Future Sight|p2a: forsaken
|-start|p1a: Iron Judgement|move: Future Sight
|
|upkeep
|turn|8
|
|t:|1757789533
|move|p1a: Iron Judgement|Tachyon Cutter|p2a: forsaken
|-damage|p2a: forsaken|74/100
|-damage|p2a: forsaken|50/100
|-hitcount|p2a: forsaken|2
|move|p2a: forsaken|Shadow Ball|p1a: Iron Judgement
|-supereffective|p1a: Iron Judgement
|-damage|p1a: Iron Judgement|64/100
|-unboost|p1a: Iron Judgement|spd|1
|
|upkeep
|turn|9
|
|t:|1757789545
|switch|p2a: tran rights|Heatran, M, shiny|100/100
|-item|p2a: tran rights|Air Balloon
|move|p1a: Iron Judgement|Volt Switch|p2a: tran rights
|-damage|p2a: tran rights|78/100
|-enditem|p2a: tran rights|Air Balloon
|
|t:|1757789549
|-end|p1a: Iron Judgement|Quark Drive|[silent]
|switch|p1a: Shirahoshi|Primarina, F|100/100|[from] Volt Switch
|
|-end|p2a: tran rights|move: Future Sight
|-resisted|p2a: tran rights
|-damage|p2a: tran rights|50/100
|upkeep
|turn|10
|
|t:|1757789555
|switch|p2a: girlboss|Primarina, M|29/100
|move|p1a: Shirahoshi|Surf|p2a: girlboss
|-resisted|p2a: girlboss
|-damage|p2a: girlboss|17/100
|
|upkeep
|turn|11
|
|t:|1757789559
|move|p1a: Shirahoshi|Moonblast|p2a: girlboss
|-damage|p2a: girlboss|0 fnt
|faint|p2a: girlboss
|
|upkeep
|
|t:|1757789566
|switch|p2a: temu rillaboom|Ogerpon, F|62/100
|turn|12
|
|t:|1757789572
|move|p2a: temu rillaboom|Ivy Cudgel|p1a: Shirahoshi
|-supereffective|p1a: Shirahoshi
|-damage|p1a: Shirahoshi|0 fnt
|faint|p1a: Shirahoshi
|
|upkeep
|
|t:|1757789574
|switch|p1a: Iron Judgement|Iron Crown|64/100
|turn|13
|
|t:|1757789583
|switch|p2a: forsaken|Pecharunt|50/100
|move|p1a: Iron Judgement|Focus Blast|p2a: forsaken
|-immune|p2a: forsaken
|
|upkeep
|turn|14
|
|t:|1757789589
|move|p1a: Iron Judgement|Future Sight|p2a: forsaken
|-start|p1a: Iron Judgement|move: Future Sight
|move|p2a: forsaken|Parting Shot|p1a: Iron Judgement
|-unboost|p1a: Iron Judgement|atk|1
|-unboost|p1a: Iron Judgement|spa|1
|
|t:|1757789592
|switch|p2a: #real|Weavile, M|100/100|[from] Parting Shot
|-ability|p2a: #real|Pressure
|
|upkeep
|turn|15
|
|t:|1757789597
|move|p2a: #real|Knock Off|p1a: Iron Judgement
|-supereffective|p1a: Iron Judgement
|-damage|p1a: Iron Judgement|0 fnt
|-enditem|p1a: Iron Judgement|Assault Vest|[from] move: Knock Off|[of] p2a: #real
|faint|p1a: Iron Judgement
|-end|p1a: Iron Judgement|Quark Drive|[silent]
|
|upkeep
|
|t:|1757789599
|switch|p1a: Ancient Elephant|Great Tusk|100/100
|turn|16
|
|t:|1757789602
|move|p2a: #real|Knock Off|p1a: Ancient Elephant
|-resisted|p1a: Ancient Elephant
|-damage|p1a: Ancient Elephant|74/100
|-enditem|p1a: Ancient Elephant|Heavy-Duty Boots|[from] move: Knock Off|[of] p2a: #real
|move|p1a: Ancient Elephant|Rapid Spin|p2a: #real
|-crit|p2a: #real
|-damage|p2a: #real|58/100
|-boost|p1a: Ancient Elephant|spe|1
|
|-end|p2a: #real|move: Future Sight
|-immune|p2a: #real
|upkeep
|turn|17
|
|t:|1757789615
|switch|p2a: forsaken|Pecharunt|50/100
|move|p1a: Ancient Elephant|Rapid Spin|p2a: forsaken
|-immune|p2a: forsaken
|
|upkeep
|turn|18
|
|t:|1757789619
|move|p1a: Ancient Elephant|Knock Off|p2a: forsaken
|-supereffective|p2a: forsaken
|-damage|p2a: forsaken|16/100
|-damage|p1a: Ancient Elephant|57/100|[from] item: Rocky Helmet|[of] p2a: forsaken
|-enditem|p2a: forsaken|Rocky Helmet|[from] move: Knock Off|[of] p1a: Ancient Elephant
|move|p2a: forsaken|Parting Shot|p1a: Ancient Elephant
|-unboost|p1a: Ancient Elephant|atk|1
|-unboost|p1a: Ancient Elephant|spa|1
|
|t:|1757789624
|switch|p2a: temu rillaboom|Ogerpon, F|62/100|[from] Parting Shot
|
|upkeep
|turn|19
|
|t:|1757789630
|move|p2a: temu rillaboom|Ivy Cudgel|p1a: Ancient Elephant
|-supereffective|p1a: Ancient Elephant
|-damage|p1a: Ancient Elephant|0 fnt
|faint|p1a: Ancient Elephant
|-end|p1a: Ancient Elephant|Protosynthesis|[silent]
|
|upkeep
|
|t:|1757789632
|switch|p1a: Checkmate|Kingambit, M, shiny|100/100
|-activate|p1a: Checkmate|ability: Supreme Overlord
|-start|p1a: Checkmate|fallen5|[silent]
|turn|20
|
|t:|1757789640
|switch|p2a: forsaken|Pecharunt|16/100
|move|p1a: Checkmate|Swords Dance|p1a: Checkmate
|-boost|p1a: Checkmate|atk|2
|
|upkeep
|turn|21
|
|t:|1757789646
|move|p2a: forsaken|Parting Shot|p1a: Checkmate
|-unboost|p1a: Checkmate|atk|1
|-unboost|p1a: Checkmate|spa|1
|
|t:|1757789649
|switch|p2a: big horny|Great Tusk|100/100|[from] Parting Shot
|move|p1a: Checkmate|Kowtow Cleave|p2a: big horny
|-resisted|p2a: big horny
|-damage|p2a: big horny|59/100
|
|upkeep
|turn|22
|
|t:|1757789671
|-end|p2a: big horny|Protosynthesis|[silent]
|switch|p2a: forsaken|Pecharunt|16/100
|-terastallize|p1a: Checkmate|Ghost
|move|p1a: Checkmate|Swords Dance|p1a: Checkmate
|-boost|p1a: Checkmate|atk|2
|
|upkeep
|turn|23
|
|t:|1757789675
|move|p2a: forsaken|Parting Shot|p1a: Checkmate
|-unboost|p1a: Checkmate|atk|1
|-unboost|p1a: Checkmate|spa|1
|
|t:|1757789682
|switch|p2a: tran rights|Heatran, M, shiny|50/100|[from] Parting Shot
|move|p1a: Checkmate|Kowtow Cleave|p2a: tran rights
|-damage|p2a: tran rights|0 fnt
|faint|p2a: tran rights
|
|upkeep
|
|t:|1757789697
|switch|p2a: big horny|Great Tusk|59/100
|turn|24
|
|t:|1757789706
|-terastallize|p2a: big horny|Ground
|move|p2a: big horny|Headlong Rush|p1a: Checkmate
|-damage|p1a: Checkmate|29/100
|-unboost|p2a: big horny|def|1
|-unboost|p2a: big horny|spd|1
|move|p1a: Checkmate|Iron Head|p2a: big horny
|-damage|p2a: big horny|0 fnt
|faint|p2a: big horny
|-end|p2a: big horny|Protosynthesis|[silent]
|
|-heal|p1a: Checkmate|35/100|[from] item: Leftovers
|upkeep
|
|t:|1757789722
|switch|p2a: forsaken|Pecharunt|16/100
|turn|25
|
|t:|1757789729
|move|p1a: Checkmate|Sucker Punch||[still]
|-fail|p1a: Checkmate
|move|p2a: forsaken|Parting Shot|p1a: Checkmate
|-unboost|p1a: Checkmate|atk|1
|-unboost|p1a: Checkmate|spa|1
|
|t:|1757789737
|switch|p2a: temu rillaboom|Ogerpon, F|62/100|[from] Parting Shot
|
|-heal|p1a: Checkmate|41/100|[from] item: Leftovers
|upkeep
|turn|26
|
|t:|1757789739
|move|p1a: Checkmate|Sucker Punch|p2a: temu rillaboom
|-damage|p2a: temu rillaboom|0 fnt
|faint|p2a: temu rillaboom
|
|-heal|p1a: Checkmate|48/100|[from] item: Leftovers
|upkeep
|
|t:|1757789746
|switch|p2a: forsaken|Pecharunt|16/100
|turn|27
|
|t:|1757789749
|move|p2a: forsaken|Shadow Ball|p1a: Checkmate
|-supereffective|p1a: Checkmate
|-damage|p1a: Checkmate|0 fnt
|faint|p1a: Checkmate
|-end|p1a: Checkmate|fallen5|[silent]
|
|win|tiawinter
|raw|Docter_Peng99's rating: 1360 &rarr; <strong>1343</strong><br />(-17 for losing)
|raw|tiawinter's rating: 1405 &rarr; <strong>1422</strong><br />(+17 for winning)
|l|☆Docter_Peng99
|player|p1|
|c|☆tiawinter|gg
