|j|☆LX1987
|j|☆seto kiba 1 duler
|t:|1757867699
|gametype|singles
|player|p1|LX1987|169|1332
|player|p2|seto kiba 1 duler|cynthia|1331
|gen|9
|tier|[Gen 9] OU
|rated|
|rule|HP Percentage Mod: HP is shown in percentages
|rule|Endless Battle Clause: Forcing endless battles is banned
|rule|Species Clause: Limit one of each Pokémon
|rule|OHKO Clause: OHKO moves are banned
|rule|Evasion Items Clause: Evasion items are banned
|rule|Evasion Moves Clause: Evasion moves are banned
|rule|Evasion Abilities Clause: Evasion abilities are banned
|rule|Sleep Moves Clause: Sleep-inducing moves are banned
|clearpoke
|poke|p1|Drifblim, F|
|poke|p1|Rillaboom, F|
|poke|p1|Tauros-Paldea-Blaze, M|
|poke|p1|Slowking, F|
|poke|p1|Muk-Alola, F|
|poke|p1|Garchomp, M|
|poke|p2|Deoxys-Speed|
|poke|p2|Gholdengo|
|poke|p2|Great Tusk|
|poke|p2|Ogerpon-Wellspring, F|
|poke|p2|Darkrai|
|poke|p2|Kyurem|
|teampreview
|inactive|Battle timer is ON: inactive players will automatically lose when time's up. (requested by seto kiba 1 duler)
|c|☆seto kiba 1 duler|Glhf
|
|t:|1757867709
|teamsize|p1|6
|teamsize|p2|6
|start
|switch|p1a: Muk|Muk-Alola, F|100/100
|switch|p2a: Deoxys|Deoxys-Speed|100/100
|-ability|p2a: Deoxys|Pressure
|turn|1
|
|t:|1757867717
|move|p2a: Deoxys|Stealth Rock|p1a: Muk
|-sidestart|p1: LX1987|move: Stealth Rock
|move|p1a: Muk|Knock Off|p2a: Deoxys
|-supereffective|p2a: Deoxys
|-enditem|p2a: Deoxys|Colbur Berry|[eat]
|-enditem|p2a: Deoxys|Colbur Berry|[weaken]
|-damage|p2a: Deoxys|54/100
|-status|p2a: Deoxys|psn|[from] ability: Poison Touch|[of] p1a: Muk
|
|-damage|p2a: Deoxys|41/100 psn|[from] psn
|upkeep
|turn|2
|
|t:|1757867728
|move|p1a: Muk|Shadow Sneak|p2a: Deoxys
|-supereffective|p2a: Deoxys
|-damage|p2a: Deoxys|12/100 psn
|move|p2a: Deoxys|Knock Off|p1a: Muk
|-resisted|p1a: Muk
|-damage|p1a: Muk|88/100
|-enditem|p1a: Muk|Black Sludge|[from] move: Knock Off|[of] p2a: Deoxys
|
|-damage|p2a: Deoxys|0 fnt|[from] psn
|faint|p2a: Deoxys
|upkeep
|
|t:|1757867737
|switch|p2a: Great Tusk|Great Tusk|100/100
|turn|3
|
|t:|1757867742
|switch|p1a: Rillaboom|Rillaboom, F|100/100
|-damage|p1a: Rillaboom|88/100|[from] Stealth Rock
|-fieldstart|move: Grassy Terrain|[from] ability: Grassy Surge|[of] p1a: Rillaboom
|move|p2a: Great Tusk|Headlong Rush|p1a: Rillaboom
|-resisted|p1a: Rillaboom
|-damage|p1a: Rillaboom|52/100
|-unboost|p2a: Great Tusk|def|1
|-unboost|p2a: Great Tusk|spd|1
|
|-heal|p1a: Rillaboom|58/100|[from] Grassy Terrain
|upkeep
|turn|4
|
|t:|1757867756
|-end|p2a: Great Tusk|Protosynthesis|[silent]
|switch|p2a: Gholdengo|Gholdengo|100/100
|move|p1a: Rillaboom|U-turn|p2a: Gholdengo
|-resisted|p2a: Gholdengo
|-damage|p2a: Gholdengo|91/100
|
|t:|1757867762
|switch|p1a: Drifblim|Drifblim, F|100/100|[from] U-turn
|-damage|p1a: Drifblim|76/100|[from] Stealth Rock
|-enditem|p1a: Drifblim|Grassy Seed
|-boost|p1a: Drifblim|def|1|[from] item: Grassy Seed
|
|-heal|p2a: Gholdengo|97/100|[from] Grassy Terrain
|-heal|p2a: Gholdengo|100/100|[from] item: Leftovers
|upkeep
|turn|5
|
|t:|1757867773
|-terastallize|p1a: Drifblim|Fighting
|-terastallize|p2a: Gholdengo|Fairy
|move|p1a: Drifblim|Calm Mind|p1a: Drifblim
|-boost|p1a: Drifblim|spa|1
|-boost|p1a: Drifblim|spd|1
|move|p2a: Gholdengo|Shadow Ball|p1a: Drifblim
|-damage|p1a: Drifblim|41/100
|
|-heal|p1a: Drifblim|47/100|[from] Grassy Terrain
|upkeep
|turn|6
|
|t:|1757867786
|move|p1a: Drifblim|Calm Mind|p1a: Drifblim
|-boost|p1a: Drifblim|spa|1
|-boost|p1a: Drifblim|spd|1
|move|p2a: Gholdengo|Nasty Plot|p2a: Gholdengo
|-boost|p2a: Gholdengo|spa|2
|
|-heal|p1a: Drifblim|54/100|[from] Grassy Terrain
|upkeep
|turn|7
|
|t:|1757867795
|move|p1a: Drifblim|Shadow Ball|p2a: Gholdengo
|-damage|p2a: Gholdengo|53/100
|move|p2a: Gholdengo|Make It Rain|p1a: Drifblim
|-damage|p1a: Drifblim|0 fnt
|-unboost|p2a: Gholdengo|spa|1
|faint|p1a: Drifblim
|
|-heal|p2a: Gholdengo|59/100|[from] Grassy Terrain
|-heal|p2a: Gholdengo|65/100|[from] item: Leftovers
|-fieldend|move: Grassy Terrain
|upkeep
|
|t:|1757867810
|switch|p1a: Rillaboom|Rillaboom, F|58/100
|-damage|p1a: Rillaboom|46/100|[from] Stealth Rock
|-fieldstart|move: Grassy Terrain|[from] ability: Grassy Surge|[of] p1a: Rillaboom
|turn|8
|
|t:|1757867815
|move|p1a: Rillaboom|Grassy Glide|p2a: Gholdengo
|-damage|p2a: Gholdengo|6/100
|move|p2a: Gholdengo|Shadow Ball|p1a: Rillaboom
|-damage|p1a: Rillaboom|0 fnt
|faint|p1a: Rillaboom
|
|-heal|p2a: Gholdengo|12/100|[from] Grassy Terrain
|-heal|p2a: Gholdengo|18/100|[from] item: Leftovers
|upkeep
|
|t:|1757867827
|switch|p1a: Tauros|Tauros-Paldea-Blaze, M|100/100
|-ability|p1a: Tauros|Intimidate|boost
|-unboost|p2a: Gholdengo|atk|1
|turn|9
|
|t:|1757867832
|move|p1a: Tauros|Raging Bull|p2a: Gholdengo
|-damage|p2a: Gholdengo|0 fnt
|faint|p2a: Gholdengo
|
|upkeep
|
|t:|1757867837
|switch|p2a: Ogerpon|Ogerpon-Wellspring, F|100/100
|turn|10
|
|t:|1757867841
|move|p2a: Ogerpon|Ivy Cudgel|p1a: Tauros|[anim] Ivy Cudgel Water
|-supereffective|p1a: Tauros
|-damage|p1a: Tauros|0 fnt
|faint|p1a: Tauros
|
|upkeep
|
|t:|1757867847
|switch|p1a: Garchomp|Garchomp, M|100/100
|-damage|p1a: Garchomp|94/100|[from] Stealth Rock
|turn|11
|
|t:|1757867853
|move|p2a: Ogerpon|Ivy Cudgel|p1a: Garchomp|[anim] Ivy Cudgel Water
|-damage|p1a: Garchomp|52/100
|move|p1a: Garchomp|Spikes|p2a: Ogerpon
|-sidestart|p2: seto kiba 1 duler|Spikes
|
|-heal|p1a: Garchomp|58/100|[from] Grassy Terrain
|upkeep
|turn|12
|
|t:|1757867861
|move|p2a: Ogerpon|Swords Dance|p2a: Ogerpon
|-boost|p2a: Ogerpon|atk|2
|move|p1a: Garchomp|Dragon Tail|p2a: Ogerpon|[miss]
|-miss|p1a: Garchomp|p2a: Ogerpon
|
|-heal|p1a: Garchomp|64/100|[from] Grassy Terrain
|-fieldend|move: Grassy Terrain
|upkeep
|turn|13
|-message|LX1987 forfeited.
|
|win|seto kiba 1 duler
|raw|LX1987's rating: 1332 &rarr; <strong>1312</strong><br />(-20 for losing)
|raw|seto kiba 1 duler's rating: 1331 &rarr; <strong>1351</strong><br />(+20 for winning)
|l|☆LX1987
|player|p1|
|c|☆seto kiba 1 duler|Gg
|l|☆seto kiba 1 duler
|player|p2|
