|j|☆4DEF+4SPD=GG
|j|☆formigols
|t:|1757894440
|gametype|singles
|player|p1|4DEF+4SPD=GG|preschooler|1421
|player|p2|formigols|170|1390
|gen|9
|tier|[Gen 9] OU
|rated|
|rule|HP Percentage Mod: HP is shown in percentages
|rule|Endless Battle Clause: Forcing endless battles is banned
|rule|Species Clause: Limit one of each Pokémon
|rule|OHKO Clause: OHKO moves are banned
|rule|Evasion Items Clause: Evasion items are banned
|rule|Evasion Moves Clause: Evasion moves are banned
|rule|Evasion Abilities Clause: Evasion abilities are banned
|rule|Sleep Moves Clause: Sleep-inducing moves are banned
|clearpoke
|poke|p1|Tyranitar, M|
|poke|p1|Excadrill, M|
|poke|p1|Corviknight, M|
|poke|p1|Glimmora, M|
|poke|p1|Hippowdon, M|
|poke|p1|Scizor, M|
|poke|p2|Ogerpon-Cornerstone, F|
|poke|p2|Hatterene, F|
|poke|p2|Pecharunt|
|poke|p2|Landorus-Therian, M|
|poke|p2|Kingambit, M|
|poke|p2|Latios, M|
|teampreview
|inactive|Battle timer is ON: inactive players will automatically lose when time's up. (requested by 4DEF+4SPD=GG)
|
|t:|1757894469
|teamsize|p1|6
|teamsize|p2|6
|start
|switch|p1a: Scizor|Scizor, M|100/100
|switch|p2a: Hatterene|Hatterene, F|100/100
|turn|1
|
|t:|1757894474
|switch|p2a: Landorus|Landorus-Therian, M|100/100
|-ability|p2a: Landorus|Intimidate|boost
|-unboost|p1a: Scizor|atk|1
|move|p1a: Scizor|U-turn|p2a: Landorus
|-resisted|p2a: Landorus
|-damage|p2a: Landorus|84/100
|-damage|p1a: Scizor|84/100|[from] item: Rocky Helmet|[of] p2a: Landorus
|
|t:|1757894478
|switch|p1a: Corviknight|Corviknight, M|100/100|[from] U-turn
|
|upkeep
|turn|2
|
|t:|1757894491
|move|p2a: Landorus|Stealth Rock|p1a: Corviknight
|-sidestart|p1: 4DEF+4SPD=GG|move: Stealth Rock
|move|p1a: Corviknight|Brave Bird|p2a: Landorus
|-damage|p2a: Landorus|54/100
|-damage|p1a: Corviknight|84/100|[from] item: Rocky Helmet|[of] p2a: Landorus
|-damage|p1a: Corviknight|74/100|[from] Recoil
|
|upkeep
|turn|3
|
|t:|1757894494
|move|p2a: Landorus|U-turn|p1a: Corviknight
|-resisted|p1a: Corviknight
|-damage|p1a: Corviknight|71/100
|-damage|p2a: Landorus|37/100|[from] item: Rocky Helmet|[of] p1a: Corviknight
|
|t:|1757894496
|switch|p2a: Pecharunt|Pecharunt|100/100|[from] U-turn
|move|p1a: Corviknight|Defog|p2a: Pecharunt
|-unboost|p2a: Pecharunt|evasion|1
|-sideend|p1: 4DEF+4SPD=GG|Stealth Rock|[from] move: Defog|[of] p1a: Corviknight
|
|upkeep
|turn|4
|
|t:|1757894498
|move|p2a: Pecharunt|Parting Shot|p1a: Corviknight
|-ability|p1a: Corviknight|Mirror Armor
|-unboost|p2a: Pecharunt|atk|1
|-ability|p1a: Corviknight|Mirror Armor
|-unboost|p2a: Pecharunt|spa|1
|
|t:|1757894508
|switch|p2a: Landorus|Landorus-Therian, M|37/100|[from] Parting Shot
|-ability|p2a: Landorus|Intimidate|boost
|-ability|p1a: Corviknight|Mirror Armor
|-unboost|p2a: Landorus|atk|1
|move|p1a: Corviknight|U-turn|p2a: Landorus
|-resisted|p2a: Landorus
|-damage|p2a: Landorus|32/100
|-damage|p1a: Corviknight|55/100|[from] item: Rocky Helmet|[of] p2a: Landorus
|
|t:|1757894513
|switch|p1a: Glimmora|Glimmora, M|100/100|[from] U-turn
|
|upkeep
|turn|5
|
|t:|1757894517
|switch|p1a: Corviknight|Corviknight, M|55/100
|switch|p2a: Pecharunt|Pecharunt|100/100
|
|upkeep
|turn|6
|
|t:|1757894520
|move|p2a: Pecharunt|Shadow Ball|p1a: Corviknight
|-damage|p1a: Corviknight|29/100
|-ability|p1a: Corviknight|Mirror Armor
|-unboost|p2a: Pecharunt|spd|1
|move|p1a: Corviknight|Roost|p1a: Corviknight
|-heal|p1a: Corviknight|79/100
|-singleturn|p1a: Corviknight|move: Roost
|
|upkeep
|turn|7
|
|t:|1757894527
|switch|p1a: Tyranitar|Tyranitar, M|100/100
|-weather|Sandstorm|[from] ability: Sand Stream|[of] p1a: Tyranitar
|move|p2a: Pecharunt|Shadow Ball|p1a: Tyranitar
|-resisted|p1a: Tyranitar
|-crit|p1a: Tyranitar
|-damage|p1a: Tyranitar|90/100
|
|-weather|Sandstorm|[upkeep]
|-damage|p2a: Pecharunt|94/100|[from] Sandstorm
|upkeep
|turn|8
|
|t:|1757894532
|switch|p2a: Landorus|Landorus-Therian, M|32/100
|-ability|p2a: Landorus|Intimidate|boost
|-unboost|p1a: Tyranitar|atk|1
|switch|p1a: Glimmora|Glimmora, M|100/100
|
|-weather|Sandstorm|[upkeep]
|upkeep
|turn|9
|
|t:|1757894547
|switch|p1a: Corviknight|Corviknight, M|79/100
|switch|p2a: Hatterene|Hatterene, F|100/100
|
|-weather|Sandstorm|[upkeep]
|-damage|p2a: Hatterene|95/100|[from] Sandstorm
|upkeep
|turn|10
|
|t:|1757894552
|move|p1a: Corviknight|U-turn|p2a: Hatterene
|-damage|p2a: Hatterene|78/100
|
|t:|1757894555
|switch|p1a: Glimmora|Glimmora, M|100/100|[from] U-turn
|move|p2a: Hatterene|Nuzzle|p1a: Glimmora
|-damage|p1a: Glimmora|96/100
|-status|p1a: Glimmora|par
|-activate|p1a: Glimmora|ability: Toxic Debris
|-sidestart|p2: formigols|move: Toxic Spikes
|
|-weather|Sandstorm|[upkeep]
|-damage|p2a: Hatterene|72/100|[from] Sandstorm
|upkeep
|turn|11
|
|t:|1757894566
|-terastallize|p2a: Hatterene|Water
|move|p1a: Glimmora|Meteor Beam||[still]
|-prepare|p1a: Glimmora|Meteor Beam
|-boost|p1a: Glimmora|spa|1
|-enditem|p1a: Glimmora|Power Herb
|-anim|p1a: Glimmora|Meteor Beam|p2a: Hatterene
|-damage|p2a: Hatterene|6/100
|move|p2a: Hatterene|Psychic Noise|p1a: Glimmora
|-supereffective|p1a: Glimmora
|-damage|p1a: Glimmora|31/100 par
|-start|p1a: Glimmora|move: Heal Block
|
|-weather|Sandstorm|[upkeep]
|-damage|p2a: Hatterene|0 fnt|[from] Sandstorm
|faint|p2a: Hatterene
|upkeep
|
|t:|1757894577
|switch|p2a: Pecharunt|Pecharunt|94/100
|-sideend|p2: formigols|move: Toxic Spikes|[of] p2a: Pecharunt
|turn|12
|
|t:|1757894584
|move|p2a: Pecharunt|Shadow Ball|p1a: Glimmora
|-damage|p1a: Glimmora|7/100 par
|move|p1a: Glimmora|Earth Power|p2a: Pecharunt
|-supereffective|p2a: Pecharunt
|-damage|p2a: Pecharunt|0 fnt
|faint|p2a: Pecharunt
|
|-weather|Sandstorm|[upkeep]
|-end|p1a: Glimmora|move: Heal Block
|upkeep
|
|t:|1757894589
|switch|p2a: Ogerpon|Ogerpon-Cornerstone, F|100/100
|turn|13
|
|t:|1757894599
|move|p2a: Ogerpon|Ivy Cudgel|p1a: Glimmora|[anim] Ivy Cudgel Rock
|-damage|p1a: Glimmora|0 fnt
|-activate|p1a: Glimmora|ability: Toxic Debris
|-sidestart|p2: formigols|move: Toxic Spikes
|faint|p1a: Glimmora
|
|-weather|Sandstorm|[upkeep]
|upkeep
|
|t:|1757894603
|switch|p1a: Scizor|Scizor, M|84/100
|turn|14
|
|t:|1757894606
|switch|p2a: Landorus|Landorus-Therian, M|32/100
|-ability|p2a: Landorus|Intimidate|boost
|-unboost|p1a: Scizor|atk|1
|move|p1a: Scizor|U-turn|p2a: Landorus
|-resisted|p2a: Landorus
|-damage|p2a: Landorus|15/100
|-damage|p1a: Scizor|67/100|[from] item: Rocky Helmet|[of] p2a: Landorus
|
|t:|1757894609
|switch|p1a: Corviknight|Corviknight, M|79/100|[from] U-turn
|
|-weather|none
|upkeep
|turn|15
|
|t:|1757894616
|move|p2a: Landorus|Taunt|p1a: Corviknight
|-start|p1a: Corviknight|move: Taunt
|move|p1a: Corviknight|Brave Bird|p2a: Landorus
|-damage|p2a: Landorus|0 fnt
|-damage|p1a: Corviknight|62/100|[from] item: Rocky Helmet|[of] p2a: Landorus
|faint|p2a: Landorus
|-damage|p1a: Corviknight|58/100|[from] Recoil
|
|upkeep
|
|t:|1757894627
|switch|p2a: Ogerpon|Ogerpon-Cornerstone, F|100/100
|-status|p2a: Ogerpon|psn
|turn|16
|
|t:|1757894632
|move|p2a: Ogerpon|Swords Dance|p2a: Ogerpon
|-boost|p2a: Ogerpon|atk|2
|move|p1a: Corviknight|U-turn|p2a: Ogerpon
|-supereffective|p2a: Ogerpon
|-damage|p2a: Ogerpon|61/100 psn
|
|t:|1757894633
|switch|p1a: Scizor|Scizor, M|67/100|[from] U-turn
|
|-damage|p2a: Ogerpon|48/100 psn|[from] psn
|upkeep
|turn|17
|
|t:|1757894639
|move|p1a: Scizor|Bullet Punch|p2a: Ogerpon
|-supereffective|p2a: Ogerpon
|-damage|p2a: Ogerpon|0 fnt
|faint|p2a: Ogerpon
|
|upkeep
|-message|formigols forfeited.
|
|win|4DEF+4SPD=GG
|raw|4DEF+4SPD=GG's rating: 1405 &rarr; <strong>1424</strong><br />(+19 for winning)
|raw|formigols's rating: 1390 &rarr; <strong>1371</strong><br />(-19 for losing)
|l|☆formigols
|player|p2|
