|j|☆owl_with_scarf
|j|☆GarbagioFilth
|t:|1757905853
|gametype|singles
|player|p1|owl_with_scarf|#owlwithscarf|1567
|player|p2|GarbagioFilth|byron|1484
|gen|9
|tier|[Gen 9] OU
|rated|
|rule|HP Percentage Mod: HP is shown in percentages
|rule|Endless Battle Clause: Forcing endless battles is banned
|rule|Species Clause: Limit one of each Pokémon
|rule|OHKO Clause: OHKO moves are banned
|rule|Evasion Items Clause: Evasion items are banned
|rule|Evasion Moves Clause: Evasion moves are banned
|rule|Evasion Abilities Clause: Evasion abilities are banned
|rule|Sleep Moves Clause: Sleep-inducing moves are banned
|clearpoke
|poke|p1|Ninetales-Alola, F|
|poke|p1|Cetitan, F|
|poke|p1|Kyurem|
|poke|p1|Sandslash-Alola, F|
|poke|p1|Moltres|
|poke|p1|Zamazenta-*|
|poke|p2|Dondozo, F|
|poke|p2|Blissey, F|
|poke|p2|Corviknight, F|
|poke|p2|Weezing-Galar, M|
|poke|p2|Gliscor, M|
|poke|p2|Toxapex, F|
|teampreview
|inactive|Battle timer is ON: inactive players will automatically lose when time's up. (requested by owl_with_scarf)
|
|t:|1757905879
|teamsize|p1|6
|teamsize|p2|6
|start
|switch|p1a: Ninetales|Ninetales-Alola, F|100/100
|switch|p2a: Stallking|Toxapex, F|100/100
|-weather|Snowscape|[from] ability: Snow Warning|[of] p1a: Ninetales
|turn|1
|
|t:|1757905884
|switch|p1a: Sandslash|Sandslash-Alola, F|100/100
|move|p2a: Stallking|Toxic|p1a: Sandslash
|-immune|p1a: Sandslash
|
|-weather|Snowscape|[upkeep]
|upkeep
|turn|2
|
|t:|1757905895
|switch|p2a: Stalin|Dondozo, F|100/100
|move|p1a: Sandslash|Knock Off|p2a: Stalin
|-damage|p2a: Stalin|87/100
|-enditem|p2a: Stalin|Leftovers|[from] move: Knock Off|[of] p1a: Sandslash
|
|-weather|Snowscape|[upkeep]
|upkeep
|turn|3
|
|t:|1757905906
|move|p1a: Sandslash|Stealth Rock|p2a: Stalin
|-sidestart|p2: GarbagioFilth|move: Stealth Rock
|move|p2a: Stalin|Body Press|p1a: Sandslash
|-supereffective|p1a: Sandslash
|-damage|p1a: Sandslash|28/100
|
|-weather|Snowscape|[upkeep]
|upkeep
|turn|4
|
|t:|1757905917
|switch|p1a: Kyurem|Kyurem|100/100
|-ability|p1a: Kyurem|Pressure
|move|p2a: Stalin|Body Press|p1a: Kyurem
|-supereffective|p1a: Kyurem
|-damage|p1a: Kyurem|67/100
|
|-weather|Snowscape|[upkeep]
|upkeep
|turn|5
|
|t:|1757905925
|switch|p2a: Stalingrad|Blissey, F|100/100
|-damage|p2a: Stalingrad|88/100|[from] Stealth Rock
|move|p1a: Kyurem|Blizzard|p2a: Stalingrad
|-crit|p2a: Stalingrad
|-damage|p2a: Stalingrad|47/100
|
|-weather|Snowscape|[upkeep]
|-heal|p2a: Stalingrad|53/100|[from] item: Leftovers
|upkeep
|turn|6
|
|t:|1757905933
|-terastallize|p1a: Kyurem|Ice
|move|p1a: Kyurem|Blizzard|p2a: Stalingrad
|-damage|p2a: Stalingrad|17/100
|move|p2a: Stalingrad|Soft-Boiled|p2a: Stalingrad
|-heal|p2a: Stalingrad|67/100
|
|-weather|Snowscape|[upkeep]
|-heal|p2a: Stalingrad|73/100|[from] item: Leftovers
|upkeep
|turn|7
|
|t:|1757905941
|switch|p1a: Sandslash|Sandslash-Alola, F|28/100
|move|p2a: Stalingrad|Calm Mind|p2a: Stalingrad
|-boost|p2a: Stalingrad|spa|1
|-boost|p2a: Stalingrad|spd|1
|
|-weather|Snowscape|[upkeep]
|-heal|p2a: Stalingrad|79/100|[from] item: Leftovers
|upkeep
|turn|8
|
|t:|1757905946
|switch|p2a: Stalinski|Corviknight, F|100/100
|-damage|p2a: Stalinski|88/100|[from] Stealth Rock
|-ability|p2a: Stalinski|Pressure
|move|p1a: Sandslash|Knock Off|p2a: Stalinski
|-damage|p2a: Stalinski|68/100
|-enditem|p2a: Stalinski|Leftovers|[from] move: Knock Off|[of] p1a: Sandslash
|
|-weather|none
|upkeep
|turn|9
|
|t:|1757905953
|switch|p1a: Moltres|Moltres|100/100
|move|p2a: Stalinski|Defog|p1a: Moltres
|-unboost|p1a: Moltres|evasion|1
|-sideend|p2: GarbagioFilth|Stealth Rock|[from] move: Defog|[of] p2a: Stalinski
|
|upkeep
|turn|10
|
|t:|1757905967
|switch|p2a: Stallmate|Gliscor, M|100/100
|move|p1a: Moltres|U-turn|p2a: Stallmate
|-resisted|p2a: Stallmate
|-crit|p2a: Stallmate
|-damage|p2a: Stallmate|92/100
|
|t:|1757905972
|switch|p1a: Kyurem|Kyurem, tera:Ice|67/100|[from] U-turn
|-ability|p1a: Kyurem|Pressure
|
|-status|p2a: Stallmate|tox|[from] item: Toxic Orb
|upkeep
|turn|11
|
|t:|1757905975
|move|p2a: Stallmate|Protect|p2a: Stallmate
|-singleturn|p2a: Stallmate|Protect
|move|p1a: Kyurem|Freeze-Dry|p2a: Stallmate
|-activate|p2a: Stallmate|move: Protect
|
|-heal|p2a: Stallmate|100/100 tox|[from] ability: Poison Heal
|upkeep
|turn|12
|
|t:|1757905985
|switch|p2a: Stalingrad|Blissey, F|79/100
|move|p1a: Kyurem|Freeze-Dry|p2a: Stalingrad
|-damage|p2a: Stalingrad|57/100
|
|-heal|p2a: Stalingrad|63/100|[from] item: Leftovers
|upkeep
|turn|13
|
|t:|1757905991
|switch|p1a: Moltres|Moltres|100/100
|move|p2a: Stalingrad|Stealth Rock|p1a: Moltres
|-sidestart|p1: owl_with_scarf|move: Stealth Rock
|
|-heal|p2a: Stalingrad|70/100|[from] item: Leftovers
|upkeep
|turn|14
|
|t:|1757905995
|switch|p2a: Stallking|Toxapex, F|100/100
|move|p1a: Moltres|U-turn|p2a: Stallking
|-resisted|p2a: Stallking
|-damage|p2a: Stallking|95/100
|
|t:|1757905997
|switch|p1a: Sandslash|Sandslash-Alola, F|28/100|[from] U-turn
|
|-heal|p2a: Stallking|100/100|[from] item: Leftovers
|upkeep
|turn|15
|
|t:|1757906003
|move|p1a: Sandslash|Rapid Spin|p2a: Stallking
|-damage|p2a: Stallking|87/100
|-boost|p1a: Sandslash|spe|1
|-sideend|p1: owl_with_scarf|Stealth Rock|[from] move: Rapid Spin|[of] p1a: Sandslash
|move|p2a: Stallking|Toxic Spikes|p1a: Sandslash
|-sidestart|p1: owl_with_scarf|move: Toxic Spikes
|
|-heal|p2a: Stallking|93/100|[from] item: Leftovers
|upkeep
|turn|16
|
|t:|1757906015
|move|p1a: Sandslash|Stealth Rock|p2a: Stallking
|-sidestart|p2: GarbagioFilth|move: Stealth Rock
|move|p2a: Stallking|Toxic|p1a: Sandslash
|-immune|p1a: Sandslash
|
|-heal|p2a: Stallking|99/100|[from] item: Leftovers
|upkeep
|turn|17
|
|t:|1757906020
|move|p1a: Sandslash|Knock Off|p2a: Stallking
|-damage|p2a: Stallking|74/100
|-enditem|p2a: Stallking|Leftovers|[from] move: Knock Off|[of] p1a: Sandslash
|move|p2a: Stallking|Toxic Spikes|p1a: Sandslash
|-sidestart|p1: owl_with_scarf|move: Toxic Spikes
|
|upkeep
|turn|18
|
|t:|1757906027
|move|p1a: Sandslash|Rapid Spin|p2a: Stallking
|-damage|p2a: Stallking|61/100
|-boost|p1a: Sandslash|spe|1
|-sideend|p1: owl_with_scarf|Toxic Spikes|[from] move: Rapid Spin|[of] p1a: Sandslash
|move|p2a: Stallking|Toxic|p1a: Sandslash
|-immune|p1a: Sandslash
|
|upkeep
|turn|19
|
|t:|1757906036
|move|p1a: Sandslash|Knock Off|p2a: Stallking
|-damage|p2a: Stallking|45/100
|move|p2a: Stallking|Toxic Spikes|p1a: Sandslash
|-sidestart|p1: owl_with_scarf|move: Toxic Spikes
|
|upkeep
|turn|20
|
|t:|1757906041
|switch|p2a: Stalinski|Corviknight, F|68/100
|-damage|p2a: Stalinski|55/100|[from] Stealth Rock
|-ability|p2a: Stalinski|Pressure
|move|p1a: Sandslash|Rapid Spin|p2a: Stalinski
|-resisted|p2a: Stalinski
|-damage|p2a: Stalinski|51/100
|-boost|p1a: Sandslash|spe|1
|-sideend|p1: owl_with_scarf|Toxic Spikes|[from] move: Rapid Spin|[of] p1a: Sandslash
|
|upkeep
|turn|21
|
|t:|1757906048
|move|p1a: Sandslash|Triple Axel|p2a: Stalinski
|-damage|p2a: Stalinski|45/100
|-damage|p2a: Stalinski|33/100
|-damage|p2a: Stalinski|15/100
|-hitcount|p2a: Stalinski|3
|move|p2a: Stalinski|Roost|p2a: Stalinski
|-heal|p2a: Stalinski|65/100
|-singleturn|p2a: Stalinski|move: Roost
|
|upkeep
|turn|22
|
|t:|1757906060
|switch|p1a: Moltres|Moltres|100/100
|move|p2a: Stalinski|Defog|p1a: Moltres
|-unboost|p1a: Moltres|evasion|1
|-sideend|p2: GarbagioFilth|Stealth Rock|[from] move: Defog|[of] p2a: Stalinski
|
|upkeep
|turn|23
|
|t:|1757906065
|switch|p2a: Stallking|Toxapex, F|78/100
|move|p1a: Moltres|U-turn|p2a: Stallking
|-resisted|p2a: Stallking
|-damage|p2a: Stallking|72/100
|
|t:|1757906076
|switch|p1a: Kyurem|Kyurem, tera:Ice|67/100|[from] U-turn
|-ability|p1a: Kyurem|Pressure
|
|upkeep
|turn|24
|
|t:|1757906080
|-terastallize|p2a: Stallking|Steel
|move|p1a: Kyurem|Draco Meteor|p2a: Stallking|[miss]
|-miss|p1a: Kyurem|p2a: Stallking
|move|p2a: Stallking|Toxic|p1a: Kyurem
|-status|p1a: Kyurem|tox
|
|-damage|p1a: Kyurem|61/100 tox|[from] psn
|upkeep
|turn|25
|
|t:|1757906086
|switch|p1a: Moltres|Moltres|100/100
|switch|p2a: Staletto|Weezing-Galar, M|100/100
|-ability|p2a: Staletto|Neutralizing Gas
|
|upkeep
|turn|26
|
|t:|1757906097
|move|p1a: Moltres|Hurricane|p2a: Staletto
|-damage|p2a: Staletto|16/100
|move|p2a: Staletto|Strange Steam|p1a: Moltres
|-resisted|p1a: Moltres
|-damage|p1a: Moltres|84/100
|
|upkeep
|turn|27
|
|t:|1757906107
|-end|p2a: Staletto|ability: Neutralizing Gas
|switch|p2a: Stalingrad|Blissey, F|70/100
|move|p1a: Moltres|U-turn|p2a: Stalingrad
|-damage|p2a: Stalingrad|54/100
|
|t:|1757906122
|switch|p1a: Zamazenta|Zamazenta|100/100|[from] U-turn
|-ability|p1a: Zamazenta|Dauntless Shield|boost
|-boost|p1a: Zamazenta|def|1
|
|-heal|p2a: Stalingrad|60/100|[from] item: Leftovers
|upkeep
|turn|28
|
|t:|1757906128
|switch|p1a: Moltres|Moltres|84/100
|switch|p2a: Stallmate|Gliscor, M|100/100 tox
|
|upkeep
|turn|29
|
|t:|1757906131
|move|p1a: Moltres|Hurricane|p2a: Stallmate
|-damage|p2a: Stallmate|50/100 tox
|move|p2a: Stallmate|Knock Off|p1a: Moltres
|-damage|p1a: Moltres|59/100
|-enditem|p1a: Moltres|Heavy-Duty Boots|[from] move: Knock Off|[of] p2a: Stallmate
|
|-heal|p2a: Stallmate|62/100 tox|[from] ability: Poison Heal
|upkeep
|turn|30
|
|t:|1757906139
|move|p2a: Stallmate|Protect|p2a: Stallmate
|-singleturn|p2a: Stallmate|Protect
|move|p1a: Moltres|Hurricane|p2a: Stallmate
|-activate|p2a: Stallmate|move: Protect
|
|-heal|p2a: Stallmate|75/100 tox|[from] ability: Poison Heal
|upkeep
|turn|31
|
|t:|1757906143
|move|p1a: Moltres|Hurricane|p2a: Stallmate|[miss]
|-miss|p1a: Moltres|p2a: Stallmate
|move|p2a: Stallmate|Spikes|p1a: Moltres
|-sidestart|p1: owl_with_scarf|Spikes
|
|-heal|p2a: Stallmate|87/100 tox|[from] ability: Poison Heal
|upkeep
|turn|32
|
|t:|1757906145
|move|p2a: Stallmate|Protect|p2a: Stallmate
|-singleturn|p2a: Stallmate|Protect
|move|p1a: Moltres|Hurricane|p2a: Stallmate
|-activate|p2a: Stallmate|move: Protect
|
|-heal|p2a: Stallmate|99/100 tox|[from] ability: Poison Heal
|upkeep
|turn|33
|
|t:|1757906149
|move|p1a: Moltres|Hurricane|p2a: Stallmate
|-damage|p2a: Stallmate|51/100 tox
|-start|p2a: Stallmate|confusion
|-activate|p2a: Stallmate|confusion
|-damage|p2a: Stallmate|44/100 tox|[from] confusion
|
|-heal|p2a: Stallmate|56/100 tox|[from] ability: Poison Heal
|upkeep
|turn|34
|
|t:|1757906156
|switch|p2a: Stallking|Toxapex, F, tera:Steel|100/100
|move|p1a: Moltres|Flamethrower|p2a: Stallking
|-supereffective|p2a: Stallking
|-damage|p2a: Stallking|33/100
|-status|p2a: Stallking|brn
|
|-damage|p2a: Stallking|27/100 brn|[from] brn
|upkeep
|turn|35
|
|t:|1757906166
|switch|p2a: Stallmate|Gliscor, M|56/100 tox
|move|p1a: Moltres|U-turn|p2a: Stallmate
|-resisted|p2a: Stallmate
|-damage|p2a: Stallmate|50/100 tox
|
|t:|1757906170
|switch|p1a: Cetitan|Cetitan, F, shiny|100/100|[from] U-turn
|-damage|p1a: Cetitan|88/100|[from] Spikes
|
|-heal|p2a: Stallmate|63/100 tox|[from] ability: Poison Heal
|upkeep
|turn|36
|
|t:|1757906173
|move|p2a: Stallmate|Protect|p2a: Stallmate
|-singleturn|p2a: Stallmate|Protect
|move|p1a: Cetitan|Ice Shard|p2a: Stallmate
|-activate|p2a: Stallmate|move: Protect
|
|-heal|p2a: Stallmate|75/100 tox|[from] ability: Poison Heal
|upkeep
|turn|37
|
|t:|1757906180
|switch|p1a: Moltres|Moltres|59/100
|switch|p2a: Stallking|Toxapex, F, tera:Steel|60/100 brn
|
|-damage|p2a: Stallking|54/100 brn|[from] brn
|upkeep
|turn|38
|
|t:|1757906184
|switch|p2a: Stallmate|Gliscor, M|75/100 tox
|move|p1a: Moltres|Roost|p1a: Moltres
|-heal|p1a: Moltres|100/100
|-singleturn|p1a: Moltres|move: Roost
|
|-heal|p2a: Stallmate|88/100 tox|[from] ability: Poison Heal
|upkeep
|turn|39
|
|t:|1757906191
|move|p1a: Moltres|Hurricane|p2a: Stallmate|[miss]
|-miss|p1a: Moltres|p2a: Stallmate
|move|p2a: Stallmate|Spikes|p1a: Moltres
|-sidestart|p1: owl_with_scarf|Spikes
|
|-heal|p2a: Stallmate|99/100 tox|[from] ability: Poison Heal
|upkeep
|turn|40
|
|t:|1757906193
|move|p1a: Moltres|Hurricane|p2a: Stallmate
|-damage|p2a: Stallmate|46/100 tox
|move|p2a: Stallmate|Spikes|p1a: Moltres
|-sidestart|p1: owl_with_scarf|Spikes
|
|-heal|p2a: Stallmate|59/100 tox|[from] ability: Poison Heal
|upkeep
|turn|41
|
|t:|1757906195
|move|p2a: Stallmate|Protect|p2a: Stallmate
|-singleturn|p2a: Stallmate|Protect
|move|p1a: Moltres|Hurricane|p2a: Stallmate
|-activate|p2a: Stallmate|move: Protect
|
|-heal|p2a: Stallmate|71/100 tox|[from] ability: Poison Heal
|upkeep
|turn|42
|
|t:|1757906200
|move|p1a: Moltres|Flamethrower|p2a: Stallmate
|-damage|p2a: Stallmate|32/100 tox
|move|p2a: Stallmate|Earthquake|p1a: Moltres
|-immune|p1a: Moltres
|
|-heal|p2a: Stallmate|44/100 tox|[from] ability: Poison Heal
|upkeep
|turn|43
|
|t:|1757906205
|move|p2a: Stallmate|Protect|p2a: Stallmate
|-singleturn|p2a: Stallmate|Protect
|move|p1a: Moltres|Flamethrower|p2a: Stallmate
|-activate|p2a: Stallmate|move: Protect
|
|-heal|p2a: Stallmate|57/100 tox|[from] ability: Poison Heal
|upkeep
|turn|44
|
|t:|1757906211
|move|p1a: Moltres|Hurricane|p2a: Stallmate
|-damage|p2a: Stallmate|4/100 tox
|move|p2a: Stallmate|Knock Off|p1a: Moltres
|-damage|p1a: Moltres|84/100
|
|-heal|p2a: Stallmate|16/100 tox|[from] ability: Poison Heal
|upkeep
|turn|45
|
|t:|1757906220
|move|p2a: Stallmate|Protect|p2a: Stallmate
|-singleturn|p2a: Stallmate|Protect
|move|p1a: Moltres|U-turn|p2a: Stallmate
|-activate|p2a: Stallmate|move: Protect
|
|-heal|p2a: Stallmate|29/100 tox|[from] ability: Poison Heal
|upkeep
|turn|46
|
|t:|1757906226
|switch|p2a: Stalin|Dondozo, F|87/100
|move|p1a: Moltres|U-turn|p2a: Stalin
|-damage|p2a: Stalin|80/100
|
|t:|1757906229
|switch|p1a: Sandslash|Sandslash-Alola, F|28/100|[from] U-turn
|
|upkeep
|turn|47
|
|t:|1757906231
|move|p1a: Sandslash|Rapid Spin|p2a: Stalin
|-damage|p2a: Stalin|73/100
|-boost|p1a: Sandslash|spe|1
|-sideend|p1: owl_with_scarf|Spikes|[from] move: Rapid Spin|[of] p1a: Sandslash
|move|p2a: Stalin|Body Press|p1a: Sandslash
|-supereffective|p1a: Sandslash
|-damage|p1a: Sandslash|0 fnt
|faint|p1a: Sandslash
|
|upkeep
|
|t:|1757906233
|switch|p1a: Kyurem|Kyurem, tera:Ice|61/100 tox
|-ability|p1a: Kyurem|Pressure
|turn|48
|
|t:|1757906238
|switch|p2a: Stallking|Toxapex, F, tera:Steel|87/100 brn
|move|p1a: Kyurem|Blizzard|p2a: Stallking
|-resisted|p2a: Stallking
|-damage|p2a: Stallking|49/100 brn
|
|-damage|p1a: Kyurem|54/100 tox|[from] psn
|-damage|p2a: Stallking|43/100 brn|[from] brn
|upkeep
|turn|49
|
|t:|1757906245
|switch|p1a: Moltres|Moltres|84/100
|switch|p2a: Stalinski|Corviknight, F|65/100
|-ability|p2a: Stalinski|Pressure
|
|upkeep
|turn|50
|
|t:|1757906250
|switch|p2a: Stalin|Dondozo, F|73/100
|move|p1a: Moltres|Flamethrower|p2a: Stalin
|-resisted|p2a: Stalin
|-damage|p2a: Stalin|49/100
|
|upkeep
|turn|51
|
|t:|1757906255
|move|p1a: Moltres|Hurricane|p2a: Stalin|[miss]
|-miss|p1a: Moltres|p2a: Stalin
|move|p2a: Stalin|Rest|p2a: Stalin
|-status|p2a: Stalin|slp|[from] move: Rest
|-heal|p2a: Stalin|100/100 slp|[silent]
|
|upkeep
|turn|52
|
|t:|1757906260
|move|p1a: Moltres|U-turn|p2a: Stalin
|-damage|p2a: Stalin|94/100 slp
|
|t:|1757906263
|switch|p1a: Kyurem|Kyurem, tera:Ice|54/100 tox|[from] U-turn
|-ability|p1a: Kyurem|Pressure
|cant|p2a: Stalin|slp
|move|p2a: Stalin|Sleep Talk|p2a: Stalin
|move|p2a: Stalin|Avalanche|p1a: Kyurem|[from] move: Sleep Talk
|-resisted|p1a: Kyurem
|-damage|p1a: Kyurem|48/100 tox
|
|-damage|p1a: Kyurem|42/100 tox|[from] psn
|upkeep
|turn|53
|
|t:|1757906275
|switch|p2a: Stallking|Toxapex, F, tera:Steel|76/100 brn
|move|p1a: Kyurem|Earth Power|p2a: Stallking
|-supereffective|p2a: Stallking
|-damage|p2a: Stallking|18/100 brn
|-unboost|p2a: Stallking|spd|1
|
|-damage|p1a: Kyurem|29/100 tox|[from] psn
|-damage|p2a: Stallking|12/100 brn|[from] brn
|upkeep
|turn|54
|l|☆owl_with_scarf
|inactive|owl_with_scarf disconnected and has a minute to reconnect!
|player|p1|
|inactive|owl_with_scarf has 30 seconds to reconnect!
|j|☆owl_with_scarf
|inactive|owl_with_scarf reconnected and has 120 seconds left.
|player|p1|owl_with_scarf|#owlwithscarf|
|
|t:|1757906310
|switch|p1a: Ninetales|Ninetales-Alola, F|100/100
|-weather|Snowscape|[from] ability: Snow Warning|[of] p1a: Ninetales
|switch|p2a: Stalingrad|Blissey, F|60/100
|
|-weather|Snowscape|[upkeep]
|-heal|p2a: Stalingrad|66/100|[from] item: Leftovers
|upkeep
|turn|55
|
|t:|1757906319
|switch|p1a: Zamazenta|Zamazenta|100/100
|move|p2a: Stalingrad|Stealth Rock|p1a: Zamazenta
|-sidestart|p1: owl_with_scarf|move: Stealth Rock
|
|-weather|Snowscape|[upkeep]
|-heal|p2a: Stalingrad|73/100|[from] item: Leftovers
|upkeep
|turn|56
|-message|owl_with_scarf forfeited.
|
|win|GarbagioFilth
|raw|owl_with_scarf's rating: 1582 &rarr; <strong>1557</strong><br />(-25 for losing)
|raw|GarbagioFilth's rating: 1484 &rarr; <strong>1509</strong><br />(+25 for winning)
|l|☆GarbagioFilth
|player|p2|
|l|☆owl_with_scarf
|player|p1|
