|j|☆Aggrhy
|j|☆33 toes
|t:|1757902380
|gametype|singles
|player|p1|Aggrhy|red-masters|1378
|player|p2|33 toes|medium|1376
|gen|9
|tier|[Gen 9] OU
|rated|
|rule|HP Percentage Mod: HP is shown in percentages
|rule|Endless Battle Clause: Forcing endless battles is banned
|rule|Species Clause: Limit one of each Pokémon
|rule|OHKO Clause: OHKO moves are banned
|rule|Evasion Items Clause: Evasion items are banned
|rule|Evasion Moves Clause: Evasion moves are banned
|rule|Evasion Abilities Clause: Evasion abilities are banned
|rule|Sleep Moves Clause: Sleep-inducing moves are banned
|clearpoke
|poke|p1|Pikachu, M|
|poke|p1|Lokix, F|
|poke|p1|Garchomp, F|
|poke|p1|Cyclizar, M|
|poke|p1|Fezandipiti, M|
|poke|p1|Blastoise, M|
|poke|p2|Quaquaval, F|
|poke|p2|Ting-Lu|
|poke|p2|Hatterene, F|
|poke|p2|Dragonite, M|
|poke|p2|Scizor, F|
|poke|p2|Kyurem|
|teampreview
|inactive|Battle timer is ON: inactive players will automatically lose when time's up. (requested by Aggrhy)
|
|t:|1757902402
|teamsize|p1|6
|teamsize|p2|6
|start
|switch|p1a: Fezandipiti|Fezandipiti, M|100/100
|switch|p2a: Red Lobster|Scizor, F|100/100
|turn|1
|
|t:|1757902408
|switch|p1a: Garchomp|Garchomp, F|100/100
|move|p2a: Red Lobster|Bullet Punch|p1a: Garchomp
|-damage|p1a: Garchomp|70/100
|-damage|p2a: Red Lobster|88/100|[from] ability: Rough Skin|[of] p1a: Garchomp
|-damage|p2a: Red Lobster|71/100|[from] item: Rocky Helmet|[of] p1a: Garchomp
|
|upkeep
|turn|2
|
|t:|1757902418
|switch|p2a: Magic Gushroom|Hatterene, F|100/100
|move|p1a: Garchomp|Earthquake|p2a: Magic Gushroom
|-damage|p2a: Magic Gushroom|62/100
|
|upkeep
|turn|3
|
|t:|1757902432
|move|p1a: Garchomp|Earthquake|p2a: Magic Gushroom
|-damage|p2a: Magic Gushroom|22/100
|move|p2a: Magic Gushroom|Draining Kiss|p1a: Garchomp
|-supereffective|p1a: Garchomp
|-damage|p1a: Garchomp|27/100
|-heal|p2a: Magic Gushroom|64/100|[from] drain|[of] p1a: Garchomp
|-damage|p2a: Magic Gushroom|52/100|[from] ability: Rough Skin|[of] p1a: Garchomp
|-damage|p2a: Magic Gushroom|35/100|[from] item: Rocky Helmet|[of] p1a: Garchomp
|
|upkeep
|turn|4
|
|t:|1757902442
|switch|p2a: Orange Chicken|Dragonite, M|100/100
|move|p1a: Garchomp|Earthquake|p2a: Orange Chicken
|-immune|p2a: Orange Chicken
|
|upkeep
|turn|5
|
|t:|1757902449
|move|p2a: Orange Chicken|Encore|p1a: Garchomp
|-start|p1a: Garchomp|Encore
|move|p1a: Garchomp|Earthquake|p2a: Orange Chicken
|-immune|p2a: Orange Chicken
|
|upkeep
|turn|6
|
|t:|1757902458
|switch|p1a: Fezandipiti|Fezandipiti, M|100/100
|move|p2a: Orange Chicken|Dragon Dance|p2a: Orange Chicken
|-boost|p2a: Orange Chicken|atk|1
|-boost|p2a: Orange Chicken|spe|1
|
|upkeep
|turn|7
|
|t:|1757902466
|-terastallize|p2a: Orange Chicken|Fire
|move|p2a: Orange Chicken|Dragon Dance|p2a: Orange Chicken
|-boost|p2a: Orange Chicken|atk|1
|-boost|p2a: Orange Chicken|spe|1
|move|p1a: Fezandipiti|Moonblast|p2a: Orange Chicken
|-resisted|p2a: Orange Chicken
|-damage|p2a: Orange Chicken|94/100
|-status|p2a: Orange Chicken|tox|[from] ability: Toxic Chain|[of] p1a: Fezandipiti
|
|-damage|p2a: Orange Chicken|87/100 tox|[from] psn
|upkeep
|turn|8
|
|t:|1757902479
|switch|p1a: Garchomp|Garchomp, F|27/100
|move|p2a: Orange Chicken|Fire Punch|p1a: Garchomp
|-resisted|p1a: Garchomp
|-damage|p1a: Garchomp|3/100
|-status|p1a: Garchomp|brn
|-damage|p2a: Orange Chicken|75/100 tox|[from] ability: Rough Skin|[of] p1a: Garchomp
|-damage|p2a: Orange Chicken|59/100 tox|[from] item: Rocky Helmet|[of] p1a: Garchomp
|
|-damage|p2a: Orange Chicken|46/100 tox|[from] psn
|-damage|p1a: Garchomp|0 fnt|[from] brn
|faint|p1a: Garchomp
|upkeep
|
|t:|1757902496
|switch|p1a: Lokix|Lokix, F|100/100
|turn|9
|
|t:|1757902500
|move|p1a: Lokix|Sucker Punch|p2a: Orange Chicken
|-damage|p2a: Orange Chicken|10/100 tox
|move|p2a: Orange Chicken|Scale Shot|p1a: Lokix
|-damage|p1a: Lokix|63/100
|-damage|p1a: Lokix|25/100
|-damage|p1a: Lokix|0 fnt
|faint|p1a: Lokix
|-hitcount|p1: Lokix|3
|-unboost|p2a: Orange Chicken|def|1
|-boost|p2a: Orange Chicken|spe|1
|
|-damage|p2a: Orange Chicken|0 fnt|[from] psn
|faint|p2a: Orange Chicken
|upkeep
|
|t:|1757902523
|switch|p2a: Red Lobster|Scizor, F|71/100
|switch|p1a: Fezandipiti|Fezandipiti, M|100/100
|turn|10
|
|t:|1757902536
|move|p1a: Fezandipiti|Heat Wave|p2a: Red Lobster
|-supereffective|p2a: Red Lobster
|-damage|p2a: Red Lobster|0 fnt
|faint|p2a: Red Lobster
|
|upkeep
|
|t:|1757902539
|switch|p2a: Ground Venison|Ting-Lu|100/100
|-ability|p2a: Ground Venison|Vessel of Ruin
|turn|11
|
|t:|1757902549
|switch|p1a: Cyclizar|Cyclizar, M|100/100
|move|p2a: Ground Venison|Earthquake|p1a: Cyclizar
|-damage|p1a: Cyclizar|28/100
|
|upkeep
|turn|12
|
|t:|1757902563
|move|p1a: Cyclizar|Knock Off|p2a: Ground Venison
|-resisted|p2a: Ground Venison
|-damage|p2a: Ground Venison|95/100
|-enditem|p2a: Ground Venison|Weakness Policy|[from] move: Knock Off|[of] p1a: Cyclizar
|move|p2a: Ground Venison|Earthquake|p1a: Cyclizar
|-crit|p1a: Cyclizar
|-damage|p1a: Cyclizar|0 fnt
|faint|p1a: Cyclizar
|
|upkeep
|
|t:|1757902573
|switch|p1a: Blastoise|Blastoise, M|100/100
|turn|13
|
|t:|1757902583
|move|p1a: Blastoise|Water Spout|p2a: Ground Venison
|-supereffective|p2a: Ground Venison
|-damage|p2a: Ground Venison|15/100
|move|p2a: Ground Venison|Earthquake|p1a: Blastoise
|-damage|p1a: Blastoise|55/100
|
|-heal|p1a: Blastoise|61/100|[from] item: Leftovers
|upkeep
|turn|14
|
|t:|1757902592
|move|p1a: Blastoise|Surf|p2a: Ground Venison
|-supereffective|p2a: Ground Venison
|-damage|p2a: Ground Venison|0 fnt
|faint|p2a: Ground Venison
|
|-heal|p1a: Blastoise|67/100|[from] item: Leftovers
|upkeep
|
|t:|1757902596
|switch|p2a: Freeze Austin|Kyurem|100/100
|-ability|p2a: Freeze Austin|Pressure
|turn|15
|
|t:|1757902604
|switch|p1a: Fezandipiti|Fezandipiti, M|100/100
|move|p2a: Freeze Austin|Freeze-Dry|p1a: Fezandipiti
|-damage|p1a: Fezandipiti|77/100
|
|-heal|p1a: Fezandipiti|83/100|[from] item: Leftovers
|upkeep
|turn|16
|
|t:|1757902613
|switch|p2a: Magic Gushroom|Hatterene, F|35/100
|move|p1a: Fezandipiti|Moonblast|p2a: Magic Gushroom
|-damage|p2a: Magic Gushroom|10/100
|-status|p2a: Magic Gushroom|tox|[from] ability: Toxic Chain|[of] p1a: Fezandipiti
|
|-heal|p1a: Fezandipiti|89/100|[from] item: Leftovers
|-damage|p2a: Magic Gushroom|4/100 tox|[from] psn
|upkeep
|turn|17
|
|t:|1757902624
|move|p1a: Fezandipiti|Moonblast|p2a: Magic Gushroom
|-damage|p2a: Magic Gushroom|0 fnt
|faint|p2a: Magic Gushroom
|
|-heal|p1a: Fezandipiti|95/100|[from] item: Leftovers
|upkeep
|
|t:|1757902635
|switch|p2a: Quesoserious|Quaquaval, F|100/100
|turn|18
|
|t:|1757902642
|move|p2a: Quesoserious|Aqua Step|p1a: Fezandipiti
|-damage|p1a: Fezandipiti|55/100
|-boost|p2a: Quesoserious|spe|1
|move|p1a: Fezandipiti|Moonblast|p2a: Quesoserious
|-supereffective|p2a: Quesoserious
|-damage|p2a: Quesoserious|36/100
|
|-heal|p1a: Fezandipiti|61/100|[from] item: Leftovers
|upkeep
|turn|19
|
|t:|1757902653
|move|p2a: Quesoserious|Aqua Step|p1a: Fezandipiti
|-damage|p1a: Fezandipiti|21/100
|-boost|p2a: Quesoserious|spe|1
|move|p1a: Fezandipiti|Roost|p1a: Fezandipiti
|-heal|p1a: Fezandipiti|71/100
|-singleturn|p1a: Fezandipiti|move: Roost
|
|-heal|p1a: Fezandipiti|77/100|[from] item: Leftovers
|upkeep
|turn|20
|
|t:|1757902662
|move|p2a: Quesoserious|Aqua Step|p1a: Fezandipiti
|-damage|p1a: Fezandipiti|33/100
|-boost|p2a: Quesoserious|spe|1
|move|p1a: Fezandipiti|Roost|p1a: Fezandipiti
|-heal|p1a: Fezandipiti|83/100
|-singleturn|p1a: Fezandipiti|move: Roost
|
|-heal|p1a: Fezandipiti|89/100|[from] item: Leftovers
|upkeep
|turn|21
|
|t:|1757902672
|move|p2a: Quesoserious|Swords Dance|p2a: Quesoserious
|-boost|p2a: Quesoserious|atk|2
|move|p1a: Fezandipiti|Moonblast|p2a: Quesoserious
|-supereffective|p2a: Quesoserious
|-damage|p2a: Quesoserious|0 fnt
|faint|p2a: Quesoserious
|
|-heal|p1a: Fezandipiti|95/100|[from] item: Leftovers
|upkeep
|
|t:|1757902676
|switch|p2a: Freeze Austin|Kyurem|100/100
|-ability|p2a: Freeze Austin|Pressure
|turn|22
|
|t:|1757902686
|move|p2a: Freeze Austin|Earth Power|p1a: Fezandipiti
|-supereffective|p1a: Fezandipiti
|-damage|p1a: Fezandipiti|55/100
|move|p1a: Fezandipiti|Moonblast|p2a: Freeze Austin
|-supereffective|p2a: Freeze Austin
|-damage|p2a: Freeze Austin|57/100
|
|-heal|p1a: Fezandipiti|61/100|[from] item: Leftovers
|upkeep
|turn|23
|
|t:|1757902695
|move|p2a: Freeze Austin|Earth Power|p1a: Fezandipiti
|-supereffective|p1a: Fezandipiti
|-crit|p1a: Fezandipiti
|-damage|p1a: Fezandipiti|1/100
|move|p1a: Fezandipiti|Roost|p1a: Fezandipiti
|-heal|p1a: Fezandipiti|51/100
|-singleturn|p1a: Fezandipiti|move: Roost
|
|-heal|p1a: Fezandipiti|57/100|[from] item: Leftovers
|upkeep
|turn|24
|
|t:|1757902707
|-terastallize|p1a: Fezandipiti|Flying
|move|p2a: Freeze Austin|Earth Power|p1a: Fezandipiti
|-immune|p1a: Fezandipiti
|move|p1a: Fezandipiti|Moonblast|p2a: Freeze Austin
|-supereffective|p2a: Freeze Austin
|-damage|p2a: Freeze Austin|14/100
|-unboost|p2a: Freeze Austin|spa|1
|
|-heal|p1a: Fezandipiti|63/100|[from] item: Leftovers
|upkeep
|turn|25
|-message|33 toes forfeited.
|
|win|Aggrhy
|raw|Aggrhy's rating: 1378 &rarr; <strong>1398</strong><br />(+20 for winning)
|raw|33 toes's rating: 1376 &rarr; <strong>1356</strong><br />(-20 for losing)
|l|☆33 toes
|player|p2|
|l|☆Aggrhy
|player|p1|
