|j|☆Smellyporkchop
|j|☆UltraAero
|t:|1757913157
|gametype|singles
|player|p1|Smellyporkchop|169|1296
|player|p2|UltraAero|dawn-gen4pt|1242
|gen|9
|tier|[Gen 9] OU
|rated|
|rule|HP Percentage Mod: HP is shown in percentages
|rule|Endless Battle Clause: Forcing endless battles is banned
|rule|Species Clause: Limit one of each Pokémon
|rule|OHKO Clause: OHKO moves are banned
|rule|Evasion Items Clause: Evasion items are banned
|rule|Evasion Moves Clause: Evasion moves are banned
|rule|Evasion Abilities Clause: Evasion abilities are banned
|rule|Sleep Moves Clause: Sleep-inducing moves are banned
|clearpoke
|poke|p1|Lokix, M|
|poke|p1|Cinderace, M|
|poke|p1|Great Tusk|
|poke|p1|Alomomola, F|
|poke|p1|Enamorus, F|
|poke|p1|Slowking-Galar, M|
|poke|p2|Sylveon, M|
|poke|p2|Gliscor, M|
|poke|p2|Cinderace, M|
|poke|p2|Vaporeon, F|
|poke|p2|Iron Moth|
|poke|p2|Raichu-Alola, F|
|teampreview
|inactive|Battle timer is ON: inactive players will automatically lose when time's up. (requested by Smellyporkchop)
|inactive|Smellyporkchop has 120 seconds left.
|
|t:|1757913188
|teamsize|p1|6
|teamsize|p2|6
|start
|switch|p1a: Alomomola|Alomomola, F|100/100
|switch|p2a: Cinderace|Cinderace, M|100/100
|turn|1
|
|t:|1757913194
|move|p2a: Cinderace|U-turn|p1a: Alomomola
|-start|p2a: Cinderace|typechange|Bug|[from] ability: Libero
|-damage|p1a: Alomomola|75/100
|
|t:|1757913199
|switch|p2a: Vaporeon|Vaporeon, F|100/100|[from] U-turn
|move|p1a: Alomomola|Flip Turn|p2a: Vaporeon
|-immune|p2a: Vaporeon|[from] ability: Water Absorb
|
|upkeep
|turn|2
|
|t:|1757913205
|move|p2a: Vaporeon|Acid Armor|p2a: Vaporeon
|-boost|p2a: Vaporeon|def|2
|move|p1a: Alomomola|Body Slam|p2a: Vaporeon
|-damage|p2a: Vaporeon|93/100
|-status|p2a: Vaporeon|par
|
|-heal|p2a: Vaporeon|99/100 par|[from] item: Leftovers
|upkeep
|turn|3
|
|t:|1757913218
|move|p2a: Vaporeon|Calm Mind|p2a: Vaporeon
|-boost|p2a: Vaporeon|spa|1
|-boost|p2a: Vaporeon|spd|1
|move|p1a: Alomomola|Mirror Coat||[still]
|-fail|p1a: Alomomola
|
|-heal|p2a: Vaporeon|100/100 par|[from] item: Leftovers
|upkeep
|turn|4
|
|t:|1757913224
|switch|p1a: Lokix|Lokix, M|100/100
|cant|p2a: Vaporeon|par
|
|upkeep
|turn|5
|
|t:|1757913232
|move|p1a: Lokix|Knock Off|p2a: Vaporeon
|-damage|p2a: Vaporeon|59/100 par
|-enditem|p2a: Vaporeon|Leftovers|[from] move: Knock Off|[of] p1a: Lokix
|move|p2a: Vaporeon|Ice Beam|p1a: Lokix
|-damage|p1a: Lokix|20/100
|
|upkeep
|turn|6
|
|t:|1757913242
|switch|p1a: Slowking|Slowking-Galar, M|100/100
|move|p2a: Vaporeon|Scald|p1a: Slowking
|-damage|p1a: Slowking|55/100
|-status|p1a: Slowking|brn
|
|-damage|p1a: Slowking|49/100 brn|[from] brn
|upkeep
|turn|7
|
|t:|1757913250
|cant|p2a: Vaporeon|par
|-prepare|p1a: Slowking|Chilly Reception|[premajor]
|move|p1a: Slowking|Chilly Reception|p1a: Slowking
|-weather|Snowscape
|
|t:|1757913265
|switch|p1a: Enamorus|Enamorus, F|100/100|[from] Chilly Reception
|
|-weather|Snowscape|[upkeep]
|upkeep
|turn|8
|
|t:|1757913273
|move|p1a: Enamorus|Moonblast|p2a: Vaporeon
|-damage|p2a: Vaporeon|32/100 par
|move|p2a: Vaporeon|Ice Beam|p1a: Enamorus
|-supereffective|p1a: Enamorus
|-crit|p1a: Enamorus
|-damage|p1a: Enamorus|0 fnt
|faint|p1a: Enamorus
|
|-weather|Snowscape|[upkeep]
|upkeep
|
|t:|1757913281
|switch|p1a: Lokix|Lokix, M|20/100
|turn|9
|
|t:|1757913284
|move|p1a: Lokix|First Impression|p2a: Vaporeon
|-damage|p2a: Vaporeon|0 fnt
|faint|p2a: Vaporeon
|
|-weather|Snowscape|[upkeep]
|upkeep
|
|t:|1757913289
|switch|p2a: Cinderace|Cinderace, M|100/100
|turn|10
|
|t:|1757913293
|switch|p1a: Slowking|Slowking-Galar, M|82/100 brn
|move|p2a: Cinderace|U-turn|p1a: Slowking
|-start|p2a: Cinderace|typechange|Bug|[from] ability: Libero
|-damage|p1a: Slowking|58/100 brn
|
|t:|1757913300
|switch|p2a: Gliscor|Gliscor, M|100/100|[from] U-turn
|
|-weather|Snowscape|[upkeep]
|-damage|p1a: Slowking|52/100 brn|[from] brn
|-status|p2a: Gliscor|tox|[from] item: Toxic Orb
|upkeep
|turn|11
|inactive|Smellyporkchop has 120 seconds left.
|
|t:|1757913331
|move|p2a: Gliscor|Knock Off|p1a: Slowking
|-supereffective|p1a: Slowking
|-damage|p1a: Slowking|15/100 brn
|-enditem|p1a: Slowking|Shuca Berry|[from] move: Knock Off|[of] p2a: Gliscor
|move|p1a: Slowking|Ice Beam|p2a: Gliscor
|-supereffective|p2a: Gliscor
|-damage|p2a: Gliscor|0 fnt
|faint|p2a: Gliscor
|
|-weather|none
|-damage|p1a: Slowking|9/100 brn|[from] brn
|upkeep
|
|t:|1757913340
|switch|p2a: Iron Moth|Iron Moth|100/100
|-enditem|p2a: Iron Moth|Booster Energy
|-activate|p2a: Iron Moth|ability: Quark Drive|[fromitem]
|-start|p2a: Iron Moth|quarkdrivespa
|turn|12
|
|t:|1757913346
|move|p2a: Iron Moth|Fiery Dance|p1a: Slowking
|-damage|p1a: Slowking|0 fnt
|-boost|p2a: Iron Moth|spa|1
|faint|p1a: Slowking
|
|upkeep
|
|t:|1757913351
|switch|p1a: Alomomola|Alomomola, F|100/100
|turn|13
|
|t:|1757913354
|move|p2a: Iron Moth|Energy Ball|p1a: Alomomola
|-supereffective|p1a: Alomomola
|-damage|p1a: Alomomola|34/100
|move|p1a: Alomomola|Mirror Coat|p2a: Iron Moth
|-damage|p2a: Iron Moth|0 fnt
|faint|p2a: Iron Moth
|-end|p2a: Iron Moth|Quark Drive|[silent]
|
|upkeep
|
|t:|1757913361
|switch|p2a: Raichu|Raichu-Alola, F|100/100
|turn|14
|
|t:|1757913370
|move|p2a: Raichu|Thunderbolt|p1a: Alomomola
|-supereffective|p1a: Alomomola
|-damage|p1a: Alomomola|0 fnt
|faint|p1a: Alomomola
|-damage|p2a: Raichu|91/100|[from] item: Life Orb
|
|upkeep
|
|t:|1757913384
|switch|p1a: Lokix|Lokix, M|20/100
|turn|15
|
|t:|1757913390
|switch|p2a: Cinderace|Cinderace, M|100/100
|-terastallize|p1a: Lokix|Bug
|move|p1a: Lokix|First Impression|p2a: Cinderace
|-resisted|p2a: Cinderace
|-damage|p2a: Cinderace|0 fnt
|faint|p2a: Cinderace
|
|upkeep
|
|t:|1757913398
|switch|p2a: Sylveon|Sylveon, M|100/100
|turn|16
|
|t:|1757913401
|switch|p1a: Cinderace|Cinderace, M|100/100
|move|p2a: Sylveon|Hyper Voice|p1a: Cinderace
|-resisted|p1a: Cinderace
|-damage|p1a: Cinderace|67/100
|
|upkeep
|turn|17
|
|t:|1757913409
|move|p1a: Cinderace|Pyro Ball|p2a: Sylveon
|-crit|p2a: Sylveon
|-damage|p2a: Sylveon|14/100
|-status|p2a: Sylveon|brn
|move|p2a: Sylveon|Calm Mind|p2a: Sylveon
|-boost|p2a: Sylveon|spa|1
|-boost|p2a: Sylveon|spd|1
|
|-damage|p2a: Sylveon|8/100 brn|[from] brn
|upkeep
|turn|18
|
|t:|1757913418
|move|p1a: Cinderace|U-turn|p2a: Sylveon
|-resisted|p2a: Sylveon
|-damage|p2a: Sylveon|0 fnt
|faint|p2a: Sylveon
|
|t:|1757913420
|switch|p1a: Great Tusk|Great Tusk|100/100|[from] U-turn
|
|upkeep
|
|t:|1757913424
|switch|p2a: Raichu|Raichu-Alola, F|91/100
|turn|19
|
|t:|1757913432
|-terastallize|p2a: Raichu|Flying
|move|p2a: Raichu|Nasty Plot|p2a: Raichu
|-boost|p2a: Raichu|spa|2
|move|p1a: Great Tusk|Earthquake|p2a: Raichu
|-immune|p2a: Raichu
|
|upkeep
|turn|20
|
|t:|1757913441
|move|p2a: Raichu|Psychic Noise|p1a: Great Tusk
|-supereffective|p1a: Great Tusk
|-damage|p1a: Great Tusk|0 fnt
|faint|p1a: Great Tusk
|-end|p1a: Great Tusk|Protosynthesis|[silent]
|-damage|p2a: Raichu|81/100|[from] item: Life Orb
|
|upkeep
|
|t:|1757913447
|switch|p1a: Cinderace|Cinderace, M|67/100
|turn|21
|
|t:|1757913450
|move|p1a: Cinderace|Pyro Ball|p2a: Raichu
|-damage|p2a: Raichu|0 fnt
|faint|p2a: Raichu
|
|win|Smellyporkchop
|raw|Smellyporkchop's rating: 1296 &rarr; <strong>1317</strong><br />(+21 for winning)
|raw|UltraAero's rating: 1242 &rarr; <strong>1221</strong><br />(-21 for losing)
|l|☆UltraAero
|player|p2|
|l|☆Smellyporkchop
|player|p1|
