|j|☆alonsogonzo
|j|☆shadow xdash
|t:|1757943516
|gametype|singles
|player|p1|alonsogonzo|266|1146
|player|p2|shadow xdash|red|1109
|gen|9
|tier|[Gen 9] OU
|rated|
|rule|HP Percentage Mod: HP is shown in percentages
|rule|Endless Battle Clause: Forcing endless battles is banned
|rule|Species Clause: Limit one of each Pokémon
|rule|OHKO Clause: OHKO moves are banned
|rule|Evasion Items Clause: Evasion items are banned
|rule|Evasion Moves Clause: Evasion moves are banned
|rule|Evasion Abilities Clause: Evasion abilities are banned
|rule|Sleep Moves Clause: Sleep-inducing moves are banned
|clearpoke
|poke|p1|Alcremie, F|
|poke|p1|Breloom, M|
|poke|p1|Rotom-Wash|
|poke|p1|Hippowdon, M|
|poke|p1|Tyranitar, M|
|poke|p1|Ceruledge, F|
|poke|p2|Overqwil, M|
|poke|p2|Hitmontop, M|
|poke|p2|Feraligatr, M|
|poke|p2|Arcanine-Hisui, M|
|poke|p2|Pikachu-Original, M|
|poke|p2|Garchomp, M|
|teampreview
|inactive|Battle timer is ON: inactive players will automatically lose when time's up. (requested by shadow xdash)
|
|t:|1757943544
|teamsize|p1|6
|teamsize|p2|6
|start
|switch|p1a: Tyranitar|Tyranitar, M|100/100
|switch|p2a: Overqwil|Overqwil, M|100/100
|-ability|p2a: Overqwil|Intimidate|boost
|-unboost|p1a: Tyranitar|atk|1
|-weather|Sandstorm|[from] ability: Sand Stream|[of] p1a: Tyranitar
|turn|1
|
|t:|1757943573
|move|p2a: Overqwil|Liquidation|p1a: Tyranitar
|-supereffective|p1a: Tyranitar
|-damage|p1a: Tyranitar|56/100
|move|p1a: Tyranitar|Rock Slide|p2a: Overqwil
|-damage|p2a: Overqwil|53/100
|
|-weather|Sandstorm|[upkeep]
|-damage|p2a: Overqwil|47/100|[from] Sandstorm
|-heal|p2a: Overqwil|53/100|[from] item: Black Sludge
|upkeep
|turn|2
|
|t:|1757943583
|move|p2a: Overqwil|Liquidation|p1a: Tyranitar
|-supereffective|p1a: Tyranitar
|-crit|p1a: Tyranitar
|-damage|p1a: Tyranitar|0 fnt
|faint|p1a: Tyranitar
|
|-weather|Sandstorm|[upkeep]
|-damage|p2a: Overqwil|47/100|[from] Sandstorm
|-heal|p2a: Overqwil|53/100|[from] item: Black Sludge
|upkeep
|inactive|alonsogonzo has 120 seconds left.
|
|t:|1757943612
|switch|p1a: Hippowdon|Hippowdon, M|100/100
|turn|3
|
|t:|1757943617
|move|p2a: Overqwil|Liquidation|p1a: Hippowdon
|-supereffective|p1a: Hippowdon
|-damage|p1a: Hippowdon|71/100
|-damage|p2a: Overqwil|37/100|[from] item: Rocky Helmet|[of] p1a: Hippowdon
|move|p1a: Hippowdon|Stealth Rock|p2a: Overqwil
|-sidestart|p2: shadow xdash|move: Stealth Rock
|
|-weather|Sandstorm|[upkeep]
|-damage|p2a: Overqwil|30/100|[from] Sandstorm
|-heal|p2a: Overqwil|37/100|[from] item: Black Sludge
|upkeep
|turn|4
|
|t:|1757943631
|move|p2a: Overqwil|Poison Jab|p1a: Hippowdon
|-resisted|p1a: Hippowdon
|-damage|p1a: Hippowdon|62/100
|-damage|p2a: Overqwil|20/100|[from] item: Rocky Helmet|[of] p1a: Hippowdon
|move|p1a: Hippowdon|Earthquake|p2a: Overqwil
|-supereffective|p2a: Overqwil
|-damage|p2a: Overqwil|0 fnt
|faint|p2a: Overqwil
|
|-weather|Sandstorm|[upkeep]
|upkeep
|
|t:|1757943640
|switch|p2a: Hitmontop|Hitmontop, M|100/100
|-damage|p2a: Hitmontop|95/100|[from] Stealth Rock
|turn|5
|
|t:|1757943645
|move|p2a: Hitmontop|Fake Out|p1a: Hippowdon
|-damage|p1a: Hippowdon|52/100
|-damage|p2a: Hitmontop|78/100|[from] item: Rocky Helmet|[of] p1a: Hippowdon
|cant|p1a: Hippowdon|flinch
|
|-weather|none
|upkeep
|turn|6
|
|t:|1757943651
|move|p2a: Hitmontop|Rapid Spin|p1a: Hippowdon
|-damage|p1a: Hippowdon|40/100
|-boost|p2a: Hitmontop|spe|1
|-damage|p2a: Hitmontop|62/100|[from] item: Rocky Helmet|[of] p1a: Hippowdon
|-sideend|p2: shadow xdash|Stealth Rock|[from] move: Rapid Spin|[of] p2a: Hitmontop
|move|p1a: Hippowdon|Slack Off|p1a: Hippowdon
|-heal|p1a: Hippowdon|90/100
|
|upkeep
|turn|7
|
|t:|1757943660
|move|p2a: Hitmontop|Triple Axel|p1a: Hippowdon
|-supereffective|p1a: Hippowdon
|-damage|p1a: Hippowdon|80/100
|-damage|p2a: Hitmontop|45/100|[from] item: Rocky Helmet|[of] p1a: Hippowdon
|-supereffective|p1a: Hippowdon
|-damage|p1a: Hippowdon|61/100
|-damage|p2a: Hitmontop|29/100|[from] item: Rocky Helmet|[of] p1a: Hippowdon
|-supereffective|p1a: Hippowdon
|-damage|p1a: Hippowdon|34/100
|-damage|p2a: Hitmontop|12/100|[from] item: Rocky Helmet|[of] p1a: Hippowdon
|-hitcount|p1a: Hippowdon|3
|move|p1a: Hippowdon|Stealth Rock|p2a: Hitmontop
|-sidestart|p2: shadow xdash|move: Stealth Rock
|
|upkeep
|turn|8
|inactive|alonsogonzo has 120 seconds left.
|
|t:|1757943690
|move|p2a: Hitmontop|Rapid Spin|p1a: Hippowdon
|-damage|p1a: Hippowdon|21/100
|-boost|p2a: Hitmontop|spe|1
|-damage|p2a: Hitmontop|0 fnt|[from] item: Rocky Helmet|[of] p1a: Hippowdon
|faint|p2a: Hitmontop
|move|p1a: Hippowdon|Slack Off|p1a: Hippowdon
|-heal|p1a: Hippowdon|71/100
|
|upkeep
|
|t:|1757943698
|switch|p2a: Feraligatr|Feraligatr, M, shiny|100/100
|-damage|p2a: Feraligatr|88/100|[from] Stealth Rock
|turn|9
|
|t:|1757943705
|switch|p1a: Rotom|Rotom-Wash|100/100
|move|p2a: Feraligatr|Dragon Dance|p2a: Feraligatr
|-boost|p2a: Feraligatr|atk|1
|-boost|p2a: Feraligatr|spe|1
|
|upkeep
|turn|10
|
|t:|1757943714
|-terastallize|p2a: Feraligatr|Dark
|move|p2a: Feraligatr|Crunch|p1a: Rotom
|-damage|p1a: Rotom|13/100
|move|p1a: Rotom|Volt Switch|p2a: Feraligatr
|-damage|p2a: Feraligatr|55/100
|
|t:|1757943728
|switch|p1a: Breloom|Breloom, M|100/100|[from] Volt Switch
|
|upkeep
|turn|11
|inactive|alonsogonzo has 120 seconds left.
|
|t:|1757943768
|switch|p2a: Garchomp|Garchomp, M, shiny|100/100
|-damage|p2a: Garchomp|94/100|[from] Stealth Rock
|move|p1a: Breloom|Mach Punch|p2a: Garchomp
|-damage|p2a: Garchomp|62/100
|-damage|p1a: Breloom|88/100|[from] ability: Rough Skin|[of] p2a: Garchomp
|-damage|p1a: Breloom|72/100|[from] item: Rocky Helmet|[of] p2a: Garchomp
|
|upkeep
|turn|12
|
|t:|1757943790
|move|p2a: Garchomp|Fire Fang|p1a: Breloom
|-supereffective|p1a: Breloom
|-damage|p1a: Breloom|4/100
|move|p1a: Breloom|Bullet Seed|p2a: Garchomp
|-damage|p2a: Garchomp|43/100
|-crit|p2a: Garchomp
|-damage|p2a: Garchomp|14/100
|-damage|p2a: Garchomp|0 fnt
|faint|p2a: Garchomp
|-hitcount|p2: Garchomp|3
|
|upkeep
|
|t:|1757943795
|switch|p2a: Pikachu|Pikachu-Original, M|100/100
|-damage|p2a: Pikachu|88/100|[from] Stealth Rock
|turn|13
|
|t:|1757943813
|move|p2a: Pikachu|Fake Out|p1a: Breloom
|-damage|p1a: Breloom|0 fnt
|faint|p1a: Breloom
|
|upkeep
|inactive|alonsogonzo has 90 seconds left.
|
|t:|1757943829
|switch|p1a: Alcremie|Alcremie, F|100/100
|turn|14
|inactive|alonsogonzo has 90 seconds left.
|inactive|shadow xdash has 120 seconds left.
|
|t:|1757943860
|move|p2a: Pikachu|Thunderbolt|p1a: Alcremie
|-damage|p1a: Alcremie|65/100
|move|p1a: Alcremie|Acid Armor|p1a: Alcremie
|-boost|p1a: Alcremie|def|2
|
|-heal|p1a: Alcremie|71/100|[from] item: Leftovers
|upkeep
|turn|15
|inactive|alonsogonzo has 90 seconds left.
|
|t:|1757943876
|move|p2a: Pikachu|Surf|p1a: Alcremie
|-damage|p1a: Alcremie|46/100
|move|p1a: Alcremie|Calm Mind|p1a: Alcremie
|-boost|p1a: Alcremie|spa|1
|-boost|p1a: Alcremie|spd|1
|
|-heal|p1a: Alcremie|52/100|[from] item: Leftovers
|upkeep
|turn|16
|inactive|alonsogonzo has 90 seconds left.
|
|t:|1757943885
|move|p2a: Pikachu|Thunderbolt|p1a: Alcremie
|-damage|p1a: Alcremie|31/100
|move|p1a: Alcremie|Recover|p1a: Alcremie
|-heal|p1a: Alcremie|81/100
|
|-heal|p1a: Alcremie|87/100|[from] item: Leftovers
|upkeep
|turn|17
|-message|shadow xdash forfeited.
|
|win|alonsogonzo
|raw|alonsogonzo's rating: 1146 &rarr; <strong>1168</strong><br />(+22 for winning)
|raw|shadow xdash's rating: 1109 &rarr; <strong>1087</strong><br />(-22 for losing)
|l|☆shadow xdash
|player|p2|
|l|☆alonsogonzo
|player|p1|
