|j|☆she's not noob
|j|☆Agnes_Tachy0n
|t:|1757867331
|gametype|singles
|player|p1|she's not noob|sada-ai|1293
|player|p2|Agnes_Tachy0n|lass|1331
|gen|9
|tier|[Gen 9] OU
|rated|
|rule|HP Percentage Mod: HP is shown in percentages
|rule|Endless Battle Clause: Forcing endless battles is banned
|rule|Species Clause: Limit one of each Pokémon
|rule|OHKO Clause: OHKO moves are banned
|rule|Evasion Items Clause: Evasion items are banned
|rule|Evasion Moves Clause: Evasion moves are banned
|rule|Evasion Abilities Clause: Evasion abilities are banned
|rule|Sleep Moves Clause: Sleep-inducing moves are banned
|clearpoke
|poke|p1|Glimmora, F|
|poke|p1|Darkrai|
|poke|p1|Iron Valiant|
|poke|p1|Kingambit, F|
|poke|p1|Dragonite, F|
|poke|p1|Gholdengo|
|poke|p2|Iron Thorns|
|poke|p2|Ribombee, F|
|poke|p2|Mismagius, M|
|poke|p2|Raging Bolt|
|poke|p2|Hatterene, F|
|poke|p2|Corviknight, F|
|teampreview
|inactive|Battle timer is ON: inactive players will automatically lose when time's up. (requested by she's not noob)
|
|t:|1757867346
|teamsize|p1|6
|teamsize|p2|6
|start
|switch|p1a: Glimmora|Glimmora, F, shiny|100/100
|switch|p2a: Raging Bolt|Raging Bolt|100/100
|turn|1
|
|t:|1757867348
|move|p1a: Glimmora|Stealth Rock|p2a: Raging Bolt
|-sidestart|p2: Agnes_Tachy0n|move: Stealth Rock
|move|p2a: Raging Bolt|Dragon Pulse|p1a: Glimmora
|-damage|p1a: Glimmora|32/100
|
|upkeep
|turn|2
|
|t:|1757867353
|move|p1a: Glimmora|Stealth Rock||[still]
|-fail|p1a: Glimmora
|move|p2a: Raging Bolt|Volt Switch|p1a: Glimmora
|-damage|p1a: Glimmora|0 fnt
|faint|p1a: Glimmora
|
|t:|1757867371
|-end|p2a: Raging Bolt|Protosynthesis|[silent]
|switch|p2a: Mismagius|Mismagius, M|100/100|[from] Volt Switch
|-damage|p2a: Mismagius|88/100|[from] Stealth Rock
|
|upkeep
|
|t:|1757867377
|switch|p1a: Darkrai|Darkrai, shiny|100/100
|turn|3
|
|t:|1757867385
|-terastallize|p2a: Mismagius|Fairy
|move|p2a: Mismagius|Dazzling Gleam|p1a: Darkrai
|-supereffective|p1a: Darkrai
|-damage|p1a: Darkrai|0 fnt
|faint|p1a: Darkrai
|
|upkeep
|
|t:|1757867391
|switch|p1a: Gholdengo|Gholdengo, shiny|100/100
|-item|p1a: Gholdengo|Air Balloon
|turn|4
|
|t:|1757867396
|switch|p2a: Raging Bolt|Raging Bolt|100/100
|-damage|p2a: Raging Bolt|88/100|[from] Stealth Rock
|move|p1a: Gholdengo|Nasty Plot|p1a: Gholdengo
|-boost|p1a: Gholdengo|spa|2
|
|upkeep
|turn|5
|
|t:|1757867401
|move|p1a: Gholdengo|Make It Rain|p2a: Raging Bolt
|-resisted|p2a: Raging Bolt
|-damage|p2a: Raging Bolt|60/100
|-unboost|p1a: Gholdengo|spa|1
|move|p2a: Raging Bolt|Volt Switch|p1a: Gholdengo
|-damage|p1a: Gholdengo|61/100
|-enditem|p1a: Gholdengo|Air Balloon
|
|t:|1757867405
|-end|p2a: Raging Bolt|Protosynthesis|[silent]
|switch|p2a: Ribombee|Ribombee, F|100/100|[from] Volt Switch
|-damage|p2a: Ribombee|76/100|[from] Stealth Rock
|
|upkeep
|turn|6
|
|t:|1757867409
|move|p2a: Ribombee|Sticky Web|p1a: Gholdengo
|-sidestart|p1: she's not noob|move: Sticky Web
|move|p1a: Gholdengo|Make It Rain|p2a: Ribombee
|-supereffective|p2a: Ribombee
|-damage|p2a: Ribombee|0 fnt
|-unboost|p1a: Gholdengo|spa|1
|faint|p2a: Ribombee
|
|upkeep
|
|t:|1757867414
|switch|p2a: Mismagius|Mismagius, M, tera:Fairy|88/100
|-damage|p2a: Mismagius|76/100|[from] Stealth Rock
|turn|7
|
|t:|1757867417
|move|p2a: Mismagius|Shadow Ball|p1a: Gholdengo
|-supereffective|p1a: Gholdengo
|-damage|p1a: Gholdengo|0 fnt
|faint|p1a: Gholdengo
|
|upkeep
|
|t:|1757867425
|switch|p1a: Iron Valiant|Iron Valiant, shiny|100/100
|-activate|p1a: Iron Valiant|move: Sticky Web
|-unboost|p1a: Iron Valiant|spe|1
|-enditem|p1a: Iron Valiant|Booster Energy
|-activate|p1a: Iron Valiant|ability: Quark Drive|[fromitem]
|-start|p1a: Iron Valiant|quarkdriveatk
|turn|8
|
|t:|1757867437
|switch|p2a: Hatterene|Hatterene, F|100/100
|-damage|p2a: Hatterene|88/100|[from] Stealth Rock
|move|p1a: Iron Valiant|Spirit Break|p2a: Hatterene
|-damage|p2a: Hatterene|28/100
|-unboost|p2a: Hatterene|spa|1
|-enditem|p2a: Hatterene|Sitrus Berry|[eat]
|-heal|p2a: Hatterene|52/100|[from] item: Sitrus Berry
|
|upkeep
|turn|9
|
|t:|1757867443
|move|p1a: Iron Valiant|Knock Off|p2a: Hatterene
|-damage|p2a: Hatterene|18/100
|move|p2a: Hatterene|Nuzzle|p1a: Iron Valiant
|-damage|p1a: Iron Valiant|96/100
|-status|p1a: Iron Valiant|par
|
|upkeep
|turn|10
|
|t:|1757867452
|move|p1a: Iron Valiant|Knock Off|p2a: Hatterene
|-damage|p2a: Hatterene|0 fnt
|faint|p2a: Hatterene
|
|upkeep
|
|t:|1757867465
|switch|p2a: Mismagius|Mismagius, M, tera:Fairy|76/100
|-damage|p2a: Mismagius|64/100|[from] Stealth Rock
|turn|11
|
|t:|1757867474
|move|p2a: Mismagius|Dazzling Gleam|p1a: Iron Valiant
|-supereffective|p1a: Iron Valiant
|-damage|p1a: Iron Valiant|0 fnt
|faint|p1a: Iron Valiant
|-end|p1a: Iron Valiant|Quark Drive|[silent]
|
|upkeep
|
|t:|1757867479
|switch|p1a: Dragonite|Dragonite, F, shiny|100/100
|turn|12
|
|t:|1757867482
|-terastallize|p1a: Dragonite|Normal
|move|p2a: Mismagius|Dazzling Gleam|p1a: Dragonite
|-damage|p1a: Dragonite|80/100
|move|p1a: Dragonite|Dragon Dance|p1a: Dragonite
|-boost|p1a: Dragonite|atk|1
|-boost|p1a: Dragonite|spe|1
|
|upkeep
|turn|13
|
|t:|1757867494
|switch|p2a: Raging Bolt|Raging Bolt|60/100
|-damage|p2a: Raging Bolt|48/100|[from] Stealth Rock
|move|p1a: Dragonite|Dragon Dance|p1a: Dragonite
|-boost|p1a: Dragonite|atk|1
|-boost|p1a: Dragonite|spe|1
|
|upkeep
|turn|14
|
|t:|1757867513
|move|p1a: Dragonite|Extreme Speed|p2a: Raging Bolt
|-damage|p2a: Raging Bolt|0 fnt
|faint|p2a: Raging Bolt
|-end|p2a: Raging Bolt|Protosynthesis|[silent]
|
|upkeep
|
|t:|1757867516
|switch|p2a: Corviknight|Corviknight, F|100/100
|-damage|p2a: Corviknight|88/100|[from] Stealth Rock
|turn|15
|
|t:|1757867523
|move|p1a: Dragonite|Dragon Dance|p1a: Dragonite
|-boost|p1a: Dragonite|atk|1
|-boost|p1a: Dragonite|spe|1
|move|p2a: Corviknight|Bulk Up|p2a: Corviknight
|-boost|p2a: Corviknight|atk|1
|-boost|p2a: Corviknight|def|1
|
|-heal|p2a: Corviknight|94/100|[from] item: Leftovers
|upkeep
|turn|16
|
|t:|1757867525
|move|p1a: Dragonite|Dragon Dance|p1a: Dragonite
|-boost|p1a: Dragonite|atk|1
|-boost|p1a: Dragonite|spe|1
|move|p2a: Corviknight|Bulk Up|p2a: Corviknight
|-boost|p2a: Corviknight|atk|1
|-boost|p2a: Corviknight|def|1
|
|-heal|p2a: Corviknight|100/100|[from] item: Leftovers
|upkeep
|turn|17
|
|t:|1757867528
|move|p1a: Dragonite|Dragon Dance|p1a: Dragonite
|-boost|p1a: Dragonite|atk|1
|-boost|p1a: Dragonite|spe|1
|move|p2a: Corviknight|Bulk Up|p2a: Corviknight
|-boost|p2a: Corviknight|atk|1
|-boost|p2a: Corviknight|def|1
|
|upkeep
|turn|18
|
|t:|1757867530
|move|p1a: Dragonite|Dragon Dance|p1a: Dragonite
|-boost|p1a: Dragonite|atk|1
|-boost|p1a: Dragonite|spe|1
|move|p2a: Corviknight|Bulk Up|p2a: Corviknight
|-boost|p2a: Corviknight|atk|1
|-boost|p2a: Corviknight|def|1
|
|upkeep
|turn|19
|
|t:|1757867541
|move|p1a: Dragonite|Ice Spinner|p2a: Corviknight
|-damage|p2a: Corviknight|68/100
|move|p2a: Corviknight|Body Press|p1a: Dragonite
|-supereffective|p1a: Dragonite
|-damage|p1a: Dragonite|0 fnt
|faint|p1a: Dragonite
|
|-heal|p2a: Corviknight|75/100|[from] item: Leftovers
|upkeep
|
|t:|1757867545
|switch|p1a: Kingambit|Kingambit, F, shiny|100/100
|-activate|p1a: Kingambit|move: Sticky Web
|-unboost|p1a: Kingambit|spe|1
|-activate|p1a: Kingambit|ability: Supreme Overlord
|-start|p1a: Kingambit|fallen5|[silent]
|turn|20
|c|☆Agnes_Tachy0n|gg
|
|t:|1757867550
|move|p1a: Kingambit|Sucker Punch|p2a: Corviknight
|-damage|p2a: Corviknight|58/100
|move|p2a: Corviknight|Body Press|p1a: Kingambit
|-supereffective|p1a: Kingambit
|-damage|p1a: Kingambit|0 fnt
|faint|p1a: Kingambit
|-end|p1a: Kingambit|fallen5|[silent]
|
|win|Agnes_Tachy0n
|raw|she&apos;s not noob's rating: 1293 &rarr; <strong>1271</strong><br />(-22 for losing)
|raw|Agnes_Tachy0n's rating: 1331 &rarr; <strong>1349</strong><br />(+18 for winning)
|c|☆she's not noob|Gg
|l|☆she's not noob
|player|p1|
|l|☆Agnes_Tachy0n
|player|p2|
