|badge|p1|bronze|gen9randombattle|100-6
|uhtml|medal-msg|<div class="broadcast-blue">Curious what those medals under the avatar are? PS now has Ladder Seasons! For more information, check out the <a href="https://www.smogon.com/forums/threads/3740067/">thread on Smogon.</a></div>
|j|☆larp legion
|j|☆peewee mcgee xxx
|t:|1757817188
|gametype|singles
|player|p1|larp legion|clown|1662
|player|p2|peewee mcgee xxx|266|1719
|gen|9
|tier|[Gen 9] OU
|rated|
|rule|HP Percentage Mod: HP is shown in percentages
|rule|Endless Battle Clause: Forcing endless battles is banned
|rule|Species Clause: Limit one of each Pokémon
|rule|OHKO Clause: OHKO moves are banned
|rule|Evasion Items Clause: Evasion items are banned
|rule|Evasion Moves Clause: Evasion moves are banned
|rule|Evasion Abilities Clause: Evasion abilities are banned
|rule|Sleep Moves Clause: Sleep-inducing moves are banned
|clearpoke
|poke|p1|Bisharp, M|
|poke|p1|Hippowdon, F|
|poke|p1|Reuniclus, F|
|poke|p1|Entei|
|poke|p1|Slowbro, M|
|poke|p1|Fezandipiti, M|
|poke|p2|Alomomola, F|
|poke|p2|Sinistcha-Masterpiece|
|poke|p2|Scizor, F|
|poke|p2|Cinderace, F|
|poke|p2|Zamazenta-*|
|poke|p2|Kyurem|
|teampreview
|inactive|Battle timer is ON: inactive players will automatically lose when time's up. (requested by larp legion)
|inactive|peewee mcgee xxx has 120 seconds left.
|
|t:|1757817219
|teamsize|p1|6
|teamsize|p2|6
|start
|switch|p1a: Slowbro|Slowbro, M|100/100
|switch|p2a: Kyurem|Kyurem|100/100
|-ability|p2a: Kyurem|Pressure
|turn|1
|inactive|larp legion has 120 seconds left.
|
|t:|1757817260
|switch|p1a: Fezandipiti|Fezandipiti, M|100/100
|move|p2a: Kyurem|Freeze-Dry|p1a: Fezandipiti
|-damage|p1a: Fezandipiti|60/100
|
|-heal|p1a: Fezandipiti|66/100|[from] item: Leftovers
|upkeep
|turn|2
|
|t:|1757817274
|switch|p2a: Scizor|Scizor, F|100/100
|move|p1a: Fezandipiti|Moonblast|p2a: Scizor
|-resisted|p2a: Scizor
|-damage|p2a: Scizor|86/100
|-unboost|p2a: Scizor|spa|1
|
|-heal|p1a: Fezandipiti|72/100|[from] item: Leftovers
|upkeep
|turn|3
|inactive|larp legion has 120 seconds left.
|
|t:|1757817285
|switch|p1a: Entei|Entei|100/100
|move|p2a: Scizor|U-turn|p1a: Entei
|-resisted|p1a: Entei
|-damage|p1a: Entei|71/100
|
|t:|1757817293
|switch|p2a: Alomomola|Alomomola, F|100/100|[from] U-turn
|
|upkeep
|turn|4
|inactive|larp legion has 120 seconds left.
|
|t:|1757817316
|switch|p1a: Slowbro|Slowbro, M|100/100
|move|p2a: Alomomola|Flip Turn|p1a: Slowbro
|-resisted|p1a: Slowbro
|-damage|p1a: Slowbro|95/100
|-damage|p2a: Alomomola|84/100|[from] item: Rocky Helmet|[of] p1a: Slowbro
|
|t:|1757817319
|switch|p2a: Kyurem|Kyurem|100/100|[from] Flip Turn
|-ability|p2a: Kyurem|Pressure
|
|upkeep
|turn|5
|
|t:|1757817324
|switch|p1a: Fezandipiti|Fezandipiti, M|72/100
|move|p2a: Kyurem|Freeze-Dry|p1a: Fezandipiti
|-damage|p1a: Fezandipiti|35/100
|
|-heal|p1a: Fezandipiti|41/100|[from] item: Leftovers
|upkeep
|turn|6
|
|t:|1757817337
|-terastallize|p2a: Kyurem|Ice
|move|p1a: Fezandipiti|Roost|p1a: Fezandipiti
|-heal|p1a: Fezandipiti|91/100
|-singleturn|p1a: Fezandipiti|move: Roost
|move|p2a: Kyurem|Freeze-Dry|p1a: Fezandipiti
|-damage|p1a: Fezandipiti|34/100
|
|-heal|p1a: Fezandipiti|40/100|[from] item: Leftovers
|upkeep
|turn|7
|
|t:|1757817343
|switch|p2a: Scizor|Scizor, F|86/100
|move|p1a: Fezandipiti|Calm Mind|p1a: Fezandipiti
|-boost|p1a: Fezandipiti|spa|1
|-boost|p1a: Fezandipiti|spd|1
|
|-heal|p1a: Fezandipiti|46/100|[from] item: Leftovers
|upkeep
|turn|8
|
|t:|1757817363
|switch|p1a: Slowbro|Slowbro, M|100/100
|move|p2a: Scizor|Bullet Punch|p1a: Slowbro
|-resisted|p1a: Slowbro
|-damage|p1a: Slowbro|85/100
|-damage|p2a: Scizor|69/100|[from] item: Rocky Helmet|[of] p1a: Slowbro
|
|upkeep
|turn|9
|
|t:|1757817368
|switch|p2a: Alomomola|Alomomola, F|100/100
|move|p1a: Slowbro|Scald|p2a: Alomomola
|-resisted|p2a: Alomomola
|-damage|p2a: Alomomola|93/100
|-status|p2a: Alomomola|brn
|
|-damage|p2a: Alomomola|87/100 brn|[from] brn
|upkeep
|turn|10
|
|t:|1757817372
|move|p2a: Alomomola|Flip Turn|p1a: Slowbro
|-resisted|p1a: Slowbro
|-damage|p1a: Slowbro|82/100
|-damage|p2a: Alomomola|70/100 brn|[from] item: Rocky Helmet|[of] p1a: Slowbro
|
|t:|1757817374
|switch|p2a: Kyurem|Kyurem, tera:Ice|100/100|[from] Flip Turn
|-ability|p2a: Kyurem|Pressure
|move|p1a: Slowbro|Body Press|p2a: Kyurem
|-supereffective|p2a: Kyurem
|-damage|p2a: Kyurem|44/100
|
|upkeep
|turn|11
|
|t:|1757817386
|switch|p1a: Entei|Entei|71/100
|move|p2a: Kyurem|Freeze-Dry|p1a: Entei
|-resisted|p1a: Entei
|-damage|p1a: Entei|26/100
|
|upkeep
|turn|12
|
|t:|1757817392
|switch|p1a: Reuniclus|Reuniclus, F|100/100
|switch|p2a: Alomomola|Alomomola, F|100/100 brn
|
|-damage|p2a: Alomomola|94/100 brn|[from] brn
|upkeep
|turn|13
|
|t:|1757817396
|move|p2a: Alomomola|Flip Turn|p1a: Reuniclus
|-damage|p1a: Reuniclus|92/100
|
|t:|1757817397
|switch|p2a: Scizor|Scizor, F|69/100|[from] Flip Turn
|move|p1a: Reuniclus|Knock Off|p2a: Scizor
|-damage|p2a: Scizor|54/100
|-enditem|p2a: Scizor|Choice Band|[from] move: Knock Off|[of] p1a: Reuniclus
|
|upkeep
|turn|14
|
|t:|1757817402
|switch|p1a: Slowbro|Slowbro, M|100/100
|move|p2a: Scizor|Knock Off|p1a: Slowbro
|-supereffective|p1a: Slowbro
|-damage|p1a: Slowbro|60/100
|-damage|p2a: Scizor|38/100|[from] item: Rocky Helmet|[of] p1a: Slowbro
|-enditem|p1a: Slowbro|Rocky Helmet|[from] move: Knock Off|[of] p2a: Scizor
|
|upkeep
|turn|15
|
|t:|1757817410
|move|p2a: Scizor|U-turn|p1a: Slowbro
|-supereffective|p1a: Slowbro
|-damage|p1a: Slowbro|15/100
|
|t:|1757817413
|switch|p2a: Alomomola|Alomomola, F|100/100 brn|[from] U-turn
|move|p1a: Slowbro|Slack Off|p1a: Slowbro
|-heal|p1a: Slowbro|65/100
|
|-damage|p2a: Alomomola|94/100 brn|[from] brn
|upkeep
|turn|16
|
|t:|1757817417
|move|p2a: Alomomola|Flip Turn|p1a: Slowbro
|-resisted|p1a: Slowbro
|-damage|p1a: Slowbro|63/100
|
|t:|1757817419
|switch|p2a: Sinistcha|Sinistcha-Masterpiece|100/100|[from] Flip Turn
|move|p1a: Slowbro|Scald|p2a: Sinistcha
|-resisted|p2a: Sinistcha
|-damage|p2a: Sinistcha|83/100
|-status|p2a: Sinistcha|brn
|
|-heal|p2a: Sinistcha|89/100 brn|[from] item: Leftovers
|-damage|p2a: Sinistcha|87/100 brn|[from] brn
|upkeep
|turn|17
|
|t:|1757817425
|switch|p1a: Fezandipiti|Fezandipiti, M|46/100
|move|p2a: Sinistcha|Calm Mind|p2a: Sinistcha
|-boost|p2a: Sinistcha|spa|1
|-boost|p2a: Sinistcha|spd|1
|
|-heal|p1a: Fezandipiti|52/100|[from] item: Leftovers
|-heal|p2a: Sinistcha|93/100 brn|[from] item: Leftovers
|-damage|p2a: Sinistcha|90/100 brn|[from] brn
|upkeep
|turn|18
|
|t:|1757817430
|switch|p2a: Scizor|Scizor, F|38/100
|move|p1a: Fezandipiti|Roost|p1a: Fezandipiti
|-heal|p1a: Fezandipiti|100/100
|-singleturn|p1a: Fezandipiti|move: Roost
|
|upkeep
|turn|19
|
|t:|1757817433
|switch|p1a: Slowbro|Slowbro, M|96/100
|move|p2a: Scizor|U-turn|p1a: Slowbro
|-supereffective|p1a: Slowbro
|-damage|p1a: Slowbro|44/100
|
|t:|1757817435
|switch|p2a: Kyurem|Kyurem, tera:Ice|44/100|[from] U-turn
|-ability|p2a: Kyurem|Pressure
|
|upkeep
|turn|20
|
|t:|1757817440
|switch|p1a: Reuniclus|Reuniclus, F|100/100
|move|p2a: Kyurem|Ice Beam|p1a: Reuniclus
|-damage|p1a: Reuniclus|53/100
|
|upkeep
|turn|21
|
|t:|1757817446
|move|p2a: Kyurem|Ice Beam|p1a: Reuniclus
|-damage|p1a: Reuniclus|2/100
|move|p1a: Reuniclus|Knock Off|p2a: Kyurem
|-damage|p2a: Kyurem|31/100
|-enditem|p2a: Kyurem|Choice Specs|[from] move: Knock Off|[of] p1a: Reuniclus
|
|upkeep
|turn|22
|
|t:|1757817455
|switch|p1a: Fezandipiti|Fezandipiti, M|100/100
|move|p2a: Kyurem|Earth Power|p1a: Fezandipiti
|-supereffective|p1a: Fezandipiti
|-damage|p1a: Fezandipiti|57/100
|
|-heal|p1a: Fezandipiti|63/100|[from] item: Leftovers
|upkeep
|turn|23
|
|t:|1757817461
|switch|p2a: Scizor|Scizor, F|38/100
|move|p1a: Fezandipiti|Moonblast|p2a: Scizor
|-resisted|p2a: Scizor
|-damage|p2a: Scizor|23/100
|
|-heal|p1a: Fezandipiti|69/100|[from] item: Leftovers
|upkeep
|turn|24
|
|t:|1757817464
|switch|p1a: Slowbro|Slowbro, M|78/100
|move|p2a: Scizor|Bullet Punch|p1a: Slowbro
|-resisted|p1a: Slowbro
|-damage|p1a: Slowbro|67/100
|
|upkeep
|turn|25
|
|t:|1757817468
|move|p2a: Scizor|U-turn|p1a: Slowbro
|-supereffective|p1a: Slowbro
|-damage|p1a: Slowbro|21/100
|
|t:|1757817472
|switch|p2a: Sinistcha|Sinistcha-Masterpiece|90/100 brn|[from] U-turn
|move|p1a: Slowbro|Slack Off|p1a: Slowbro
|-heal|p1a: Slowbro|71/100
|
|-heal|p2a: Sinistcha|96/100 brn|[from] item: Leftovers
|-damage|p2a: Sinistcha|93/100 brn|[from] brn
|upkeep
|turn|26
|
|t:|1757817489
|switch|p1a: Fezandipiti|Fezandipiti, M|69/100
|move|p2a: Sinistcha|Shadow Ball|p1a: Fezandipiti
|-damage|p1a: Fezandipiti|47/100
|
|-heal|p1a: Fezandipiti|53/100|[from] item: Leftovers
|-heal|p2a: Sinistcha|99/100 brn|[from] item: Leftovers
|-damage|p2a: Sinistcha|96/100 brn|[from] brn
|upkeep
|turn|27
|
|t:|1757817494
|switch|p2a: Alomomola|Alomomola, F|100/100 brn
|move|p1a: Fezandipiti|Moonblast|p2a: Alomomola
|-damage|p2a: Alomomola|89/100 brn
|
|-heal|p1a: Fezandipiti|59/100|[from] item: Leftovers
|-damage|p2a: Alomomola|82/100 brn|[from] brn
|upkeep
|turn|28
|
|t:|1757817496
|move|p1a: Fezandipiti|Roost|p1a: Fezandipiti
|-heal|p1a: Fezandipiti|100/100
|-singleturn|p1a: Fezandipiti|move: Roost
|move|p2a: Alomomola|Flip Turn|p1a: Fezandipiti
|-damage|p1a: Fezandipiti|93/100
|
|t:|1757817498
|switch|p2a: Scizor|Scizor, F|23/100|[from] Flip Turn
|
|-heal|p1a: Fezandipiti|99/100|[from] item: Leftovers
|upkeep
|turn|29
|
|t:|1757817500
|switch|p1a: Slowbro|Slowbro, M|100/100
|move|p2a: Scizor|Bullet Punch|p1a: Slowbro
|-resisted|p1a: Slowbro
|-damage|p1a: Slowbro|90/100
|
|upkeep
|turn|30
|
|t:|1757817503
|move|p2a: Scizor|U-turn|p1a: Slowbro
|-supereffective|p1a: Slowbro
|-damage|p1a: Slowbro|43/100
|
|t:|1757817506
|switch|p2a: Sinistcha|Sinistcha-Masterpiece|96/100 brn|[from] U-turn
|move|p1a: Slowbro|Scald|p2a: Sinistcha
|-resisted|p2a: Sinistcha
|-damage|p2a: Sinistcha|79/100 brn
|
|-heal|p2a: Sinistcha|85/100 brn|[from] item: Leftovers
|-damage|p2a: Sinistcha|82/100 brn|[from] brn
|upkeep
|turn|31
|
|t:|1757817512
|switch|p2a: Alomomola|Alomomola, F|100/100 brn
|switch|p1a: Fezandipiti|Fezandipiti, M|99/100
|
|-heal|p1a: Fezandipiti|100/100|[from] item: Leftovers
|-damage|p2a: Alomomola|94/100 brn|[from] brn
|upkeep
|turn|32
|
|t:|1757817519
|move|p1a: Fezandipiti|Calm Mind|p1a: Fezandipiti
|-boost|p1a: Fezandipiti|spa|1
|-boost|p1a: Fezandipiti|spd|1
|move|p2a: Alomomola|Flip Turn|p1a: Fezandipiti
|-damage|p1a: Fezandipiti|92/100
|
|t:|1757817523
|switch|p2a: Scizor|Scizor, F|23/100|[from] Flip Turn
|
|-heal|p1a: Fezandipiti|98/100|[from] item: Leftovers
|upkeep
|turn|33
|
|t:|1757817528
|switch|p1a: Hippowdon|Hippowdon, F|100/100
|-weather|Sandstorm|[from] ability: Sand Stream|[of] p1a: Hippowdon
|move|p2a: Scizor|Bullet Punch|p1a: Hippowdon
|-damage|p1a: Hippowdon|77/100
|
|-weather|Sandstorm|[upkeep]
|-heal|p1a: Hippowdon|83/100|[from] item: Leftovers
|upkeep
|turn|34
|
|t:|1757817532
|move|p2a: Scizor|U-turn|p1a: Hippowdon
|-crit|p1a: Hippowdon
|-damage|p1a: Hippowdon|42/100
|
|t:|1757817535
|switch|p2a: Sinistcha|Sinistcha-Masterpiece|82/100 brn|[from] U-turn
|move|p1a: Hippowdon|Earthquake|p2a: Sinistcha
|-resisted|p2a: Sinistcha
|-damage|p2a: Sinistcha|70/100 brn
|
|-weather|Sandstorm|[upkeep]
|-damage|p2a: Sinistcha|64/100 brn|[from] Sandstorm
|-heal|p2a: Sinistcha|70/100 brn|[from] item: Leftovers
|-heal|p1a: Hippowdon|48/100|[from] item: Leftovers
|-damage|p2a: Sinistcha|67/100 brn|[from] brn
|upkeep
|turn|35
|inactive|larp legion has 120 seconds left.
|
|t:|1757817572
|switch|p1a: Bisharp|Bisharp, M|100/100
|move|p2a: Sinistcha|Matcha Gotcha|p1a: Bisharp
|-resisted|p1a: Bisharp
|-damage|p1a: Bisharp|85/100
|-heal|p2a: Sinistcha|75/100 brn|[from] drain|[of] p1a: Bisharp
|
|-weather|Sandstorm|[upkeep]
|-damage|p2a: Sinistcha|69/100 brn|[from] Sandstorm
|-heal|p2a: Sinistcha|75/100 brn|[from] item: Leftovers
|-damage|p2a: Sinistcha|72/100 brn|[from] brn
|upkeep
|turn|36
|
|t:|1757817576
|switch|p2a: Zamazenta|Zamazenta|100/100
|-ability|p2a: Zamazenta|Dauntless Shield|boost
|-boost|p2a: Zamazenta|def|1
|move|p1a: Bisharp|Stealth Rock|p2a: Zamazenta
|-sidestart|p2: peewee mcgee xxx|move: Stealth Rock
|
|-weather|Sandstorm|[upkeep]
|-damage|p2a: Zamazenta|94/100|[from] Sandstorm
|-heal|p2a: Zamazenta|100/100|[from] item: Leftovers
|upkeep
|turn|37
|
|t:|1757817584
|switch|p2a: Cinderace|Cinderace, F|100/100
|switch|p1a: Slowbro|Slowbro, M|76/100
|
|-weather|none
|upkeep
|turn|38
|
|t:|1757817587
|move|p2a: Cinderace|Court Change|p2a: Cinderace
|-start|p2a: Cinderace|typechange|Normal|[from] ability: Libero
|-swapsideconditions
|-activate|p2a: Cinderace|move: Court Change
|move|p1a: Slowbro|Scald|p2a: Cinderace
|-damage|p2a: Cinderace|62/100
|
|upkeep
|turn|39
|
|t:|1757817592
|move|p2a: Cinderace|U-turn|p1a: Slowbro
|-supereffective|p1a: Slowbro
|-damage|p1a: Slowbro|50/100
|
|t:|1757817596
|switch|p2a: Sinistcha|Sinistcha-Masterpiece|72/100 brn|[from] U-turn
|move|p1a: Slowbro|Scald|p2a: Sinistcha
|-resisted|p2a: Sinistcha
|-damage|p2a: Sinistcha|54/100 brn
|
|-heal|p2a: Sinistcha|60/100 brn|[from] item: Leftovers
|-damage|p2a: Sinistcha|58/100 brn|[from] brn
|upkeep
|turn|40
|
|t:|1757817601
|switch|p2a: Scizor|Scizor, F|23/100
|switch|p1a: Bisharp|Bisharp, M|85/100
|-damage|p1a: Bisharp|79/100|[from] Stealth Rock
|
|upkeep
|turn|41
|
|t:|1757817607
|move|p1a: Bisharp|Foul Play|p2a: Scizor
|-damage|p2a: Scizor|0 fnt
|faint|p2a: Scizor
|
|upkeep
|
|t:|1757817612
|switch|p2a: Cinderace|Cinderace, F|62/100
|turn|42
|
|t:|1757817619
|switch|p1a: Slowbro|Slowbro, M|83/100
|-damage|p1a: Slowbro|71/100|[from] Stealth Rock
|move|p2a: Cinderace|Pyro Ball|p1a: Slowbro
|-resisted|p1a: Slowbro
|-damage|p1a: Slowbro|53/100
|
|upkeep
|turn|43
|
|t:|1757817623
|move|p2a: Cinderace|U-turn|p1a: Slowbro
|-start|p2a: Cinderace|typechange|Bug|[from] ability: Libero
|-supereffective|p1a: Slowbro
|-damage|p1a: Slowbro|12/100
|
|t:|1757817629
|switch|p2a: Kyurem|Kyurem, tera:Ice|31/100|[from] U-turn
|-ability|p2a: Kyurem|Pressure
|move|p1a: Slowbro|Slack Off|p1a: Slowbro
|-heal|p1a: Slowbro|62/100
|
|upkeep
|turn|44
|
|t:|1757817637
|switch|p1a: Fezandipiti|Fezandipiti, M|98/100
|-damage|p1a: Fezandipiti|85/100|[from] Stealth Rock
|move|p2a: Kyurem|Ice Beam|p1a: Fezandipiti
|-damage|p1a: Fezandipiti|41/100
|
|-heal|p1a: Fezandipiti|47/100|[from] item: Leftovers
|upkeep
|turn|45
|
|t:|1757817645
|move|p1a: Fezandipiti|Roost|p1a: Fezandipiti
|-heal|p1a: Fezandipiti|97/100
|-singleturn|p1a: Fezandipiti|move: Roost
|move|p2a: Kyurem|Ice Beam|p1a: Fezandipiti
|-damage|p1a: Fezandipiti|53/100
|
|-heal|p1a: Fezandipiti|59/100|[from] item: Leftovers
|upkeep
|turn|46
|
|t:|1757817651
|move|p1a: Fezandipiti|Moonblast|p2a: Kyurem
|-damage|p2a: Kyurem|8/100
|move|p2a: Kyurem|Ice Beam|p1a: Fezandipiti
|-damage|p1a: Fezandipiti|8/100
|-status|p1a: Fezandipiti|frz
|
|-heal|p1a: Fezandipiti|14/100 frz|[from] item: Leftovers
|upkeep
|turn|47
|
|t:|1757817656
|cant|p1a: Fezandipiti|frz
|move|p2a: Kyurem|Ice Beam|p1a: Fezandipiti
|-damage|p1a: Fezandipiti|0 fnt
|faint|p1a: Fezandipiti
|
|upkeep
|
|t:|1757817673
|switch|p1a: Bisharp|Bisharp, M|79/100
|-damage|p1a: Bisharp|73/100|[from] Stealth Rock
|turn|48
|
|t:|1757817681
|move|p2a: Kyurem|Earth Power|p1a: Bisharp
|-supereffective|p1a: Bisharp
|-damage|p1a: Bisharp|15/100
|-unboost|p1a: Bisharp|spd|1
|-ability|p1a: Bisharp|Defiant|boost
|-boost|p1a: Bisharp|atk|2
|move|p1a: Bisharp|Foul Play|p2a: Kyurem
|-damage|p2a: Kyurem|0 fnt
|faint|p2a: Kyurem
|
|upkeep
|
|t:|1757817689
|switch|p2a: Zamazenta|Zamazenta|100/100
|turn|49
|
|t:|1757817691
|switch|p1a: Slowbro|Slowbro, M|95/100
|-damage|p1a: Slowbro|83/100|[from] Stealth Rock
|move|p2a: Zamazenta|Substitute|p2a: Zamazenta
|-start|p2a: Zamazenta|Substitute
|-damage|p2a: Zamazenta|76/100
|
|-heal|p2a: Zamazenta|82/100|[from] item: Leftovers
|upkeep
|turn|50
|
|t:|1757817694
|move|p2a: Zamazenta|Iron Defense|p2a: Zamazenta
|-boost|p2a: Zamazenta|def|2
|move|p1a: Slowbro|Body Press|p2a: Zamazenta
|-activate|p2a: Zamazenta|move: Substitute|[damage]
|
|-heal|p2a: Zamazenta|88/100|[from] item: Leftovers
|upkeep
|turn|51
|
|t:|1757817700
|move|p2a: Zamazenta|Crunch|p1a: Slowbro
|-supereffective|p1a: Slowbro
|-damage|p1a: Slowbro|59/100
|move|p1a: Slowbro|Scald|p2a: Zamazenta
|-end|p2a: Zamazenta|Substitute
|
|-heal|p2a: Zamazenta|94/100|[from] item: Leftovers
|upkeep
|turn|52
|
|t:|1757817706
|move|p2a: Zamazenta|Substitute|p2a: Zamazenta
|-start|p2a: Zamazenta|Substitute
|-damage|p2a: Zamazenta|69/100
|move|p1a: Slowbro|Scald|p2a: Zamazenta
|-activate|p2a: Zamazenta|move: Substitute|[damage]
|
|-heal|p2a: Zamazenta|76/100|[from] item: Leftovers
|upkeep
|turn|53
|
|t:|1757817709
|move|p2a: Zamazenta|Crunch|p1a: Slowbro
|-supereffective|p1a: Slowbro
|-damage|p1a: Slowbro|35/100
|move|p1a: Slowbro|Iron Defense|p1a: Slowbro
|-boost|p1a: Slowbro|def|2
|
|-heal|p2a: Zamazenta|82/100|[from] item: Leftovers
|upkeep
|turn|54
|
|t:|1757817718
|move|p2a: Zamazenta|Crunch|p1a: Slowbro
|-supereffective|p1a: Slowbro
|-damage|p1a: Slowbro|22/100
|move|p1a: Slowbro|Slack Off|p1a: Slowbro
|-heal|p1a: Slowbro|72/100
|
|-heal|p2a: Zamazenta|88/100|[from] item: Leftovers
|upkeep
|turn|55
|
|t:|1757817726
|move|p2a: Zamazenta|Crunch|p1a: Slowbro
|-supereffective|p1a: Slowbro
|-damage|p1a: Slowbro|59/100
|move|p1a: Slowbro|Scald|p2a: Zamazenta
|-end|p2a: Zamazenta|Substitute
|
|-heal|p2a: Zamazenta|94/100|[from] item: Leftovers
|upkeep
|turn|56
|
|t:|1757817729
|switch|p2a: Sinistcha|Sinistcha-Masterpiece|58/100 brn
|move|p1a: Slowbro|Scald|p2a: Sinistcha
|-resisted|p2a: Sinistcha
|-crit|p2a: Sinistcha
|-damage|p2a: Sinistcha|32/100 brn
|
|-heal|p2a: Sinistcha|38/100 brn|[from] item: Leftovers
|-damage|p2a: Sinistcha|35/100 brn|[from] brn
|upkeep
|turn|57
|
|t:|1757817735
|switch|p1a: Bisharp|Bisharp, M|15/100
|-damage|p1a: Bisharp|9/100|[from] Stealth Rock
|move|p2a: Sinistcha|Strength Sap|p1a: Bisharp
|-unboost|p1a: Bisharp|atk|1
|-ability|p1a: Bisharp|Defiant|boost
|-boost|p1a: Bisharp|atk|2
|-heal|p2a: Sinistcha|100/100 brn
|
|-damage|p2a: Sinistcha|98/100 brn|[from] brn
|upkeep
|turn|58
|
|t:|1757817738
|switch|p2a: Zamazenta|Zamazenta|94/100
|move|p1a: Bisharp|Stealth Rock|p2a: Zamazenta
|-sidestart|p2: peewee mcgee xxx|move: Stealth Rock
|
|-heal|p2a: Zamazenta|100/100|[from] item: Leftovers
|upkeep
|turn|59
|
|t:|1757817742
|switch|p1a: Slowbro|Slowbro, M|93/100
|-damage|p1a: Slowbro|80/100|[from] Stealth Rock
|move|p2a: Zamazenta|Crunch|p1a: Slowbro
|-supereffective|p1a: Slowbro
|-damage|p1a: Slowbro|56/100
|
|upkeep
|turn|60
|
|t:|1757817756
|switch|p2a: Sinistcha|Sinistcha-Masterpiece|98/100 brn
|-damage|p2a: Sinistcha|85/100 brn|[from] Stealth Rock
|switch|p1a: Reuniclus|Reuniclus, F|36/100
|-damage|p1a: Reuniclus|23/100|[from] Stealth Rock
|
|-heal|p2a: Sinistcha|91/100 brn|[from] item: Leftovers
|-damage|p2a: Sinistcha|88/100 brn|[from] brn
|upkeep
|turn|61
|j| LuLuNaNaRaRa
|
|t:|1757817779
|-terastallize|p1a: Reuniclus|Water
|move|p2a: Sinistcha|Shadow Ball|p1a: Reuniclus
|-damage|p1a: Reuniclus|6/100
|move|p1a: Reuniclus|Knock Off|p2a: Sinistcha
|-supereffective|p2a: Sinistcha
|-damage|p2a: Sinistcha|70/100 brn
|-enditem|p2a: Sinistcha|Leftovers|[from] move: Knock Off|[of] p1a: Reuniclus
|
|-damage|p2a: Sinistcha|67/100 brn|[from] brn
|upkeep
|turn|62
|
|t:|1757817785
|switch|p1a: Bisharp|Bisharp, M|9/100
|-damage|p1a: Bisharp|3/100|[from] Stealth Rock
|move|p2a: Sinistcha|Matcha Gotcha|p1a: Bisharp
|-resisted|p1a: Bisharp
|-damage|p1a: Bisharp|0 fnt
|-heal|p2a: Sinistcha|68/100 brn|[from] drain|[of] p1a: Bisharp
|faint|p1a: Bisharp
|
|-damage|p2a: Sinistcha|65/100 brn|[from] brn
|upkeep
|
|t:|1757817789
|switch|p1a: Entei|Entei|26/100
|-damage|p1a: Entei|1/100|[from] Stealth Rock
|turn|63
|
|t:|1757817793
|move|p1a: Entei|Swagger|p2a: Sinistcha
|-boost|p2a: Sinistcha|atk|2
|-start|p2a: Sinistcha|confusion
|-enditem|p1a: Entei|Mirror Herb
|-boost|p1a: Entei|atk|2|[from] item: Mirror Herb
|-activate|p2a: Sinistcha|confusion
|move|p2a: Sinistcha|Strength Sap|p1a: Entei
|-unboost|p1a: Entei|atk|1
|-heal|p2a: Sinistcha|100/100 brn
|
|-damage|p2a: Sinistcha|98/100 brn|[from] brn
|upkeep
|turn|64
|
|t:|1757817803
|move|p1a: Entei|Sacred Fire|p2a: Sinistcha
|-supereffective|p2a: Sinistcha
|-damage|p2a: Sinistcha|44/100 brn
|-activate|p2a: Sinistcha|confusion
|move|p2a: Sinistcha|Strength Sap|p1a: Entei
|-unboost|p1a: Entei|atk|1
|-heal|p2a: Sinistcha|100/100 brn
|
|-damage|p2a: Sinistcha|98/100 brn|[from] brn
|upkeep
|turn|65
|
|t:|1757817809
|move|p1a: Entei|Sacred Fire|p2a: Sinistcha
|-supereffective|p2a: Sinistcha
|-damage|p2a: Sinistcha|65/100 brn
|-activate|p2a: Sinistcha|confusion
|move|p2a: Sinistcha|Strength Sap|p1a: Entei
|-unboost|p1a: Entei|atk|1
|-heal|p2a: Sinistcha|100/100 brn
|
|-damage|p2a: Sinistcha|98/100 brn|[from] brn
|upkeep
|turn|66
|
|t:|1757817812
|move|p1a: Entei|Sacred Fire|p2a: Sinistcha
|-supereffective|p2a: Sinistcha
|-damage|p2a: Sinistcha|74/100 brn
|-end|p2a: Sinistcha|confusion
|move|p2a: Sinistcha|Strength Sap|p1a: Entei
|-unboost|p1a: Entei|atk|1
|-heal|p2a: Sinistcha|100/100 brn
|
|-damage|p2a: Sinistcha|98/100 brn|[from] brn
|upkeep
|turn|67
|-message|larp legion forfeited.
|
|win|peewee mcgee xxx
|raw|larp legion's rating: 1662 &rarr; <strong>1645</strong><br />(-17 for losing)
|raw|peewee mcgee xxx's rating: 1719 &rarr; <strong>1736</strong><br />(+17 for winning)
|l|☆larp legion
|player|p1|
|l|☆peewee mcgee xxx
|player|p2|
|l| LuLuNaNaRaRa
