|j|☆middleagepokefan
|j|☆ggzbroski
|t:|1757843722
|gametype|singles
|player|p1|middleagepokefan|266|1191
|player|p2|ggzbroski|1|1230
|gen|9
|tier|[Gen 9] OU
|rated|
|rule|HP Percentage Mod: HP is shown in percentages
|rule|Endless Battle Clause: Forcing endless battles is banned
|rule|Species Clause: Limit one of each Pokémon
|rule|OHKO Clause: OHKO moves are banned
|rule|Evasion Items Clause: Evasion items are banned
|rule|Evasion Moves Clause: Evasion moves are banned
|rule|Evasion Abilities Clause: Evasion abilities are banned
|rule|Sleep Moves Clause: Sleep-inducing moves are banned
|clearpoke
|poke|p1|Tinkaton, F|
|poke|p1|Zapdos|
|poke|p1|Exeggutor-Alola, F|
|poke|p1|Muk-Alola, F|
|poke|p1|Mamoswine, M|
|poke|p1|Blaziken, F|
|poke|p2|Darkrai|
|poke|p2|Cinderace, M|
|poke|p2|Great Tusk|
|poke|p2|Meowscarada, M|
|poke|p2|Dragapult, F|
|poke|p2|Ninetales-Alola, F|
|teampreview
|
|t:|1757843732
|teamsize|p1|6
|teamsize|p2|6
|start
|switch|p1a: Shlup|Muk-Alola, F|100/100
|switch|p2a: Ninetales|Ninetales-Alola, F|100/100
|-weather|Snowscape|[from] ability: Snow Warning|[of] p2a: Ninetales
|turn|1
|inactive|Battle timer is ON: inactive players will automatically lose when time's up. (requested by middleagepokefan)
|
|t:|1757843744
|move|p2a: Ninetales|Aurora Veil|p2a: Ninetales
|-sidestart|p2: ggzbroski|move: Aurora Veil
|move|p1a: Shlup|Curse|p1a: Shlup
|-unboost|p1a: Shlup|spe|1
|-boost|p1a: Shlup|atk|1
|-boost|p1a: Shlup|def|1
|
|-weather|Snowscape|[upkeep]
|upkeep
|turn|2
|
|t:|1757843748
|-terastallize|p2a: Ninetales|Ice
|move|p2a: Ninetales|Freeze-Dry|p1a: Shlup
|-damage|p1a: Shlup|73/100
|move|p1a: Shlup|Poison Jab|p2a: Ninetales
|-damage|p2a: Ninetales|73/100
|
|-weather|Snowscape|[upkeep]
|-heal|p1a: Shlup|79/100|[from] item: Leftovers
|upkeep
|turn|3
|
|t:|1757843756
|move|p2a: Ninetales|Freeze-Dry|p1a: Shlup
|-damage|p1a: Shlup|52/100
|move|p1a: Shlup|Knock Off|p2a: Ninetales
|-damage|p2a: Ninetales|40/100
|-enditem|p2a: Ninetales|Light Clay|[from] move: Knock Off|[of] p1a: Shlup
|
|-weather|Snowscape|[upkeep]
|-heal|p1a: Shlup|58/100|[from] item: Leftovers
|upkeep
|turn|4
|
|t:|1757843764
|move|p2a: Ninetales|Freeze-Dry|p1a: Shlup
|-damage|p1a: Shlup|30/100
|-status|p1a: Shlup|frz
|cant|p1a: Shlup|frz
|
|-weather|Snowscape|[upkeep]
|-heal|p1a: Shlup|36/100 frz|[from] item: Leftovers
|upkeep
|turn|5
|
|t:|1757843768
|switch|p2a: Dragapult|Dragapult, F|100/100
|cant|p1a: Shlup|frz
|
|-weather|none
|-heal|p1a: Shlup|42/100 frz|[from] item: Leftovers
|upkeep
|turn|6
|
|t:|1757843770
|cant|p1a: Shlup|frz
|move|p2a: Dragapult|Dragon Darts|p1a: Shlup
|-damage|p1a: Shlup|21/100 frz
|-anim|p2a: Dragapult|Dragon Darts|p1a: Shlup
|-damage|p1a: Shlup|0 fnt
|faint|p1a: Shlup
|-damage|p2a: Dragapult|91/100|[from] item: Life Orb
|
|upkeep
|
|t:|1757843773
|switch|p1a: Mamoswine|Mamoswine, M|100/100
|turn|7
|
|t:|1757843777
|move|p2a: Dragapult|Flamethrower|p1a: Mamoswine
|-supereffective|p1a: Mamoswine
|-damage|p1a: Mamoswine|59/100
|-damage|p2a: Dragapult|81/100|[from] item: Life Orb
|move|p1a: Mamoswine|Icicle Crash|p2a: Dragapult
|-supereffective|p2a: Dragapult
|-damage|p2a: Dragapult|14/100
|-start|p1a: Mamoswine|Disable|Icicle Crash|[from] ability: Cursed Body|[of] p2a: Dragapult
|
|upkeep
|turn|8
|
|t:|1757843784
|move|p1a: Mamoswine|Ice Shard|p2a: Dragapult
|-supereffective|p2a: Dragapult
|-damage|p2a: Dragapult|0 fnt
|faint|p2a: Dragapult
|
|-sideend|p2: ggzbroski|move: Aurora Veil
|upkeep
|
|t:|1757843793
|switch|p2a: Ninetales|Ninetales-Alola, F, tera:Ice|40/100
|-weather|Snowscape|[from] ability: Snow Warning|[of] p2a: Ninetales
|turn|9
|
|t:|1757843796
|move|p2a: Ninetales|Aurora Veil|p2a: Ninetales
|-sidestart|p2: ggzbroski|move: Aurora Veil
|move|p1a: Mamoswine|Earthquake|p2a: Ninetales
|-damage|p2a: Ninetales|10/100
|
|-weather|Snowscape|[upkeep]
|upkeep
|turn|10
|
|t:|1757843807
|move|p2a: Ninetales|Freeze-Dry|p1a: Mamoswine
|-damage|p1a: Mamoswine|34/100
|move|p1a: Mamoswine|Knock Off|p2a: Ninetales
|-damage|p2a: Ninetales|0 fnt
|faint|p2a: Ninetales
|
|-weather|Snowscape|[upkeep]
|-end|p1a: Mamoswine|Disable
|upkeep
|
|t:|1757843811
|switch|p2a: Meowscarada|Meowscarada, M|100/100
|turn|11
|
|t:|1757843814
|switch|p1a: AA-j|Zapdos|100/100
|move|p2a: Meowscarada|Acrobatics|p1a: AA-j
|-start|p2a: Meowscarada|typechange|Flying|[from] ability: Protean
|-resisted|p1a: AA-j
|-damage|p1a: AA-j|81/100
|
|-weather|Snowscape|[upkeep]
|upkeep
|turn|12
|
|t:|1757843822
|move|p2a: Meowscarada|Triple Axel|p1a: AA-j
|-supereffective|p1a: AA-j
|-damage|p1a: AA-j|71/100
|-hitcount|p1a: AA-j|1
|move|p1a: AA-j|Thunder Wave|p2a: Meowscarada|[miss]
|-miss|p1a: AA-j|p2a: Meowscarada
|
|-weather|Snowscape|[upkeep]
|upkeep
|turn|13
|
|t:|1757843832
|switch|p2a: Great Tusk|Great Tusk|100/100
|move|p1a: AA-j|Volt Switch|p2a: Great Tusk
|-immune|p2a: Great Tusk
|
|-weather|none
|-sideend|p2: ggzbroski|move: Aurora Veil
|upkeep
|turn|14
|
|t:|1757843842
|move|p1a: AA-j|Hurricane|p2a: Great Tusk|[miss]
|-miss|p1a: AA-j|p2a: Great Tusk
|move|p2a: Great Tusk|Ice Spinner|p1a: AA-j
|-supereffective|p1a: AA-j
|-damage|p1a: AA-j|31/100
|-status|p2a: Great Tusk|par|[from] ability: Static|[of] p1a: AA-j
|
|upkeep
|turn|15
|
|t:|1757843846
|move|p1a: AA-j|Hurricane|p2a: Great Tusk|[miss]
|-miss|p1a: AA-j|p2a: Great Tusk
|move|p2a: Great Tusk|Ice Spinner|p1a: AA-j
|-supereffective|p1a: AA-j
|-damage|p1a: AA-j|0 fnt
|faint|p1a: AA-j
|
|upkeep
|
|t:|1757843855
|switch|p1a: Mamoswine|Mamoswine, M|34/100
|turn|16
|
|t:|1757843868
|move|p1a: Mamoswine|Icicle Crash|p2a: Great Tusk
|-supereffective|p2a: Great Tusk
|-damage|p2a: Great Tusk|40/100 par
|cant|p2a: Great Tusk|par
|
|-heal|p2a: Great Tusk|46/100 par|[from] item: Leftovers
|upkeep
|turn|17
|
|t:|1757843875
|move|p1a: Mamoswine|Icicle Crash|p2a: Great Tusk
|-supereffective|p2a: Great Tusk
|-damage|p2a: Great Tusk|0 fnt
|faint|p2a: Great Tusk
|-end|p2a: Great Tusk|Protosynthesis|[silent]
|
|upkeep
|
|t:|1757843881
|switch|p2a: Meowscarada|Meowscarada, M|100/100
|turn|18
|
|t:|1757843887
|switch|p2a: Darkrai|Darkrai|100/100
|move|p1a: Mamoswine|Ice Shard|p2a: Darkrai
|-damage|p2a: Darkrai|70/100
|
|upkeep
|turn|19
|
|t:|1757843892
|switch|p1a: MC|Tinkaton, F, shiny|100/100
|-ability|p1a: MC|Mold Breaker
|move|p2a: Darkrai|Dark Pulse|p1a: MC
|-resisted|p1a: MC
|-damage|p1a: MC|82/100
|-damage|p2a: Darkrai|60/100|[from] item: Life Orb
|
|-heal|p1a: MC|88/100|[from] item: Leftovers
|upkeep
|turn|20
|
|t:|1757843896
|move|p2a: Darkrai|Dark Pulse|p1a: MC
|-resisted|p1a: MC
|-damage|p1a: MC|68/100
|-damage|p2a: Darkrai|50/100|[from] item: Life Orb
|cant|p1a: MC|flinch
|
|-heal|p1a: MC|74/100|[from] item: Leftovers
|upkeep
|turn|21
|
|t:|1757843903
|move|p2a: Darkrai|Dark Pulse|p1a: MC
|-resisted|p1a: MC
|-damage|p1a: MC|54/100
|-damage|p2a: Darkrai|40/100|[from] item: Life Orb
|move|p1a: MC|Play Rough|p2a: Darkrai
|-supereffective|p2a: Darkrai
|-crit|p2a: Darkrai
|-damage|p2a: Darkrai|0 fnt
|faint|p2a: Darkrai
|
|-heal|p1a: MC|60/100|[from] item: Leftovers
|upkeep
|
|t:|1757843906
|switch|p2a: Meowscarada|Meowscarada, M|100/100
|turn|22
|
|t:|1757843914
|switch|p2a: Cinderace|Cinderace, M|100/100
|move|p1a: MC|Gigaton Hammer|p2a: Cinderace
|-resisted|p2a: Cinderace
|-damage|p2a: Cinderace|71/100
|
|-heal|p1a: MC|66/100|[from] item: Leftovers
|upkeep
|turn|23
|
|t:|1757843924
|move|p2a: Cinderace|Pyro Ball|p1a: MC
|-supereffective|p1a: MC
|-damage|p1a: MC|0 fnt
|faint|p1a: MC
|-damage|p2a: Cinderace|61/100|[from] item: Life Orb
|
|upkeep
|
|t:|1757843927
|switch|p1a: SpicyKFC|Blaziken, F|100/100
|turn|24
|
|t:|1757843935
|move|p1a: SpicyKFC|Protect|p1a: SpicyKFC
|-singleturn|p1a: SpicyKFC|Protect
|move|p2a: Cinderace|Pyro Ball|p1a: SpicyKFC
|-activate|p1a: SpicyKFC|move: Protect
|
|-ability|p1a: SpicyKFC|Speed Boost|boost
|-boost|p1a: SpicyKFC|spe|1
|upkeep
|turn|25
|
|t:|1757843940
|move|p1a: SpicyKFC|Focus Energy|p1a: SpicyKFC
|-start|p1a: SpicyKFC|move: Focus Energy
|move|p2a: Cinderace|Pyro Ball|p1a: SpicyKFC
|-resisted|p1a: SpicyKFC
|-damage|p1a: SpicyKFC|45/100
|-damage|p2a: Cinderace|51/100|[from] item: Life Orb
|
|-ability|p1a: SpicyKFC|Speed Boost|boost
|-boost|p1a: SpicyKFC|spe|1
|upkeep
|turn|26
|
|t:|1757843945
|move|p2a: Cinderace|Sucker Punch|p1a: SpicyKFC
|-start|p2a: Cinderace|typechange|Dark|[from] ability: Libero
|-resisted|p1a: SpicyKFC
|-damage|p1a: SpicyKFC|10/100
|-damage|p2a: Cinderace|41/100|[from] item: Life Orb
|move|p1a: SpicyKFC|Close Combat|p2a: Cinderace
|-supereffective|p2a: Cinderace
|-crit|p2a: Cinderace
|-damage|p2a: Cinderace|0 fnt
|-unboost|p1a: SpicyKFC|def|1
|-unboost|p1a: SpicyKFC|spd|1
|faint|p2a: Cinderace
|
|-ability|p1a: SpicyKFC|Speed Boost|boost
|-boost|p1a: SpicyKFC|spe|1
|upkeep
|
|t:|1757843947
|switch|p2a: Meowscarada|Meowscarada, M|100/100
|turn|27
|
|t:|1757843951
|move|p1a: SpicyKFC|Protect|p1a: SpicyKFC
|-singleturn|p1a: SpicyKFC|Protect
|move|p2a: Meowscarada|Sucker Punch||[still]
|-fail|p2a: Meowscarada
|
|-ability|p1a: SpicyKFC|Speed Boost|boost
|-boost|p1a: SpicyKFC|spe|1
|upkeep
|turn|28
|
|t:|1757843962
|move|p2a: Meowscarada|Sucker Punch|p1a: SpicyKFC
|-start|p2a: Meowscarada|typechange|Dark|[from] ability: Protean
|-resisted|p1a: SpicyKFC
|-damage|p1a: SpicyKFC|0 fnt
|faint|p1a: SpicyKFC
|
|upkeep
|
|t:|1757843973
|switch|p1a: Mamoswine|Mamoswine, M|34/100
|turn|29
|
|t:|1757843981
|move|p1a: Mamoswine|Ice Shard|p2a: Meowscarada
|-damage|p2a: Meowscarada|65/100
|move|p2a: Meowscarada|Flower Trick|p1a: Mamoswine
|-supereffective|p1a: Mamoswine
|-crit|p1a: Mamoswine
|-damage|p1a: Mamoswine|0 fnt
|faint|p1a: Mamoswine
|
|upkeep
|
|t:|1757843983
|switch|p1a: FacePlant|Exeggutor-Alola, F|100/100
|turn|30
|
|t:|1757843990
|-terastallize|p1a: FacePlant|Steel
|move|p2a: Meowscarada|Triple Axel|p1a: FacePlant
|-resisted|p1a: FacePlant
|-damage|p1a: FacePlant|97/100
|-resisted|p1a: FacePlant
|-damage|p1a: FacePlant|91/100
|-resisted|p1a: FacePlant
|-damage|p1a: FacePlant|81/100
|-hitcount|p1a: FacePlant|3
|move|p1a: FacePlant|Leaf Storm|p2a: Meowscarada
|-damage|p2a: Meowscarada|0 fnt
|-unboost|p1a: FacePlant|spa|2
|faint|p2a: Meowscarada
|
|win|middleagepokefan
|raw|middleagepokefan's rating: 1191 &rarr; <strong>1219</strong><br />(+28 for winning)
|raw|ggzbroski's rating: 1230 &rarr; <strong>1202</strong><br />(-28 for losing)
|l|☆middleagepokefan
|player|p1|
|l|☆ggzbroski
|player|p2|
