|j|☆dormeur69
|j|☆PickleTree3700
|t:|1757912629
|gametype|singles
|player|p1|dormeur69|170|1103
|player|p2|PickleTree3700|2|1071
|gen|9
|tier|[Gen 9] OU
|rated|
|rule|HP Percentage Mod: HP is shown in percentages
|rule|Endless Battle Clause: Forcing endless battles is banned
|rule|Species Clause: Limit one of each Pokémon
|rule|OHKO Clause: OHKO moves are banned
|rule|Evasion Items Clause: Evasion items are banned
|rule|Evasion Moves Clause: Evasion moves are banned
|rule|Evasion Abilities Clause: Evasion abilities are banned
|rule|Sleep Moves Clause: Sleep-inducing moves are banned
|clearpoke
|poke|p1|Gliscor, F|
|poke|p1|Dragonite, F|
|poke|p1|Samurott-Hisui, F|
|poke|p1|Iron Valiant|
|poke|p1|Gholdengo|
|poke|p1|Scizor, F|
|poke|p2|Samurott-Hisui, M|
|poke|p2|Vileplume, M|
|poke|p2|Latios, M|
|poke|p2|Chandelure, F|
|poke|p2|Ninetales-Alola, F|
|poke|p2|Magnezone|
|teampreview
|inactive|Battle timer is ON: inactive players will automatically lose when time's up. (requested by PickleTree3700)
|inactive|dormeur69 has 120 seconds left.
|
|t:|1757912693
|teamsize|p1|6
|teamsize|p2|6
|start
|switch|p1a: Scizor|Scizor, F|100/100
|switch|p2a: Samurott|Samurott-Hisui, M|100/100
|turn|1
|
|t:|1757912698
|move|p2a: Samurott|Ceaseless Edge|p1a: Scizor
|-crit|p1a: Scizor
|-damage|p1a: Scizor|37/100
|-sidestart|p1: dormeur69|Spikes
|move|p1a: Scizor|U-turn|p2a: Samurott
|-supereffective|p2a: Samurott
|-damage|p2a: Samurott|0 fnt
|faint|p2a: Samurott
|
|t:|1757912705
|switch|p1a: Gliscor|Gliscor, F|100/100|[from] U-turn
|
|-status|p1a: Gliscor|tox|[from] item: Toxic Orb
|upkeep
|
|t:|1757912712
|switch|p2a: Ninetales|Ninetales-Alola, F|100/100
|-weather|Snowscape|[from] ability: Snow Warning|[of] p2a: Ninetales
|turn|2
|
|t:|1757912722
|switch|p1a: Scizor|Scizor, F|37/100
|-damage|p1a: Scizor|24/100|[from] Spikes
|move|p2a: Ninetales|Nasty Plot|p2a: Ninetales
|-boost|p2a: Ninetales|spa|2
|
|-weather|Snowscape|[upkeep]
|upkeep
|turn|3
|
|t:|1757912733
|move|p1a: Scizor|Bullet Punch|p2a: Ninetales
|-supereffective|p2a: Ninetales
|-damage|p2a: Ninetales|0 fnt
|faint|p2a: Ninetales
|
|-weather|Snowscape|[upkeep]
|upkeep
|
|t:|1757912739
|switch|p2a: Chandelure|Chandelure, F|100/100
|turn|4
|
|t:|1757912743
|move|p2a: Chandelure|Fire Blast|p1a: Scizor
|-supereffective|p1a: Scizor
|-damage|p1a: Scizor|0 fnt
|faint|p1a: Scizor
|
|-weather|Snowscape|[upkeep]
|upkeep
|
|t:|1757912746
|switch|p1a: Samurott|Samurott-Hisui, F|100/100
|-damage|p1a: Samurott|88/100|[from] Spikes
|turn|5
|
|t:|1757912755
|switch|p2a: Vileplume|Vileplume, M|100/100
|move|p1a: Samurott|Ceaseless Edge|p2a: Vileplume
|-damage|p2a: Vileplume|49/100
|-status|p1a: Samurott|slp|[from] ability: Effect Spore|[of] p2a: Vileplume
|-sidestart|p2: PickleTree3700|Spikes
|
|-weather|Snowscape|[upkeep]
|upkeep
|turn|6
|
|t:|1757912776
|cant|p1a: Samurott|slp
|move|p2a: Vileplume|Giga Drain|p1a: Samurott
|-supereffective|p1a: Samurott
|-crit|p1a: Samurott
|-damage|p1a: Samurott|0 fnt
|-heal|p2a: Vileplume|89/100|[from] drain|[of] p1a: Samurott
|faint|p1a: Samurott
|
|-weather|none
|upkeep
|inactive|dormeur69 has 120 seconds left.
|
|t:|1757912800
|switch|p1a: Gliscor|Gliscor, F|100/100 tox
|turn|7
|
|t:|1757912805
|move|p1a: Gliscor|Stealth Rock|p2a: Vileplume
|-sidestart|p2: PickleTree3700|move: Stealth Rock
|move|p2a: Vileplume|Giga Drain|p1a: Gliscor
|-damage|p1a: Gliscor|70/100 tox
|-heal|p2a: Vileplume|100/100|[from] drain|[of] p1a: Gliscor
|
|-heal|p1a: Gliscor|82/100 tox|[from] ability: Poison Heal
|upkeep
|turn|8
|
|t:|1757912814
|switch|p2a: Magnezone|Magnezone|100/100
|-damage|p2a: Magnezone|94/100|[from] Stealth Rock
|-item|p2a: Magnezone|Air Balloon
|move|p1a: Gliscor|Knock Off|p2a: Magnezone
|-crit|p2a: Magnezone
|-damage|p2a: Magnezone|66/100
|-enditem|p2a: Magnezone|Air Balloon
|
|-heal|p1a: Gliscor|95/100 tox|[from] ability: Poison Heal
|upkeep
|turn|9
|
|t:|1757912829
|move|p1a: Gliscor|Earthquake|p2a: Magnezone
|-supereffective|p2a: Magnezone
|-damage|p2a: Magnezone|0 fnt
|faint|p2a: Magnezone
|
|-heal|p1a: Gliscor|100/100 tox|[from] ability: Poison Heal
|upkeep
|
|t:|1757912840
|switch|p2a: Latios|Latios, M, shiny|100/100
|-damage|p2a: Latios|88/100|[from] Stealth Rock
|turn|10
|
|t:|1757912847
|move|p2a: Latios|Calm Mind|p2a: Latios
|-boost|p2a: Latios|spa|1
|-boost|p2a: Latios|spd|1
|move|p1a: Gliscor|Knock Off|p2a: Latios
|-supereffective|p2a: Latios
|-damage|p2a: Latios|21/100
|-enditem|p2a: Latios|Soul Dew|[from] move: Knock Off|[of] p1a: Gliscor
|
|upkeep
|turn|11
|
|t:|1757912856
|-terastallize|p2a: Latios|Water
|move|p2a: Latios|Surf|p1a: Gliscor
|-supereffective|p1a: Gliscor
|-damage|p1a: Gliscor|0 fnt
|faint|p1a: Gliscor
|
|upkeep
|
|t:|1757912861
|switch|p1a: Iron Valiant|Iron Valiant|100/100
|-damage|p1a: Iron Valiant|88/100|[from] Spikes
|-enditem|p1a: Iron Valiant|Booster Energy
|-activate|p1a: Iron Valiant|ability: Quark Drive|[fromitem]
|-start|p1a: Iron Valiant|quarkdrivespe
|turn|12
|
|t:|1757912869
|move|p1a: Iron Valiant|Thunderbolt|p2a: Latios
|-supereffective|p2a: Latios
|-damage|p2a: Latios|0 fnt
|faint|p2a: Latios
|
|upkeep
|
|t:|1757912874
|switch|p2a: Vileplume|Vileplume, M|100/100
|-damage|p2a: Vileplume|88/100|[from] Spikes
|-damage|p2a: Vileplume|76/100|[from] Stealth Rock
|turn|13
|
|t:|1757912894
|-terastallize|p1a: Iron Valiant|Ground
|move|p1a: Iron Valiant|Tera Blast|p2a: Vileplume|[anim] Tera Blast Ground
|-damage|p2a: Vileplume|49/100
|move|p2a: Vileplume|Sludge Wave|p1a: Iron Valiant
|-resisted|p1a: Iron Valiant
|-damage|p1a: Iron Valiant|46/100
|
|upkeep
|turn|14
|
|t:|1757912904
|move|p1a: Iron Valiant|Moonblast|p2a: Vileplume
|-resisted|p2a: Vileplume
|-damage|p2a: Vileplume|32/100
|-unboost|p2a: Vileplume|spa|1
|move|p2a: Vileplume|Giga Drain|p1a: Iron Valiant
|-supereffective|p1a: Iron Valiant
|-damage|p1a: Iron Valiant|0 fnt
|-heal|p2a: Vileplume|51/100|[from] drain|[of] p1a: Iron Valiant
|faint|p1a: Iron Valiant
|-end|p1a: Iron Valiant|Quark Drive|[silent]
|
|upkeep
|
|t:|1757912917
|switch|p1a: Dragonite|Dragonite, F|100/100
|turn|15
|
|t:|1757912920
|move|p1a: Dragonite|Dragon Dance|p1a: Dragonite
|-boost|p1a: Dragonite|atk|1
|-boost|p1a: Dragonite|spe|1
|move|p2a: Vileplume|Moonblast|p1a: Dragonite
|-supereffective|p1a: Dragonite
|-damage|p1a: Dragonite|77/100
|
|upkeep
|turn|16
|
|t:|1757912931
|move|p1a: Dragonite|Fire Punch|p2a: Vileplume
|-supereffective|p2a: Vileplume
|-damage|p2a: Vileplume|0 fnt
|faint|p2a: Vileplume
|
|upkeep
|
|t:|1757912935
|switch|p2a: Chandelure|Chandelure, F|100/100
|-damage|p2a: Chandelure|88/100|[from] Spikes
|-damage|p2a: Chandelure|63/100|[from] Stealth Rock
|turn|17
|
|t:|1757912941
|move|p1a: Dragonite|Earthquake|p2a: Chandelure
|-supereffective|p2a: Chandelure
|-damage|p2a: Chandelure|0 fnt
|faint|p2a: Chandelure
|
|win|dormeur69
|raw|dormeur69's rating: 1103 &rarr; <strong>1126</strong><br />(+23 for winning)
|raw|PickleTree3700's rating: 1071 &rarr; <strong>1052</strong><br />(-19 for losing)
|l|☆dormeur69
|player|p1|
|l|☆PickleTree3700
|player|p2|
