|j|☆CarpaxoFurry
|j|☆iguana_droga
|t:|1757862125
|gametype|singles
|player|p1|CarpaxoFurry|lady-gen4|1081
|player|p2|iguana_droga|266|1110
|gen|9
|tier|[Gen 9] OU
|rated|
|rule|HP Percentage Mod: HP is shown in percentages
|rule|Endless Battle Clause: Forcing endless battles is banned
|rule|Species Clause: Limit one of each Pokémon
|rule|OHKO Clause: OHKO moves are banned
|rule|Evasion Items Clause: Evasion items are banned
|rule|Evasion Moves Clause: Evasion moves are banned
|rule|Evasion Abilities Clause: Evasion abilities are banned
|rule|Sleep Moves Clause: Sleep-inducing moves are banned
|clearpoke
|poke|p1|Mudsdale, F|
|poke|p1|Polteageist|
|poke|p1|Snorlax, M|
|poke|p1|Sinistcha|
|poke|p1|Wyrdeer, F|
|poke|p1|Primarina, M|
|poke|p2|Great Tusk|
|poke|p2|Bisharp, F|
|poke|p2|Pelipper, F|
|poke|p2|Crawdaunt, F|
|poke|p2|Rotom-Wash|
|poke|p2|Ribombee, M|
|teampreview
|
|t:|1757862133
|teamsize|p1|6
|teamsize|p2|6
|start
|switch|p1a: Polteageist|Polteageist|100/100
|switch|p2a: Ribombee|Ribombee, M|100/100
|turn|1
|
|t:|1757862141
|move|p2a: Ribombee|Sticky Web|p1a: Polteageist
|-sidestart|p1: CarpaxoFurry|move: Sticky Web
|move|p1a: Polteageist|Shell Smash|p1a: Polteageist
|-unboost|p1a: Polteageist|def|1
|-unboost|p1a: Polteageist|spd|1
|-boost|p1a: Polteageist|atk|2
|-boost|p1a: Polteageist|spa|2
|-boost|p1a: Polteageist|spe|2
|
|upkeep
|turn|2
|
|t:|1757862155
|move|p1a: Polteageist|Shell Smash|p1a: Polteageist
|-unboost|p1a: Polteageist|def|1
|-unboost|p1a: Polteageist|spd|1
|-boost|p1a: Polteageist|atk|2
|-boost|p1a: Polteageist|spa|2
|-boost|p1a: Polteageist|spe|2
|move|p2a: Ribombee|Bug Buzz|p1a: Polteageist
|-resisted|p1a: Polteageist
|-damage|p1a: Polteageist|55/100
|
|upkeep
|turn|3
|
|t:|1757862170
|move|p1a: Polteageist|Giga Drain|p2a: Ribombee
|-resisted|p2a: Ribombee
|-damage|p2a: Ribombee|19/100
|-heal|p1a: Polteageist|96/100|[from] drain|[of] p2a: Ribombee
|move|p2a: Ribombee|Moonblast|p1a: Polteageist
|-damage|p1a: Polteageist|0 fnt
|faint|p1a: Polteageist
|
|upkeep
|
|t:|1757862186
|switch|p1a: Mudsdale|Mudsdale, F|100/100
|-activate|p1a: Mudsdale|move: Sticky Web
|-unboost|p1a: Mudsdale|spe|1
|turn|4
|
|t:|1757862194
|move|p2a: Ribombee|Moonblast|p1a: Mudsdale
|-damage|p1a: Mudsdale|75/100
|-ability|p1a: Mudsdale|Stamina|boost
|-boost|p1a: Mudsdale|def|1
|move|p1a: Mudsdale|Rock Slide|p2a: Ribombee
|-supereffective|p2a: Ribombee
|-damage|p2a: Ribombee|0 fnt
|faint|p2a: Ribombee
|
|upkeep
|
|t:|1757862211
|switch|p2a: Pelipper|Pelipper, F|100/100
|-weather|RainDance|[from] ability: Drizzle|[of] p2a: Pelipper
|turn|5
|
|t:|1757862226
|move|p2a: Pelipper|Chilling Water|p1a: Mudsdale
|-supereffective|p1a: Mudsdale
|-damage|p1a: Mudsdale|42/100
|-unboost|p1a: Mudsdale|atk|1
|-ability|p1a: Mudsdale|Stamina|boost
|-boost|p1a: Mudsdale|def|1
|move|p1a: Mudsdale|Rock Slide|p2a: Pelipper
|-supereffective|p2a: Pelipper
|-damage|p2a: Pelipper|68/100
|
|-weather|RainDance|[upkeep]
|upkeep
|turn|6
|
|t:|1757862237
|switch|p1a: Sinistcha|Sinistcha, shiny|100/100
|-activate|p1a: Sinistcha|move: Sticky Web
|-unboost|p1a: Sinistcha|spe|1
|move|p2a: Pelipper|Hurricane|p1a: Sinistcha
|-supereffective|p1a: Sinistcha
|-damage|p1a: Sinistcha|11/100
|
|-weather|RainDance|[upkeep]
|-heal|p1a: Sinistcha|18/100|[from] item: Leftovers
|upkeep
|turn|7
|
|t:|1757862250
|move|p2a: Pelipper|U-turn|p1a: Sinistcha
|-damage|p1a: Sinistcha|10/100
|
|t:|1757862257
|switch|p2a: Bisharp|Bisharp, F|100/100|[from] U-turn
|move|p1a: Sinistcha|Stun Spore|p2a: Bisharp
|-status|p2a: Bisharp|par
|
|-weather|RainDance|[upkeep]
|-heal|p1a: Sinistcha|16/100|[from] item: Leftovers
|upkeep
|turn|8
|
|t:|1757862268
|move|p2a: Bisharp|Sucker Punch|p1a: Sinistcha
|-supereffective|p1a: Sinistcha
|-damage|p1a: Sinistcha|0 fnt
|faint|p1a: Sinistcha
|
|-weather|RainDance|[upkeep]
|upkeep
|
|t:|1757862274
|switch|p1a: Primarina|Primarina, M|100/100
|-activate|p1a: Primarina|move: Sticky Web
|-unboost|p1a: Primarina|spe|1
|turn|9
|
|t:|1757862280
|move|p1a: Primarina|Calm Mind|p1a: Primarina
|-boost|p1a: Primarina|spa|1
|-boost|p1a: Primarina|spd|1
|cant|p2a: Bisharp|par
|
|-weather|RainDance|[upkeep]
|upkeep
|turn|10
|
|t:|1757862288
|move|p1a: Primarina|Calm Mind|p1a: Primarina
|-boost|p1a: Primarina|spa|1
|-boost|p1a: Primarina|spd|1
|move|p2a: Bisharp|Thunder Wave|p1a: Primarina
|-status|p1a: Primarina|par
|
|-weather|RainDance|[upkeep]
|upkeep
|turn|11
|
|t:|1757862296
|move|p2a: Bisharp|Iron Head|p1a: Primarina
|-damage|p1a: Primarina|58/100 par
|cant|p1a: Primarina|par
|
|-weather|RainDance|[upkeep]
|-heal|p1a: Primarina|65/100 par|[from] item: Leftovers
|upkeep
|turn|12
|
|t:|1757862304
|cant|p2a: Bisharp|par
|move|p1a: Primarina|Moonblast|p2a: Bisharp
|-damage|p2a: Bisharp|13/100 par
|-unboost|p2a: Bisharp|spa|1
|-ability|p2a: Bisharp|Defiant|boost
|-boost|p2a: Bisharp|atk|2
|
|-weather|none
|-heal|p1a: Primarina|71/100 par|[from] item: Leftovers
|upkeep
|turn|13
|
|t:|1757862315
|cant|p2a: Bisharp|par
|move|p1a: Primarina|Draining Kiss|p2a: Bisharp
|-damage|p2a: Bisharp|0 fnt
|-heal|p1a: Primarina|78/100 par|[from] drain|[of] p2a: Bisharp
|faint|p2a: Bisharp
|
|-heal|p1a: Primarina|84/100 par|[from] item: Leftovers
|upkeep
|c|☆iguana_droga|XD
|
|t:|1757862329
|switch|p2a: Rotom|Rotom-Wash|100/100
|turn|14
|
|t:|1757862335
|move|p2a: Rotom|Volt Switch|p1a: Primarina
|-supereffective|p1a: Primarina
|-damage|p1a: Primarina|43/100 par
|
|t:|1757862340
|switch|p2a: Pelipper|Pelipper, F|68/100|[from] Volt Switch
|-weather|RainDance|[from] ability: Drizzle|[of] p2a: Pelipper
|move|p1a: Primarina|Draining Kiss|p2a: Pelipper
|-damage|p2a: Pelipper|2/100
|-heal|p1a: Primarina|84/100 par|[from] drain|[of] p2a: Pelipper
|
|-weather|RainDance|[upkeep]
|-heal|p1a: Primarina|90/100 par|[from] item: Leftovers
|upkeep
|turn|15
|
|t:|1757862353
|move|p2a: Pelipper|U-turn|p1a: Primarina
|-resisted|p1a: Primarina
|-damage|p1a: Primarina|85/100 par
|
|t:|1757862357
|switch|p2a: Rotom|Rotom-Wash|100/100|[from] U-turn
|cant|p1a: Primarina|par
|
|-weather|RainDance|[upkeep]
|-heal|p1a: Primarina|91/100 par|[from] item: Leftovers
|upkeep
|turn|16
|
|t:|1757862371
|move|p2a: Rotom|Dark Pulse|p1a: Primarina
|-resisted|p1a: Primarina
|-damage|p1a: Primarina|83/100 par
|move|p1a: Primarina|Draining Kiss|p2a: Rotom
|-damage|p2a: Rotom|22/100
|-heal|p1a: Primarina|100/100 par|[from] drain|[of] p2a: Rotom
|
|-weather|RainDance|[upkeep]
|upkeep
|turn|17
|-message|iguana_droga forfeited.
|
|win|CarpaxoFurry
|raw|CarpaxoFurry's rating: 1081 &rarr; <strong>1111</strong><br />(+30 for winning)
|raw|iguana_droga's rating: 1110 &rarr; <strong>1083</strong><br />(-27 for losing)
|l|☆iguana_droga
|player|p2|
|l|☆CarpaxoFurry
|player|p1|
