|j|☆Slendy3214
|j|☆ZeonNynja
|t:|1757916148
|gametype|singles
|player|p1|Slendy3214|pokemaniac|1399
|player|p2|ZeonNynja|volkner|1374
|gen|9
|tier|[Gen 9] OU
|rated|
|rule|HP Percentage Mod: HP is shown in percentages
|rule|Endless Battle Clause: Forcing endless battles is banned
|rule|Species Clause: Limit one of each Pokémon
|rule|OHKO Clause: OHKO moves are banned
|rule|Evasion Items Clause: Evasion items are banned
|rule|Evasion Moves Clause: Evasion moves are banned
|rule|Evasion Abilities Clause: Evasion abilities are banned
|rule|Sleep Moves Clause: Sleep-inducing moves are banned
|clearpoke
|poke|p1|Skeledirge, M|
|poke|p1|Ursaluna, M|
|poke|p1|Braviary, M|
|poke|p1|Zamazenta-*|
|poke|p1|Samurott-Hisui, M|
|poke|p1|Goodra-Hisui, M|
|poke|p2|Salamence, M|
|poke|p2|Ting-Lu|
|poke|p2|Ogerpon-Wellspring, F|
|poke|p2|Iron Treads|
|poke|p2|Iron Moth|
|poke|p2|Raging Bolt|
|teampreview
|
|t:|1757916171
|teamsize|p1|6
|teamsize|p2|6
|start
|switch|p1a: Braviary|Braviary, M|100/100
|switch|p2a: Ting-Lu|Ting-Lu, shiny|100/100
|-ability|p2a: Ting-Lu|Vessel of Ruin
|turn|1
|
|t:|1757916183
|move|p1a: Braviary|Body Slam|p2a: Ting-Lu
|-damage|p2a: Ting-Lu|65/100
|move|p2a: Ting-Lu|Stealth Rock|p1a: Braviary
|-sidestart|p1: Slendy3214|move: Stealth Rock
|
|-heal|p2a: Ting-Lu|71/100|[from] item: Leftovers
|upkeep
|turn|2
|
|t:|1757916194
|move|p1a: Braviary|Agility|p1a: Braviary
|-boost|p1a: Braviary|spe|2
|move|p2a: Ting-Lu|Spikes|p1a: Braviary
|-sidestart|p1: Slendy3214|Spikes
|
|-heal|p2a: Ting-Lu|77/100|[from] item: Leftovers
|upkeep
|turn|3
|
|t:|1757916199
|move|p1a: Braviary|Body Slam|p2a: Ting-Lu
|-damage|p2a: Ting-Lu|42/100
|move|p2a: Ting-Lu|Ruination|p1a: Braviary|[miss]
|-miss|p2a: Ting-Lu|p1a: Braviary
|
|-heal|p2a: Ting-Lu|48/100|[from] item: Leftovers
|upkeep
|turn|4
|
|t:|1757916210
|switch|p2a: Raging Bolt|Raging Bolt|100/100
|move|p1a: Braviary|Body Slam|p2a: Raging Bolt
|-damage|p2a: Raging Bolt|43/100
|
|upkeep
|turn|5
|
|t:|1757916236
|move|p2a: Raging Bolt|Thunderclap|p1a: Braviary
|-supereffective|p1a: Braviary
|-damage|p1a: Braviary|27/100
|move|p1a: Braviary|Body Slam|p2a: Raging Bolt
|-damage|p2a: Raging Bolt|0 fnt
|faint|p2a: Raging Bolt
|-end|p2a: Raging Bolt|Protosynthesis|[silent]
|
|upkeep
|
|t:|1757916241
|switch|p2a: Iron Treads|Iron Treads, shiny|100/100
|turn|6
|
|t:|1757916245
|move|p1a: Braviary|Roost|p1a: Braviary
|-heal|p1a: Braviary|77/100
|-singleturn|p1a: Braviary|move: Roost
|move|p2a: Iron Treads|Ice Spinner|p1a: Braviary
|-damage|p1a: Braviary|50/100
|
|upkeep
|turn|7
|
|t:|1757916252
|move|p1a: Braviary|Roost|p1a: Braviary
|-heal|p1a: Braviary|100/100
|-singleturn|p1a: Braviary|move: Roost
|move|p2a: Iron Treads|Earthquake|p1a: Braviary
|-damage|p1a: Braviary|51/100
|
|upkeep
|turn|8
|
|t:|1757916261
|move|p1a: Braviary|Body Slam|p2a: Iron Treads
|-resisted|p2a: Iron Treads
|-damage|p2a: Iron Treads|66/100
|move|p2a: Iron Treads|Ice Spinner|p1a: Braviary
|-supereffective|p1a: Braviary
|-damage|p1a: Braviary|0 fnt
|faint|p1a: Braviary
|
|upkeep
|
|t:|1757916273
|switch|p1a: Zamazenta|Zamazenta, shiny|100/100
|-damage|p1a: Zamazenta|94/100|[from] Stealth Rock
|-damage|p1a: Zamazenta|82/100|[from] Spikes
|-ability|p1a: Zamazenta|Dauntless Shield|boost
|-boost|p1a: Zamazenta|def|1
|turn|9
|
|t:|1757916277
|move|p1a: Zamazenta|Iron Defense|p1a: Zamazenta
|-boost|p1a: Zamazenta|def|2
|move|p2a: Iron Treads|Volt Switch|p1a: Zamazenta
|-damage|p1a: Zamazenta|73/100
|
|t:|1757916279
|-end|p2a: Iron Treads|Quark Drive|[silent]
|switch|p2a: Iron Moth|Iron Moth, shiny|100/100|[from] Volt Switch
|
|-heal|p1a: Zamazenta|79/100|[from] item: Leftovers
|upkeep
|turn|10
|
|t:|1757916287
|move|p2a: Iron Moth|Psychic|p1a: Zamazenta
|-supereffective|p1a: Zamazenta
|-damage|p1a: Zamazenta|22/100
|move|p1a: Zamazenta|Body Press|p2a: Iron Moth
|-resisted|p2a: Iron Moth
|-damage|p2a: Iron Moth|29/100
|
|-heal|p1a: Zamazenta|28/100|[from] item: Leftovers
|upkeep
|turn|11
|
|t:|1757916303
|switch|p1a: Samurott|Samurott-Hisui, M|100/100
|move|p2a: Iron Moth|Psychic|p1a: Samurott
|-immune|p1a: Samurott
|
|upkeep
|turn|12
|
|t:|1757916317
|-end|p2a: Iron Moth|Quark Drive|[silent]
|switch|p2a: Ogerpon|Ogerpon-Wellspring, F|100/100
|move|p1a: Samurott|Ceaseless Edge|p2a: Ogerpon
|-damage|p2a: Ogerpon|41/100
|-sidestart|p2: ZeonNynja|Spikes
|
|upkeep
|turn|13
|
|t:|1757916333
|switch|p1a: Goodra|Goodra-Hisui, M|100/100
|-damage|p1a: Goodra|94/100|[from] Stealth Rock
|-damage|p1a: Goodra|82/100|[from] Spikes
|move|p2a: Ogerpon|Horn Leech|p1a: Goodra
|-ability|p1a: Goodra|Sap Sipper|boost
|-boost|p1a: Goodra|atk|1
|
|upkeep
|turn|14
|
|t:|1757916355
|move|p2a: Ogerpon|U-turn|p1a: Goodra
|-resisted|p1a: Goodra
|-damage|p1a: Goodra|70/100
|
|t:|1757916358
|switch|p2a: Iron Treads|Iron Treads, shiny|66/100|[from] U-turn
|-damage|p2a: Iron Treads|53/100|[from] Spikes
|move|p1a: Goodra|Dragon Pulse|p2a: Iron Treads
|-resisted|p2a: Iron Treads
|-damage|p2a: Iron Treads|33/100
|
|upkeep
|turn|15
|
|t:|1757916374
|switch|p1a: Zamazenta|Zamazenta, shiny|28/100
|-damage|p1a: Zamazenta|22/100|[from] Stealth Rock
|-damage|p1a: Zamazenta|10/100|[from] Spikes
|move|p2a: Iron Treads|Rapid Spin|p1a: Zamazenta
|-damage|p1a: Zamazenta|0 fnt
|-boost|p2a: Iron Treads|spe|1
|-sideend|p2: ZeonNynja|Spikes|[from] move: Rapid Spin|[of] p2a: Iron Treads
|faint|p1a: Zamazenta
|
|upkeep
|
|t:|1757916387
|switch|p1a: Samurott|Samurott-Hisui, M|100/100
|turn|16
|
|t:|1757916391
|move|p1a: Samurott|Aqua Jet|p2a: Iron Treads
|-supereffective|p2a: Iron Treads
|-damage|p2a: Iron Treads|0 fnt
|faint|p2a: Iron Treads
|-end|p2a: Iron Treads|Quark Drive|[silent]
|
|upkeep
|
|t:|1757916394
|switch|p2a: Ogerpon|Ogerpon-Wellspring, F|41/100
|turn|17
|
|t:|1757916404
|switch|p1a: Goodra|Goodra-Hisui, M|70/100
|-damage|p1a: Goodra|64/100|[from] Stealth Rock
|-damage|p1a: Goodra|52/100|[from] Spikes
|move|p2a: Ogerpon|U-turn|p1a: Goodra
|-resisted|p1a: Goodra
|-damage|p1a: Goodra|40/100
|
|t:|1757916411
|switch|p2a: Salamence|Salamence, M|100/100|[from] U-turn
|
|upkeep
|turn|18
|
|t:|1757916418
|-terastallize|p2a: Salamence|Fairy
|move|p2a: Salamence|Dragon Dance|p2a: Salamence
|-boost|p2a: Salamence|atk|1
|-boost|p2a: Salamence|spe|1
|move|p1a: Goodra|Flash Cannon|p2a: Salamence
|-supereffective|p2a: Salamence
|-damage|p2a: Salamence|12/100
|
|upkeep
|turn|19
|
|t:|1757916427
|move|p2a: Salamence|Earthquake|p1a: Goodra
|-supereffective|p1a: Goodra
|-damage|p1a: Goodra|0 fnt
|faint|p1a: Goodra
|-ability|p2a: Salamence|Moxie|boost
|-boost|p2a: Salamence|atk|1
|
|upkeep
|
|t:|1757916433
|switch|p1a: Samurott|Samurott-Hisui, M|100/100
|turn|20
|
|t:|1757916436
|switch|p2a: Ogerpon|Ogerpon-Wellspring, F|41/100
|move|p1a: Samurott|Aqua Jet|p2a: Ogerpon
|-heal|p2a: Ogerpon|66/100|[from] ability: Water Absorb|[of] p1a: Samurott
|
|upkeep
|turn|21
|
|t:|1757916446
|switch|p1a: Skeledirge|Skeledirge, M, shiny|100/100
|move|p2a: Ogerpon|Horn Leech|p1a: Skeledirge
|-resisted|p1a: Skeledirge
|-crit|p1a: Skeledirge
|-damage|p1a: Skeledirge|71/100
|-heal|p2a: Ogerpon|87/100|[from] drain|[of] p1a: Skeledirge
|
|upkeep
|turn|22
|
|t:|1757916452
|move|p2a: Ogerpon|Ivy Cudgel|p1a: Skeledirge|[anim] Ivy Cudgel Water
|-supereffective|p1a: Skeledirge
|-damage|p1a: Skeledirge|0 fnt
|faint|p1a: Skeledirge
|
|upkeep
|
|t:|1757916455
|switch|p1a: Ursaluna|Ursaluna, M, shiny|100/100
|-damage|p1a: Ursaluna|94/100|[from] Stealth Rock
|-damage|p1a: Ursaluna|82/100|[from] Spikes
|turn|23
|
|t:|1757916460
|move|p1a: Ursaluna|Protect|p1a: Ursaluna
|-singleturn|p1a: Ursaluna|Protect
|move|p2a: Ogerpon|Horn Leech|p1a: Ursaluna
|-activate|p1a: Ursaluna|move: Protect
|
|-status|p1a: Ursaluna|brn|[from] item: Flame Orb
|upkeep
|turn|24
|
|t:|1757916466
|-terastallize|p1a: Ursaluna|Flying
|move|p2a: Ogerpon|Ivy Cudgel|p1a: Ursaluna|[anim] Ivy Cudgel Water
|-damage|p1a: Ursaluna|41/100 brn
|move|p1a: Ursaluna|Tera Blast|p2a: Ogerpon|[anim] Tera Blast Flying
|-supereffective|p2a: Ogerpon
|-damage|p2a: Ogerpon|0 fnt
|faint|p2a: Ogerpon
|
|-damage|p1a: Ursaluna|34/100 brn|[from] brn
|upkeep
|
|t:|1757916474
|switch|p2a: Salamence|Salamence, M, tera:Fairy|12/100
|turn|25
|
|t:|1757916482
|move|p2a: Salamence|Outrage|p1a: Ursaluna
|-damage|p1a: Ursaluna|0 fnt
|faint|p1a: Ursaluna
|-ability|p2a: Salamence|Moxie|boost
|-boost|p2a: Salamence|atk|1
|
|upkeep
|
|t:|1757916485
|switch|p1a: Samurott|Samurott-Hisui, M|100/100
|turn|26
|
|t:|1757916489
|move|p1a: Samurott|Aqua Jet|p2a: Salamence
|-damage|p2a: Salamence|0 fnt
|faint|p2a: Salamence
|
|upkeep
|
|t:|1757916498
|switch|p2a: Iron Moth|Iron Moth, shiny|29/100
|turn|27
|
|t:|1757916510
|move|p1a: Samurott|Aqua Jet|p2a: Iron Moth
|-supereffective|p2a: Iron Moth
|-damage|p2a: Iron Moth|0 fnt
|faint|p2a: Iron Moth
|-end|p2a: Iron Moth|Quark Drive|[silent]
|
|upkeep
|c|☆ZeonNynja|gg
|
|t:|1757916521
|switch|p2a: Ting-Lu|Ting-Lu, shiny|48/100
|-ability|p2a: Ting-Lu|Vessel of Ruin
|turn|28
|
|t:|1757916527
|move|p1a: Samurott|Razor Shell|p2a: Ting-Lu
|-supereffective|p2a: Ting-Lu
|-crit|p2a: Ting-Lu
|-damage|p2a: Ting-Lu|0 fnt
|faint|p2a: Ting-Lu
|
|win|Slendy3214
|raw|Slendy3214's rating: 1399 &rarr; <strong>1418</strong><br />(+19 for winning)
|raw|ZeonNynja's rating: 1374 &rarr; <strong>1355</strong><br />(-19 for losing)
|l|☆ZeonNynja
|player|p2|
|l|☆Slendy3214
|player|p1|
