|j|☆bendawg4
|j|☆yeunybvcl
|t:|1757937574
|gametype|singles
|player|p1|bendawg4|scientistf|1188
|player|p2|yeunybvcl|clair|1144
|gen|9
|tier|[Gen 9] OU
|rated|
|rule|HP Percentage Mod: HP is shown in percentages
|rule|Endless Battle Clause: Forcing endless battles is banned
|rule|Species Clause: Limit one of each Pokémon
|rule|OHKO Clause: OHKO moves are banned
|rule|Evasion Items Clause: Evasion items are banned
|rule|Evasion Moves Clause: Evasion moves are banned
|rule|Evasion Abilities Clause: Evasion abilities are banned
|rule|Sleep Moves Clause: Sleep-inducing moves are banned
|clearpoke
|poke|p1|Samurott-Hisui, F|
|poke|p1|Gliscor, M|
|poke|p1|Skeledirge, F|
|poke|p1|Ting-Lu|
|poke|p1|Raging Bolt|
|poke|p1|Iron Treads|
|poke|p2|Kommo-o, M|
|poke|p2|Araquanid, M|
|poke|p2|Munkidori, M|
|poke|p2|Kingambit, F|
|poke|p2|Raging Bolt|
|poke|p2|Great Tusk|
|teampreview
|l|☆yeunybvcl
|player|p2|
|inactive|Battle timer is ON: inactive players will automatically lose when time's up. (requested by bendawg4)
|j|☆yeunybvcl
|inactive|yeunybvcl reconnected and has 145 seconds left.
|player|p2|yeunybvcl|clair|
|
|t:|1757937603
|teamsize|p1|6
|teamsize|p2|6
|start
|switch|p1a: Samurott|Samurott-Hisui, F|100/100
|switch|p2a: Araquanid|Araquanid, M|100/100
|turn|1
|
|t:|1757937609
|move|p1a: Samurott|Ceaseless Edge|p2a: Araquanid
|-damage|p2a: Araquanid|49/100
|-sidestart|p2: yeunybvcl|Spikes
|move|p2a: Araquanid|Sticky Web|p1a: Samurott
|-sidestart|p1: bendawg4|move: Sticky Web
|
|upkeep
|turn|2
|
|t:|1757937630
|switch|p2a: Kommo-o|Kommo-o, M|100/100
|-damage|p2a: Kommo-o|88/100|[from] Spikes
|move|p1a: Samurott|Ceaseless Edge|p2a: Kommo-o
|-resisted|p2a: Kommo-o
|-damage|p2a: Kommo-o|73/100
|-sidestart|p2: yeunybvcl|Spikes
|
|upkeep
|turn|3
|
|t:|1757937639
|switch|p1a: Skeledirge|Skeledirge, F|100/100
|move|p2a: Kommo-o|Body Press|p1a: Skeledirge
|-immune|p1a: Skeledirge
|
|upkeep
|turn|4
|
|t:|1757937646
|move|p2a: Kommo-o|Earthquake|p1a: Skeledirge
|-supereffective|p1a: Skeledirge
|-damage|p1a: Skeledirge|54/100
|move|p1a: Skeledirge|Will-O-Wisp|p2a: Kommo-o
|-status|p2a: Kommo-o|brn
|
|-damage|p2a: Kommo-o|67/100 brn|[from] brn
|upkeep
|turn|5
|
|t:|1757937661
|switch|p2a: Great Tusk|Great Tusk|100/100
|-damage|p2a: Great Tusk|84/100|[from] Spikes
|-enditem|p2a: Great Tusk|Booster Energy
|-activate|p2a: Great Tusk|ability: Protosynthesis|[fromitem]
|-start|p2a: Great Tusk|protosynthesisatk
|move|p1a: Skeledirge|Slack Off|p1a: Skeledirge
|-heal|p1a: Skeledirge|100/100
|
|upkeep
|turn|6
|
|t:|1757937673
|switch|p1a: Gliscor|Gliscor, M|100/100
|-terastallize|p2a: Great Tusk|Ground
|move|p2a: Great Tusk|Earthquake|p1a: Gliscor
|-immune|p1a: Gliscor
|
|-status|p1a: Gliscor|tox|[from] item: Toxic Orb
|upkeep
|turn|7
|
|t:|1757937683
|move|p1a: Gliscor|Toxic|p2a: Great Tusk
|-status|p2a: Great Tusk|tox
|move|p2a: Great Tusk|Rapid Spin|p1a: Gliscor
|-damage|p1a: Gliscor|82/100 tox
|-boost|p2a: Great Tusk|spe|1
|-sideend|p2: yeunybvcl|Spikes|[from] move: Rapid Spin|[of] p2a: Great Tusk
|
|-damage|p2a: Great Tusk|78/100 tox|[from] psn
|-heal|p1a: Gliscor|94/100 tox|[from] ability: Poison Heal
|upkeep
|turn|8
|
|t:|1757937704
|-end|p2a: Great Tusk|Protosynthesis|[silent]
|switch|p2a: Munkidori|Munkidori, M|100/100
|move|p1a: Gliscor|Protect||[still]
|-fail|p1a: Gliscor
|
|-heal|p1a: Gliscor|100/100 tox|[from] ability: Poison Heal
|upkeep
|turn|9
|inactive|yeunybvcl has 120 seconds left.
|
|t:|1757937742
|move|p2a: Munkidori|Fake Out|p1a: Gliscor
|-damage|p1a: Gliscor|94/100 tox
|cant|p1a: Gliscor|flinch
|
|-heal|p1a: Gliscor|100/100 tox|[from] ability: Poison Heal
|upkeep
|turn|10
|
|t:|1757937751
|move|p2a: Munkidori|U-turn|p1a: Gliscor
|-resisted|p1a: Gliscor
|-damage|p1a: Gliscor|95/100 tox
|
|t:|1757937754
|switch|p2a: Araquanid|Araquanid, M|49/100|[from] U-turn
|move|p1a: Gliscor|Knock Off|p2a: Araquanid
|-damage|p2a: Araquanid|22/100
|-enditem|p2a: Araquanid|Focus Sash|[from] move: Knock Off|[of] p1a: Gliscor
|
|-heal|p1a: Gliscor|100/100 tox|[from] ability: Poison Heal
|upkeep
|turn|11
|
|t:|1757937765
|move|p1a: Gliscor|Toxic|p2a: Araquanid
|-status|p2a: Araquanid|tox
|move|p2a: Araquanid|Liquidation|p1a: Gliscor
|-supereffective|p1a: Gliscor
|-damage|p1a: Gliscor|4/100 tox
|
|-heal|p1a: Gliscor|16/100 tox|[from] ability: Poison Heal
|-damage|p2a: Araquanid|16/100 tox|[from] psn
|upkeep
|turn|12
|
|t:|1757937778
|switch|p2a: Munkidori|Munkidori, M|100/100
|move|p1a: Gliscor|Protect||[still]
|-fail|p1a: Gliscor
|
|-heal|p1a: Gliscor|29/100 tox|[from] ability: Poison Heal
|upkeep
|turn|13
|
|t:|1757937786
|move|p1a: Gliscor|Protect|p1a: Gliscor
|-singleturn|p1a: Gliscor|Protect
|move|p2a: Munkidori|Fake Out|p1a: Gliscor
|-activate|p1a: Gliscor|move: Protect
|
|-heal|p1a: Gliscor|41/100 tox|[from] ability: Poison Heal
|upkeep
|turn|14
|
|t:|1757937805
|move|p2a: Munkidori|Psychic Noise|p1a: Gliscor
|-damage|p1a: Gliscor|0 fnt
|faint|p1a: Gliscor
|
|upkeep
|
|t:|1757937814
|switch|p1a: Iron Treads|Iron Treads|100/100
|-activate|p1a: Iron Treads|move: Sticky Web
|-unboost|p1a: Iron Treads|spe|1
|turn|15
|
|t:|1757937830
|move|p2a: Munkidori|U-turn|p1a: Iron Treads
|-resisted|p1a: Iron Treads
|-damage|p1a: Iron Treads|95/100
|
|t:|1757937841
|switch|p2a: Great Tusk|Great Tusk, tera:Ground|78/100 tox|[from] U-turn
|move|p1a: Iron Treads|Earthquake|p2a: Great Tusk
|-damage|p2a: Great Tusk|44/100 tox
|
|-damage|p2a: Great Tusk|38/100 tox|[from] psn
|upkeep
|turn|16
|
|t:|1757937868
|-end|p1a: Iron Treads|Quark Drive|[silent]
|switch|p1a: Ting-Lu|Ting-Lu|100/100
|-activate|p1a: Ting-Lu|move: Sticky Web
|-unboost|p1a: Ting-Lu|spe|1
|-ability|p1a: Ting-Lu|Vessel of Ruin
|move|p2a: Great Tusk|Earthquake|p1a: Ting-Lu
|-damage|p1a: Ting-Lu|71/100
|
|-heal|p1a: Ting-Lu|78/100|[from] item: Leftovers
|-damage|p2a: Great Tusk|26/100 tox|[from] psn
|upkeep
|turn|17
|
|t:|1757937879
|move|p1a: Ting-Lu|Protect|p1a: Ting-Lu
|-singleturn|p1a: Ting-Lu|Protect
|move|p2a: Great Tusk|Close Combat|p1a: Ting-Lu
|-activate|p1a: Ting-Lu|move: Protect
|
|-heal|p1a: Ting-Lu|84/100|[from] item: Leftovers
|-damage|p2a: Great Tusk|7/100 tox|[from] psn
|upkeep
|turn|18
|
|t:|1757937892
|switch|p1a: Skeledirge|Skeledirge, F|100/100
|move|p2a: Great Tusk|Close Combat|p1a: Skeledirge
|-immune|p1a: Skeledirge
|
|-damage|p2a: Great Tusk|0 fnt|[from] psn
|faint|p2a: Great Tusk
|-end|p2a: Great Tusk|Protosynthesis|[silent]
|upkeep
|-message|yeunybvcl forfeited.
|
|win|bendawg4
|raw|bendawg4's rating: 1188 &rarr; <strong>1210</strong><br />(+22 for winning)
|raw|yeunybvcl's rating: 1144 &rarr; <strong>1122</strong><br />(-22 for losing)
|l|☆yeunybvcl
|player|p2|
|l|☆bendawg4
|player|p1|
