|badge|p2|bronze|gen9ou|100-6
|uhtml|medal-msg|<div class="broadcast-blue">Curious what those medals under the avatar are? PS now has Ladder Seasons! For more information, check out the <a href="https://www.smogon.com/forums/threads/3740067/">thread on Smogon.</a></div>
|j|☆swiscool
|j|☆KingPikaPika
|t:|1757954931
|gametype|singles
|player|p1|swiscool|2|1725
|player|p2|KingPikaPika|pokekid|1860
|gen|9
|tier|[Gen 9] OU
|rated|
|rule|HP Percentage Mod: HP is shown in percentages
|rule|Endless Battle Clause: Forcing endless battles is banned
|rule|Species Clause: Limit one of each Pokémon
|rule|OHKO Clause: OHKO moves are banned
|rule|Evasion Items Clause: Evasion items are banned
|rule|Evasion Moves Clause: Evasion moves are banned
|rule|Evasion Abilities Clause: Evasion abilities are banned
|rule|Sleep Moves Clause: Sleep-inducing moves are banned
|clearpoke
|poke|p1|Kingambit, F|
|poke|p1|Ogerpon-Wellspring, F|
|poke|p1|Landorus-Therian, M|
|poke|p1|Hatterene, F|
|poke|p1|Weavile, F|
|poke|p1|Darkrai|
|poke|p2|Landorus-Therian, M|
|poke|p2|Clefable, F|
|poke|p2|Iron Treads|
|poke|p2|Raging Bolt|
|poke|p2|Ceruledge, F|
|poke|p2|Darkrai|
|teampreview
|
|t:|1757954943
|teamsize|p1|6
|teamsize|p2|6
|start
|switch|p1a: Darkrai|Darkrai|100/100
|switch|p2a: Iron Treads|Iron Treads|100/100
|-enditem|p2a: Iron Treads|Booster Energy
|-activate|p2a: Iron Treads|ability: Quark Drive|[fromitem]
|-start|p2a: Iron Treads|quarkdrivespe
|turn|1
|inactive|Battle timer is ON: inactive players will automatically lose when time's up. (requested by swiscool)
|
|t:|1757954950
|move|p1a: Darkrai|Dark Pulse|p2a: Iron Treads
|-damage|p2a: Iron Treads|43/100
|move|p2a: Iron Treads|Earth Power|p1a: Darkrai
|-damage|p1a: Darkrai|57/100
|
|upkeep
|turn|2
|
|t:|1757954958
|switch|p1a: Ogerpon|Ogerpon-Wellspring, F|100/100
|-end|p2a: Iron Treads|Quark Drive|[silent]
|switch|p2a: Clefable|Clefable, F|100/100
|
|upkeep
|turn|3
|
|t:|1757954965
|switch|p2a: Raging Bolt|Raging Bolt|100/100
|-enditem|p2a: Raging Bolt|Booster Energy
|-activate|p2a: Raging Bolt|ability: Protosynthesis|[fromitem]
|-start|p2a: Raging Bolt|protosynthesisspa
|move|p1a: Ogerpon|Knock Off|p2a: Raging Bolt
|-damage|p2a: Raging Bolt|78/100
|
|upkeep
|turn|4
|
|t:|1757954969
|move|p1a: Ogerpon|U-turn|p2a: Raging Bolt
|-damage|p2a: Raging Bolt|53/100
|
|t:|1757954972
|switch|p1a: Landorus|Landorus-Therian, M|100/100|[from] U-turn
|-ability|p1a: Landorus|Intimidate|boost
|-unboost|p2a: Raging Bolt|atk|1
|move|p2a: Raging Bolt|Thunderbolt|p1a: Landorus
|-immune|p1a: Landorus
|
|upkeep
|turn|5
|
|t:|1757954974
|move|p2a: Raging Bolt|Dragon Pulse|p1a: Landorus
|-damage|p1a: Landorus|35/100
|move|p1a: Landorus|Stealth Rock|p2a: Raging Bolt
|-sidestart|p2: KingPikaPika|move: Stealth Rock
|
|upkeep
|turn|6
|
|t:|1757954981
|switch|p1a: Hatterene|Hatterene, F|100/100
|move|p2a: Raging Bolt|Dragon Pulse|p1a: Hatterene
|-immune|p1a: Hatterene
|
|upkeep
|turn|7
|
|t:|1757954984
|move|p2a: Raging Bolt|Thunderbolt|p1a: Hatterene
|-damage|p1a: Hatterene|30/100
|move|p1a: Hatterene|Dazzling Gleam|p2a: Raging Bolt
|-supereffective|p2a: Raging Bolt
|-damage|p2a: Raging Bolt|0 fnt
|faint|p2a: Raging Bolt
|-end|p2a: Raging Bolt|Protosynthesis|[silent]
|
|upkeep
|
|t:|1757954988
|switch|p2a: Iron Treads|Iron Treads|43/100
|-damage|p2a: Iron Treads|40/100|[from] Stealth Rock
|turn|8
|
|t:|1757954991
|move|p2a: Iron Treads|Rapid Spin|p1a: Hatterene
|-damage|p1a: Hatterene|20/100
|-boost|p2a: Iron Treads|spe|1
|-sideend|p2: KingPikaPika|Stealth Rock|[from] move: Rapid Spin|[of] p2a: Iron Treads
|move|p1a: Hatterene|Healing Wish|p1a: Hatterene
|faint|p1a: Hatterene
|
|upkeep
|
|t:|1757954999
|switch|p1a: Landorus|Landorus-Therian, M|35/100
|-heal|p1a: Landorus|100/100|[from] move: Healing Wish
|-ability|p1a: Landorus|Intimidate|boost
|-unboost|p2a: Iron Treads|atk|1
|turn|9
|
|t:|1757955005
|move|p2a: Iron Treads|Stealth Rock|p1a: Landorus
|-sidestart|p1: swiscool|move: Stealth Rock
|move|p1a: Landorus|Stealth Rock|p2a: Iron Treads
|-sidestart|p2: KingPikaPika|move: Stealth Rock
|
|upkeep
|turn|10
|
|t:|1757955008
|move|p2a: Iron Treads|Rapid Spin|p1a: Landorus
|-damage|p1a: Landorus|95/100
|-boost|p2a: Iron Treads|spe|1
|-damage|p2a: Iron Treads|24/100|[from] item: Rocky Helmet|[of] p1a: Landorus
|-sideend|p2: KingPikaPika|Stealth Rock|[from] move: Rapid Spin|[of] p2a: Iron Treads
|move|p1a: Landorus|Stealth Rock|p2a: Iron Treads
|-sidestart|p2: KingPikaPika|move: Stealth Rock
|
|upkeep
|turn|11
|
|t:|1757955011
|move|p2a: Iron Treads|Rapid Spin|p1a: Landorus
|-damage|p1a: Landorus|90/100
|-boost|p2a: Iron Treads|spe|1
|-damage|p2a: Iron Treads|7/100|[from] item: Rocky Helmet|[of] p1a: Landorus
|-sideend|p2: KingPikaPika|Stealth Rock|[from] move: Rapid Spin|[of] p2a: Iron Treads
|move|p1a: Landorus|Stealth Rock|p2a: Iron Treads
|-sidestart|p2: KingPikaPika|move: Stealth Rock
|
|upkeep
|turn|12
|
|t:|1757955015
|move|p2a: Iron Treads|Steel Beam|p1a: Landorus
|-damage|p1a: Landorus|33/100
|-damage|p2a: Iron Treads|0 fnt|[from] steelbeam
|faint|p2a: Iron Treads
|-end|p2a: Iron Treads|Quark Drive|[silent]
|move|p1a: Landorus|Earth Power|p2: Iron Treads|[notarget]
|-fail|p1a: Landorus
|
|upkeep
|
|t:|1757955021
|switch|p2a: Darkrai|Darkrai|100/100
|-damage|p2a: Darkrai|88/100|[from] Stealth Rock
|turn|13
|
|t:|1757955025
|switch|p1a: Weavile|Weavile, F|100/100
|-ability|p1a: Weavile|Pressure
|move|p2a: Darkrai|Trick|p1a: Weavile
|-activate|p2a: Darkrai|move: Trick|[of] p1a: Weavile
|-item|p1a: Weavile|Choice Scarf|[from] move: Trick
|-item|p2a: Darkrai|Heavy-Duty Boots|[from] move: Trick
|
|upkeep
|turn|14
|
|t:|1757955034
|move|p1a: Weavile|Triple Axel|p2a: Darkrai
|-crit|p2a: Darkrai
|-damage|p2a: Darkrai|66/100
|-crit|p2a: Darkrai
|-damage|p2a: Darkrai|28/100
|-damage|p2a: Darkrai|0 fnt
|faint|p2a: Darkrai
|-hitcount|p2: Darkrai|3
|
|upkeep
|
|t:|1757955037
|switch|p2a: Ceruledge|Ceruledge, F|100/100
|-damage|p2a: Ceruledge|76/100|[from] Stealth Rock
|turn|15
|
|t:|1757955044
|switch|p1a: Landorus|Landorus-Therian, M|33/100
|-damage|p1a: Landorus|21/100|[from] Stealth Rock
|-ability|p1a: Landorus|Intimidate|boost
|-unboost|p2a: Ceruledge|atk|1
|move|p2a: Ceruledge|Bitter Blade|p1a: Landorus
|-damage|p1a: Landorus|0 fnt
|-heal|p2a: Ceruledge|89/100|[from] drain|[of] p1a: Landorus
|-damage|p2a: Ceruledge|73/100|[from] item: Rocky Helmet|[of] p1a: Landorus
|faint|p1a: Landorus
|
|upkeep
|
|t:|1757955049
|switch|p1a: Ogerpon|Ogerpon-Wellspring, F|100/100
|-damage|p1a: Ogerpon|88/100|[from] Stealth Rock
|turn|16
|
|t:|1757955053
|move|p1a: Ogerpon|Spikes|p2a: Ceruledge
|-sidestart|p2: KingPikaPika|Spikes
|move|p2a: Ceruledge|Bitter Blade|p1a: Ogerpon
|-damage|p1a: Ogerpon|49/100
|-heal|p2a: Ceruledge|93/100|[from] drain|[of] p1a: Ogerpon
|
|upkeep
|turn|17
|
|t:|1757955061
|move|p1a: Ogerpon|Ivy Cudgel|p2a: Ceruledge|[anim] Ivy Cudgel Water
|-supereffective|p2a: Ceruledge
|-crit|p2a: Ceruledge
|-damage|p2a: Ceruledge|0 fnt
|faint|p2a: Ceruledge
|
|upkeep
|
|t:|1757955065
|switch|p2a: Landorus|Landorus-Therian, M|100/100
|-damage|p2a: Landorus|88/100|[from] Stealth Rock
|-ability|p2a: Landorus|Intimidate|boost
|-unboost|p1a: Ogerpon|atk|1
|turn|18
|
|t:|1757955069
|move|p1a: Ogerpon|Ivy Cudgel|p2a: Landorus|[anim] Ivy Cudgel Water
|-supereffective|p2a: Landorus
|-crit|p2a: Landorus
|-damage|p2a: Landorus|0 fnt
|faint|p2a: Landorus
|
|upkeep
|
|t:|1757955072
|switch|p2a: Clefable|Clefable, F|100/100
|-damage|p2a: Clefable|88/100|[from] Stealth Rock
|-damage|p2a: Clefable|76/100|[from] Spikes
|turn|19
|
|t:|1757955078
|switch|p1a: Darkrai|Darkrai|57/100
|-damage|p1a: Darkrai|44/100|[from] Stealth Rock
|move|p2a: Clefable|Cosmic Power|p2a: Clefable
|-boost|p2a: Clefable|def|1
|-boost|p2a: Clefable|spd|1
|
|-heal|p2a: Clefable|82/100|[from] item: Leftovers
|upkeep
|turn|20
|
|t:|1757955081
|move|p1a: Darkrai|Trick|p2a: Clefable
|-activate|p1a: Darkrai|move: Trick|[of] p2a: Clefable
|-item|p2a: Clefable|Choice Scarf|[from] move: Trick
|-item|p1a: Darkrai|Leftovers|[from] move: Trick
|move|p2a: Clefable|Moonblast|p1a: Darkrai
|-supereffective|p1a: Darkrai
|-damage|p1a: Darkrai|0 fnt
|faint|p1a: Darkrai
|
|upkeep
|
|t:|1757955087
|switch|p1a: Ogerpon|Ogerpon-Wellspring, F|49/100
|-damage|p1a: Ogerpon|37/100|[from] Stealth Rock
|turn|21
|
|t:|1757955090
|-terastallize|p1a: Ogerpon|Water
|detailschange|p1a: Ogerpon|Ogerpon-Wellspring-Tera, F, tera:Water
|-ability|p1a: Ogerpon|Embody Aspect (Wellspring)|boost
|-boost|p1a: Ogerpon|spd|1
|move|p1a: Ogerpon|Ivy Cudgel|p2a: Clefable|[anim] Ivy Cudgel Water
|-damage|p2a: Clefable|42/100
|move|p2a: Clefable|Moonblast|p1a: Ogerpon
|-damage|p1a: Ogerpon|0 fnt
|faint|p1a: Ogerpon
|detailschange|p1: Ogerpon|Ogerpon-Wellspring, F|[silent]
|
|upkeep
|
|t:|1757955097
|switch|p1a: Kingambit|Kingambit, F|100/100
|-damage|p1a: Kingambit|94/100|[from] Stealth Rock
|-activate|p1a: Kingambit|ability: Supreme Overlord
|-start|p1a: Kingambit|fallen4|[silent]
|turn|22
|
|t:|1757955101
|-terastallize|p2a: Clefable|Poison
|move|p2a: Clefable|Moonblast|p1a: Kingambit
|-damage|p1a: Kingambit|66/100
|move|p1a: Kingambit|Kowtow Cleave|p2a: Clefable
|-damage|p2a: Clefable|4/100
|
|-heal|p1a: Kingambit|72/100|[from] item: Leftovers
|upkeep
|turn|23
|-message|KingPikaPika forfeited.
|
|win|swiscool
|raw|swiscool's rating: 1725 &rarr; <strong>1752</strong><br />(+27 for winning)
|raw|KingPikaPika's rating: 1860 &rarr; <strong>1833</strong><br />(-27 for losing)
|l|☆KingPikaPika
|player|p2|
