|j|☆sophiebrouwer
|j|☆SittinGamer
|t:|1757911714
|gametype|singles
|player|p1|sophiebrouwer|2|1516
|player|p2|SittinGamer|dawn-gen4pt|1476
|gen|9
|tier|[Gen 9] OU
|rated|
|rule|HP Percentage Mod: HP is shown in percentages
|rule|Endless Battle Clause: Forcing endless battles is banned
|rule|Species Clause: Limit one of each Pokémon
|rule|OHKO Clause: OHKO moves are banned
|rule|Evasion Items Clause: Evasion items are banned
|rule|Evasion Moves Clause: Evasion moves are banned
|rule|Evasion Abilities Clause: Evasion abilities are banned
|rule|Sleep Moves Clause: Sleep-inducing moves are banned
|clearpoke
|poke|p1|Dragonite, F|
|poke|p1|Zamazenta-*|
|poke|p1|Landorus-Therian, M|
|poke|p1|Gholdengo|
|poke|p1|Darkrai|
|poke|p1|Hatterene, F|
|poke|p2|Infernape, M|
|poke|p2|Samurott-Hisui, M|
|poke|p2|Gholdengo|
|poke|p2|Hatterene, F|
|poke|p2|Great Tusk|
|poke|p2|Zamazenta-*|
|teampreview
|
|t:|1757911739
|teamsize|p1|6
|teamsize|p2|6
|start
|switch|p1a: Landorus|Landorus-Therian, M|100/100
|switch|p2a: Infernape|Infernape, M|100/100
|-ability|p1a: Landorus|Intimidate|boost
|-unboost|p2a: Infernape|atk|1
|turn|1
|
|t:|1757911748
|move|p2a: Infernape|Stealth Rock|p1a: Landorus
|-sidestart|p1: sophiebrouwer|move: Stealth Rock
|move|p1a: Landorus|Earthquake|p2a: Infernape
|-supereffective|p2a: Infernape
|-enditem|p2a: Infernape|Focus Sash
|-damage|p2a: Infernape|1/100
|
|upkeep
|turn|2
|
|t:|1757911752
|move|p2a: Infernape|Overheat|p1a: Landorus
|-damage|p1a: Landorus|21/100
|-unboost|p2a: Infernape|spa|2
|move|p1a: Landorus|Stealth Rock|p2a: Infernape
|-sidestart|p2: SittinGamer|move: Stealth Rock
|
|upkeep
|turn|3
|
|t:|1757911789
|switch|p1a: Hatterene|Hatterene, F|100/100
|-damage|p1a: Hatterene|88/100|[from] Stealth Rock
|move|p2a: Infernape|Knock Off|p1a: Hatterene
|-damage|p1a: Hatterene|71/100
|-enditem|p1a: Hatterene|Assault Vest|[from] move: Knock Off|[of] p2a: Infernape
|
|upkeep
|turn|4
|
|t:|1757911799
|move|p2a: Infernape|Overheat|p1a: Hatterene
|-damage|p1a: Hatterene|26/100
|-unboost|p2a: Infernape|spa|2
|move|p1a: Hatterene|Draining Kiss|p2a: Infernape
|-damage|p2a: Infernape|0 fnt
|-heal|p1a: Hatterene|26/100|[from] drain|[of] p2a: Infernape
|faint|p2a: Infernape
|
|upkeep
|
|t:|1757911802
|switch|p2a: Samurott|Samurott-Hisui, M|100/100
|-damage|p2a: Samurott|88/100|[from] Stealth Rock
|turn|5
|
|t:|1757911823
|switch|p1a: Zamazenta|Zamazenta|100/100
|-damage|p1a: Zamazenta|94/100|[from] Stealth Rock
|-ability|p1a: Zamazenta|Dauntless Shield|boost
|-boost|p1a: Zamazenta|def|1
|move|p2a: Samurott|Ceaseless Edge|p1a: Zamazenta
|-resisted|p1a: Zamazenta
|-damage|p1a: Zamazenta|84/100
|-sidestart|p1: sophiebrouwer|Spikes
|
|-heal|p1a: Zamazenta|90/100|[from] item: Leftovers
|upkeep
|turn|6
|
|t:|1757911828
|switch|p2a: Hatterene|Hatterene, F|100/100
|-damage|p2a: Hatterene|88/100|[from] Stealth Rock
|move|p1a: Zamazenta|Crunch|p2a: Hatterene
|-damage|p2a: Hatterene|64/100
|-unboost|p2a: Hatterene|def|1
|
|-heal|p1a: Zamazenta|97/100|[from] item: Leftovers
|upkeep
|turn|7
|
|t:|1757911843
|switch|p1a: Gholdengo|Gholdengo|100/100
|-damage|p1a: Gholdengo|94/100|[from] Stealth Rock
|-damage|p1a: Gholdengo|82/100|[from] Spikes
|move|p2a: Hatterene|Psychic Noise|p1a: Gholdengo
|-resisted|p1a: Gholdengo
|-damage|p1a: Gholdengo|59/100
|-start|p1a: Gholdengo|move: Heal Block
|
|upkeep
|turn|8
|
|t:|1757911853
|switch|p2a: Samurott|Samurott-Hisui, M|88/100
|-damage|p2a: Samurott|76/100|[from] Stealth Rock
|move|p1a: Gholdengo|Thunderbolt|p2a: Samurott
|-supereffective|p2a: Samurott
|-damage|p2a: Samurott|20/100
|
|-end|p1a: Gholdengo|move: Heal Block
|upkeep
|turn|9
|
|t:|1757911879
|move|p1a: Gholdengo|Thunderbolt|p2a: Samurott
|-supereffective|p2a: Samurott
|-damage|p2a: Samurott|0 fnt
|faint|p2a: Samurott
|
|upkeep
|
|t:|1757911882
|switch|p2a: Great Tusk|Great Tusk|100/100
|-damage|p2a: Great Tusk|98/100|[from] Stealth Rock
|-enditem|p2a: Great Tusk|Booster Energy
|-activate|p2a: Great Tusk|ability: Protosynthesis|[fromitem]
|-start|p2a: Great Tusk|protosynthesisatk
|turn|10
|
|t:|1757911893
|switch|p1a: Hatterene|Hatterene, F|26/100
|-damage|p1a: Hatterene|14/100|[from] Stealth Rock
|-damage|p1a: Hatterene|2/100|[from] Spikes
|move|p2a: Great Tusk|Knock Off|p1a: Hatterene
|-damage|p1a: Hatterene|0 fnt
|faint|p1a: Hatterene
|
|upkeep
|
|t:|1757911905
|switch|p1a: Zamazenta|Zamazenta|97/100
|-damage|p1a: Zamazenta|90/100|[from] Stealth Rock
|-damage|p1a: Zamazenta|78/100|[from] Spikes
|turn|11
|
|t:|1757911910
|move|p1a: Zamazenta|Iron Defense|p1a: Zamazenta
|-boost|p1a: Zamazenta|def|2
|move|p2a: Great Tusk|Rapid Spin|p1a: Zamazenta
|-damage|p1a: Zamazenta|70/100
|-boost|p2a: Great Tusk|spe|1
|-sideend|p2: SittinGamer|Stealth Rock|[from] move: Rapid Spin|[of] p2a: Great Tusk
|
|-heal|p1a: Zamazenta|76/100|[from] item: Leftovers
|upkeep
|turn|12
|
|t:|1757911914
|-end|p2a: Great Tusk|Protosynthesis|[silent]
|switch|p2a: Gholdengo|Gholdengo|100/100
|move|p1a: Zamazenta|Crunch|p2a: Gholdengo
|-supereffective|p2a: Gholdengo
|-damage|p2a: Gholdengo|53/100
|
|-heal|p1a: Zamazenta|82/100|[from] item: Leftovers
|upkeep
|turn|13
|
|t:|1757911939
|switch|p1a: Darkrai|Darkrai|100/100
|move|p2a: Gholdengo|Trick|p1a: Darkrai
|-activate|p2a: Gholdengo|move: Trick|[of] p1a: Darkrai
|-item|p1a: Darkrai|Choice Scarf|[from] move: Trick
|-item|p2a: Gholdengo|Heavy-Duty Boots|[from] move: Trick
|
|upkeep
|turn|14
|
|t:|1757911955
|switch|p2a: Zamazenta|Zamazenta|100/100
|-ability|p2a: Zamazenta|Dauntless Shield|boost
|-boost|p2a: Zamazenta|def|1
|move|p1a: Darkrai|Will-O-Wisp|p2a: Zamazenta|[miss]
|-miss|p1a: Darkrai|p2a: Zamazenta
|
|upkeep
|turn|15
|
|t:|1757911968
|-terastallize|p2a: Zamazenta|Fire
|move|p1a: Darkrai|Will-O-Wisp|p2a: Zamazenta
|-immune|p2a: Zamazenta
|move|p2a: Zamazenta|Iron Defense|p2a: Zamazenta
|-boost|p2a: Zamazenta|def|2
|
|upkeep
|turn|16
|c|☆sophiebrouwer|clutch miss
|
|t:|1757912001
|switch|p1a: Landorus|Landorus-Therian, M|21/100
|-damage|p1a: Landorus|9/100|[from] Stealth Rock
|-ability|p1a: Landorus|Intimidate|boost
|-unboost|p2a: Zamazenta|atk|1
|move|p2a: Zamazenta|Crunch|p1a: Landorus
|-damage|p1a: Landorus|0 fnt
|-damage|p2a: Zamazenta|84/100|[from] item: Rocky Helmet|[of] p1a: Landorus
|faint|p1a: Landorus
|
|-heal|p2a: Zamazenta|90/100|[from] item: Leftovers
|upkeep
|
|t:|1757912010
|switch|p1a: Gholdengo|Gholdengo|59/100
|-damage|p1a: Gholdengo|53/100|[from] Stealth Rock
|-damage|p1a: Gholdengo|40/100|[from] Spikes
|turn|17
|
|t:|1757912012
|move|p2a: Zamazenta|Crunch|p1a: Gholdengo
|-supereffective|p1a: Gholdengo
|-damage|p1a: Gholdengo|13/100
|move|p1a: Gholdengo|Recover|p1a: Gholdengo
|-heal|p1a: Gholdengo|63/100
|
|-heal|p2a: Zamazenta|96/100|[from] item: Leftovers
|upkeep
|turn|18
|
|t:|1757912026
|switch|p2a: Great Tusk|Great Tusk|98/100
|move|p1a: Gholdengo|Recover|p1a: Gholdengo
|-heal|p1a: Gholdengo|100/100
|
|upkeep
|turn|19
|
|t:|1757912038
|switch|p1a: Zamazenta|Zamazenta|82/100
|-damage|p1a: Zamazenta|76/100|[from] Stealth Rock
|-damage|p1a: Zamazenta|64/100|[from] Spikes
|move|p2a: Great Tusk|Knock Off|p1a: Zamazenta
|-resisted|p1a: Zamazenta
|-damage|p1a: Zamazenta|53/100
|-enditem|p1a: Zamazenta|Leftovers|[from] move: Knock Off|[of] p2a: Great Tusk
|
|upkeep
|turn|20
|
|t:|1757912044
|move|p1a: Zamazenta|Iron Defense|p1a: Zamazenta
|-boost|p1a: Zamazenta|def|2
|move|p2a: Great Tusk|Rapid Spin|p1a: Zamazenta
|-damage|p1a: Zamazenta|47/100
|-boost|p2a: Great Tusk|spe|1
|
|upkeep
|turn|21
|
|t:|1757912053
|move|p2a: Great Tusk|Headlong Rush|p1a: Zamazenta
|-crit|p1a: Zamazenta
|-damage|p1a: Zamazenta|0 fnt
|-unboost|p2a: Great Tusk|def|1
|-unboost|p2a: Great Tusk|spd|1
|faint|p1a: Zamazenta
|
|upkeep
|c|☆sophiebrouwer|clucth crit
|c|☆SittinGamer|mb
|
|t:|1757912097
|switch|p1a: Dragonite|Dragonite, F|100/100
|turn|22
|
|t:|1757912100
|move|p2a: Great Tusk|Ice Spinner|p1a: Dragonite
|-supereffective|p1a: Dragonite
|-damage|p1a: Dragonite|47/100
|move|p1a: Dragonite|Dragon Dance|p1a: Dragonite
|-boost|p1a: Dragonite|atk|1
|-boost|p1a: Dragonite|spe|1
|
|upkeep
|turn|23
|
|t:|1757912134
|-terastallize|p1a: Dragonite|Flying
|move|p2a: Great Tusk|Ice Spinner|p1a: Dragonite
|-supereffective|p1a: Dragonite
|-damage|p1a: Dragonite|0 fnt
|faint|p1a: Dragonite
|
|upkeep
|
|t:|1757912144
|switch|p1a: Darkrai|Darkrai|100/100
|-damage|p1a: Darkrai|88/100|[from] Stealth Rock
|-damage|p1a: Darkrai|76/100|[from] Spikes
|turn|24
|
|t:|1757912155
|-end|p2a: Great Tusk|Protosynthesis|[silent]
|switch|p2a: Zamazenta|Zamazenta, tera:Fire|96/100
|move|p1a: Darkrai|Ice Beam|p2a: Zamazenta
|-resisted|p2a: Zamazenta
|-damage|p2a: Zamazenta|85/100
|
|-heal|p2a: Zamazenta|91/100|[from] item: Leftovers
|upkeep
|turn|25
|
|t:|1757912162
|switch|p1a: Gholdengo|Gholdengo|100/100
|-damage|p1a: Gholdengo|94/100|[from] Stealth Rock
|-damage|p1a: Gholdengo|82/100|[from] Spikes
|switch|p2a: Gholdengo|Gholdengo|53/100
|
|upkeep
|turn|26
|
|t:|1757912177
|move|p2a: Gholdengo|Shadow Ball|p1a: Gholdengo
|-supereffective|p1a: Gholdengo
|-damage|p1a: Gholdengo|0 fnt
|faint|p1a: Gholdengo
|
|upkeep
|
|t:|1757912180
|switch|p1a: Darkrai|Darkrai|76/100
|-damage|p1a: Darkrai|64/100|[from] Stealth Rock
|-damage|p1a: Darkrai|51/100|[from] Spikes
|turn|27
|
|t:|1757912184
|move|p1a: Darkrai|Dark Pulse|p2a: Gholdengo
|-supereffective|p2a: Gholdengo
|-damage|p2a: Gholdengo|0 fnt
|faint|p2a: Gholdengo
|
|upkeep
|
|t:|1757912187
|switch|p2a: Zamazenta|Zamazenta, tera:Fire|91/100
|turn|28
|
|t:|1757912189
|move|p1a: Darkrai|Dark Pulse|p2a: Zamazenta
|-damage|p2a: Zamazenta|62/100
|move|p2a: Zamazenta|Body Press|p1a: Darkrai
|-supereffective|p1a: Darkrai
|-damage|p1a: Darkrai|0 fnt
|faint|p1a: Darkrai
|
|win|SittinGamer
|raw|sophiebrouwer's rating: 1516 &rarr; <strong>1494</strong><br />(-22 for losing)
|raw|SittinGamer's rating: 1476 &rarr; <strong>1498</strong><br />(+22 for winning)
|l|☆SittinGamer
|player|p2|
|c|☆sophiebrouwer|gg
|l|☆sophiebrouwer
|player|p1|
