|badge|p2|bronze|gen9ou|100-6
|uhtml|medal-msg|<div class="broadcast-blue">Curious what those medals under the avatar are? PS now has Ladder Seasons! For more information, check out the <a href="https://www.smogon.com/forums/threads/3740067/">thread on Smogon.</a></div>
|j|☆skidog
|j|☆Prav33n
|t:|1757872856
|gametype|singles
|player|p1|skidog|skierf|1727
|player|p2|Prav33n|koga|1783
|gen|9
|tier|[Gen 9] OU
|rated|
|rule|HP Percentage Mod: HP is shown in percentages
|rule|Endless Battle Clause: Forcing endless battles is banned
|rule|Species Clause: Limit one of each Pokémon
|rule|OHKO Clause: OHKO moves are banned
|rule|Evasion Items Clause: Evasion items are banned
|rule|Evasion Moves Clause: Evasion moves are banned
|rule|Evasion Abilities Clause: Evasion abilities are banned
|rule|Sleep Moves Clause: Sleep-inducing moves are banned
|clearpoke
|poke|p1|Blaziken, F|
|poke|p1|Samurott-Hisui, F|
|poke|p1|Glimmora, F|
|poke|p1|Dragonite, F|
|poke|p1|Raging Bolt|
|poke|p1|Gholdengo|
|poke|p2|Deoxys-Speed|
|poke|p2|Kyurem|
|poke|p2|Gholdengo|
|poke|p2|Great Tusk|
|poke|p2|Primarina, F|
|poke|p2|Dragonite, F|
|teampreview
|c|☆skidog|glhf
|j| magma_man85
|c|☆Prav33n|u2
|inactive|Battle timer is ON: inactive players will automatically lose when time's up. (requested by Prav33n)
|
|t:|1757872884
|teamsize|p1|6
|teamsize|p2|6
|start
|switch|p1a: Samurott|Samurott-Hisui, F|100/100
|switch|p2a: Kyurem|Kyurem, shiny|100/100
|-ability|p2a: Kyurem|Pressure
|turn|1
|
|t:|1757872905
|move|p2a: Kyurem|Freeze-Dry|p1a: Samurott
|-supereffective|p1a: Samurott
|-damage|p1a: Samurott|54/100
|move|p1a: Samurott|Ceaseless Edge|p2a: Kyurem
|-damage|p2a: Kyurem|53/100
|-sidestart|p2: Prav33n|Spikes
|
|upkeep
|turn|2
|
|t:|1757872912
|switch|p2a: Great Tusk|Great Tusk|100/100
|-damage|p2a: Great Tusk|88/100|[from] Spikes
|move|p1a: Samurott|Ceaseless Edge|p2a: Great Tusk
|-resisted|p2a: Great Tusk
|-damage|p2a: Great Tusk|70/100
|-damage|p1a: Samurott|38/100|[from] item: Rocky Helmet|[of] p2a: Great Tusk
|-sidestart|p2: Prav33n|Spikes
|
|upkeep
|turn|3
|
|t:|1757872923
|switch|p1a: Gholdengo|Gholdengo|100/100
|move|p2a: Great Tusk|Rapid Spin|p1a: Gholdengo
|-immune|p1a: Gholdengo
|
|upkeep
|turn|4
|
|t:|1757872937
|-end|p2a: Great Tusk|Protosynthesis|[silent]
|switch|p2a: Primarina|Primarina, F|100/100
|-damage|p2a: Primarina|84/100|[from] Spikes
|move|p1a: Gholdengo|Make It Rain|p2a: Primarina
|-damage|p2a: Primarina|42/100
|-unboost|p1a: Gholdengo|spa|1
|
|upkeep
|turn|5
|j| pokerus11
|
|t:|1757872965
|switch|p1a: Glimmora|Glimmora, F|100/100
|move|p2a: Primarina|Surf|p1a: Glimmora
|-supereffective|p1a: Glimmora
|-damage|p1a: Glimmora|0 fnt
|faint|p1a: Glimmora
|
|upkeep
|inactive|skidog has 120 seconds left.
|
|t:|1757873009
|switch|p1a: Dragonite|Dragonite, F|100/100
|turn|6
|inactive|skidog has 90 seconds left.
|
|t:|1757873027
|-terastallize|p1a: Dragonite|Ghost
|move|p1a: Dragonite|Dragon Dance|p1a: Dragonite
|-boost|p1a: Dragonite|atk|1
|-boost|p1a: Dragonite|spe|1
|move|p2a: Primarina|Moonblast|p1a: Dragonite
|-damage|p1a: Dragonite|71/100
|-unboost|p1a: Dragonite|spa|1
|
|upkeep
|turn|7
|l| magma_man85
|inactive|skidog has 90 seconds left.
|
|t:|1757873040
|move|p1a: Dragonite|Tera Blast|p2a: Primarina|[anim] Tera Blast Ghost
|-damage|p2a: Primarina|0 fnt
|faint|p2a: Primarina
|
|upkeep
|j| honeybot
|
|t:|1757873043
|switch|p2a: Gholdengo|Gholdengo|100/100
|-damage|p2a: Gholdengo|84/100|[from] Spikes
|turn|8
|
|t:|1757873053
|switch|p1a: Samurott|Samurott-Hisui, F|38/100
|move|p2a: Gholdengo|Shadow Ball|p1a: Samurott
|-resisted|p1a: Samurott
|-damage|p1a: Samurott|22/100
|
|upkeep
|turn|9
|
|t:|1757873062
|switch|p2a: Great Tusk|Great Tusk|70/100
|-damage|p2a: Great Tusk|54/100|[from] Spikes
|move|p1a: Samurott|Flip Turn|p2a: Great Tusk
|-supereffective|p2a: Great Tusk
|-damage|p2a: Great Tusk|10/100
|-damage|p1a: Samurott|5/100|[from] item: Rocky Helmet|[of] p2a: Great Tusk
|
|t:|1757873064
|switch|p1a: Blaziken|Blaziken, F|100/100|[from] Flip Turn
|
|upkeep
|turn|10
|
|t:|1757873067
|move|p1a: Blaziken|Protect|p1a: Blaziken
|-singleturn|p1a: Blaziken|Protect
|move|p2a: Great Tusk|Stealth Rock|p1a: Blaziken
|-sidestart|p1: skidog|move: Stealth Rock
|
|-ability|p1a: Blaziken|Speed Boost|boost
|-boost|p1a: Blaziken|spe|1
|upkeep
|turn|11
|inactive|skidog has 120 seconds left.
|
|t:|1757873074
|move|p1a: Blaziken|Overheat|p2a: Great Tusk
|-damage|p2a: Great Tusk|0 fnt
|-unboost|p1a: Blaziken|spa|2
|faint|p2a: Great Tusk
|-end|p2a: Great Tusk|Protosynthesis|[silent]
|
|-ability|p1a: Blaziken|Speed Boost|boost
|-boost|p1a: Blaziken|spe|1
|upkeep
|
|t:|1757873077
|switch|p2a: Dragonite|Dragonite, F, shiny|100/100
|turn|12
|
|t:|1757873082
|move|p1a: Blaziken|Stone Edge|p2a: Dragonite|[miss]
|-miss|p1a: Blaziken|p2a: Dragonite
|move|p2a: Dragonite|Dragon Dance|p2a: Dragonite
|-boost|p2a: Dragonite|atk|1
|-boost|p2a: Dragonite|spe|1
|
|-ability|p1a: Blaziken|Speed Boost|boost
|-boost|p1a: Blaziken|spe|1
|upkeep
|turn|13
|
|t:|1757873088
|move|p1a: Blaziken|Stone Edge|p2a: Dragonite
|-supereffective|p2a: Dragonite
|-damage|p2a: Dragonite|74/100
|move|p2a: Dragonite|Dragon Dance|p2a: Dragonite
|-boost|p2a: Dragonite|atk|1
|-boost|p2a: Dragonite|spe|1
|
|-ability|p1a: Blaziken|Speed Boost|boost
|-boost|p1a: Blaziken|spe|1
|upkeep
|turn|14
|j| magma_man85
|
|t:|1757873097
|-terastallize|p2a: Dragonite|Fairy
|move|p1a: Blaziken|Stone Edge|p2a: Dragonite
|-damage|p2a: Dragonite|50/100
|move|p2a: Dragonite|Roost|p2a: Dragonite
|-heal|p2a: Dragonite|99/100
|
|-ability|p1a: Blaziken|Speed Boost|boost
|-boost|p1a: Blaziken|spe|1
|upkeep
|turn|15
|
|t:|1757873115
|move|p1a: Blaziken|Focus Energy|p1a: Blaziken
|-start|p1a: Blaziken|move: Focus Energy
|move|p2a: Dragonite|Roost|p2a: Dragonite
|-heal|p2a: Dragonite|100/100
|
|-ability|p1a: Blaziken|Speed Boost|boost
|-boost|p1a: Blaziken|spe|1
|upkeep
|turn|16
|
|t:|1757873122
|move|p1a: Blaziken|Overheat|p2a: Dragonite
|-crit|p2a: Dragonite
|-damage|p2a: Dragonite|53/100
|-unboost|p1a: Blaziken|spa|2
|move|p2a: Dragonite|Earthquake|p1a: Blaziken
|-supereffective|p1a: Blaziken
|-damage|p1a: Blaziken|0 fnt
|faint|p1a: Blaziken
|
|upkeep
|c|☆skidog|gg
|-message|skidog forfeited.
|
|win|Prav33n
|raw|skidog's rating: 1727 &rarr; <strong>1710</strong><br />(-17 for losing)
|raw|Prav33n's rating: 1783 &rarr; <strong>1800</strong><br />(+17 for winning)
|c|☆Prav33n|gg
|l|☆skidog
|player|p1|
|l| magma_man85
|l|☆Prav33n
|player|p2|
