|j|☆mathismathin
|j|☆bidofest
|t:|1757899797
|gametype|singles
|player|p1|mathismathin|hilbert|1566
|player|p2|bidofest|265|1635
|gen|9
|tier|[Gen 9] OU
|rated|
|rule|HP Percentage Mod: HP is shown in percentages
|rule|Endless Battle Clause: Forcing endless battles is banned
|rule|Species Clause: Limit one of each Pokémon
|rule|OHKO Clause: OHKO moves are banned
|rule|Evasion Items Clause: Evasion items are banned
|rule|Evasion Moves Clause: Evasion moves are banned
|rule|Evasion Abilities Clause: Evasion abilities are banned
|rule|Sleep Moves Clause: Sleep-inducing moves are banned
|clearpoke
|poke|p1|Heatran, M|
|poke|p1|Zapdos|
|poke|p1|Primarina, F|
|poke|p1|Toxtricity, M|
|poke|p1|Yanmega, M|
|poke|p1|Iron Crown|
|poke|p2|Darkrai|
|poke|p2|Alomomola, M|
|poke|p2|Corviknight, M|
|poke|p2|Weezing-Galar, M|
|poke|p2|Ogerpon, F|
|poke|p2|Garchomp, M|
|teampreview
|
|t:|1757899824
|teamsize|p1|6
|teamsize|p2|6
|start
|switch|p1a: Primarina|Primarina, F|100/100
|switch|p2a: Garchomp|Garchomp, M|100/100
|turn|1
|inactive|Battle timer is ON: inactive players will automatically lose when time's up. (requested by bidofest)
|
|t:|1757899838
|switch|p2a: Alomomola|Alomomola, M|100/100
|move|p1a: Primarina|Moonblast|p2a: Alomomola
|-damage|p2a: Alomomola|74/100
|-unboost|p2a: Alomomola|spa|1
|
|upkeep
|turn|2
|
|t:|1757899844
|move|p1a: Primarina|Moonblast|p2a: Alomomola
|-damage|p2a: Alomomola|50/100
|move|p2a: Alomomola|Flip Turn|p1a: Primarina
|-resisted|p1a: Primarina
|-damage|p1a: Primarina|90/100
|
|t:|1757899850
|switch|p2a: Ogerpon|Ogerpon, F|100/100|[from] Flip Turn
|
|upkeep
|turn|3
|
|t:|1757899864
|switch|p1a: Heatran|Heatran, M|100/100
|move|p2a: Ogerpon|Knock Off|p1a: Heatran
|-damage|p1a: Heatran|67/100
|-enditem|p1a: Heatran|Throat Spray|[from] move: Knock Off|[of] p2a: Ogerpon
|
|upkeep
|turn|4
|
|t:|1757899869
|switch|p2a: Alomomola|Alomomola, M|83/100
|move|p1a: Heatran|Fire Blast|p2a: Alomomola
|-resisted|p2a: Alomomola
|-damage|p2a: Alomomola|67/100
|
|upkeep
|turn|5
|
|t:|1757899880
|switch|p1a: Primarina|Primarina, F|90/100
|move|p2a: Alomomola|Flip Turn|p1a: Primarina
|-resisted|p1a: Primarina
|-damage|p1a: Primarina|78/100
|
|t:|1757899888
|switch|p2a: Ogerpon|Ogerpon, F|100/100|[from] Flip Turn
|
|upkeep
|turn|6
|
|t:|1757899905
|move|p2a: Ogerpon|Ivy Cudgel|p1a: Primarina
|-supereffective|p1a: Primarina
|-damage|p1a: Primarina|0 fnt
|faint|p1a: Primarina
|
|upkeep
|
|t:|1757899912
|switch|p1a: Zapdos|Zapdos|100/100
|-ability|p1a: Zapdos|Pressure
|turn|7
|
|t:|1757899923
|switch|p2a: Alomomola|Alomomola, M|100/100
|move|p1a: Zapdos|Metal Sound|p2a: Alomomola
|-unboost|p2a: Alomomola|spd|2
|-enditem|p1a: Zapdos|Throat Spray
|-boost|p1a: Zapdos|spa|1|[from] item: Throat Spray
|
|upkeep
|turn|8
|
|t:|1757899940
|switch|p2a: Garchomp|Garchomp, M|100/100
|move|p1a: Zapdos|Thunderbolt|p2a: Garchomp
|-immune|p2a: Garchomp
|
|upkeep
|turn|9
|
|t:|1757899952
|move|p1a: Zapdos|Hurricane|p2a: Garchomp
|-damage|p2a: Garchomp|17/100
|move|p2a: Garchomp|Dragon Tail|p1a: Zapdos
|-damage|p1a: Zapdos|67/100
|drag|p1a: Yanmega|Yanmega, M|100/100
|
|upkeep
|turn|10
|
|t:|1757899963
|switch|p2a: Corviknight|Corviknight, M|100/100
|-ability|p2a: Corviknight|Pressure
|move|p1a: Yanmega|Bug Buzz|p2a: Corviknight
|-resisted|p2a: Corviknight
|-damage|p2a: Corviknight|93/100
|-enditem|p1a: Yanmega|Throat Spray
|-boost|p1a: Yanmega|spa|1|[from] item: Throat Spray
|
|-heal|p2a: Corviknight|99/100|[from] item: Leftovers
|-ability|p1a: Yanmega|Speed Boost|boost
|-boost|p1a: Yanmega|spe|1
|upkeep
|turn|11
|
|t:|1757899991
|move|p1a: Yanmega|Air Slash|p2a: Corviknight
|-resisted|p2a: Corviknight
|-damage|p2a: Corviknight|80/100
|move|p2a: Corviknight|Brave Bird|p1a: Yanmega
|-supereffective|p1a: Yanmega
|-damage|p1a: Yanmega|8/100
|-damage|p2a: Corviknight|56/100|[from] Recoil
|
|-heal|p2a: Corviknight|63/100|[from] item: Leftovers
|-ability|p1a: Yanmega|Speed Boost|boost
|-boost|p1a: Yanmega|spe|1
|upkeep
|turn|12
|
|t:|1757900002
|move|p1a: Yanmega|Air Slash|p2a: Corviknight
|-resisted|p2a: Corviknight
|-damage|p2a: Corviknight|41/100
|move|p2a: Corviknight|Roost|p2a: Corviknight
|-heal|p2a: Corviknight|91/100
|-singleturn|p2a: Corviknight|move: Roost
|
|-heal|p2a: Corviknight|97/100|[from] item: Leftovers
|-ability|p1a: Yanmega|Speed Boost|boost
|-boost|p1a: Yanmega|spe|1
|upkeep
|turn|13
|
|t:|1757900016
|move|p1a: Yanmega|Air Slash|p2a: Corviknight
|-resisted|p2a: Corviknight
|-damage|p2a: Corviknight|77/100
|move|p2a: Corviknight|U-turn|p1a: Yanmega
|-resisted|p1a: Yanmega
|-damage|p1a: Yanmega|0 fnt
|faint|p1a: Yanmega
|
|t:|1757900026
|switch|p2a: Alomomola|Alomomola, M|100/100|[from] U-turn
|
|upkeep
|
|t:|1757900038
|switch|p1a: Iron Crown|Iron Crown|100/100
|turn|14
|
|t:|1757900043
|move|p1a: Iron Crown|Agility|p1a: Iron Crown
|-boost|p1a: Iron Crown|spe|2
|move|p2a: Alomomola|Flip Turn|p1a: Iron Crown
|-damage|p1a: Iron Crown|81/100
|
|t:|1757900067
|switch|p2a: Ogerpon|Ogerpon, F|100/100|[from] Flip Turn
|
|upkeep
|turn|15
|
|t:|1757900070
|move|p1a: Iron Crown|Psychic Noise|p2a: Ogerpon
|-damage|p2a: Ogerpon|54/100
|-start|p2a: Ogerpon|move: Heal Block
|-enditem|p1a: Iron Crown|Throat Spray
|-boost|p1a: Iron Crown|spa|1|[from] item: Throat Spray
|move|p2a: Ogerpon|Encore|p1a: Iron Crown
|-start|p1a: Iron Crown|Encore
|
|upkeep
|turn|16
|
|t:|1757900080
|-end|p1a: Iron Crown|Quark Drive|[silent]
|switch|p1a: Heatran|Heatran, M|67/100
|switch|p2a: Darkrai|Darkrai|100/100
|
|upkeep
|turn|17
|
|t:|1757900091
|switch|p1a: Toxtricity|Toxtricity, M|100/100
|-terastallize|p2a: Darkrai|Dark
|move|p2a: Darkrai|Dark Pulse|p1a: Toxtricity
|-damage|p1a: Toxtricity|0 fnt
|faint|p1a: Toxtricity
|
|upkeep
|-message|mathismathin forfeited.
|
|win|bidofest
|raw|mathismathin's rating: 1511 &rarr; <strong>1498</strong><br />(-13 for losing)
|raw|bidofest's rating: 1635 &rarr; <strong>1648</strong><br />(+13 for winning)
|l|☆mathismathin
|player|p1|
|l|☆bidofest
|player|p2|
