|j|☆iNatu
|j|☆BananaJoJoJoJo
|inactive|Battle timer is ON: inactive players will automatically lose when time's up.
|t:|1757945429
|gametype|singles
|player|p1|iNatu|psychic-gen4|
|player|p2|BananaJoJoJoJo|169|
|gen|9
|tier|[Gen 9] OU
|rated|Tournament battle
|rule|HP Percentage Mod: HP is shown in percentages
|rule|Endless Battle Clause: Forcing endless battles is banned
|rule|Species Clause: Limit one of each Pokémon
|rule|OHKO Clause: OHKO moves are banned
|rule|Evasion Items Clause: Evasion items are banned
|rule|Evasion Moves Clause: Evasion moves are banned
|rule|Evasion Abilities Clause: Evasion abilities are banned
|rule|Sleep Moves Clause: Sleep-inducing moves are banned
|raw|<div class="infobox"><details class="readmore" open><summary><strong>1 custom rule:</strong></summary> -wobbuffet</details></div>
|clearpoke
|poke|p1|Coalossal, F|
|poke|p1|Fletchinder, M|
|poke|p1|Kricketot, F|
|poke|p2|Malamar, F|
|poke|p2|Magneton|
|poke|p2|Snom, M|
|teampreview
|j|*Lady Monita ☀
|
|t:|1757945444
|teamsize|p1|3
|teamsize|p2|3
|start
|switch|p1a: Kricketot|Kricketot, F|100/100
|switch|p2a: Snom|Snom, M|100/100
|turn|1
|
|t:|1757945448
|move|p1a: Kricketot|Skitter Smack|p2a: Snom
|-damage|p2a: Snom|50/100
|-unboost|p2a: Snom|spa|1
|move|p2a: Snom|Icicle Spear|p1a: Kricketot
|-damage|p1a: Kricketot|84/100
|-damage|p1a: Kricketot|69/100
|-damage|p1a: Kricketot|54/100
|-damage|p1a: Kricketot|40/100
|-damage|p1a: Kricketot|24/100
|-hitcount|p1a: Kricketot|5
|
|upkeep
|turn|2
|
|t:|1757945454
|move|p1a: Kricketot|Lunge|p2a: Snom
|-damage|p2a: Snom|0 fnt
|faint|p2a: Snom
|
|upkeep
|
|t:|1757945456
|switch|p2a: Magneton|Magneton|100/100
|turn|3
|j| aiden022688
|
|t:|1757945460
|move|p2a: Magneton|Reflect|p2a: Magneton
|-sidestart|p2: BananaJoJoJoJo|Reflect
|move|p1a: Kricketot|Endeavor|p2a: Magneton
|-damage|p2a: Magneton|22/100
|
|upkeep
|turn|4
|
|t:|1757945466
|move|p2a: Magneton|Light Screen|p2a: Magneton
|-sidestart|p2: BananaJoJoJoJo|move: Light Screen
|move|p1a: Kricketot|Skitter Smack|p2a: Magneton
|-resisted|p2a: Magneton
|-crit|p2a: Magneton
|-damage|p2a: Magneton|12/100
|-unboost|p2a: Magneton|spa|1
|
|upkeep
|turn|5
|
|t:|1757945469
|move|p2a: Magneton|Confuse Ray|p1a: Kricketot
|-start|p1a: Kricketot|confusion
|-activate|p1a: Kricketot|confusion
|move|p1a: Kricketot|Skitter Smack|p2a: Magneton
|-resisted|p2a: Magneton
|-damage|p2a: Magneton|8/100
|-unboost|p2a: Magneton|spa|1
|
|upkeep
|turn|6
|
|t:|1757945472
|move|p2a: Magneton|Thunder Wave|p1a: Kricketot
|-status|p1a: Kricketot|par
|-activate|p1a: Kricketot|confusion
|move|p1a: Kricketot|Skitter Smack|p2a: Magneton
|-resisted|p2a: Magneton
|-damage|p2a: Magneton|4/100
|-unboost|p2a: Magneton|spa|1
|
|-activate|p1a: Kricketot|ability: Shed Skin
|-curestatus|p1a: Kricketot|par|[msg]
|upkeep
|turn|7
|
|t:|1757945476
|move|p2a: Magneton|Thunder Wave|p1a: Kricketot
|-status|p1a: Kricketot|par
|-activate|p1a: Kricketot|confusion
|move|p1a: Kricketot|Skitter Smack|p2a: Magneton
|-resisted|p2a: Magneton
|-damage|p2a: Magneton|1/100
|-unboost|p2a: Magneton|spa|1
|
|-activate|p1a: Kricketot|ability: Shed Skin
|-curestatus|p1a: Kricketot|par|[msg]
|upkeep
|turn|8
|
|t:|1757945481
|move|p2a: Magneton|Thunder Wave|p1a: Kricketot
|-status|p1a: Kricketot|par
|-activate|p1a: Kricketot|confusion
|-damage|p1a: Kricketot|9/100 par|[from] confusion
|
|upkeep
|turn|9
|
|t:|1757945491
|move|p2a: Magneton|Confuse Ray||[still]
|-fail|p2a: Magneton
|-end|p1a: Kricketot|confusion
|move|p1a: Kricketot|Skitter Smack|p2a: Magneton
|-resisted|p2a: Magneton
|-damage|p2a: Magneton|0 fnt
|faint|p2a: Magneton
|
|-activate|p1a: Kricketot|ability: Shed Skin
|-curestatus|p1a: Kricketot|par|[msg]
|upkeep
|
|t:|1757945494
|switch|p2a: Malamar|Malamar, F|100/100
|turn|10
|
|t:|1757945497
|move|p2a: Malamar|Superpower|p1a: Kricketot
|-resisted|p1a: Kricketot
|-damage|p1a: Kricketot|0 fnt
|-boost|p2a: Malamar|atk|1
|-boost|p2a: Malamar|def|1
|faint|p1a: Kricketot
|
|-sideend|p2: BananaJoJoJoJo|Reflect
|upkeep
|
|t:|1757945501
|switch|p1a: Coalossal|Coalossal, F|100/100
|turn|11
|
|t:|1757945507
|-terastallize|p1a: Coalossal|Fighting
|move|p2a: Malamar|Superpower|p1a: Coalossal
|-damage|p1a: Coalossal|64/100
|-boost|p2a: Malamar|atk|1
|-boost|p2a: Malamar|def|1
|move|p1a: Coalossal|Meteor Beam||[still]
|-prepare|p1a: Coalossal|Meteor Beam
|-boost|p1a: Coalossal|spa|1
|-enditem|p1a: Coalossal|Power Herb
|-anim|p1a: Coalossal|Meteor Beam|p2a: Malamar
|-damage|p2a: Malamar|74/100
|
|-sideend|p2: BananaJoJoJoJo|move: Light Screen
|upkeep
|turn|12
|
|t:|1757945513
|move|p2a: Malamar|Psycho Cut|p1a: Coalossal
|-supereffective|p1a: Coalossal
|-damage|p1a: Coalossal|0 fnt
|faint|p1a: Coalossal
|
|upkeep
|
|t:|1757945516
|switch|p1a: Fletchinder|Fletchinder, M|100/100
|turn|13
|
|t:|1757945520
|move|p1a: Fletchinder|Flare Blitz|p2a: Malamar
|-damage|p2a: Malamar|51/100
|-damage|p1a: Fletchinder|91/100|[from] Recoil
|move|p2a: Malamar|Liquidation|p1a: Fletchinder
|-supereffective|p1a: Fletchinder
|-damage|p1a: Fletchinder|0 fnt
|faint|p1a: Fletchinder
|
|win|BananaJoJoJoJo
|n|☆iNatu|inatu
|n|☆BananaJoJoJoJo|bananajojojojo
|n|*Lady Monita ☀|ladymonita
|n| aiden022688|aiden022688
