|j|☆Papilord69
|j|☆labeys
|t:|1757909493
|gametype|singles
|player|p1|Papilord69|266|1579
|player|p2|labeys|sordward|1588
|gen|9
|tier|[Gen 9] OU
|rated|
|rule|HP Percentage Mod: HP is shown in percentages
|rule|Endless Battle Clause: Forcing endless battles is banned
|rule|Species Clause: Limit one of each Pokémon
|rule|OHKO Clause: OHKO moves are banned
|rule|Evasion Items Clause: Evasion items are banned
|rule|Evasion Moves Clause: Evasion moves are banned
|rule|Evasion Abilities Clause: Evasion abilities are banned
|rule|Sleep Moves Clause: Sleep-inducing moves are banned
|clearpoke
|poke|p1|Tyranitar, M|
|poke|p1|Excadrill, M|
|poke|p1|Zamazenta-*|
|poke|p1|Ogerpon-Wellspring, F|
|poke|p1|Moltres|
|poke|p1|Primarina, F|
|poke|p2|Samurott-Hisui, M|
|poke|p2|Iron Treads|
|poke|p2|Iron Valiant|
|poke|p2|Zapdos|
|poke|p2|Iron Moth|
|poke|p2|Skeledirge, M|
|teampreview
|inactive|Battle timer is ON: inactive players will automatically lose when time's up. (requested by labeys)
|inactive|labeys has 120 seconds left.
|
|t:|1757909546
|teamsize|p1|6
|teamsize|p2|6
|start
|switch|p1a: Primarina|Primarina, F|100/100
|switch|p2a: Iron Valiant|Iron Valiant|100/100
|turn|1
|
|t:|1757909563
|move|p2a: Iron Valiant|Destiny Bond|p2a: Iron Valiant
|-singlemove|p2a: Iron Valiant|Destiny Bond
|move|p1a: Primarina|Calm Mind|p1a: Primarina
|-boost|p1a: Primarina|spa|1
|-boost|p1a: Primarina|spd|1
|
|upkeep
|turn|2
|
|t:|1757909568
|-end|p2a: Iron Valiant|Quark Drive|[silent]
|switch|p2a: Iron Moth|Iron Moth|100/100
|move|p1a: Primarina|Draining Kiss|p2a: Iron Moth
|-resisted|p2a: Iron Moth
|-damage|p2a: Iron Moth|93/100
|
|upkeep
|turn|3
|
|t:|1757909573
|move|p2a: Iron Moth|Sludge Wave|p1a: Primarina
|-supereffective|p1a: Primarina
|-damage|p1a: Primarina|21/100
|move|p1a: Primarina|Surf|p2a: Iron Moth
|-supereffective|p2a: Iron Moth
|-damage|p2a: Iron Moth|0 fnt
|faint|p2a: Iron Moth
|-end|p2a: Iron Moth|Quark Drive|[silent]
|
|-heal|p1a: Primarina|27/100|[from] item: Leftovers
|upkeep
|
|t:|1757909576
|switch|p2a: Samurott|Samurott-Hisui, M|100/100
|turn|4
|
|t:|1757909579
|move|p2a: Samurott|Ceaseless Edge|p1a: Primarina
|-resisted|p1a: Primarina
|-crit|p1a: Primarina
|-damage|p1a: Primarina|0 fnt
|-sidestart|p1: Papilord69|Spikes
|faint|p1a: Primarina
|
|upkeep
|
|t:|1757909585
|switch|p1a: Ogerpon|Ogerpon-Wellspring, F|100/100
|-damage|p1a: Ogerpon|88/100|[from] Spikes
|turn|5
|
|t:|1757909589
|switch|p2a: Zapdos|Zapdos|100/100
|move|p1a: Ogerpon|Power Whip|p2a: Zapdos
|-resisted|p2a: Zapdos
|-damage|p2a: Zapdos|75/100
|
|upkeep
|turn|6
|
|t:|1757909594
|-terastallize|p1a: Ogerpon|Water
|detailschange|p1a: Ogerpon|Ogerpon-Wellspring-Tera, F, tera:Water
|-ability|p1a: Ogerpon|Embody Aspect (Wellspring)|boost
|-boost|p1a: Ogerpon|spd|1
|move|p1a: Ogerpon|Ivy Cudgel|p2a: Zapdos|[anim] Ivy Cudgel Water
|-damage|p2a: Zapdos|19/100
|move|p2a: Zapdos|Volt Switch|p1a: Ogerpon
|-supereffective|p1a: Ogerpon
|-damage|p1a: Ogerpon|40/100
|
|t:|1757909602
|switch|p2a: Iron Valiant|Iron Valiant|100/100|[from] Volt Switch
|
|upkeep
|turn|7
|
|t:|1757909605
|switch|p1a: Moltres|Moltres|100/100
|move|p2a: Iron Valiant|Knock Off|p1a: Moltres
|-damage|p1a: Moltres|70/100
|-enditem|p1a: Moltres|Heavy-Duty Boots|[from] move: Knock Off|[of] p2a: Iron Valiant
|-damage|p2a: Iron Valiant|91/100|[from] item: Life Orb
|
|upkeep
|turn|8
|
|t:|1757909611
|-end|p2a: Iron Valiant|Quark Drive|[silent]
|switch|p2a: Skeledirge|Skeledirge, M|100/100
|move|p1a: Moltres|U-turn|p2a: Skeledirge
|-resisted|p2a: Skeledirge
|-damage|p2a: Skeledirge|98/100
|
|t:|1757909620
|switch|p1a: Tyranitar|Tyranitar, M|100/100|[from] U-turn
|-damage|p1a: Tyranitar|88/100|[from] Spikes
|-weather|Sandstorm|[from] ability: Sand Stream|[of] p1a: Tyranitar
|
|-weather|Sandstorm|[upkeep]
|-damage|p2a: Skeledirge|92/100|[from] Sandstorm
|-heal|p2a: Skeledirge|98/100|[from] item: Leftovers
|upkeep
|turn|9
|
|t:|1757909624
|move|p2a: Skeledirge|Will-O-Wisp|p1a: Tyranitar
|-status|p1a: Tyranitar|brn
|move|p1a: Tyranitar|Stealth Rock|p2a: Skeledirge
|-sidestart|p2: labeys|move: Stealth Rock
|
|-weather|Sandstorm|[upkeep]
|-damage|p2a: Skeledirge|92/100|[from] Sandstorm
|-heal|p2a: Skeledirge|98/100|[from] item: Leftovers
|-damage|p1a: Tyranitar|82/100 brn|[from] brn
|upkeep
|turn|10
|
|t:|1757909631
|switch|p2a: Iron Treads|Iron Treads|100/100
|move|p1a: Tyranitar|Knock Off|p2a: Iron Treads
|-damage|p2a: Iron Treads|84/100
|-enditem|p2a: Iron Treads|Heavy-Duty Boots|[from] move: Knock Off|[of] p1a: Tyranitar
|
|-weather|Sandstorm|[upkeep]
|-damage|p1a: Tyranitar|76/100 brn|[from] brn
|upkeep
|turn|11
|
|t:|1757909642
|switch|p1a: Excadrill|Excadrill, M|100/100
|-item|p1a: Excadrill|Air Balloon
|move|p2a: Iron Treads|Rapid Spin|p1a: Excadrill
|-resisted|p1a: Excadrill
|-damage|p1a: Excadrill|92/100
|-boost|p2a: Iron Treads|spe|1
|-enditem|p1a: Excadrill|Air Balloon
|-sideend|p2: labeys|Stealth Rock|[from] move: Rapid Spin|[of] p2a: Iron Treads
|
|-weather|Sandstorm|[upkeep]
|upkeep
|turn|12
|
|t:|1757909664
|-terastallize|p2a: Iron Treads|Ghost
|move|p1a: Excadrill|Earthquake|p2a: Iron Treads
|-damage|p2a: Iron Treads|42/100
|move|p2a: Iron Treads|Earthquake|p1a: Excadrill
|-supereffective|p1a: Excadrill
|-damage|p1a: Excadrill|0 fnt
|faint|p1a: Excadrill
|
|-weather|Sandstorm|[upkeep]
|-damage|p2a: Iron Treads|36/100|[from] Sandstorm
|upkeep
|
|t:|1757909677
|switch|p1a: Moltres|Moltres|70/100
|turn|13
|
|t:|1757909687
|move|p2a: Iron Treads|Stealth Rock|p1a: Moltres
|-sidestart|p1: Papilord69|move: Stealth Rock
|move|p1a: Moltres|Flamethrower|p2a: Iron Treads
|-damage|p2a: Iron Treads|0 fnt
|faint|p2a: Iron Treads
|-end|p2a: Iron Treads|Quark Drive|[silent]
|
|-weather|Sandstorm|[upkeep]
|-damage|p1a: Moltres|64/100|[from] Sandstorm
|upkeep
|
|t:|1757909689
|switch|p2a: Zapdos|Zapdos|19/100
|turn|14
|
|t:|1757909692
|move|p2a: Zapdos|Roost|p2a: Zapdos
|-heal|p2a: Zapdos|69/100
|-singleturn|p2a: Zapdos|move: Roost
|move|p1a: Moltres|Flamethrower|p2a: Zapdos
|-damage|p2a: Zapdos|33/100
|
|-weather|Sandstorm|[upkeep]
|-damage|p2a: Zapdos|27/100|[from] Sandstorm
|-damage|p1a: Moltres|58/100|[from] Sandstorm
|upkeep
|turn|15
|
|t:|1757909698
|move|p2a: Zapdos|Roost|p2a: Zapdos
|-heal|p2a: Zapdos|77/100
|-singleturn|p2a: Zapdos|move: Roost
|move|p1a: Moltres|Flamethrower|p2a: Zapdos
|-damage|p2a: Zapdos|39/100
|
|-weather|none
|upkeep
|turn|16
|
|t:|1757909700
|move|p2a: Zapdos|Roost|p2a: Zapdos
|-heal|p2a: Zapdos|89/100
|-singleturn|p2a: Zapdos|move: Roost
|move|p1a: Moltres|Flamethrower|p2a: Zapdos
|-damage|p2a: Zapdos|54/100
|
|upkeep
|turn|17
|
|t:|1757909703
|move|p2a: Zapdos|Roost|p2a: Zapdos
|-heal|p2a: Zapdos|100/100
|-singleturn|p2a: Zapdos|move: Roost
|move|p1a: Moltres|Will-O-Wisp|p2a: Zapdos
|-status|p2a: Zapdos|brn
|
|-damage|p2a: Zapdos|94/100 brn|[from] brn
|upkeep
|turn|18
|
|t:|1757909706
|switch|p1a: Tyranitar|Tyranitar, M|76/100 brn
|-damage|p1a: Tyranitar|63/100 brn|[from] Spikes
|-damage|p1a: Tyranitar|51/100 brn|[from] Stealth Rock
|-weather|Sandstorm|[from] ability: Sand Stream|[of] p1a: Tyranitar
|move|p2a: Zapdos|Volt Switch|p1a: Tyranitar
|-crit|p1a: Tyranitar
|-damage|p1a: Tyranitar|32/100 brn
|-message|Papilord69 forfeited.
|
|win|labeys
|raw|Papilord69's rating: 1579 &rarr; <strong>1560</strong><br />(-19 for losing)
|raw|labeys's rating: 1588 &rarr; <strong>1607</strong><br />(+19 for winning)
|l|☆Papilord69
|player|p1|
|l|☆labeys
|player|p2|
