|j|☆uihjvb
|j|☆Boomix
|t:|1757845964
|gametype|singles
|player|p1|uihjvb|265|1076
|player|p2|Boomix|swimmerf-gen4|1031
|gen|9
|tier|[Gen 9] OU
|rated|
|rule|HP Percentage Mod: HP is shown in percentages
|rule|Endless Battle Clause: Forcing endless battles is banned
|rule|Species Clause: Limit one of each Pokémon
|rule|OHKO Clause: OHKO moves are banned
|rule|Evasion Items Clause: Evasion items are banned
|rule|Evasion Moves Clause: Evasion moves are banned
|rule|Evasion Abilities Clause: Evasion abilities are banned
|rule|Sleep Moves Clause: Sleep-inducing moves are banned
|clearpoke
|poke|p1|Ceruledge, F|
|poke|p1|Dondozo, M|
|poke|p1|Scizor, F|
|poke|p1|Dragapult, M|
|poke|p1|Dragonite, F|
|poke|p1|Gliscor, M|
|poke|p2|Tornadus, M|
|poke|p2|Maushold-Four|
|poke|p2|Cloyster, F|
|poke|p2|Serperior, F|
|poke|p2|Enamorus, F|
|poke|p2|Blaziken, F|
|teampreview
|inactive|Battle timer is ON: inactive players will automatically lose when time's up. (requested by Boomix)
|
|t:|1757845973
|teamsize|p1|6
|teamsize|p2|6
|start
|switch|p1a: Dondozo|Dondozo, M|100/100
|switch|p2a: Snakey|Serperior, F, shiny|100/100
|turn|1
|l|☆Boomix
|inactive|Boomix disconnected and has a minute to reconnect!
|player|p2|
|j|☆Boomix
|inactive|Boomix reconnected and has 140 seconds left.
|player|p2|Boomix|swimmerf-gen4|
|
|t:|1757845989
|move|p2a: Snakey|Leaf Storm|p1a: Dondozo
|-supereffective|p1a: Dondozo
|-damage|p1a: Dondozo|0 fnt
|-boost|p2a: Snakey|spa|2
|faint|p1a: Dondozo
|
|upkeep
|
|t:|1757845998
|switch|p1a: Ceruledge|Ceruledge, F|100/100
|turn|2
|
|t:|1757846006
|-terastallize|p2a: Snakey|Water
|move|p2a: Snakey|Leaf Storm|p1a: Ceruledge
|-resisted|p1a: Ceruledge
|-damage|p1a: Ceruledge|17/100
|-boost|p2a: Snakey|spa|2
|move|p1a: Ceruledge|Swords Dance|p1a: Ceruledge
|-boost|p1a: Ceruledge|atk|2
|
|upkeep
|turn|3
|
|t:|1757846021
|move|p1a: Ceruledge|Shadow Sneak|p2a: Snakey
|-damage|p2a: Snakey|48/100
|move|p2a: Snakey|Leaf Storm|p1a: Ceruledge
|-resisted|p1a: Ceruledge
|-damage|p1a: Ceruledge|0 fnt
|-boost|p2a: Snakey|spa|2
|faint|p1a: Ceruledge
|
|upkeep
|
|t:|1757846033
|switch|p1a: Scizor|Scizor, F|100/100
|turn|4
|
|t:|1757846038
|move|p1a: Scizor|Bullet Punch|p2a: Snakey
|-resisted|p2a: Snakey
|-damage|p2a: Snakey|32/100
|move|p2a: Snakey|Leaf Storm|p1a: Scizor
|-resisted|p1a: Scizor
|-damage|p1a: Scizor|21/100
|
|-heal|p1a: Scizor|27/100|[from] item: Leftovers
|upkeep
|turn|5
|
|t:|1757846048
|move|p2a: Snakey|Leaf Storm|p1a: Scizor|[miss]
|-miss|p2a: Snakey|p1a: Scizor
|move|p1a: Scizor|U-turn|p2a: Snakey
|-damage|p2a: Snakey|0 fnt
|faint|p2a: Snakey
|
|t:|1757846065
|switch|p1a: Dragonite|Dragonite, F|100/100|[from] U-turn
|
|upkeep
|
|t:|1757846075
|switch|p2a: Cloyster|Cloyster, F, shiny|100/100
|turn|6
|
|t:|1757846084
|-terastallize|p1a: Dragonite|Normal
|move|p1a: Dragonite|Dragon Dance|p1a: Dragonite
|-boost|p1a: Dragonite|atk|1
|-boost|p1a: Dragonite|spe|1
|move|p2a: Cloyster|Shell Smash|p2a: Cloyster
|-unboost|p2a: Cloyster|def|1
|-unboost|p2a: Cloyster|spd|1
|-boost|p2a: Cloyster|atk|2
|-boost|p2a: Cloyster|spa|2
|-boost|p2a: Cloyster|spe|2
|-enditem|p2a: Cloyster|White Herb
|-clearnegativeboost|p2a: Cloyster|[silent]
|
|upkeep
|turn|7
|
|t:|1757846102
|move|p2a: Cloyster|Icicle Spear|p1a: Dragonite
|-damage|p1a: Dragonite|87/100
|-damage|p1a: Dragonite|64/100
|-damage|p1a: Dragonite|36/100
|-damage|p1a: Dragonite|11/100
|-damage|p1a: Dragonite|0 fnt
|faint|p1a: Dragonite
|-hitcount|p1: Dragonite|5
|
|upkeep
|
|t:|1757846115
|switch|p1a: Dragapult|Dragapult, M|100/100
|turn|8
|inactive|Boomix has 120 seconds left.
|
|t:|1757846147
|move|p2a: Cloyster|Icicle Spear|p1a: Dragapult
|-supereffective|p1a: Dragapult
|-damage|p1a: Dragapult|31/100
|-supereffective|p1a: Dragapult
|-damage|p1a: Dragapult|0 fnt
|faint|p1a: Dragapult
|-hitcount|p1: Dragapult|2
|
|upkeep
|
|t:|1757846156
|switch|p1a: Scizor|Scizor, F|27/100
|turn|9
|
|t:|1757846166
|move|p1a: Scizor|Bullet Punch|p2a: Cloyster
|-damage|p2a: Cloyster|79/100
|move|p2a: Cloyster|Rock Blast|p1a: Scizor
|-damage|p1a: Scizor|16/100
|-damage|p1a: Scizor|5/100
|-damage|p1a: Scizor|0 fnt
|faint|p1a: Scizor
|-hitcount|p1: Scizor|3
|
|upkeep
|
|t:|1757846175
|switch|p1a: Gliscor|Gliscor, M|100/100
|turn|10
|
|t:|1757846183
|move|p1a: Gliscor|Protect|p1a: Gliscor
|-singleturn|p1a: Gliscor|Protect
|move|p2a: Cloyster|Icicle Spear|p1a: Gliscor
|-activate|p1a: Gliscor|move: Protect
|
|-status|p1a: Gliscor|tox|[from] item: Toxic Orb
|upkeep
|turn|11
|
|t:|1757846192
|move|p2a: Cloyster|Icicle Spear|p1a: Gliscor
|-supereffective|p1a: Gliscor
|-damage|p1a: Gliscor|45/100 tox
|-supereffective|p1a: Gliscor
|-damage|p1a: Gliscor|0 fnt
|faint|p1a: Gliscor
|-hitcount|p1: Gliscor|2
|
|win|Boomix
|raw|uihjvb's rating: 1076 &rarr; <strong>1052</strong><br />(-24 for losing)
|raw|Boomix's rating: 1031 &rarr; <strong>1071</strong><br />(+40 for winning)
|l|☆uihjvb
|player|p1|
