|j|☆itsgentlecrab
|j|☆CosmicMD
|t:|1757929733
|gametype|singles
|player|p1|itsgentlecrab|mina-lgpe|1427
|player|p2|CosmicMD|colress|1412
|gen|9
|tier|[Gen 9] OU
|rated|
|rule|HP Percentage Mod: HP is shown in percentages
|rule|Endless Battle Clause: Forcing endless battles is banned
|rule|Species Clause: Limit one of each Pokémon
|rule|OHKO Clause: OHKO moves are banned
|rule|Evasion Items Clause: Evasion items are banned
|rule|Evasion Moves Clause: Evasion moves are banned
|rule|Evasion Abilities Clause: Evasion abilities are banned
|rule|Sleep Moves Clause: Sleep-inducing moves are banned
|clearpoke
|poke|p1|Regidrago|
|poke|p1|Corviknight, M|
|poke|p1|Scizor, M|
|poke|p1|Ting-Lu|
|poke|p1|Scream Tail|
|poke|p1|Volcanion|
|poke|p2|Moltres|
|poke|p2|Great Tusk|
|poke|p2|Meowscarada, F|
|poke|p2|Gholdengo|
|poke|p2|Clodsire, F|
|poke|p2|Hydrapple, M|
|teampreview
|inactive|Battle timer is ON: inactive players will automatically lose when time's up. (requested by CosmicMD)
|c|☆CosmicMD|glhf
|c|☆itsgentlecrab|u2
|
|t:|1757929748
|teamsize|p1|6
|teamsize|p2|6
|start
|switch|p1a: Paris Teargas|Volcanion|100/100
|switch|p2a: Meowscarada|Meowscarada, F|100/100
|turn|1
|
|t:|1757929755
|move|p2a: Meowscarada|U-turn|p1a: Paris Teargas
|-start|p2a: Meowscarada|typechange|Bug|[from] ability: Protean
|-resisted|p1a: Paris Teargas
|-damage|p1a: Paris Teargas|82/100
|
|t:|1757929765
|switch|p2a: Clodsire|Clodsire, F|100/100|[from] U-turn
|move|p1a: Paris Teargas|Steam Eruption|p2a: Clodsire
|-immune|p2a: Clodsire|[from] ability: Water Absorb
|
|upkeep
|turn|2
|
|t:|1757929771
|move|p1a: Paris Teargas|Taunt|p2a: Clodsire
|-start|p2a: Clodsire|move: Taunt
|cant|p2a: Clodsire|move: Taunt|Stealth Rock
|
|upkeep
|turn|3
|
|t:|1757929776
|switch|p1a: Ghost in the Shell|Ting-Lu|100/100
|-ability|p1a: Ghost in the Shell|Vessel of Ruin
|move|p2a: Clodsire|Earthquake|p1a: Ghost in the Shell
|-damage|p1a: Ghost in the Shell|86/100
|
|-heal|p1a: Ghost in the Shell|92/100|[from] item: Leftovers
|upkeep
|turn|4
|
|t:|1757929782
|switch|p2a: Great Tusk|Great Tusk|100/100
|move|p1a: Ghost in the Shell|Stealth Rock|p2a: Great Tusk
|-sidestart|p2: CosmicMD|move: Stealth Rock
|
|-heal|p1a: Ghost in the Shell|98/100|[from] item: Leftovers
|upkeep
|turn|5
|
|t:|1757929786
|switch|p1a: gggiiiiirrrrlllll|Scream Tail|100/100
|move|p2a: Great Tusk|Rapid Spin|p1a: gggiiiiirrrrlllll
|-damage|p1a: gggiiiiirrrrlllll|84/100
|-boost|p2a: Great Tusk|spe|1
|-sideend|p2: CosmicMD|Stealth Rock|[from] move: Rapid Spin|[of] p2a: Great Tusk
|
|-heal|p1a: gggiiiiirrrrlllll|90/100|[from] item: Leftovers
|upkeep
|turn|6
|
|t:|1757929795
|-end|p2a: Great Tusk|Protosynthesis|[silent]
|switch|p2a: Gholdengo|Gholdengo|100/100
|move|p1a: gggiiiiirrrrlllll|Psychic Noise|p2a: Gholdengo
|-resisted|p2a: Gholdengo
|-damage|p2a: Gholdengo|90/100
|-start|p2a: Gholdengo|move: Heal Block
|
|-heal|p1a: gggiiiiirrrrlllll|96/100|[from] item: Leftovers
|upkeep
|turn|7
|
|t:|1757929803
|-end|p1a: gggiiiiirrrrlllll|Protosynthesis|[silent]
|switch|p1a: Paris Teargas|Volcanion|82/100
|move|p2a: Gholdengo|Shadow Ball|p1a: Paris Teargas
|-damage|p1a: Paris Teargas|30/100
|-unboost|p1a: Paris Teargas|spd|1
|
|-end|p2a: Gholdengo|move: Heal Block
|upkeep
|turn|8
|
|t:|1757929809
|switch|p1a: Ghost in the Shell|Ting-Lu|98/100
|-ability|p1a: Ghost in the Shell|Vessel of Ruin
|move|p2a: Gholdengo|Shadow Ball|p1a: Ghost in the Shell
|-resisted|p1a: Ghost in the Shell
|-damage|p1a: Ghost in the Shell|89/100
|
|-heal|p1a: Ghost in the Shell|95/100|[from] item: Leftovers
|upkeep
|turn|9
|
|t:|1757929816
|switch|p2a: Meowscarada|Meowscarada, F|100/100
|move|p1a: Ghost in the Shell|Ruination|p2a: Meowscarada
|-damage|p2a: Meowscarada|51/100
|
|-heal|p1a: Ghost in the Shell|100/100|[from] item: Leftovers
|upkeep
|turn|10
|
|t:|1757929821
|switch|p1a: Quantuuuum|Scizor, M|100/100
|move|p2a: Meowscarada|U-turn|p1a: Quantuuuum
|-start|p2a: Meowscarada|typechange|Bug|[from] ability: Protean
|-resisted|p1a: Quantuuuum
|-damage|p1a: Quantuuuum|80/100
|
|t:|1757929825
|switch|p2a: Moltres|Moltres|100/100|[from] U-turn
|
|upkeep
|turn|11
|
|t:|1757929832
|switch|p1a: gggiiiiirrrrlllll|Scream Tail|96/100
|move|p2a: Moltres|U-turn|p1a: gggiiiiirrrrlllll
|-damage|p1a: gggiiiiirrrrlllll|83/100
|
|t:|1757929835
|switch|p2a: Gholdengo|Gholdengo|90/100|[from] U-turn
|
|-heal|p1a: gggiiiiirrrrlllll|89/100|[from] item: Leftovers
|upkeep
|turn|12
|
|t:|1757929842
|move|p2a: Gholdengo|Trick|p1a: gggiiiiirrrrlllll
|-activate|p2a: Gholdengo|move: Trick|[of] p1a: gggiiiiirrrrlllll
|-item|p1a: gggiiiiirrrrlllll|Choice Scarf|[from] move: Trick
|-item|p2a: Gholdengo|Leftovers|[from] move: Trick
|move|p1a: gggiiiiirrrrlllll|Wish|p1a: gggiiiiirrrrlllll
|
|-heal|p2a: Gholdengo|96/100|[from] item: Leftovers
|upkeep
|turn|13
|
|t:|1757929863
|-end|p1a: gggiiiiirrrrlllll|Protosynthesis|[silent]
|switch|p1a: Ghost in the Shell|Ting-Lu|100/100
|-ability|p1a: Ghost in the Shell|Vessel of Ruin
|switch|p2a: Clodsire|Clodsire, F|100/100
|
|upkeep
|turn|14
|
|t:|1757929869
|move|p1a: Ghost in the Shell|Earthquake|p2a: Clodsire
|-supereffective|p2a: Clodsire
|-damage|p2a: Clodsire|19/100
|move|p2a: Clodsire|Toxic|p1a: Ghost in the Shell
|-status|p1a: Ghost in the Shell|tox
|
|-heal|p2a: Clodsire|25/100|[from] item: Leftovers
|-damage|p1a: Ghost in the Shell|94/100 tox|[from] psn
|upkeep
|turn|15
|
|t:|1757929873
|switch|p2a: Moltres|Moltres|100/100
|move|p1a: Ghost in the Shell|Stealth Rock|p2a: Moltres
|-sidestart|p2: CosmicMD|move: Stealth Rock
|
|-heal|p1a: Ghost in the Shell|100/100 tox|[from] item: Leftovers
|-damage|p1a: Ghost in the Shell|88/100 tox|[from] psn
|upkeep
|turn|16
|
|t:|1757929878
|switch|p1a: gggiiiiirrrrlllll|Scream Tail|89/100
|move|p2a: Moltres|U-turn|p1a: gggiiiiirrrrlllll
|-damage|p1a: gggiiiiirrrrlllll|77/100
|
|t:|1757929884
|switch|p2a: Gholdengo|Gholdengo|96/100|[from] U-turn
|-damage|p2a: Gholdengo|90/100|[from] Stealth Rock
|
|-heal|p2a: Gholdengo|96/100|[from] item: Leftovers
|upkeep
|turn|17
|
|t:|1757929888
|-end|p1a: gggiiiiirrrrlllll|Protosynthesis|[silent]
|switch|p1a: Ghost in the Shell|Ting-Lu|88/100 tox
|-ability|p1a: Ghost in the Shell|Vessel of Ruin
|move|p2a: Gholdengo|Shadow Ball|p1a: Ghost in the Shell
|-resisted|p1a: Ghost in the Shell
|-damage|p1a: Ghost in the Shell|79/100 tox
|
|-heal|p2a: Gholdengo|100/100|[from] item: Leftovers
|-heal|p1a: Ghost in the Shell|85/100 tox|[from] item: Leftovers
|-damage|p1a: Ghost in the Shell|79/100 tox|[from] psn
|upkeep
|turn|18
|
|t:|1757929897
|switch|p2a: Great Tusk|Great Tusk|100/100
|move|p1a: Ghost in the Shell|Earthquake|p2a: Great Tusk
|-damage|p2a: Great Tusk|78/100
|
|-heal|p1a: Ghost in the Shell|85/100 tox|[from] item: Leftovers
|-damage|p1a: Ghost in the Shell|73/100 tox|[from] psn
|upkeep
|turn|19
|
|t:|1757929905
|switch|p1a: gggiiiiirrrrlllll|Scream Tail|77/100
|move|p2a: Great Tusk|Rapid Spin|p1a: gggiiiiirrrrlllll
|-damage|p1a: gggiiiiirrrrlllll|62/100
|-boost|p2a: Great Tusk|spe|1
|-sideend|p2: CosmicMD|Stealth Rock|[from] move: Rapid Spin|[of] p2a: Great Tusk
|
|upkeep
|turn|20
|
|t:|1757929915
|-end|p2a: Great Tusk|Protosynthesis|[silent]
|switch|p2a: Meowscarada|Meowscarada, F|51/100
|move|p1a: gggiiiiirrrrlllll|Wish|p1a: gggiiiiirrrrlllll
|
|upkeep
|turn|21
|
|t:|1757929921
|-end|p1a: gggiiiiirrrrlllll|Protosynthesis|[silent]
|switch|p1a: Quantuuuum|Scizor, M|80/100
|move|p2a: Meowscarada|Knock Off|p1a: Quantuuuum
|-start|p2a: Meowscarada|typechange|Dark|[from] ability: Protean
|-damage|p1a: Quantuuuum|27/100
|-enditem|p1a: Quantuuuum|Choice Band|[from] move: Knock Off|[of] p2a: Meowscarada
|
|-heal|p1a: Quantuuuum|97/100|[from] move: Wish|[wisher] gggiiiiirrrrlllll
|upkeep
|turn|22
|
|t:|1757929931
|switch|p2a: Moltres|Moltres|100/100
|switch|p1a: Paris Teargas|Volcanion|30/100
|
|upkeep
|turn|23
|
|t:|1757929938
|move|p1a: Paris Teargas|Fire Spin|p2a: Moltres
|-resisted|p2a: Moltres
|-damage|p2a: Moltres|90/100
|-activate|p2a: Moltres|move: Fire Spin|[of] p1a: Paris Teargas
|move|p2a: Moltres|U-turn|p1a: Paris Teargas
|-resisted|p1a: Paris Teargas
|-damage|p1a: Paris Teargas|22/100
|
|t:|1757929942
|switch|p2a: Clodsire|Clodsire, F|25/100|[from] U-turn
|
|-heal|p2a: Clodsire|31/100|[from] item: Leftovers
|upkeep
|turn|24
|
|t:|1757929949
|move|p1a: Paris Teargas|Flamethrower|p2a: Clodsire
|-damage|p2a: Clodsire|3/100
|move|p2a: Clodsire|Recover|p2a: Clodsire
|-heal|p2a: Clodsire|53/100
|
|-heal|p2a: Clodsire|59/100|[from] item: Leftovers
|upkeep
|turn|25
|
|t:|1757929953
|move|p1a: Paris Teargas|Fire Spin|p2a: Clodsire
|-damage|p2a: Clodsire|49/100
|-activate|p2a: Clodsire|move: Fire Spin|[of] p1a: Paris Teargas
|move|p2a: Clodsire|Recover|p2a: Clodsire
|-heal|p2a: Clodsire|99/100
|
|-heal|p2a: Clodsire|100/100|[from] item: Leftovers
|-damage|p2a: Clodsire|88/100|[from] move: Fire Spin|[partiallytrapped]
|upkeep
|turn|26
|
|t:|1757929956
|move|p1a: Paris Teargas|Taunt|p2a: Clodsire
|-start|p2a: Clodsire|move: Taunt
|cant|p2a: Clodsire|move: Taunt|Toxic
|
|-heal|p2a: Clodsire|94/100|[from] item: Leftovers
|-damage|p2a: Clodsire|82/100|[from] move: Fire Spin|[partiallytrapped]
|upkeep
|turn|27
|
|t:|1757929963
|move|p1a: Paris Teargas|Flamethrower|p2a: Clodsire
|-damage|p2a: Clodsire|53/100
|move|p2a: Clodsire|Earthquake|p1a: Paris Teargas
|-supereffective|p1a: Paris Teargas
|-damage|p1a: Paris Teargas|0 fnt
|faint|p1a: Paris Teargas
|
|-heal|p2a: Clodsire|60/100|[from] item: Leftovers
|-end|p2a: Clodsire|Fire Spin|[partiallytrapped]|[silent]
|upkeep
|
|t:|1757929975
|switch|p1a: Quantuuuum|Scizor, M|97/100
|turn|28
|
|t:|1757929978
|switch|p2a: Moltres|Moltres|90/100
|move|p1a: Quantuuuum|Knock Off|p2a: Moltres
|-damage|p2a: Moltres|66/100
|-enditem|p2a: Moltres|Heavy-Duty Boots|[from] move: Knock Off|[of] p1a: Quantuuuum
|
|upkeep
|turn|29
|
|t:|1757929984
|switch|p1a: gggiiiiirrrrlllll|Scream Tail|62/100
|move|p2a: Moltres|U-turn|p1a: gggiiiiirrrrlllll
|-damage|p1a: gggiiiiirrrrlllll|48/100
|
|t:|1757929991
|switch|p2a: Gholdengo|Gholdengo|100/100|[from] U-turn
|
|upkeep
|turn|30
|
|t:|1757929999
|-end|p1a: gggiiiiirrrrlllll|Protosynthesis|[silent]
|switch|p1a: Still|Corviknight, M|100/100
|-ability|p1a: Still|Pressure
|move|p2a: Gholdengo|Make It Rain|p1a: Still
|-resisted|p1a: Still
|-damage|p1a: Still|77/100
|-unboost|p2a: Gholdengo|spa|1
|
|-heal|p1a: Still|83/100|[from] item: Leftovers
|upkeep
|turn|31
|
|t:|1757930002
|switch|p2a: Moltres|Moltres|66/100
|move|p1a: Still|U-turn|p2a: Moltres
|-resisted|p2a: Moltres
|-damage|p2a: Moltres|64/100
|
|t:|1757930008
|switch|p1a: TEAM|Regidrago|100/100|[from] U-turn
|
|upkeep
|turn|32
|
|t:|1757930016
|switch|p2a: Clodsire|Clodsire, F|60/100
|move|p1a: TEAM|Dragon Energy|p2a: Clodsire
|-damage|p2a: Clodsire|3/100
|
|-heal|p2a: Clodsire|10/100|[from] item: Leftovers
|upkeep
|turn|33
|
|t:|1757930021
|move|p1a: TEAM|Dragon Energy|p2a: Clodsire
|-damage|p2a: Clodsire|0 fnt
|faint|p2a: Clodsire
|
|upkeep
|
|t:|1757930023
|switch|p2a: Meowscarada|Meowscarada, F|51/100
|turn|34
|
|t:|1757930033
|switch|p1a: Quantuuuum|Scizor, M|97/100
|move|p2a: Meowscarada|Triple Axel|p1a: Quantuuuum
|-start|p2a: Meowscarada|typechange|Ice|[from] ability: Protean
|-resisted|p1a: Quantuuuum
|-damage|p1a: Quantuuuum|91/100
|-resisted|p1a: Quantuuuum
|-damage|p1a: Quantuuuum|81/100
|-resisted|p1a: Quantuuuum
|-damage|p1a: Quantuuuum|65/100
|-hitcount|p1a: Quantuuuum|3
|
|upkeep
|turn|35
|
|t:|1757930043
|switch|p2a: Moltres|Moltres|64/100
|move|p1a: Quantuuuum|U-turn|p2a: Moltres
|-resisted|p2a: Moltres
|-damage|p2a: Moltres|57/100
|
|t:|1757930045
|switch|p1a: TEAM|Regidrago|100/100|[from] U-turn
|
|upkeep
|turn|36
|
|t:|1757930052
|switch|p2a: Gholdengo|Gholdengo|100/100
|move|p1a: TEAM|Dragon Energy|p2a: Gholdengo
|-resisted|p2a: Gholdengo
|-damage|p2a: Gholdengo|46/100
|
|-heal|p2a: Gholdengo|52/100|[from] item: Leftovers
|upkeep
|turn|37
|
|t:|1757930072
|move|p1a: TEAM|Dragon Energy|p2a: Gholdengo
|-resisted|p2a: Gholdengo
|-damage|p2a: Gholdengo|0 fnt
|faint|p2a: Gholdengo
|
|upkeep
|
|t:|1757930075
|switch|p2a: Meowscarada|Meowscarada, F|51/100
|turn|38
|
|t:|1757930093
|switch|p1a: Ghost in the Shell|Ting-Lu|73/100 tox
|-ability|p1a: Ghost in the Shell|Vessel of Ruin
|move|p2a: Meowscarada|Triple Axel|p1a: Ghost in the Shell
|-start|p2a: Meowscarada|typechange|Ice|[from] ability: Protean
|-supereffective|p1a: Ghost in the Shell
|-damage|p1a: Ghost in the Shell|62/100 tox
|-supereffective|p1a: Ghost in the Shell
|-damage|p1a: Ghost in the Shell|39/100 tox
|-supereffective|p1a: Ghost in the Shell
|-damage|p1a: Ghost in the Shell|7/100 tox
|-hitcount|p1a: Ghost in the Shell|3
|
|-heal|p1a: Ghost in the Shell|13/100 tox|[from] item: Leftovers
|-damage|p1a: Ghost in the Shell|7/100 tox|[from] psn
|upkeep
|turn|39
|
|t:|1757930102
|switch|p1a: Quantuuuum|Scizor, M|65/100
|move|p2a: Meowscarada|Triple Axel|p1a: Quantuuuum
|-resisted|p1a: Quantuuuum
|-damage|p1a: Quantuuuum|60/100
|-resisted|p1a: Quantuuuum
|-damage|p1a: Quantuuuum|49/100
|-resisted|p1a: Quantuuuum
|-damage|p1a: Quantuuuum|33/100
|-hitcount|p1a: Quantuuuum|3
|
|upkeep
|turn|40
|
|t:|1757930112
|move|p1a: Quantuuuum|Bullet Punch|p2a: Meowscarada
|-supereffective|p2a: Meowscarada
|-damage|p2a: Meowscarada|0 fnt
|faint|p2a: Meowscarada
|
|upkeep
|
|t:|1757930115
|switch|p2a: Great Tusk|Great Tusk|78/100
|turn|41
|
|t:|1757930119
|move|p2a: Great Tusk|Rapid Spin|p1a: Quantuuuum
|-resisted|p1a: Quantuuuum
|-damage|p1a: Quantuuuum|23/100
|-boost|p2a: Great Tusk|spe|1
|move|p1a: Quantuuuum|U-turn|p2a: Great Tusk
|-resisted|p2a: Great Tusk
|-damage|p2a: Great Tusk|66/100
|
|t:|1757930127
|switch|p1a: gggiiiiirrrrlllll|Scream Tail|48/100|[from] U-turn
|
|upkeep
|turn|42
|
|t:|1757930132
|move|p1a: gggiiiiirrrrlllll|Psychic Noise|p2a: Great Tusk
|-supereffective|p2a: Great Tusk
|-damage|p2a: Great Tusk|19/100
|-start|p2a: Great Tusk|move: Heal Block
|move|p2a: Great Tusk|Headlong Rush|p1a: gggiiiiirrrrlllll
|-crit|p1a: gggiiiiirrrrlllll
|-damage|p1a: gggiiiiirrrrlllll|0 fnt
|-unboost|p2a: Great Tusk|def|1
|-unboost|p2a: Great Tusk|spd|1
|faint|p1a: gggiiiiirrrrlllll
|-end|p1a: gggiiiiirrrrlllll|Protosynthesis|[silent]
|
|upkeep
|
|t:|1757930141
|switch|p1a: Quantuuuum|Scizor, M|23/100
|turn|43
|
|t:|1757930144
|-end|p2a: Great Tusk|Protosynthesis|[silent]
|switch|p2a: Moltres|Moltres|57/100
|move|p1a: Quantuuuum|Bullet Punch|p2a: Moltres
|-resisted|p2a: Moltres
|-damage|p2a: Moltres|45/100
|-status|p1a: Quantuuuum|brn|[from] ability: Flame Body|[of] p2a: Moltres
|
|-damage|p1a: Quantuuuum|17/100 brn|[from] brn
|upkeep
|turn|44
|
|t:|1757930148
|move|p1a: Quantuuuum|U-turn|p2a: Moltres
|-resisted|p2a: Moltres
|-damage|p2a: Moltres|41/100
|
|t:|1757930151
|switch|p1a: Ghost in the Shell|Ting-Lu|7/100 tox|[from] U-turn
|-ability|p1a: Ghost in the Shell|Vessel of Ruin
|move|p2a: Moltres|U-turn|p1a: Ghost in the Shell
|-supereffective|p1a: Ghost in the Shell
|-damage|p1a: Ghost in the Shell|0 fnt
|faint|p1a: Ghost in the Shell
|
|t:|1757930157
|switch|p2a: Great Tusk|Great Tusk|19/100|[from] U-turn
|
|upkeep
|
|t:|1757930161
|switch|p1a: TEAM|Regidrago|100/100
|turn|45
|
|t:|1757930164
|move|p1a: TEAM|Dragon Energy|p2a: Great Tusk
|-damage|p2a: Great Tusk|0 fnt
|faint|p2a: Great Tusk
|-end|p2a: Great Tusk|Protosynthesis|[silent]
|
|upkeep
|
|t:|1757930166
|switch|p2a: Hydrapple|Hydrapple, M|100/100
|turn|46
|
|t:|1757930173
|switch|p1a: Quantuuuum|Scizor, M|17/100 brn
|-terastallize|p2a: Hydrapple|Poison
|move|p2a: Hydrapple|Fickle Beam|p1a: Quantuuuum
|-resisted|p1a: Quantuuuum
|-damage|p1a: Quantuuuum|0 fnt
|faint|p1a: Quantuuuum
|
|upkeep
|
|t:|1757930177
|switch|p1a: Still|Corviknight, M|83/100
|-ability|p1a: Still|Pressure
|turn|47
|
|t:|1757930181
|switch|p2a: Moltres|Moltres|41/100
|move|p1a: Still|Iron Head|p2a: Moltres
|-resisted|p2a: Moltres
|-damage|p2a: Moltres|33/100
|
|-heal|p1a: Still|89/100|[from] item: Leftovers
|upkeep
|turn|48
|
|t:|1757930185
|move|p2a: Moltres|Roost|p2a: Moltres
|-heal|p2a: Moltres|83/100
|-singleturn|p2a: Moltres|move: Roost
|move|p1a: Still|U-turn|p2a: Moltres
|-resisted|p2a: Moltres
|-damage|p2a: Moltres|78/100
|
|t:|1757930187
|switch|p1a: TEAM|Regidrago|100/100|[from] U-turn
|
|upkeep
|turn|49
|
|t:|1757930189
|move|p1a: TEAM|Dragon Energy|p2a: Moltres
|-damage|p2a: Moltres|0 fnt
|faint|p2a: Moltres
|
|upkeep
|
|t:|1757930191
|switch|p2a: Hydrapple|Hydrapple, M, tera:Poison|100/100
|turn|50
|
|t:|1757930194
|move|p1a: TEAM|Dragon Energy|p2a: Hydrapple
|-damage|p2a: Hydrapple|32/100
|move|p2a: Hydrapple|Fickle Beam|p1a: TEAM
|-supereffective|p1a: TEAM
|-damage|p1a: TEAM|8/100
|
|upkeep
|turn|51
|
|t:|1757930197
|switch|p1a: Still|Corviknight, M|89/100
|-ability|p1a: Still|Pressure
|move|p2a: Hydrapple|Fickle Beam|p1a: Still
|-resisted|p1a: Still
|-damage|p1a: Still|74/100
|
|-heal|p1a: Still|80/100|[from] item: Leftovers
|upkeep
|turn|52
|
|t:|1757930200
|move|p1a: Still|Iron Head|p2a: Hydrapple
|-damage|p2a: Hydrapple|13/100
|cant|p2a: Hydrapple|flinch
|
|-heal|p1a: Still|86/100|[from] item: Leftovers
|upkeep
|turn|53
|
|t:|1757930202
|move|p1a: Still|Iron Head|p2a: Hydrapple
|-damage|p2a: Hydrapple|0 fnt
|faint|p2a: Hydrapple
|
|win|itsgentlecrab
|raw|itsgentlecrab's rating: 1427 &rarr; <strong>1446</strong><br />(+19 for winning)
|raw|CosmicMD's rating: 1412 &rarr; <strong>1393</strong><br />(-19 for losing)
|c|☆CosmicMD|ggwp
|c|☆itsgentlecrab|ggwp
|l|☆CosmicMD
|player|p2|
|l|☆itsgentlecrab
|player|p1|
