|j|☆LucyLikePizza
|j|☆Magibullet Shooter
|t:|1757825879
|gametype|singles
|player|p1|LucyLikePizza|2|1408
|player|p2|Magibullet Shooter|nancy|1358
|gen|9
|tier|[Gen 9] OU
|rated|
|rule|HP Percentage Mod: HP is shown in percentages
|rule|Endless Battle Clause: Forcing endless battles is banned
|rule|Species Clause: Limit one of each Pokémon
|rule|OHKO Clause: OHKO moves are banned
|rule|Evasion Items Clause: Evasion items are banned
|rule|Evasion Moves Clause: Evasion moves are banned
|rule|Evasion Abilities Clause: Evasion abilities are banned
|rule|Sleep Moves Clause: Sleep-inducing moves are banned
|clearpoke
|poke|p1|Arcanine, M|
|poke|p1|Gliscor, F|
|poke|p1|Sinistcha|
|poke|p1|Okidogi, M|
|poke|p1|Gholdengo|
|poke|p1|Darkrai|
|poke|p2|Blissey, F|
|poke|p2|Corviknight, F|
|poke|p2|Ogerpon-Wellspring, F|
|poke|p2|Skeledirge, F|
|poke|p2|Gliscor, M|
|poke|p2|Clodsire, F|
|teampreview
|inactive|Battle timer is ON: inactive players will automatically lose when time's up. (requested by Magibullet Shooter)
|
|t:|1757825903
|teamsize|p1|6
|teamsize|p2|6
|start
|switch|p1a: Gliscor|Gliscor, F|100/100
|switch|p2a: Gliscor|Gliscor, M|100/100
|turn|1
|
|t:|1757825908
|move|p1a: Gliscor|Protect|p1a: Gliscor
|-singleturn|p1a: Gliscor|Protect
|move|p2a: Gliscor|Protect||[still]
|-fail|p2a: Gliscor
|
|-status|p1a: Gliscor|tox|[from] item: Toxic Orb
|-status|p2a: Gliscor|tox|[from] item: Toxic Orb
|upkeep
|turn|2
|
|t:|1757825917
|move|p1a: Gliscor|Spikes|p2a: Gliscor
|-sidestart|p2: Magibullet Shooter|Spikes
|move|p2a: Gliscor|Stealth Rock|p1a: Gliscor
|-sidestart|p1: LucyLikePizza|move: Stealth Rock
|
|upkeep
|turn|3
|
|t:|1757825921
|move|p1a: Gliscor|Spikes|p2a: Gliscor
|-sidestart|p2: Magibullet Shooter|Spikes
|move|p2a: Gliscor|Knock Off|p1a: Gliscor
|-damage|p1a: Gliscor|87/100 tox
|-enditem|p1a: Gliscor|Toxic Orb|[from] move: Knock Off|[of] p2a: Gliscor
|
|-heal|p1a: Gliscor|99/100 tox|[from] ability: Poison Heal
|upkeep
|turn|4
|
|t:|1757825929
|switch|p2a: Corviknight|Corviknight, F|100/100
|-ability|p2a: Corviknight|Pressure
|move|p1a: Gliscor|Spikes|p2a: Corviknight
|-sidestart|p2: Magibullet Shooter|Spikes
|
|-heal|p1a: Gliscor|100/100 tox|[from] ability: Poison Heal
|upkeep
|turn|5
|
|t:|1757825938
|switch|p1a: Gholdengo|Gholdengo|100/100
|-damage|p1a: Gholdengo|94/100|[from] Stealth Rock
|switch|p2a: Skeledirge|Skeledirge, F|100/100
|
|upkeep
|turn|6
|
|t:|1757825945
|move|p1a: Gholdengo|Trick|p2a: Skeledirge
|-activate|p1a: Gholdengo|move: Trick|[of] p2a: Skeledirge
|-item|p2a: Skeledirge|Choice Scarf|[from] move: Trick
|-item|p1a: Gholdengo|Heavy-Duty Boots|[from] move: Trick
|move|p2a: Skeledirge|Shadow Ball|p1a: Gholdengo
|-supereffective|p1a: Gholdengo
|-damage|p1a: Gholdengo|29/100
|-unboost|p1a: Gholdengo|spd|1
|
|upkeep
|turn|7
|
|t:|1757825953
|switch|p1a: Arcanine|Arcanine, M|100/100
|-ability|p1a: Arcanine|Intimidate|boost
|-unboost|p2a: Skeledirge|atk|1
|move|p2a: Skeledirge|Shadow Ball|p1a: Arcanine
|-damage|p1a: Arcanine|78/100
|
|upkeep
|turn|8
|
|t:|1757825964
|switch|p2a: Gliscor|Gliscor, M|100/100 tox
|move|p1a: Arcanine|Flamethrower|p2a: Gliscor
|-damage|p2a: Gliscor|60/100 tox
|
|-heal|p2a: Gliscor|72/100 tox|[from] ability: Poison Heal
|upkeep
|turn|9
|
|t:|1757825972
|switch|p1a: Gliscor|Gliscor, F|100/100 tox
|-damage|p1a: Gliscor|88/100 tox|[from] Stealth Rock
|move|p2a: Gliscor|Toxic|p1a: Gliscor
|-fail|p1a: Gliscor|tox
|
|-heal|p1a: Gliscor|100/100 tox|[from] ability: Poison Heal
|-heal|p2a: Gliscor|85/100 tox|[from] ability: Poison Heal
|upkeep
|turn|10
|
|t:|1757825981
|switch|p2a: Corviknight|Corviknight, F|100/100
|-ability|p2a: Corviknight|Pressure
|move|p1a: Gliscor|Facade|p2a: Corviknight
|-resisted|p2a: Corviknight
|-damage|p2a: Corviknight|91/100
|-damage|p1a: Gliscor|84/100 tox|[from] item: Rocky Helmet|[of] p2a: Corviknight
|
|-heal|p1a: Gliscor|96/100 tox|[from] ability: Poison Heal
|upkeep
|turn|11
|
|t:|1757825992
|switch|p1a: Arcanine|Arcanine, M|78/100
|-ability|p1a: Arcanine|Intimidate|boost
|-unboost|p2a: Corviknight|atk|1
|move|p2a: Corviknight|Defog|p1a: Arcanine
|-unboost|p1a: Arcanine|evasion|1
|-sideend|p1: LucyLikePizza|Stealth Rock|[from] move: Defog|[of] p2a: Corviknight
|-sideend|p2: Magibullet Shooter|Spikes|[from] move: Defog|[of] p2a: Corviknight
|
|upkeep
|turn|12
|
|t:|1757826002
|switch|p1a: Darkrai|Darkrai|100/100
|switch|p2a: Clodsire|Clodsire, F|100/100
|
|upkeep
|turn|13
|
|t:|1757826013
|switch|p1a: Gholdengo|Gholdengo|29/100
|move|p2a: Clodsire|Spikes|p1a: Gholdengo
|-sidestart|p1: LucyLikePizza|Spikes
|
|upkeep
|turn|14
|
|t:|1757826019
|switch|p1a: Gliscor|Gliscor, F|96/100 tox
|move|p2a: Clodsire|Earthquake|p1a: Gliscor
|-immune|p1a: Gliscor
|
|-heal|p1a: Gliscor|100/100 tox|[from] ability: Poison Heal
|upkeep
|turn|15
|
|t:|1757826027
|switch|p2a: Ogerpon|Ogerpon-Wellspring, F|100/100
|move|p1a: Gliscor|Earthquake|p2a: Ogerpon
|-resisted|p2a: Ogerpon
|-damage|p2a: Ogerpon|78/100
|
|upkeep
|turn|16
|
|t:|1757826034
|switch|p1a: Okidogi|Okidogi, M|100/100
|move|p2a: Ogerpon|Ivy Cudgel|p1a: Okidogi|[anim] Ivy Cudgel Water
|-damage|p1a: Okidogi|43/100
|
|upkeep
|turn|17
|
|t:|1757826039
|-terastallize|p1a: Okidogi|Grass
|move|p2a: Ogerpon|Ivy Cudgel|p1a: Okidogi|[anim] Ivy Cudgel Water
|-resisted|p1a: Okidogi
|-damage|p1a: Okidogi|15/100
|move|p1a: Okidogi|Poison Jab|p2a: Ogerpon
|-supereffective|p2a: Ogerpon
|-damage|p2a: Ogerpon|0 fnt
|faint|p2a: Ogerpon
|
|upkeep
|
|t:|1757826051
|switch|p2a: Gliscor|Gliscor, M|85/100 tox
|turn|18
|
|t:|1757826061
|move|p1a: Okidogi|Taunt|p2a: Gliscor
|-start|p2a: Gliscor|move: Taunt
|cant|p2a: Gliscor|move: Taunt|Stealth Rock
|
|-heal|p2a: Gliscor|97/100 tox|[from] ability: Poison Heal
|upkeep
|turn|19
|
|t:|1757826067
|switch|p1a: Arcanine|Arcanine, M|78/100
|-ability|p1a: Arcanine|Intimidate|boost
|-unboost|p2a: Gliscor|atk|1
|move|p2a: Gliscor|Knock Off|p1a: Arcanine
|-damage|p1a: Arcanine|63/100
|-enditem|p1a: Arcanine|Heavy-Duty Boots|[from] move: Knock Off|[of] p2a: Gliscor
|
|-heal|p2a: Gliscor|100/100 tox|[from] ability: Poison Heal
|upkeep
|turn|20
|
|t:|1757826076
|switch|p2a: Blissey|Blissey, F|100/100
|move|p1a: Arcanine|Flamethrower|p2a: Blissey
|-damage|p2a: Blissey|89/100
|
|upkeep
|turn|21
|
|t:|1757826085
|move|p1a: Arcanine|Morning Sun|p1a: Arcanine
|-heal|p1a: Arcanine|100/100
|move|p2a: Blissey|Seismic Toss|p1a: Arcanine
|-damage|p1a: Arcanine|74/100
|
|upkeep
|turn|22
|
|t:|1757826091
|move|p1a: Arcanine|Will-O-Wisp|p2a: Blissey
|-status|p2a: Blissey|brn
|move|p2a: Blissey|Seismic Toss|p1a: Arcanine
|-damage|p1a: Arcanine|48/100
|
|-damage|p2a: Blissey|83/100 brn|[from] brn
|upkeep
|turn|23
|
|t:|1757826101
|move|p1a: Arcanine|Flamethrower|p2a: Blissey
|-damage|p2a: Blissey|71/100 brn
|move|p2a: Blissey|Seismic Toss|p1a: Arcanine
|-damage|p1a: Arcanine|22/100
|
|-damage|p2a: Blissey|65/100 brn|[from] brn
|upkeep
|turn|24
|
|t:|1757826111
|-curestatus|p2a: Blissey|brn|[from] ability: Natural Cure
|switch|p2a: Gliscor|Gliscor, M|100/100 tox
|move|p1a: Arcanine|Morning Sun|p1a: Arcanine
|-heal|p1a: Arcanine|72/100
|
|upkeep
|turn|25
|
|t:|1757826120
|switch|p1a: Gliscor|Gliscor, F|100/100 tox
|move|p2a: Gliscor|Stealth Rock|p1a: Gliscor
|-sidestart|p1: LucyLikePizza|move: Stealth Rock
|
|upkeep
|turn|26
|
|t:|1757826127
|switch|p2a: Skeledirge|Skeledirge, F|100/100
|move|p1a: Gliscor|Spikes|p2a: Skeledirge
|-sidestart|p2: Magibullet Shooter|Spikes
|
|upkeep
|turn|27
|
|t:|1757826132
|move|p2a: Skeledirge|Torch Song|p1a: Gliscor
|-damage|p1a: Gliscor|61/100 tox
|-boost|p2a: Skeledirge|spa|1
|move|p1a: Gliscor|Earthquake|p2a: Skeledirge
|-supereffective|p2a: Skeledirge
|-damage|p2a: Skeledirge|57/100
|
|-heal|p1a: Gliscor|74/100 tox|[from] ability: Poison Heal
|upkeep
|turn|28
|
|t:|1757826141
|move|p1a: Gliscor|Protect|p1a: Gliscor
|-singleturn|p1a: Gliscor|Protect
|move|p2a: Skeledirge|Torch Song|p1a: Gliscor
|-activate|p1a: Gliscor|move: Protect
|
|-heal|p1a: Gliscor|86/100 tox|[from] ability: Poison Heal
|upkeep
|turn|29
|
|t:|1757826153
|move|p2a: Skeledirge|Torch Song|p1a: Gliscor
|-damage|p1a: Gliscor|28/100 tox
|-boost|p2a: Skeledirge|spa|1
|move|p1a: Gliscor|Earthquake|p2a: Skeledirge
|-supereffective|p2a: Skeledirge
|-damage|p2a: Skeledirge|13/100
|
|-heal|p1a: Gliscor|41/100 tox|[from] ability: Poison Heal
|upkeep
|turn|30
|
|t:|1757826161
|move|p1a: Gliscor|Protect|p1a: Gliscor
|-singleturn|p1a: Gliscor|Protect
|move|p2a: Skeledirge|Torch Song|p1a: Gliscor
|-activate|p1a: Gliscor|move: Protect
|
|-heal|p1a: Gliscor|53/100 tox|[from] ability: Poison Heal
|upkeep
|turn|31
|
|t:|1757826169
|switch|p1a: Okidogi|Okidogi, M, tera:Grass|15/100
|move|p2a: Skeledirge|Torch Song|p1a: Okidogi
|-supereffective|p1a: Okidogi
|-damage|p1a: Okidogi|0 fnt
|-boost|p2a: Skeledirge|spa|1
|faint|p1a: Okidogi
|
|upkeep
|
|t:|1757826174
|switch|p1a: Darkrai|Darkrai|100/100
|-damage|p1a: Darkrai|88/100|[from] Spikes
|-damage|p1a: Darkrai|76/100|[from] Stealth Rock
|turn|32
|
|t:|1757826180
|move|p1a: Darkrai|Dark Pulse|p2a: Skeledirge
|-supereffective|p2a: Skeledirge
|-crit|p2a: Skeledirge
|-damage|p2a: Skeledirge|0 fnt
|faint|p2a: Skeledirge
|
|upkeep
|
|t:|1757826187
|switch|p2a: Clodsire|Clodsire, F|100/100
|-damage|p2a: Clodsire|88/100|[from] Spikes
|turn|33
|
|t:|1757826195
|switch|p1a: Gliscor|Gliscor, F|53/100 tox
|-damage|p1a: Gliscor|41/100 tox|[from] Stealth Rock
|move|p2a: Clodsire|Spikes|p1a: Gliscor
|-sidestart|p1: LucyLikePizza|Spikes
|
|-heal|p2a: Clodsire|94/100|[from] item: Leftovers
|-heal|p1a: Gliscor|53/100 tox|[from] ability: Poison Heal
|upkeep
|turn|34
|
|t:|1757826203
|move|p1a: Gliscor|Spikes|p2a: Clodsire
|-sidestart|p2: Magibullet Shooter|Spikes
|move|p2a: Clodsire|Liquidation|p1a: Gliscor
|-supereffective|p1a: Gliscor
|-damage|p1a: Gliscor|34/100 tox
|
|-heal|p2a: Clodsire|100/100|[from] item: Leftovers
|-heal|p1a: Gliscor|46/100 tox|[from] ability: Poison Heal
|upkeep
|turn|35
|
|t:|1757826211
|move|p1a: Gliscor|Spikes|p2a: Clodsire
|-sidestart|p2: Magibullet Shooter|Spikes
|move|p2a: Clodsire|Liquidation|p1a: Gliscor
|-supereffective|p1a: Gliscor
|-damage|p1a: Gliscor|26/100 tox
|
|-heal|p1a: Gliscor|39/100 tox|[from] ability: Poison Heal
|upkeep
|turn|36
|
|t:|1757826218
|move|p1a: Gliscor|Earthquake|p2a: Clodsire
|-supereffective|p2a: Clodsire
|-damage|p2a: Clodsire|30/100
|move|p2a: Clodsire|Liquidation|p1a: Gliscor
|-supereffective|p1a: Gliscor
|-damage|p1a: Gliscor|19/100 tox
|
|-heal|p2a: Clodsire|36/100|[from] item: Leftovers
|-heal|p1a: Gliscor|32/100 tox|[from] ability: Poison Heal
|upkeep
|turn|37
|
|t:|1757826228
|switch|p2a: Corviknight|Corviknight, F|91/100
|-ability|p2a: Corviknight|Pressure
|move|p1a: Gliscor|Facade|p2a: Corviknight
|-resisted|p2a: Corviknight
|-crit|p2a: Corviknight
|-damage|p2a: Corviknight|76/100
|-damage|p1a: Gliscor|15/100 tox|[from] item: Rocky Helmet|[of] p2a: Corviknight
|
|-heal|p1a: Gliscor|27/100 tox|[from] ability: Poison Heal
|upkeep
|turn|38
|
|t:|1757826239
|move|p1a: Gliscor|Protect|p1a: Gliscor
|-singleturn|p1a: Gliscor|Protect
|move|p2a: Corviknight|Defog|p1a: Gliscor
|-activate|p1a: Gliscor|move: Protect
|
|-heal|p1a: Gliscor|40/100 tox|[from] ability: Poison Heal
|upkeep
|turn|39
|
|t:|1757826257
|switch|p1a: Gholdengo|Gholdengo|29/100
|move|p2a: Corviknight|Defog|p1a: Gholdengo
|-immune|p1a: Gholdengo|[from] ability: Good as Gold
|
|upkeep
|turn|40
|
|t:|1757826264
|switch|p2a: Blissey|Blissey, F|65/100
|move|p1a: Gholdengo|Recover|p1a: Gholdengo
|-heal|p1a: Gholdengo|79/100
|
|upkeep
|turn|41
|-message|Magibullet Shooter forfeited.
|
|win|LucyLikePizza
|raw|LucyLikePizza's rating: 1408 &rarr; <strong>1425</strong><br />(+17 for winning)
|raw|Magibullet Shooter's rating: 1358 &rarr; <strong>1341</strong><br />(-17 for losing)
|l|☆Magibullet Shooter
|player|p2|
