|j|☆babouxr
|j|☆giovannionsteroids
|t:|1757920110
|gametype|singles
|player|p1|babouxr|1|1326
|player|p2|giovannionsteroids|giovanni|1323
|gen|9
|tier|[Gen 9] OU
|rated|
|rule|HP Percentage Mod: HP is shown in percentages
|rule|Endless Battle Clause: Forcing endless battles is banned
|rule|Species Clause: Limit one of each Pokémon
|rule|OHKO Clause: OHKO moves are banned
|rule|Evasion Items Clause: Evasion items are banned
|rule|Evasion Moves Clause: Evasion moves are banned
|rule|Evasion Abilities Clause: Evasion abilities are banned
|rule|Sleep Moves Clause: Sleep-inducing moves are banned
|clearpoke
|poke|p1|Iron Crown|
|poke|p1|Samurott-Hisui, F|
|poke|p1|Zapdos|
|poke|p1|Dragapult, F|
|poke|p1|Great Tusk|
|poke|p1|Iron Boulder|
|poke|p2|Dragapult, F|
|poke|p2|Heatran, M|
|poke|p2|Scizor, F|
|poke|p2|Gliscor, M|
|poke|p2|Milotic, M|
|poke|p2|Meowscarada, F|
|teampreview
|inactive|Battle timer is ON: inactive players will automatically lose when time's up. (requested by giovannionsteroids)
|
|t:|1757920115
|teamsize|p1|6
|teamsize|p2|6
|start
|switch|p1a: Everytime We Touch|Samurott-Hisui, F|100/100
|switch|p2a: Dragapult|Dragapult, F|100/100
|turn|1
|
|t:|1757920124
|switch|p2a: Milotic|Milotic, M|100/100
|move|p1a: Everytime We Touch|Ceaseless Edge|p2a: Milotic
|-damage|p2a: Milotic|62/100
|-sidestart|p2: giovannionsteroids|Spikes
|
|-status|p2a: Milotic|brn|[from] item: Flame Orb
|upkeep
|turn|2
|
|t:|1757920141
|move|p1a: Everytime We Touch|Ceaseless Edge|p2a: Milotic
|-damage|p2a: Milotic|35/100 brn
|-sidestart|p2: giovannionsteroids|Spikes
|move|p2a: Milotic|Recover|p2a: Milotic
|-heal|p2a: Milotic|85/100 brn
|
|-damage|p2a: Milotic|79/100 brn|[from] brn
|upkeep
|turn|3
|
|t:|1757920169
|switch|p1a: Hurikan|Zapdos|100/100
|move|p2a: Milotic|Scald|p1a: Hurikan
|-damage|p1a: Hurikan|68/100
|-status|p1a: Hurikan|brn
|
|-damage|p1a: Hurikan|62/100 brn|[from] brn
|-damage|p2a: Milotic|73/100 brn|[from] brn
|upkeep
|turn|4
|
|t:|1757920181
|switch|p2a: Heatran|Heatran, M|100/100
|-damage|p2a: Heatran|84/100|[from] Spikes
|move|p1a: Hurikan|U-turn|p2a: Heatran
|-resisted|p2a: Heatran
|-crit|p2a: Heatran
|-damage|p2a: Heatran|82/100
|inactive|babouxr has 120 seconds left.
|
|t:|1757920215
|switch|p1a: Pump It|Great Tusk|100/100|[from] U-turn
|
|upkeep
|turn|5
|
|t:|1757920235
|switch|p2a: Scizor|Scizor, F|100/100
|-damage|p2a: Scizor|84/100|[from] Spikes
|move|p1a: Pump It|Stealth Rock|p2a: Scizor
|-sidestart|p2: giovannionsteroids|move: Stealth Rock
|
|upkeep
|turn|6
|
|t:|1757920244
|move|p1a: Pump It|Headlong Rush|p2a: Scizor
|-damage|p2a: Scizor|38/100
|-unboost|p1a: Pump It|def|1
|-unboost|p1a: Pump It|spd|1
|-damage|p1a: Pump It|84/100|[from] item: Rocky Helmet|[of] p2a: Scizor
|move|p2a: Scizor|Defog|p1a: Pump It
|-unboost|p1a: Pump It|evasion|1
|-sideend|p2: giovannionsteroids|Spikes|[from] move: Defog|[of] p2a: Scizor
|-sideend|p2: giovannionsteroids|Stealth Rock|[from] move: Defog|[of] p2a: Scizor
|
|upkeep
|turn|7
|
|t:|1757920256
|move|p2a: Scizor|Bullet Punch|p1a: Pump It
|-damage|p1a: Pump It|57/100
|move|p1a: Pump It|Headlong Rush|p2a: Scizor
|-damage|p2a: Scizor|0 fnt
|-unboost|p1a: Pump It|def|1
|-unboost|p1a: Pump It|spd|1
|-damage|p1a: Pump It|40/100|[from] item: Rocky Helmet|[of] p2a: Scizor
|faint|p2a: Scizor
|
|upkeep
|
|t:|1757920271
|switch|p2a: Dragapult|Dragapult, F|100/100
|turn|8
|
|t:|1757920276
|-end|p1a: Pump It|Protosynthesis|[silent]
|switch|p1a: Everytime We Touch|Samurott-Hisui, F|100/100
|move|p2a: Dragapult|Draco Meteor|p1a: Everytime We Touch|[miss]
|-miss|p2a: Dragapult|p1a: Everytime We Touch
|
|upkeep
|turn|9
|
|t:|1757920283
|move|p1a: Everytime We Touch|Ceaseless Edge|p2a: Dragapult|[miss]
|-miss|p1a: Everytime We Touch|p2a: Dragapult
|move|p2a: Dragapult|Draco Meteor|p1a: Everytime We Touch
|-damage|p1a: Everytime We Touch|0 fnt
|-unboost|p2a: Dragapult|spa|2
|faint|p1a: Everytime We Touch
|
|upkeep
|
|t:|1757920297
|switch|p1a: Revery|Iron Boulder|100/100
|-enditem|p1a: Revery|Booster Energy
|-activate|p1a: Revery|ability: Quark Drive|[fromitem]
|-start|p1a: Revery|quarkdrivespe
|turn|10
|
|t:|1757920303
|switch|p2a: Gliscor|Gliscor, M|100/100
|move|p1a: Revery|Swords Dance|p1a: Revery
|-boost|p1a: Revery|atk|2
|
|-status|p2a: Gliscor|tox|[from] item: Toxic Orb
|upkeep
|turn|11
|
|t:|1757920314
|move|p1a: Revery|Mighty Cleave|p2a: Gliscor
|-damage|p2a: Gliscor|48/100 tox
|move|p2a: Gliscor|Swords Dance|p2a: Gliscor
|-boost|p2a: Gliscor|atk|2
|
|-heal|p2a: Gliscor|60/100 tox|[from] ability: Poison Heal
|upkeep
|turn|12
|
|t:|1757920332
|move|p1a: Revery|Swords Dance|p1a: Revery
|-boost|p1a: Revery|atk|2
|move|p2a: Gliscor|Earthquake|p1a: Revery
|-supereffective|p1a: Revery
|-damage|p1a: Revery|0 fnt
|faint|p1a: Revery
|-end|p1a: Revery|Quark Drive|[silent]
|
|-heal|p2a: Gliscor|73/100 tox|[from] ability: Poison Heal
|upkeep
|
|t:|1757920339
|switch|p1a: Pump It|Great Tusk|40/100
|turn|13
|
|t:|1757920347
|move|p1a: Pump It|Ice Spinner|p2a: Gliscor
|-supereffective|p2a: Gliscor
|-damage|p2a: Gliscor|6/100 tox
|move|p2a: Gliscor|Earthquake|p1a: Pump It
|-damage|p1a: Pump It|0 fnt
|faint|p1a: Pump It
|-end|p1a: Pump It|Protosynthesis|[silent]
|
|-heal|p2a: Gliscor|19/100 tox|[from] ability: Poison Heal
|upkeep
|
|t:|1757920362
|switch|p1a: Hurikan|Zapdos|62/100 brn
|turn|14
|
|t:|1757920367
|move|p2a: Gliscor|Protect|p2a: Gliscor
|-singleturn|p2a: Gliscor|Protect
|move|p1a: Hurikan|Hurricane|p2a: Gliscor
|-activate|p2a: Gliscor|move: Protect
|
|-heal|p2a: Gliscor|31/100 tox|[from] ability: Poison Heal
|-damage|p1a: Hurikan|56/100 brn|[from] brn
|upkeep
|turn|15
|
|t:|1757920377
|move|p1a: Hurikan|Hurricane|p2a: Gliscor|[miss]
|-miss|p1a: Hurikan|p2a: Gliscor
|move|p2a: Gliscor|Facade|p1a: Hurikan
|-damage|p1a: Hurikan|8/100 brn
|
|-heal|p2a: Gliscor|43/100 tox|[from] ability: Poison Heal
|-damage|p1a: Hurikan|2/100 brn|[from] brn
|upkeep
|turn|16
|-message|babouxr forfeited.
|
|win|giovannionsteroids
|raw|babouxr's rating: 1326 &rarr; <strong>1306</strong><br />(-20 for losing)
|raw|giovannionsteroids's rating: 1323 &rarr; <strong>1343</strong><br />(+20 for winning)
|l|☆babouxr
|player|p1|
|l|☆giovannionsteroids
|player|p2|
