|j|☆XenRenTen
|j|☆jxnpm80
|t:|1757816966
|gametype|singles
|player|p1|XenRenTen|170|1405
|player|p2|jxnpm80|2|1362
|gen|9
|tier|[Gen 9] OU
|rated|
|rule|HP Percentage Mod: HP is shown in percentages
|rule|Endless Battle Clause: Forcing endless battles is banned
|rule|Species Clause: Limit one of each Pokémon
|rule|OHKO Clause: OHKO moves are banned
|rule|Evasion Items Clause: Evasion items are banned
|rule|Evasion Moves Clause: Evasion moves are banned
|rule|Evasion Abilities Clause: Evasion abilities are banned
|rule|Sleep Moves Clause: Sleep-inducing moves are banned
|clearpoke
|poke|p1|Dragapult, F|
|poke|p1|Great Tusk|
|poke|p1|Heatran, F|
|poke|p1|Iron Hands|
|poke|p1|Iron Crown|
|poke|p1|Ogerpon-Wellspring, F|
|poke|p2|Flapple, F|
|poke|p2|Cresselia, F|
|poke|p2|Iron Moth|
|poke|p2|Kingambit, M|
|poke|p2|Iron Treads|
|poke|p2|Sandy Shocks|
|teampreview
|inactive|Battle timer is ON: inactive players will automatically lose when time's up. (requested by XenRenTen)
|
|t:|1757817018
|teamsize|p1|6
|teamsize|p2|6
|start
|switch|p1a: Dragapult|Dragapult, F|100/100
|switch|p2a: Angel|Cresselia, F|100/100
|turn|1
|
|t:|1757817024
|move|p1a: Dragapult|Shadow Ball|p2a: Angel
|-supereffective|p2a: Angel
|-damage|p2a: Angel|57/100
|-damage|p1a: Dragapult|91/100|[from] item: Life Orb
|move|p2a: Angel|Light Screen|p2a: Angel
|-sidestart|p2: jxnpm80|move: Light Screen
|
|upkeep
|turn|2
|
|t:|1757817033
|move|p1a: Dragapult|U-turn|p2a: Angel
|-supereffective|p2a: Angel
|-damage|p2a: Angel|22/100
|-damage|p1a: Dragapult|81/100|[from] item: Life Orb
|
|t:|1757817040
|switch|p1a: Great Tusk|Great Tusk|100/100|[from] U-turn
|move|p2a: Angel|Thunder Wave|p1a: Great Tusk
|-immune|p1a: Great Tusk
|
|upkeep
|turn|3
|
|t:|1757817053
|move|p1a: Great Tusk|Knock Off|p2a: Angel
|-supereffective|p2a: Angel
|-damage|p2a: Angel|0 fnt
|-enditem|p2a: Angel|Light Clay|[from] move: Knock Off|[of] p1a: Great Tusk
|faint|p2a: Angel
|
|upkeep
|
|t:|1757817059
|switch|p2a: Doomstrike|Flapple, F, shiny|100/100
|turn|4
|
|t:|1757817062
|-end|p1a: Great Tusk|Protosynthesis|[silent]
|switch|p1a: Iron Crown|Iron Crown|100/100
|move|p2a: Doomstrike|Grav Apple|p1a: Iron Crown
|-resisted|p1a: Iron Crown
|-damage|p1a: Iron Crown|72/100
|-unboost|p1a: Iron Crown|def|1
|
|upkeep
|turn|5
|
|t:|1757817075
|move|p2a: Doomstrike|Grav Apple|p1a: Iron Crown
|-resisted|p1a: Iron Crown
|-damage|p1a: Iron Crown|28/100
|-unboost|p1a: Iron Crown|def|1
|move|p1a: Iron Crown|Future Sight|p2a: Doomstrike
|-start|p1a: Iron Crown|move: Future Sight
|
|upkeep
|turn|6
|
|t:|1757817083
|move|p2a: Doomstrike|Grav Apple|p1a: Iron Crown
|-resisted|p1a: Iron Crown
|-damage|p1a: Iron Crown|0 fnt
|faint|p1a: Iron Crown
|-end|p1a: Iron Crown|Quark Drive|[silent]
|
|upkeep
|
|t:|1757817095
|switch|p1a: Iron Hands|Iron Hands|100/100
|turn|7
|
|t:|1757817101
|switch|p2a: Sneaky Golem|Kingambit, M|100/100
|-activate|p2a: Sneaky Golem|ability: Supreme Overlord
|-start|p2a: Sneaky Golem|fallen1|[silent]
|move|p1a: Iron Hands|Ice Punch|p2a: Sneaky Golem
|-resisted|p2a: Sneaky Golem
|-damage|p2a: Sneaky Golem|88/100
|
|-end|p2a: Sneaky Golem|move: Future Sight
|-immune|p2a: Sneaky Golem
|upkeep
|turn|8
|
|t:|1757817117
|-end|p2a: Sneaky Golem|fallen1|[silent]
|switch|p2a: Seth Rollins|Iron Moth|100/100
|-enditem|p2a: Seth Rollins|Booster Energy
|-activate|p2a: Seth Rollins|ability: Quark Drive|[fromitem]
|-start|p2a: Seth Rollins|quarkdrivespa
|move|p1a: Iron Hands|Thunder Punch|p2a: Seth Rollins
|-damage|p2a: Seth Rollins|28/100
|-status|p2a: Seth Rollins|par
|
|-sideend|p2: jxnpm80|move: Light Screen
|upkeep
|turn|9
|
|t:|1757817131
|cant|p2a: Seth Rollins|par
|move|p1a: Iron Hands|Thunder Punch|p2a: Seth Rollins
|-damage|p2a: Seth Rollins|0 fnt
|faint|p2a: Seth Rollins
|-end|p2a: Seth Rollins|Quark Drive|[silent]
|
|upkeep
|
|t:|1757817139
|switch|p2a: Sal Bandz|Sandy Shocks|100/100
|-enditem|p2a: Sal Bandz|Booster Energy
|-activate|p2a: Sal Bandz|ability: Protosynthesis|[fromitem]
|-start|p2a: Sal Bandz|protosynthesisspe
|turn|10
|
|t:|1757817147
|-end|p1a: Iron Hands|Quark Drive|[silent]
|switch|p1a: Heatran|Heatran, F|100/100
|-item|p1a: Heatran|Air Balloon
|move|p2a: Sal Bandz|Earth Power|p1a: Heatran
|-immune|p1a: Heatran
|
|upkeep
|turn|11
|
|t:|1757817157
|move|p2a: Sal Bandz|Volt Switch|p1a: Heatran
|-damage|p1a: Heatran|66/100
|-enditem|p1a: Heatran|Air Balloon
|
|t:|1757817168
|-end|p2a: Sal Bandz|Protosynthesis|[silent]
|switch|p2a: Coin Coffer|Iron Treads|100/100|[from] Volt Switch
|move|p1a: Heatran|Earth Power|p2a: Coin Coffer
|-supereffective|p2a: Coin Coffer
|-damage|p2a: Coin Coffer|47/100
|
|upkeep
|turn|12
|
|t:|1757817177
|-terastallize|p1a: Heatran|Ghost
|move|p2a: Coin Coffer|Earthquake|p1a: Heatran
|-damage|p1a: Heatran|22/100
|move|p1a: Heatran|Flamethrower|p2a: Coin Coffer
|-supereffective|p2a: Coin Coffer
|-damage|p2a: Coin Coffer|0 fnt
|faint|p2a: Coin Coffer
|-end|p2a: Coin Coffer|Quark Drive|[silent]
|
|upkeep
|
|t:|1757817185
|switch|p2a: Doomstrike|Flapple, F, shiny|100/100
|turn|13
|
|t:|1757817189
|move|p2a: Doomstrike|Grav Apple|p1a: Heatran
|-damage|p1a: Heatran|0 fnt
|faint|p1a: Heatran
|
|upkeep
|
|t:|1757817194
|switch|p1a: Iron Hands|Iron Hands|100/100
|turn|14
|
|t:|1757817209
|move|p2a: Doomstrike|Grav Apple|p1a: Iron Hands|[miss]
|-miss|p2a: Doomstrike|p1a: Iron Hands
|move|p1a: Iron Hands|Ice Punch|p2a: Doomstrike
|-supereffective|p2a: Doomstrike
|-damage|p2a: Doomstrike|0 fnt
|faint|p2a: Doomstrike
|
|upkeep
|
|t:|1757817212
|switch|p2a: Sal Bandz|Sandy Shocks|100/100
|turn|15
|
|t:|1757817220
|-end|p1a: Iron Hands|Quark Drive|[silent]
|switch|p1a: Dragapult|Dragapult, F|81/100
|move|p2a: Sal Bandz|Earth Power|p1a: Dragapult
|-damage|p1a: Dragapult|28/100
|
|upkeep
|turn|16
|
|t:|1757817227
|move|p1a: Dragapult|Dragon Darts|p2a: Sal Bandz
|-damage|p2a: Sal Bandz|67/100
|-anim|p1a: Dragapult|Dragon Darts|p2a: Sal Bandz
|-damage|p2a: Sal Bandz|30/100
|-damage|p1a: Dragapult|18/100|[from] item: Life Orb
|move|p2a: Sal Bandz|Earth Power|p1a: Dragapult
|-damage|p1a: Dragapult|0 fnt
|faint|p1a: Dragapult
|
|upkeep
|
|t:|1757817241
|switch|p1a: Ogerpon|Ogerpon-Wellspring, F|100/100
|turn|17
|
|t:|1757817248
|move|p1a: Ogerpon|Ivy Cudgel|p2a: Sal Bandz|[anim] Ivy Cudgel Water
|-supereffective|p2a: Sal Bandz
|-damage|p2a: Sal Bandz|0 fnt
|faint|p2a: Sal Bandz
|-end|p2a: Sal Bandz|Protosynthesis|[silent]
|
|upkeep
|
|t:|1757817250
|switch|p2a: Sneaky Golem|Kingambit, M|88/100
|-activate|p2a: Sneaky Golem|ability: Supreme Overlord
|-start|p2a: Sneaky Golem|fallen5|[silent]
|turn|18
|
|t:|1757817258
|move|p1a: Ogerpon|Ivy Cudgel|p2a: Sneaky Golem|[anim] Ivy Cudgel Water
|-damage|p2a: Sneaky Golem|41/100
|move|p2a: Sneaky Golem|Swords Dance|p2a: Sneaky Golem
|-boost|p2a: Sneaky Golem|atk|2
|
|upkeep
|turn|19
|
|t:|1757817264
|move|p2a: Sneaky Golem|Sucker Punch||[still]
|-fail|p2a: Sneaky Golem
|move|p1a: Ogerpon|Encore|p2a: Sneaky Golem
|-start|p2a: Sneaky Golem|Encore
|
|upkeep
|turn|20
|
|t:|1757817271
|switch|p1a: Great Tusk|Great Tusk|100/100
|move|p2a: Sneaky Golem|Sucker Punch||[still]
|-fail|p2a: Sneaky Golem
|
|upkeep
|turn|21
|
|t:|1757817276
|-terastallize|p2a: Sneaky Golem|Flying
|move|p2a: Sneaky Golem|Sucker Punch|p1a: Great Tusk
|-resisted|p1a: Great Tusk
|-damage|p1a: Great Tusk|46/100
|-damage|p2a: Sneaky Golem|31/100|[from] item: Life Orb
|move|p1a: Great Tusk|Headlong Rush|p2a: Sneaky Golem
|-immune|p2a: Sneaky Golem
|
|upkeep
|turn|22
|
|t:|1757817286
|move|p2a: Sneaky Golem|Sucker Punch|p1a: Great Tusk
|-resisted|p1a: Great Tusk
|-damage|p1a: Great Tusk|0 fnt
|faint|p1a: Great Tusk
|-end|p1a: Great Tusk|Protosynthesis|[silent]
|-damage|p2a: Sneaky Golem|21/100|[from] item: Life Orb
|
|-end|p2a: Sneaky Golem|Encore
|upkeep
|
|t:|1757817293
|switch|p1a: Ogerpon|Ogerpon-Wellspring, F|100/100
|turn|23
|c|☆XenRenTen|gg
|
|t:|1757817307
|move|p2a: Sneaky Golem|Sucker Punch||[still]
|-fail|p2a: Sneaky Golem
|move|p1a: Ogerpon|Encore|p2a: Sneaky Golem
|-start|p2a: Sneaky Golem|Encore
|
|upkeep
|turn|24
|
|t:|1757817312
|switch|p1a: Iron Hands|Iron Hands|100/100
|move|p2a: Sneaky Golem|Sucker Punch||[still]
|-fail|p2a: Sneaky Golem
|
|upkeep
|turn|25
|
|t:|1757817316
|move|p2a: Sneaky Golem|Sucker Punch|p1a: Iron Hands
|-resisted|p1a: Iron Hands
|-damage|p1a: Iron Hands|55/100
|-damage|p2a: Sneaky Golem|11/100|[from] item: Life Orb
|move|p1a: Iron Hands|Thunder Punch|p2a: Sneaky Golem
|-supereffective|p2a: Sneaky Golem
|-damage|p2a: Sneaky Golem|0 fnt
|faint|p2a: Sneaky Golem
|-end|p2a: Sneaky Golem|fallen5|[silent]
|
|win|XenRenTen
|raw|XenRenTen's rating: 1405 &rarr; <strong>1423</strong><br />(+18 for winning)
|raw|jxnpm80's rating: 1362 &rarr; <strong>1344</strong><br />(-18 for losing)
|l|☆XenRenTen
|player|p1|
|l|☆jxnpm80
|player|p2|
