|j|☆fregene97
|j|☆Tj Adolf
|t:|1757844993
|gametype|singles
|player|p1|fregene97|tuber|1179
|player|p2|Tj Adolf|shadowtriad|1173
|gen|9
|tier|[Gen 9] OU
|rated|
|rule|HP Percentage Mod: HP is shown in percentages
|rule|Endless Battle Clause: Forcing endless battles is banned
|rule|Species Clause: Limit one of each Pokémon
|rule|OHKO Clause: OHKO moves are banned
|rule|Evasion Items Clause: Evasion items are banned
|rule|Evasion Moves Clause: Evasion moves are banned
|rule|Evasion Abilities Clause: Evasion abilities are banned
|rule|Sleep Moves Clause: Sleep-inducing moves are banned
|clearpoke
|poke|p1|Rillaboom, M|
|poke|p1|Landorus-Therian, M|
|poke|p1|Hatterene, F|
|poke|p1|Iron Moth|
|poke|p1|Raging Bolt|
|poke|p1|Gholdengo|
|poke|p2|Ambipom, F|
|poke|p2|Dusclops, M|
|poke|p2|Whimsicott, F|
|poke|p2|Espeon, M|
|poke|p2|Houndoom, F|
|poke|p2|Poliwrath, M|
|teampreview
|inactive|Battle timer is ON: inactive players will automatically lose when time's up. (requested by fregene97)
|inactive|Tj Adolf also wants the timer to be on.
|
|t:|1757844999
|teamsize|p1|6
|teamsize|p2|6
|start
|switch|p1a: Rillaboom|Rillaboom, M|100/100
|switch|p2a: Espeon|Espeon, M, shiny|100/100
|-fieldstart|move: Grassy Terrain|[from] ability: Grassy Surge|[of] p1a: Rillaboom
|turn|1
|
|t:|1757845011
|switch|p2a: Dusclops|Dusclops, M, shiny|100/100
|-item|p1a: Rillaboom|Assault Vest|[from] ability: Frisk|[of] p2a: Dusclops
|move|p1a: Rillaboom|U-turn|p2a: Dusclops
|-resisted|p2a: Dusclops
|-damage|p2a: Dusclops|93/100
|
|t:|1757845016
|switch|p1a: Raging Bolt|Raging Bolt|100/100|[from] U-turn
|-enditem|p1a: Raging Bolt|Booster Energy
|-activate|p1a: Raging Bolt|ability: Protosynthesis|[fromitem]
|-start|p1a: Raging Bolt|protosynthesisspa
|
|-heal|p2a: Dusclops|99/100|[from] Grassy Terrain
|upkeep
|turn|2
|
|t:|1757845023
|move|p1a: Raging Bolt|Calm Mind|p1a: Raging Bolt
|-boost|p1a: Raging Bolt|spa|1
|-boost|p1a: Raging Bolt|spd|1
|move|p2a: Dusclops|Pain Split|p1a: Raging Bolt
|-sethp|p1a: Raging Bolt|86/100|[from] move: Pain Split|[silent]
|-sethp|p2a: Dusclops|100/100|[from] move: Pain Split
|
|-heal|p1a: Raging Bolt|92/100|[from] Grassy Terrain
|upkeep
|turn|3
|
|t:|1757845031
|move|p1a: Raging Bolt|Calm Mind|p1a: Raging Bolt
|-boost|p1a: Raging Bolt|spa|1
|-boost|p1a: Raging Bolt|spd|1
|move|p2a: Dusclops|Haze|p2a: Dusclops
|-clearallboost
|
|-heal|p1a: Raging Bolt|98/100|[from] Grassy Terrain
|upkeep
|turn|4
|
|t:|1757845038
|move|p1a: Raging Bolt|Calm Mind|p1a: Raging Bolt
|-boost|p1a: Raging Bolt|spa|1
|-boost|p1a: Raging Bolt|spd|1
|move|p2a: Dusclops|Night Shade|p1a: Raging Bolt
|-damage|p1a: Raging Bolt|73/100
|
|-heal|p1a: Raging Bolt|79/100|[from] Grassy Terrain
|upkeep
|turn|5
|
|t:|1757845045
|move|p1a: Raging Bolt|Thunderbolt|p2a: Dusclops
|-damage|p2a: Dusclops|36/100
|move|p2a: Dusclops|Haze|p2a: Dusclops
|-clearallboost
|
|-heal|p1a: Raging Bolt|85/100|[from] Grassy Terrain
|-heal|p2a: Dusclops|42/100|[from] Grassy Terrain
|-fieldend|move: Grassy Terrain
|upkeep
|turn|6
|
|t:|1757845062
|move|p1a: Raging Bolt|Thunderbolt|p2a: Dusclops
|-damage|p2a: Dusclops|3/100
|move|p2a: Dusclops|Pain Split|p1a: Raging Bolt
|-sethp|p1a: Raging Bolt|43/100|[from] move: Pain Split|[silent]
|-sethp|p2a: Dusclops|60/100|[from] move: Pain Split
|
|upkeep
|turn|7
|
|t:|1757845071
|move|p1a: Raging Bolt|Calm Mind|p1a: Raging Bolt
|-boost|p1a: Raging Bolt|spa|1
|-boost|p1a: Raging Bolt|spd|1
|move|p2a: Dusclops|Night Shade|p1a: Raging Bolt
|-damage|p1a: Raging Bolt|18/100
|
|upkeep
|turn|8
|
|t:|1757845077
|move|p1a: Raging Bolt|Thunderbolt|p2a: Dusclops
|-damage|p2a: Dusclops|0 fnt
|faint|p2a: Dusclops
|
|upkeep
|
|t:|1757845087
|switch|p2a: Espeon|Espeon, M, shiny|100/100
|turn|9
|
|t:|1757845093
|move|p1a: Raging Bolt|Thunderclap|p2a: Espeon
|-damage|p2a: Espeon|7/100
|move|p2a: Espeon|Dazzling Gleam|p1a: Raging Bolt
|-supereffective|p1a: Raging Bolt
|-damage|p1a: Raging Bolt|0 fnt
|faint|p1a: Raging Bolt
|-end|p1a: Raging Bolt|Protosynthesis|[silent]
|
|upkeep
|
|t:|1757845098
|switch|p1a: Rillaboom|Rillaboom, M|100/100
|-fieldstart|move: Grassy Terrain|[from] ability: Grassy Surge|[of] p1a: Rillaboom
|turn|10
|
|t:|1757845104
|switch|p2a: Whimsicott|Whimsicott, F, shiny|100/100
|move|p1a: Rillaboom|U-turn|p2a: Whimsicott
|-damage|p2a: Whimsicott|75/100
|
|t:|1757845109
|switch|p1a: Iron Moth|Iron Moth|100/100|[from] U-turn
|-enditem|p1a: Iron Moth|Booster Energy
|-activate|p1a: Iron Moth|ability: Quark Drive|[fromitem]
|-start|p1a: Iron Moth|quarkdrivespe
|
|-heal|p2a: Whimsicott|81/100|[from] Grassy Terrain
|-heal|p2a: Whimsicott|87/100|[from] item: Leftovers
|upkeep
|turn|11
|
|t:|1757845116
|move|p2a: Whimsicott|Substitute|p2a: Whimsicott
|-start|p2a: Whimsicott|Substitute
|-damage|p2a: Whimsicott|62/100
|move|p1a: Iron Moth|Substitute|p1a: Iron Moth
|-start|p1a: Iron Moth|Substitute
|-damage|p1a: Iron Moth|76/100
|
|-heal|p1a: Iron Moth|82/100|[from] Grassy Terrain
|-heal|p2a: Whimsicott|68/100|[from] Grassy Terrain
|-heal|p2a: Whimsicott|74/100|[from] item: Leftovers
|upkeep
|turn|12
|
|t:|1757845127
|move|p2a: Whimsicott|Encore|p1a: Iron Moth
|-start|p1a: Iron Moth|Encore
|move|p1a: Iron Moth|Substitute|p1a: Iron Moth
|-fail|p1a: Iron Moth|move: Substitute
|
|-heal|p1a: Iron Moth|88/100|[from] Grassy Terrain
|-heal|p2a: Whimsicott|80/100|[from] Grassy Terrain
|-heal|p2a: Whimsicott|87/100|[from] item: Leftovers
|upkeep
|turn|13
|
|t:|1757845142
|-end|p1a: Iron Moth|Quark Drive|[silent]
|switch|p1a: Gholdengo|Gholdengo|100/100
|-enditem|p1a: Gholdengo|Grassy Seed
|-boost|p1a: Gholdengo|def|1|[from] item: Grassy Seed
|move|p2a: Whimsicott|Cotton Guard|p2a: Whimsicott
|-boost|p2a: Whimsicott|def|3
|
|-heal|p2a: Whimsicott|93/100|[from] Grassy Terrain
|-heal|p2a: Whimsicott|99/100|[from] item: Leftovers
|upkeep
|turn|14
|
|t:|1757845153
|move|p2a: Whimsicott|Cotton Guard|p2a: Whimsicott
|-boost|p2a: Whimsicott|def|3
|move|p1a: Gholdengo|Shadow Ball|p2a: Whimsicott
|-end|p2a: Whimsicott|Substitute
|
|-heal|p2a: Whimsicott|100/100|[from] Grassy Terrain
|-fieldend|move: Grassy Terrain
|upkeep
|turn|15
|
|t:|1757845161
|switch|p2a: Poliwrath|Poliwrath, M, shiny|100/100
|move|p1a: Gholdengo|Shadow Ball|p2a: Poliwrath
|-damage|p2a: Poliwrath|74/100
|
|upkeep
|turn|16
|
|t:|1757845166
|-terastallize|p1a: Gholdengo|Fairy
|move|p1a: Gholdengo|Nasty Plot|p1a: Gholdengo
|-boost|p1a: Gholdengo|spa|2
|move|p2a: Poliwrath|Knock Off|p1a: Gholdengo
|-resisted|p1a: Gholdengo
|-damage|p1a: Gholdengo|94/100
|
|upkeep
|turn|17
|
|t:|1757845176
|move|p1a: Gholdengo|Dazzling Gleam|p2a: Poliwrath
|-supereffective|p2a: Poliwrath
|-damage|p2a: Poliwrath|0 fnt
|faint|p2a: Poliwrath
|
|upkeep
|
|t:|1757845182
|switch|p2a: Houndoom|Houndoom, F, shiny|100/100
|turn|18
|
|t:|1757845190
|-terastallize|p2a: Houndoom|Fire
|move|p2a: Houndoom|Overheat|p1a: Gholdengo
|-damage|p1a: Gholdengo|13/100
|-unboost|p2a: Houndoom|spa|2
|move|p1a: Gholdengo|Dazzling Gleam|p2a: Houndoom
|-resisted|p2a: Houndoom
|-damage|p2a: Houndoom|44/100
|
|upkeep
|turn|19
|
|t:|1757845199
|move|p2a: Houndoom|Overheat|p1a: Gholdengo
|-damage|p1a: Gholdengo|0 fnt
|-unboost|p2a: Houndoom|spa|2
|faint|p1a: Gholdengo
|
|upkeep
|
|t:|1757845205
|switch|p1a: Landorus|Landorus-Therian, M|100/100
|-ability|p1a: Landorus|Intimidate|boost
|-unboost|p2a: Houndoom|atk|1
|turn|20
|
|t:|1757845209
|switch|p2a: Espeon|Espeon, M, shiny|7/100
|move|p1a: Landorus|Stealth Rock|p2a: Espeon
|move|p2a: Espeon|Stealth Rock|p1a: Landorus|[from] ability: Magic Bounce
|-sidestart|p1: fregene97|move: Stealth Rock
|
|upkeep
|turn|21
|
|t:|1757845215
|move|p2a: Espeon|Psychic|p1a: Landorus
|-damage|p1a: Landorus|54/100
|move|p1a: Landorus|U-turn|p2a: Espeon
|-supereffective|p2a: Espeon
|-damage|p2a: Espeon|0 fnt
|faint|p2a: Espeon
|
|t:|1757845218
|switch|p1a: Rillaboom|Rillaboom, M|100/100|[from] U-turn
|-damage|p1a: Rillaboom|88/100|[from] Stealth Rock
|-fieldstart|move: Grassy Terrain|[from] ability: Grassy Surge|[of] p1a: Rillaboom
|
|-heal|p1a: Rillaboom|94/100|[from] Grassy Terrain
|upkeep
|
|t:|1757845228
|switch|p2a: Whimsicott|Whimsicott, F, shiny|100/100
|turn|22
|
|t:|1757845237
|move|p2a: Whimsicott|Substitute|p2a: Whimsicott
|-start|p2a: Whimsicott|Substitute
|-damage|p2a: Whimsicott|75/100
|move|p1a: Rillaboom|U-turn|p2a: Whimsicott
|-activate|p2a: Whimsicott|move: Substitute|[damage]
|
|t:|1757845240
|switch|p1a: Iron Moth|Iron Moth|88/100|[from] U-turn
|-damage|p1a: Iron Moth|63/100|[from] Stealth Rock
|
|-heal|p1a: Iron Moth|69/100|[from] Grassy Terrain
|-heal|p2a: Whimsicott|82/100|[from] Grassy Terrain
|-heal|p2a: Whimsicott|88/100|[from] item: Leftovers
|upkeep
|turn|23
|
|t:|1757845248
|move|p2a: Whimsicott|Leech Seed|p1a: Iron Moth
|-start|p1a: Iron Moth|move: Leech Seed
|move|p1a: Iron Moth|Fiery Dance|p2a: Whimsicott
|-supereffective|p2a: Whimsicott
|-end|p2a: Whimsicott|Substitute
|-boost|p1a: Iron Moth|spa|1
|
|-heal|p1a: Iron Moth|75/100|[from] Grassy Terrain
|-heal|p2a: Whimsicott|94/100|[from] Grassy Terrain
|-heal|p2a: Whimsicott|99/100|[from] item: Leftovers
|-damage|p1a: Iron Moth|62/100|[from] Leech Seed|[of] p2a: Whimsicott
|-heal|p2a: Whimsicott|100/100|[silent]
|upkeep
|turn|24
|
|t:|1757845259
|move|p2a: Whimsicott|Substitute|p2a: Whimsicott
|-start|p2a: Whimsicott|Substitute
|-damage|p2a: Whimsicott|75/100
|move|p1a: Iron Moth|Fiery Dance|p2a: Whimsicott
|-supereffective|p2a: Whimsicott
|-end|p2a: Whimsicott|Substitute
|-boost|p1a: Iron Moth|spa|1
|
|-heal|p1a: Iron Moth|68/100|[from] Grassy Terrain
|-heal|p2a: Whimsicott|82/100|[from] Grassy Terrain
|-heal|p2a: Whimsicott|88/100|[from] item: Leftovers
|-damage|p1a: Iron Moth|56/100|[from] Leech Seed|[of] p2a: Whimsicott
|-heal|p2a: Whimsicott|99/100|[silent]
|upkeep
|turn|25
|
|t:|1757845270
|move|p2a: Whimsicott|Substitute|p2a: Whimsicott
|-start|p2a: Whimsicott|Substitute
|-damage|p2a: Whimsicott|74/100
|move|p1a: Iron Moth|Fiery Dance|p2a: Whimsicott
|-supereffective|p2a: Whimsicott
|-end|p2a: Whimsicott|Substitute
|
|-heal|p1a: Iron Moth|62/100|[from] Grassy Terrain
|-heal|p2a: Whimsicott|80/100|[from] Grassy Terrain
|-heal|p2a: Whimsicott|87/100|[from] item: Leftovers
|-damage|p1a: Iron Moth|50/100|[from] Leech Seed|[of] p2a: Whimsicott
|-heal|p2a: Whimsicott|98/100|[silent]
|-fieldend|move: Grassy Terrain
|upkeep
|turn|26
|
|t:|1757845280
|move|p2a: Whimsicott|Substitute|p2a: Whimsicott
|-start|p2a: Whimsicott|Substitute
|-damage|p2a: Whimsicott|73/100
|move|p1a: Iron Moth|Fiery Dance|p2a: Whimsicott
|-supereffective|p2a: Whimsicott
|-end|p2a: Whimsicott|Substitute
|
|-heal|p2a: Whimsicott|79/100|[from] item: Leftovers
|-damage|p1a: Iron Moth|37/100|[from] Leech Seed|[of] p2a: Whimsicott
|-heal|p2a: Whimsicott|91/100|[silent]
|upkeep
|turn|27
|
|t:|1757845288
|move|p2a: Whimsicott|Substitute|p2a: Whimsicott
|-start|p2a: Whimsicott|Substitute
|-damage|p2a: Whimsicott|66/100
|move|p1a: Iron Moth|Sludge Wave|p2a: Whimsicott
|-supereffective|p2a: Whimsicott
|-crit|p2a: Whimsicott
|-end|p2a: Whimsicott|Substitute
|
|-heal|p2a: Whimsicott|72/100|[from] item: Leftovers
|-damage|p1a: Iron Moth|25/100|[from] Leech Seed|[of] p2a: Whimsicott
|-heal|p2a: Whimsicott|83/100|[silent]
|upkeep
|turn|28
|
|t:|1757845297
|move|p2a: Whimsicott|Substitute|p2a: Whimsicott
|-start|p2a: Whimsicott|Substitute
|-damage|p2a: Whimsicott|58/100
|move|p1a: Iron Moth|Fiery Dance|p2a: Whimsicott
|-supereffective|p2a: Whimsicott
|-end|p2a: Whimsicott|Substitute
|
|-heal|p2a: Whimsicott|64/100|[from] item: Leftovers
|-damage|p1a: Iron Moth|13/100|[from] Leech Seed|[of] p2a: Whimsicott
|-heal|p2a: Whimsicott|76/100|[silent]
|upkeep
|turn|29
|
|t:|1757845306
|move|p2a: Whimsicott|Substitute|p2a: Whimsicott
|-start|p2a: Whimsicott|Substitute
|-damage|p2a: Whimsicott|51/100
|move|p1a: Iron Moth|Fiery Dance|p2a: Whimsicott
|-supereffective|p2a: Whimsicott
|-end|p2a: Whimsicott|Substitute
|-boost|p1a: Iron Moth|spa|1
|
|-heal|p2a: Whimsicott|57/100|[from] item: Leftovers
|-damage|p1a: Iron Moth|0 fnt|[from] Leech Seed|[of] p2a: Whimsicott
|-heal|p2a: Whimsicott|68/100|[silent]
|faint|p1a: Iron Moth
|-end|p1a: Iron Moth|Quark Drive|[silent]
|upkeep
|
|t:|1757845315
|switch|p1a: Rillaboom|Rillaboom, M|94/100
|-damage|p1a: Rillaboom|82/100|[from] Stealth Rock
|-fieldstart|move: Grassy Terrain|[from] ability: Grassy Surge|[of] p1a: Rillaboom
|turn|30
|
|t:|1757845320
|move|p2a: Whimsicott|Cotton Guard|p2a: Whimsicott
|-boost|p2a: Whimsicott|def|3
|move|p1a: Rillaboom|Grassy Glide|p2a: Whimsicott
|-resisted|p2a: Whimsicott
|-damage|p2a: Whimsicott|62/100
|
|-heal|p2a: Whimsicott|68/100|[from] Grassy Terrain
|-heal|p2a: Whimsicott|74/100|[from] item: Leftovers
|-heal|p1a: Rillaboom|88/100|[from] Grassy Terrain
|upkeep
|turn|31
|
|t:|1757845331
|move|p2a: Whimsicott|Cotton Guard|p2a: Whimsicott
|-boost|p2a: Whimsicott|def|3
|move|p1a: Rillaboom|U-turn|p2a: Whimsicott
|-damage|p2a: Whimsicott|68/100
|
|t:|1757845334
|switch|p1a: Hatterene|Hatterene, F|100/100|[from] U-turn
|-damage|p1a: Hatterene|88/100|[from] Stealth Rock
|-enditem|p1a: Hatterene|Grassy Seed
|-boost|p1a: Hatterene|def|1|[from] item: Grassy Seed
|
|-heal|p2a: Whimsicott|74/100|[from] Grassy Terrain
|-heal|p2a: Whimsicott|80/100|[from] item: Leftovers
|-heal|p1a: Hatterene|94/100|[from] Grassy Terrain
|upkeep
|turn|32
|
|t:|1757845345
|move|p2a: Whimsicott|Substitute|p2a: Whimsicott
|-start|p2a: Whimsicott|Substitute
|-damage|p2a: Whimsicott|55/100
|move|p1a: Hatterene|Calm Mind|p1a: Hatterene
|-boost|p1a: Hatterene|spa|1
|-boost|p1a: Hatterene|spd|1
|
|-heal|p2a: Whimsicott|61/100|[from] Grassy Terrain
|-heal|p2a: Whimsicott|67/100|[from] item: Leftovers
|-heal|p1a: Hatterene|99/100|[from] Grassy Terrain
|upkeep
|turn|33
|l|☆fregene97
|inactive|fregene97 disconnected and has a minute to reconnect!
|player|p1|
|j|☆fregene97
|inactive|fregene97 reconnected and has 140 seconds left.
|player|p1|fregene97|tuber|
|
|t:|1757845360
|move|p2a: Whimsicott|Cotton Guard|p2a: Whimsicott
|-boost|p2a: Whimsicott|def|0
|move|p1a: Hatterene|Calm Mind|p1a: Hatterene
|-boost|p1a: Hatterene|spa|1
|-boost|p1a: Hatterene|spd|1
|
|-heal|p2a: Whimsicott|74/100|[from] Grassy Terrain
|-heal|p2a: Whimsicott|80/100|[from] item: Leftovers
|-heal|p1a: Hatterene|100/100|[from] Grassy Terrain
|upkeep
|turn|34
|
|t:|1757845385
|move|p2a: Whimsicott|Encore|p1a: Hatterene
|move|p1a: Hatterene|Encore||[from] ability: Magic Bounce|[still]
|-fail|p1a: Hatterene
|move|p1a: Hatterene|Calm Mind|p1a: Hatterene
|-boost|p1a: Hatterene|spa|1
|-boost|p1a: Hatterene|spd|1
|
|-heal|p2a: Whimsicott|86/100|[from] Grassy Terrain
|-heal|p2a: Whimsicott|92/100|[from] item: Leftovers
|-fieldend|move: Grassy Terrain
|upkeep
|turn|35
|
|t:|1757845395
|switch|p2a: Houndoom|Houndoom, F, shiny, tera:Fire|44/100
|move|p1a: Hatterene|Stored Power|p2a: Houndoom
|-crit|p2a: Houndoom
|-damage|p2a: Houndoom|0 fnt
|faint|p2a: Houndoom
|
|upkeep
|
|t:|1757845402
|switch|p2a: Ambipom|Ambipom, F, shiny|100/100
|turn|36
|
|t:|1757845405
|move|p2a: Ambipom|Fake Out|p1a: Hatterene
|-crit|p1a: Hatterene
|-damage|p1a: Hatterene|56/100
|-damage|p2a: Ambipom|91/100|[from] item: Life Orb
|cant|p1a: Hatterene|flinch
|
|upkeep
|turn|37
|
|t:|1757845410
|move|p2a: Ambipom|Last Resort|p1a: Hatterene
|-damage|p1a: Hatterene|9/100
|-damage|p2a: Ambipom|81/100|[from] item: Life Orb
|move|p1a: Hatterene|Draining Kiss|p2a: Ambipom
|-damage|p2a: Ambipom|0 fnt
|-heal|p1a: Hatterene|65/100|[from] drain|[of] p2a: Ambipom
|faint|p2a: Ambipom
|
|upkeep
|-message|Tj Adolf forfeited.
|
|win|fregene97
|raw|fregene97's rating: 1179 &rarr; <strong>1204</strong><br />(+25 for winning)
|raw|Tj Adolf's rating: 1173 &rarr; <strong>1148</strong><br />(-25 for losing)
|l|☆Tj Adolf
|player|p2|
|l|☆fregene97
|player|p1|
