|j|☆MentalCell
|j|☆Fachemaispasfacho
|t:|1757943315
|gametype|singles
|player|p1|MentalCell|workerice|1350
|player|p2|Fachemaispasfacho|backpacker|1318
|gen|9
|tier|[Gen 9] OU
|rated|
|rule|HP Percentage Mod: HP is shown in percentages
|rule|Endless Battle Clause: Forcing endless battles is banned
|rule|Species Clause: Limit one of each Pokémon
|rule|OHKO Clause: OHKO moves are banned
|rule|Evasion Items Clause: Evasion items are banned
|rule|Evasion Moves Clause: Evasion moves are banned
|rule|Evasion Abilities Clause: Evasion abilities are banned
|rule|Sleep Moves Clause: Sleep-inducing moves are banned
|clearpoke
|poke|p1|Meowscarada, M|
|poke|p1|Zapdos|
|poke|p1|Landorus-Therian, M|
|poke|p1|Great Tusk|
|poke|p1|Hoopa-Unbound|
|poke|p1|Darkrai|
|poke|p2|Golduck, M|
|poke|p2|Dragapult, M|
|poke|p2|Zapdos|
|poke|p2|Pelipper, M|
|poke|p2|Iron Treads|
|poke|p2|Samurott-Hisui, M|
|teampreview
|inactive|Battle timer is ON: inactive players will automatically lose when time's up. (requested by MentalCell)
|
|t:|1757943323
|teamsize|p1|6
|teamsize|p2|6
|start
|switch|p1a: Meowscarada|Meowscarada, M|100/100
|switch|p2a: WingedRat|Pelipper, M|100/100
|-weather|RainDance|[from] ability: Drizzle|[of] p2a: WingedRat
|turn|1
|
|t:|1757943338
|move|p1a: Meowscarada|U-turn|p2a: WingedRat
|-start|p1a: Meowscarada|typechange|Bug|[from] ability: Protean
|-resisted|p2a: WingedRat
|-damage|p2a: WingedRat|76/100
|
|t:|1757943342
|switch|p1a: Sucks to suck|Zapdos|100/100|[from] U-turn
|move|p2a: WingedRat|U-turn|p1a: Sucks to suck
|-resisted|p1a: Sucks to suck
|-damage|p1a: Sucks to suck|95/100
|
|t:|1757943360
|switch|p2a: Droideka|Iron Treads|100/100|[from] U-turn
|
|-weather|RainDance|[upkeep]
|upkeep
|turn|2
|
|t:|1757943373
|move|p1a: Sucks to suck|U-turn|p2a: Droideka
|-resisted|p2a: Droideka
|-damage|p2a: Droideka|96/100
|
|t:|1757943376
|switch|p1a: Was him|Landorus-Therian, M|100/100|[from] U-turn
|-ability|p1a: Was him|Intimidate|boost
|-unboost|p2a: Droideka|atk|1
|move|p2a: Droideka|Stealth Rock|p1a: Was him
|-sidestart|p1: MentalCell|move: Stealth Rock
|
|-weather|RainDance|[upkeep]
|-heal|p2a: Droideka|100/100|[from] item: Leftovers
|upkeep
|turn|3
|
|t:|1757943384
|-end|p2a: Droideka|Quark Drive|[silent]
|switch|p2a: BigBird|Zapdos|100/100
|move|p1a: Was him|Earth Power|p2a: BigBird
|-immune|p2a: BigBird
|
|-weather|RainDance|[upkeep]
|upkeep
|turn|4
|
|t:|1757943389
|move|p1a: Was him|Stealth Rock|p2a: BigBird
|-sidestart|p2: Fachemaispasfacho|move: Stealth Rock
|move|p2a: BigBird|Hurricane|p1a: Was him
|-damage|p1a: Was him|48/100
|
|-weather|RainDance|[upkeep]
|upkeep
|turn|5
|
|t:|1757943398
|move|p1a: Was him|U-turn|p2a: BigBird
|-resisted|p2a: BigBird
|-damage|p2a: BigBird|93/100
|
|t:|1757943401
|switch|p1a: Hydrogen bomb|Hoopa-Unbound|100/100|[from] U-turn
|-damage|p1a: Hydrogen bomb|88/100|[from] Stealth Rock
|move|p2a: BigBird|Hurricane|p1a: Hydrogen bomb
|-damage|p1a: Hydrogen bomb|65/100
|-start|p1a: Hydrogen bomb|confusion
|
|-weather|RainDance|[upkeep]
|upkeep
|turn|6
|
|t:|1757943413
|switch|p1a: Sucks to suck|Zapdos|95/100
|move|p2a: BigBird|U-turn|p1a: Sucks to suck
|-resisted|p1a: Sucks to suck
|-damage|p1a: Sucks to suck|86/100
|
|t:|1757943417
|switch|p2a: Droideka|Iron Treads|100/100|[from] U-turn
|-damage|p2a: Droideka|97/100|[from] Stealth Rock
|
|-weather|RainDance|[upkeep]
|-heal|p2a: Droideka|100/100|[from] item: Leftovers
|upkeep
|turn|7
|
|t:|1757943420
|move|p1a: Sucks to suck|Hurricane|p2a: Droideka
|-resisted|p2a: Droideka
|-damage|p2a: Droideka|79/100
|move|p2a: Droideka|Rapid Spin|p1a: Sucks to suck
|-damage|p1a: Sucks to suck|70/100
|-boost|p2a: Droideka|spe|1
|-sideend|p2: Fachemaispasfacho|Stealth Rock|[from] move: Rapid Spin|[of] p2a: Droideka
|
|-weather|RainDance|[upkeep]
|-heal|p2a: Droideka|85/100|[from] item: Leftovers
|upkeep
|turn|8
|
|t:|1757943426
|move|p2a: Droideka|Volt Switch|p1a: Sucks to suck
|-damage|p1a: Sucks to suck|55/100
|
|t:|1757943433
|-end|p2a: Droideka|Quark Drive|[silent]
|switch|p2a: Starboy|Dragapult, M|100/100|[from] Volt Switch
|move|p1a: Sucks to suck|Hurricane|p2a: Starboy
|-damage|p2a: Starboy|26/100
|
|-weather|none
|upkeep
|turn|9
|
|t:|1757943441
|move|p2a: Starboy|Draco Meteor|p1a: Sucks to suck
|-damage|p1a: Sucks to suck|0 fnt
|-unboost|p2a: Starboy|spa|2
|faint|p1a: Sucks to suck
|
|upkeep
|
|t:|1757943452
|switch|p1a: Darkrai|Darkrai|100/100
|-damage|p1a: Darkrai|88/100|[from] Stealth Rock
|turn|10
|
|t:|1757943464
|move|p1a: Darkrai|Dark Pulse|p2a: Starboy
|-supereffective|p2a: Starboy
|-damage|p2a: Starboy|0 fnt
|faint|p2a: Starboy
|
|upkeep
|
|t:|1757943466
|switch|p2a: Dauntless|Samurott-Hisui, M|100/100
|turn|11
|
|t:|1757943471
|switch|p1a: Was him|Landorus-Therian, M|48/100
|-damage|p1a: Was him|35/100|[from] Stealth Rock
|-ability|p1a: Was him|Intimidate|boost
|-unboost|p2a: Dauntless|atk|1
|move|p2a: Dauntless|Ceaseless Edge|p1a: Was him
|-damage|p1a: Was him|0 fnt
|-damage|p2a: Dauntless|84/100|[from] item: Rocky Helmet|[of] p1a: Was him
|-sidestart|p1: MentalCell|Spikes
|faint|p1a: Was him
|
|upkeep
|
|t:|1757943477
|switch|p1a: Him|Great Tusk|100/100
|-damage|p1a: Him|98/100|[from] Stealth Rock
|-damage|p1a: Him|85/100|[from] Spikes
|-enditem|p1a: Him|Booster Energy
|-activate|p1a: Him|ability: Protosynthesis|[fromitem]
|-start|p1a: Him|protosynthesisatk
|turn|12
|
|t:|1757943481
|switch|p2a: WingedRat|Pelipper, M|76/100
|-weather|RainDance|[from] ability: Drizzle|[of] p2a: WingedRat
|-terastallize|p1a: Him|Fighting
|move|p1a: Him|Rapid Spin|p2a: WingedRat
|-damage|p2a: WingedRat|53/100
|-boost|p1a: Him|spe|1
|-sideend|p1: MentalCell|Spikes|[from] move: Rapid Spin|[of] p1a: Him
|-sideend|p1: MentalCell|Stealth Rock|[from] move: Rapid Spin|[of] p1a: Him
|
|-weather|RainDance|[upkeep]
|upkeep
|turn|13
|
|t:|1757943491
|-terastallize|p2a: WingedRat|Poison
|move|p1a: Him|Close Combat|p2a: WingedRat
|-resisted|p2a: WingedRat
|-damage|p2a: WingedRat|0 fnt
|-unboost|p1a: Him|def|1
|-unboost|p1a: Him|spd|1
|faint|p2a: WingedRat
|
|-weather|RainDance|[upkeep]
|upkeep
|
|t:|1757943501
|switch|p2a: Misty's Psyduck|Golduck, M|100/100
|turn|14
|
|t:|1757943504
|-end|p1a: Him|Protosynthesis|[silent]
|switch|p1a: Hydrogen bomb|Hoopa-Unbound|65/100
|move|p2a: Misty's Psyduck|Surf|p1a: Hydrogen bomb
|-damage|p1a: Hydrogen bomb|31/100
|-damage|p2a: Misty's Psyduck|91/100|[from] item: Life Orb
|
|-weather|RainDance|[upkeep]
|upkeep
|turn|15
|c|☆MentalCell|yo that dmg
|
|t:|1757943522
|move|p2a: Misty's Psyduck|Surf|p1a: Hydrogen bomb
|-damage|p1a: Hydrogen bomb|0 fnt
|faint|p1a: Hydrogen bomb
|-damage|p2a: Misty's Psyduck|81/100|[from] item: Life Orb
|
|-weather|RainDance|[upkeep]
|upkeep
|
|t:|1757943542
|switch|p1a: Darkrai|Darkrai|88/100
|turn|16
|c|☆Fachemaispasfacho|Psyduck above all
|
|t:|1757943545
|move|p2a: Misty's Psyduck|Surf|p1a: Darkrai
|-damage|p1a: Darkrai|0 fnt
|faint|p1a: Darkrai
|-damage|p2a: Misty's Psyduck|71/100|[from] item: Life Orb
|
|-weather|RainDance|[upkeep]
|upkeep
|
|t:|1757943547
|switch|p1a: Meowscarada|Meowscarada, M|100/100
|turn|17
|
|t:|1757943550
|move|p2a: Misty's Psyduck|Ice Beam|p1a: Meowscarada
|-supereffective|p1a: Meowscarada
|-damage|p1a: Meowscarada|0 fnt
|faint|p1a: Meowscarada
|-damage|p2a: Misty's Psyduck|61/100|[from] item: Life Orb
|
|-weather|RainDance|[upkeep]
|upkeep
|c|☆MentalCell|Psyduck on topp
|
|t:|1757943556
|switch|p1a: Him|Great Tusk, tera:Fighting|85/100
|turn|18
|
|t:|1757943559
|move|p2a: Misty's Psyduck|Surf|p1a: Him
|-crit|p1a: Him
|-damage|p1a: Him|0 fnt
|faint|p1a: Him
|-end|p1a: Him|Protosynthesis|[silent]
|-damage|p2a: Misty's Psyduck|51/100|[from] item: Life Orb
|
|win|Fachemaispasfacho
|raw|MentalCell's rating: 1350 &rarr; <strong>1328</strong><br />(-22 for losing)
|raw|Fachemaispasfacho's rating: 1318 &rarr; <strong>1340</strong><br />(+22 for winning)
|c|☆Fachemaispasfacho|gg
|c|☆MentalCell|gg
|l|☆MentalCell
|player|p1|
|l|☆Fachemaispasfacho
|player|p2|
