|j|☆niccommoc
|j|☆Verbalseduction
|t:|1757939396
|gametype|singles
|player|p1|niccommoc|cyclist|1494
|player|p2|Verbalseduction|102|1592
|gen|9
|tier|[Gen 9] OU
|rated|
|rule|HP Percentage Mod: HP is shown in percentages
|rule|Endless Battle Clause: Forcing endless battles is banned
|rule|Species Clause: Limit one of each Pokémon
|rule|OHKO Clause: OHKO moves are banned
|rule|Evasion Items Clause: Evasion items are banned
|rule|Evasion Moves Clause: Evasion moves are banned
|rule|Evasion Abilities Clause: Evasion abilities are banned
|rule|Sleep Moves Clause: Sleep-inducing moves are banned
|clearpoke
|poke|p1|Ninetales-Alola, M|
|poke|p1|Kyurem|
|poke|p1|Gliscor, F|
|poke|p1|Gallade, M|
|poke|p1|Hatterene, F|
|poke|p1|Iron Moth|
|poke|p2|Dragonite, F|
|poke|p2|Gliscor, M|
|poke|p2|Gholdengo|
|poke|p2|Ogerpon-Wellspring, F|
|poke|p2|Glimmora, M|
|poke|p2|Ting-Lu|
|teampreview
|
|t:|1757939452
|teamsize|p1|6
|teamsize|p2|6
|start
|switch|p1a: Iron Moth|Iron Moth|100/100
|switch|p2a: Glimmora|Glimmora, M|100/100
|-enditem|p1a: Iron Moth|Booster Energy
|-activate|p1a: Iron Moth|ability: Quark Drive|[fromitem]
|-start|p1a: Iron Moth|quarkdrivespe
|turn|1
|
|t:|1757939461
|-terastallize|p1a: Iron Moth|Grass
|move|p1a: Iron Moth|Energy Ball|p2a: Glimmora
|-damage|p2a: Glimmora|48/100
|-enditem|p2a: Glimmora|Red Card|[of] p1a: Iron Moth
|-end|p1a: Iron Moth|Quark Drive|[silent]
|drag|p1a: Gliscor|Gliscor, F|100/100
|move|p2a: Glimmora|Earth Power|p1a: Gliscor
|-immune|p1a: Gliscor
|
|-status|p1a: Gliscor|tox|[from] item: Toxic Orb
|upkeep
|turn|2
|
|t:|1757939477
|move|p1a: Gliscor|Swords Dance|p1a: Gliscor
|-boost|p1a: Gliscor|atk|2
|move|p2a: Glimmora|Spikes|p1a: Gliscor
|-sidestart|p1: niccommoc|Spikes
|
|upkeep
|turn|3
|
|t:|1757939484
|move|p1a: Gliscor|Agility|p1a: Gliscor
|-boost|p1a: Gliscor|spe|2
|move|p2a: Glimmora|Power Gem|p1a: Gliscor
|-damage|p1a: Gliscor|57/100 tox
|
|-heal|p1a: Gliscor|70/100 tox|[from] ability: Poison Heal
|upkeep
|turn|4
|
|t:|1757939500
|move|p1a: Gliscor|Swords Dance|p1a: Gliscor
|-boost|p1a: Gliscor|atk|2
|move|p2a: Glimmora|Power Gem|p1a: Gliscor
|-damage|p1a: Gliscor|25/100 tox
|
|-heal|p1a: Gliscor|38/100 tox|[from] ability: Poison Heal
|upkeep
|turn|5
|
|t:|1757939504
|move|p1a: Gliscor|Earthquake|p2a: Glimmora
|-supereffective|p2a: Glimmora
|-damage|p2a: Glimmora|0 fnt
|-activate|p2a: Glimmora|ability: Toxic Debris
|-sidestart|p1: niccommoc|move: Toxic Spikes
|faint|p2a: Glimmora
|
|-heal|p1a: Gliscor|50/100 tox|[from] ability: Poison Heal
|upkeep
|
|t:|1757939507
|switch|p2a: Ting-Lu|Ting-Lu|100/100
|-ability|p2a: Ting-Lu|Vessel of Ruin
|turn|6
|
|t:|1757939511
|move|p1a: Gliscor|Earthquake|p2a: Ting-Lu
|-damage|p2a: Ting-Lu|42/100
|move|p2a: Ting-Lu|Whirlwind|p1a: Gliscor
|drag|p1a: Kyurem|Kyurem|100/100
|-damage|p1a: Kyurem|88/100|[from] Spikes
|-status|p1a: Kyurem|psn
|-ability|p1a: Kyurem|Pressure
|
|-heal|p2a: Ting-Lu|48/100|[from] item: Leftovers
|-damage|p1a: Kyurem|76/100 psn|[from] psn
|upkeep
|turn|7
|
|t:|1757939525
|switch|p2a: Gholdengo|Gholdengo|100/100
|move|p1a: Kyurem|Scale Shot|p2a: Gholdengo
|-resisted|p2a: Gholdengo
|-damage|p2a: Gholdengo|92/100
|-resisted|p2a: Gholdengo
|-damage|p2a: Gholdengo|84/100
|-resisted|p2a: Gholdengo
|-damage|p2a: Gholdengo|75/100
|-resisted|p2a: Gholdengo
|-damage|p2a: Gholdengo|67/100
|-resisted|p2a: Gholdengo
|-damage|p2a: Gholdengo|60/100
|-hitcount|p2a: Gholdengo|5
|-unboost|p1a: Kyurem|def|1
|-boost|p1a: Kyurem|spe|1
|
|-damage|p1a: Kyurem|64/100 psn|[from] psn
|upkeep
|turn|8
|
|t:|1757939545
|move|p2a: Gholdengo|Shadow Ball|p1a: Kyurem
|-damage|p1a: Kyurem|26/100 psn
|move|p1a: Kyurem|Scale Shot|p2a: Gholdengo
|-resisted|p2a: Gholdengo
|-crit|p2a: Gholdengo
|-damage|p2a: Gholdengo|48/100
|-resisted|p2a: Gholdengo
|-damage|p2a: Gholdengo|40/100
|-resisted|p2a: Gholdengo
|-crit|p2a: Gholdengo
|-damage|p2a: Gholdengo|27/100
|-resisted|p2a: Gholdengo
|-damage|p2a: Gholdengo|19/100
|-resisted|p2a: Gholdengo
|-damage|p2a: Gholdengo|11/100
|-hitcount|p2a: Gholdengo|5
|-unboost|p1a: Kyurem|def|1
|-boost|p1a: Kyurem|spe|1
|
|-damage|p1a: Kyurem|14/100 psn|[from] psn
|upkeep
|turn|9
|
|t:|1757939558
|switch|p2a: Ting-Lu|Ting-Lu|48/100
|-ability|p2a: Ting-Lu|Vessel of Ruin
|move|p1a: Kyurem|Icicle Spear|p2a: Ting-Lu
|-supereffective|p2a: Ting-Lu
|-damage|p2a: Ting-Lu|32/100
|-supereffective|p2a: Ting-Lu
|-damage|p2a: Ting-Lu|16/100
|-supereffective|p2a: Ting-Lu
|-damage|p2a: Ting-Lu|1/100
|-supereffective|p2a: Ting-Lu
|-damage|p2a: Ting-Lu|0 fnt
|faint|p2a: Ting-Lu
|-hitcount|p2: Ting-Lu|4
|
|-damage|p1a: Kyurem|2/100 psn|[from] psn
|upkeep
|
|t:|1757939561
|switch|p2a: Gliscor|Gliscor, M|100/100
|turn|10
|
|t:|1757939566
|move|p2a: Gliscor|Protect|p2a: Gliscor
|-singleturn|p2a: Gliscor|Protect
|move|p1a: Kyurem|Icicle Spear|p2a: Gliscor
|-activate|p2a: Gliscor|move: Protect
|
|-damage|p1a: Kyurem|0 fnt|[from] psn
|faint|p1a: Kyurem
|-status|p2a: Gliscor|tox|[from] item: Toxic Orb
|upkeep
|
|t:|1757939574
|switch|p1a: Ninetales|Ninetales-Alola, M|100/100
|-damage|p1a: Ninetales|88/100|[from] Spikes
|-status|p1a: Ninetales|psn
|-weather|Snowscape|[from] ability: Snow Warning|[of] p1a: Ninetales
|turn|11
|
|t:|1757939582
|switch|p2a: Ogerpon|Ogerpon-Wellspring, F|100/100
|move|p1a: Ninetales|Aurora Veil|p1a: Ninetales
|-sidestart|p1: niccommoc|move: Aurora Veil
|
|-weather|Snowscape|[upkeep]
|-damage|p1a: Ninetales|76/100 psn|[from] psn
|upkeep
|turn|12
|
|t:|1757939587
|move|p2a: Ogerpon|Encore|p1a: Ninetales
|-start|p1a: Ninetales|Encore
|move|p1a: Ninetales|Aurora Veil||[still]
|-fail|p1a: Ninetales
|
|-weather|Snowscape|[upkeep]
|-damage|p1a: Ninetales|64/100 psn|[from] psn
|upkeep
|turn|13
|
|t:|1757939596
|switch|p1a: Hatterene|Hatterene, F|100/100
|-damage|p1a: Hatterene|88/100|[from] Spikes
|-status|p1a: Hatterene|psn
|move|p2a: Ogerpon|U-turn|p1a: Hatterene
|-damage|p1a: Hatterene|77/100 psn
|
|t:|1757939608
|switch|p2a: Gholdengo|Gholdengo|11/100|[from] U-turn
|
|-weather|Snowscape|[upkeep]
|-heal|p1a: Hatterene|83/100 psn|[from] item: Leftovers
|-damage|p1a: Hatterene|70/100 psn|[from] psn
|upkeep
|turn|14
|
|t:|1757939618
|move|p2a: Gholdengo|Make It Rain|p1a: Hatterene
|-supereffective|p1a: Hatterene
|-damage|p1a: Hatterene|1/100 psn
|-unboost|p2a: Gholdengo|spa|1
|move|p1a: Hatterene|Mystical Fire|p2a: Gholdengo
|-supereffective|p2a: Gholdengo
|-damage|p2a: Gholdengo|0 fnt
|faint|p2a: Gholdengo
|
|-weather|Snowscape|[upkeep]
|-heal|p1a: Hatterene|7/100 psn|[from] item: Leftovers
|-damage|p1a: Hatterene|0 fnt|[from] psn
|faint|p1a: Hatterene
|upkeep
|
|t:|1757939634
|switch|p2a: Ogerpon|Ogerpon-Wellspring, F|100/100
|switch|p1a: Ninetales|Ninetales-Alola, M|64/100 psn
|-damage|p1a: Ninetales|51/100 psn|[from] Spikes
|turn|15
|
|t:|1757939655
|-terastallize|p2a: Ogerpon|Water
|detailschange|p2a: Ogerpon|Ogerpon-Wellspring-Tera, F, tera:Water
|-ability|p2a: Ogerpon|Embody Aspect (Wellspring)|boost
|-boost|p2a: Ogerpon|spd|1
|move|p2a: Ogerpon|Ivy Cudgel|p1a: Ninetales|[anim] Ivy Cudgel Water
|-crit|p1a: Ninetales
|-damage|p1a: Ninetales|0 fnt
|faint|p1a: Ninetales
|
|-weather|none
|upkeep
|
|t:|1757939663
|switch|p1a: Gallade|Gallade, M|100/100
|-damage|p1a: Gallade|88/100|[from] Spikes
|-status|p1a: Gallade|psn
|turn|16
|
|t:|1757939671
|switch|p2a: Gliscor|Gliscor, M|100/100 tox
|move|p1a: Gallade|Sacred Sword|p2a: Gliscor
|-resisted|p2a: Gliscor
|-damage|p2a: Gliscor|59/100 tox
|-damage|p1a: Gallade|78/100 psn|[from] item: Life Orb
|
|-heal|p2a: Gliscor|72/100 tox|[from] ability: Poison Heal
|-damage|p1a: Gallade|66/100 psn|[from] psn
|upkeep
|turn|17
|
|t:|1757939677
|move|p2a: Gliscor|Swords Dance|p2a: Gliscor
|-boost|p2a: Gliscor|atk|2
|move|p1a: Gallade|Psycho Cut|p2a: Gliscor
|-damage|p2a: Gliscor|9/100 tox
|-damage|p1a: Gallade|56/100 psn|[from] item: Life Orb
|
|-heal|p2a: Gliscor|21/100 tox|[from] ability: Poison Heal
|-damage|p1a: Gallade|44/100 psn|[from] psn
|upkeep
|turn|18
|
|t:|1757939696
|move|p2a: Gliscor|Tera Blast|p1a: Gallade
|-damage|p1a: Gallade|39/100 psn
|move|p1a: Gallade|Agility|p1a: Gallade
|-boost|p1a: Gallade|spe|2
|
|-damage|p1a: Gallade|27/100 psn|[from] psn
|-heal|p2a: Gliscor|34/100 tox|[from] ability: Poison Heal
|-sideend|p1: niccommoc|move: Aurora Veil
|upkeep
|turn|19
|
|t:|1757939708
|move|p1a: Gallade|Psycho Cut|p2a: Gliscor
|-damage|p2a: Gliscor|0 fnt
|faint|p2a: Gliscor
|-damage|p1a: Gallade|17/100 psn|[from] item: Life Orb
|
|-damage|p1a: Gallade|5/100 psn|[from] psn
|upkeep
|
|t:|1757939714
|switch|p2a: Dragonite|Dragonite, F|100/100
|turn|20
|
|t:|1757939718
|move|p2a: Dragonite|Extreme Speed|p1a: Gallade
|-damage|p1a: Gallade|0 fnt
|faint|p1a: Gallade
|
|upkeep
|
|t:|1757939728
|switch|p1a: Gliscor|Gliscor, F|50/100 tox
|turn|21
|
|t:|1757939733
|move|p1a: Gliscor|Facade|p2a: Dragonite
|-damage|p2a: Dragonite|82/100
|move|p2a: Dragonite|Dragon Dance|p2a: Dragonite
|-boost|p2a: Dragonite|atk|1
|-boost|p2a: Dragonite|spe|1
|
|-heal|p1a: Gliscor|63/100 tox|[from] ability: Poison Heal
|upkeep
|turn|22
|
|t:|1757939740
|move|p2a: Dragonite|Rock Slide|p1a: Gliscor
|-damage|p1a: Gliscor|29/100 tox
|move|p1a: Gliscor|Swords Dance|p1a: Gliscor
|-boost|p1a: Gliscor|atk|2
|
|-heal|p1a: Gliscor|42/100 tox|[from] ability: Poison Heal
|upkeep
|turn|23
|
|t:|1757939774
|move|p2a: Dragonite|Extreme Speed|p1a: Gliscor
|-damage|p1a: Gliscor|3/100 tox
|move|p1a: Gliscor|Facade|p2a: Dragonite
|-damage|p2a: Dragonite|5/100
|
|-heal|p1a: Gliscor|15/100 tox|[from] ability: Poison Heal
|upkeep
|turn|24
|
|t:|1757939795
|move|p2a: Dragonite|Extreme Speed|p1a: Gliscor
|-damage|p1a: Gliscor|0 fnt
|faint|p1a: Gliscor
|
|upkeep
|
|t:|1757939797
|switch|p1a: Iron Moth|Iron Moth, tera:Grass|100/100
|-damage|p1a: Iron Moth|88/100|[from] Spikes
|-status|p1a: Iron Moth|psn
|turn|25
|
|t:|1757939806
|move|p2a: Dragonite|Extreme Speed|p1a: Iron Moth
|-damage|p1a: Iron Moth|17/100 psn
|move|p1a: Iron Moth|Fiery Dance|p2a: Dragonite
|-resisted|p2a: Dragonite
|-damage|p2a: Dragonite|0 fnt
|-boost|p1a: Iron Moth|spa|1
|faint|p2a: Dragonite
|
|-damage|p1a: Iron Moth|5/100 psn|[from] psn
|upkeep
|
|t:|1757939812
|switch|p2a: Ogerpon|Ogerpon-Wellspring-Tera, F, tera:Water|100/100
|-ability|p2a: Ogerpon|Embody Aspect (Wellspring)|boost
|-boost|p2a: Ogerpon|spd|1
|turn|26
|
|t:|1757939818
|move|p1a: Iron Moth|Energy Ball|p2a: Ogerpon
|-supereffective|p2a: Ogerpon
|-damage|p2a: Ogerpon|0 fnt
|faint|p2a: Ogerpon
|detailschange|p2: Ogerpon|Ogerpon-Wellspring, F|[silent]
|
|win|niccommoc
|raw|niccommoc's rating: 1494 &rarr; <strong>1519</strong><br />(+25 for winning)
|raw|Verbalseduction's rating: 1592 &rarr; <strong>1567</strong><br />(-25 for losing)
|l|☆Verbalseduction
|player|p2|
|l|☆niccommoc
|player|p1|
