|j|☆benjies
|j|☆MRH1106
|t:|1757901823
|gametype|singles
|player|p1|benjies|scientist|1613
|player|p2|MRH1106|miku-ghost|1755
|gen|9
|tier|[Gen 9] OU
|rated|
|rule|HP Percentage Mod: HP is shown in percentages
|rule|Endless Battle Clause: Forcing endless battles is banned
|rule|Species Clause: Limit one of each Pokémon
|rule|OHKO Clause: OHKO moves are banned
|rule|Evasion Items Clause: Evasion items are banned
|rule|Evasion Moves Clause: Evasion moves are banned
|rule|Evasion Abilities Clause: Evasion abilities are banned
|rule|Sleep Moves Clause: Sleep-inducing moves are banned
|clearpoke
|poke|p1|Tinkaton, F|
|poke|p1|Great Tusk|
|poke|p1|Garganacl, M|
|poke|p1|Keldeo-Resolute|
|poke|p1|Zapdos|
|poke|p1|Dragapult, M|
|poke|p2|Pelipper, F|
|poke|p2|Barraskewda, F|
|poke|p2|Quaquaval, M|
|poke|p2|Raging Bolt|
|poke|p2|Excadrill, F|
|poke|p2|Ogerpon-Wellspring, F|
|teampreview
|inactive|Battle timer is ON: inactive players will automatically lose when time's up. (requested by benjies)
|
|t:|1757901850
|teamsize|p1|6
|teamsize|p2|6
|start
|switch|p1a: Tinkaton|Tinkaton, F|100/100
|switch|p2a: LAMRON STRT|Pelipper, F|100/100
|-ability|p1a: Tinkaton|Mold Breaker
|-item|p1a: Tinkaton|Air Balloon
|-weather|RainDance|[from] ability: Drizzle|[of] p2a: LAMRON STRT
|turn|1
|
|t:|1757901864
|move|p1a: Tinkaton|Stealth Rock|p2a: LAMRON STRT
|-sidestart|p2: MRH1106|move: Stealth Rock
|move|p2a: LAMRON STRT|U-turn|p1a: Tinkaton
|-resisted|p1a: Tinkaton
|-damage|p1a: Tinkaton|98/100
|-enditem|p1a: Tinkaton|Air Balloon
|
|t:|1757901868
|switch|p2a: JHONSTOCKTON|Excadrill, F|100/100|[from] U-turn
|-damage|p2a: JHONSTOCKTON|97/100|[from] Stealth Rock
|-ability|p2a: JHONSTOCKTON|Mold Breaker
|
|-weather|RainDance|[upkeep]
|upkeep
|turn|2
|
|t:|1757901876
|switch|p1a: Zapdos|Zapdos|100/100
|move|p2a: JHONSTOCKTON|Stealth Rock|p1a: Zapdos
|-sidestart|p1: benjies|move: Stealth Rock
|
|-weather|RainDance|[upkeep]
|upkeep
|turn|3
|
|t:|1757901878
|move|p1a: Zapdos|Hurricane|p2a: JHONSTOCKTON
|-resisted|p2a: JHONSTOCKTON
|-damage|p2a: JHONSTOCKTON|79/100
|-enditem|p2a: JHONSTOCKTON|Eject Button
|
|t:|1757901886
|switch|p2a: ONFOENEM|Barraskewda, F|100/100
|-damage|p2a: ONFOENEM|88/100|[from] Stealth Rock
|
|-weather|RainDance|[upkeep]
|upkeep
|turn|4
|
|t:|1757901892
|move|p2a: ONFOENEM|Flip Turn|p1a: Zapdos
|-damage|p1a: Zapdos|46/100
|
|t:|1757901896
|switch|p2a: Nah I'd Win|Ogerpon-Wellspring, F|100/100|[from] Flip Turn
|-damage|p2a: Nah I'd Win|88/100|[from] Stealth Rock
|move|p1a: Zapdos|Thunder Wave|p2a: Nah I'd Win
|-status|p2a: Nah I'd Win|par
|
|-weather|RainDance|[upkeep]
|upkeep
|turn|5
|
|t:|1757901900
|move|p1a: Zapdos|Roost|p1a: Zapdos
|-heal|p1a: Zapdos|96/100
|-singleturn|p1a: Zapdos|move: Roost
|move|p2a: Nah I'd Win|Ivy Cudgel|p1a: Zapdos|[anim] Ivy Cudgel Water
|-damage|p1a: Zapdos|32/100
|
|-weather|RainDance|[upkeep]
|upkeep
|turn|6
|
|t:|1757901907
|move|p1a: Zapdos|Roost|p1a: Zapdos
|-heal|p1a: Zapdos|82/100
|-singleturn|p1a: Zapdos|move: Roost
|move|p2a: Nah I'd Win|Ivy Cudgel|p1a: Zapdos|[anim] Ivy Cudgel Water
|-damage|p1a: Zapdos|18/100
|
|-weather|RainDance|[upkeep]
|upkeep
|turn|7
|
|t:|1757901911
|move|p1a: Zapdos|Roost|p1a: Zapdos
|-heal|p1a: Zapdos|68/100
|-singleturn|p1a: Zapdos|move: Roost
|move|p2a: Nah I'd Win|Ivy Cudgel|p1a: Zapdos|[anim] Ivy Cudgel Water
|-damage|p1a: Zapdos|6/100
|
|-weather|RainDance|[upkeep]
|upkeep
|turn|8
|
|t:|1757901914
|move|p1a: Zapdos|Roost|p1a: Zapdos
|-heal|p1a: Zapdos|56/100
|-singleturn|p1a: Zapdos|move: Roost
|cant|p2a: Nah I'd Win|par
|
|-weather|none
|upkeep
|turn|9
|
|t:|1757901925
|switch|p2a: JHONSTOCKTON|Excadrill, F|79/100
|-damage|p2a: JHONSTOCKTON|76/100|[from] Stealth Rock
|-ability|p2a: JHONSTOCKTON|Mold Breaker
|move|p1a: Zapdos|Roost|p1a: Zapdos
|-heal|p1a: Zapdos|100/100
|-singleturn|p1a: Zapdos|move: Roost
|
|upkeep
|turn|10
|
|t:|1757901929
|move|p1a: Zapdos|Hurricane|p2a: JHONSTOCKTON
|-resisted|p2a: JHONSTOCKTON
|-damage|p2a: JHONSTOCKTON|57/100
|move|p2a: JHONSTOCKTON|Rapid Spin|p1a: Zapdos
|-damage|p1a: Zapdos|89/100
|-boost|p2a: JHONSTOCKTON|spe|1
|-sideend|p2: MRH1106|Stealth Rock|[from] move: Rapid Spin|[of] p2a: JHONSTOCKTON
|
|upkeep
|turn|11
|
|t:|1757901933
|switch|p2a: LAMRON STRT|Pelipper, F|100/100
|-weather|RainDance|[from] ability: Drizzle|[of] p2a: LAMRON STRT
|move|p1a: Zapdos|Hurricane|p2a: LAMRON STRT
|-damage|p2a: LAMRON STRT|31/100
|
|-weather|RainDance|[upkeep]
|upkeep
|turn|12
|
|t:|1757901937
|switch|p2a: The Honoured One|Raging Bolt|100/100
|-enditem|p2a: The Honoured One|Booster Energy
|-activate|p2a: The Honoured One|ability: Protosynthesis|[fromitem]
|-start|p2a: The Honoured One|protosynthesisspa
|move|p1a: Zapdos|Hurricane|p2a: The Honoured One
|-resisted|p2a: The Honoured One
|-damage|p2a: The Honoured One|80/100
|
|-weather|RainDance|[upkeep]
|upkeep
|turn|13
|
|t:|1757901953
|switch|p1a: Tinkaton|Tinkaton, F|98/100
|-damage|p1a: Tinkaton|92/100|[from] Stealth Rock
|-ability|p1a: Tinkaton|Mold Breaker
|move|p2a: The Honoured One|Calm Mind|p2a: The Honoured One
|-boost|p2a: The Honoured One|spa|1
|-boost|p2a: The Honoured One|spd|1
|
|-weather|RainDance|[upkeep]
|upkeep
|turn|14
|j| heatraniac
|
|t:|1757901967
|-terastallize|p2a: The Honoured One|Water
|move|p1a: Tinkaton|Stealth Rock|p2a: The Honoured One
|-sidestart|p2: MRH1106|move: Stealth Rock
|move|p2a: The Honoured One|Weather Ball|p1a: Tinkaton
|-damage|p1a: Tinkaton|0 fnt
|faint|p1a: Tinkaton
|
|-weather|RainDance|[upkeep]
|upkeep
|
|t:|1757901983
|switch|p1a: Keldeo|Keldeo-Resolute|100/100
|-damage|p1a: Keldeo|94/100|[from] Stealth Rock
|turn|15
|
|t:|1757901997
|move|p2a: The Honoured One|Thunderclap|p1a: Keldeo
|-supereffective|p1a: Keldeo
|-damage|p1a: Keldeo|0 fnt
|faint|p1a: Keldeo
|
|-weather|RainDance|[upkeep]
|upkeep
|
|t:|1757902002
|switch|p1a: Garganacl|Garganacl, M|100/100
|-damage|p1a: Garganacl|88/100|[from] Stealth Rock
|turn|16
|
|t:|1757902007
|-terastallize|p1a: Garganacl|Water
|move|p2a: The Honoured One|Weather Ball|p1a: Garganacl
|-resisted|p1a: Garganacl
|-damage|p1a: Garganacl|27/100
|move|p1a: Garganacl|Salt Cure|p2a: The Honoured One
|-crit|p2a: The Honoured One
|-damage|p2a: The Honoured One|63/100
|-start|p2a: The Honoured One|Salt Cure
|
|-weather|RainDance|[upkeep]
|-heal|p1a: Garganacl|34/100|[from] item: Leftovers
|-damage|p2a: The Honoured One|38/100|[from] Salt Cure
|upkeep
|turn|17
|
|t:|1757902012
|move|p2a: The Honoured One|Weather Ball|p1a: Garganacl
|-resisted|p1a: Garganacl
|-damage|p1a: Garganacl|0 fnt
|faint|p1a: Garganacl
|
|-weather|RainDance|[upkeep]
|-damage|p2a: The Honoured One|13/100|[from] Salt Cure
|upkeep
|
|t:|1757902018
|switch|p1a: Great Tusk|Great Tusk|100/100
|turn|18
|
|t:|1757902021
|move|p1a: Great Tusk|Rapid Spin|p2a: The Honoured One
|-damage|p2a: The Honoured One|0 fnt
|-boost|p1a: Great Tusk|spe|1
|-sideend|p1: benjies|Stealth Rock|[from] move: Rapid Spin|[of] p1a: Great Tusk
|faint|p2a: The Honoured One
|-end|p2a: The Honoured One|Protosynthesis|[silent]
|
|-weather|none
|upkeep
|
|t:|1757902026
|switch|p2a: LAMRON STRT|Pelipper, F|31/100
|-damage|p2a: LAMRON STRT|6/100|[from] Stealth Rock
|-weather|RainDance|[from] ability: Drizzle|[of] p2a: LAMRON STRT
|turn|19
|
|t:|1757902030
|switch|p2a: JHONSTOCKTON|Excadrill, F|57/100
|-damage|p2a: JHONSTOCKTON|54/100|[from] Stealth Rock
|-ability|p2a: JHONSTOCKTON|Mold Breaker
|move|p1a: Great Tusk|Rapid Spin|p2a: JHONSTOCKTON
|-resisted|p2a: JHONSTOCKTON
|-damage|p2a: JHONSTOCKTON|43/100
|-boost|p1a: Great Tusk|spe|1
|
|-weather|RainDance|[upkeep]
|upkeep
|turn|20
|
|t:|1757902040
|move|p1a: Great Tusk|Rapid Spin|p2a: JHONSTOCKTON
|-resisted|p2a: JHONSTOCKTON
|-damage|p2a: JHONSTOCKTON|32/100
|-boost|p1a: Great Tusk|spe|1
|move|p2a: JHONSTOCKTON|Rapid Spin|p1a: Great Tusk
|-damage|p1a: Great Tusk|88/100
|-boost|p2a: JHONSTOCKTON|spe|1
|-sideend|p2: MRH1106|Stealth Rock|[from] move: Rapid Spin|[of] p2a: JHONSTOCKTON
|
|-weather|RainDance|[upkeep]
|upkeep
|turn|21
|j| Hockeystick7
|
|t:|1757902048
|move|p1a: Great Tusk|Ice Spinner|p2a: JHONSTOCKTON
|-damage|p2a: JHONSTOCKTON|0 fnt
|faint|p2a: JHONSTOCKTON
|
|-weather|RainDance|[upkeep]
|upkeep
|c| Hockeystick7|JHONSTOCKTON GROWS THE BEARS
|
|t:|1757902062
|switch|p2a: KINGGAMBIT K|Quaquaval, M|100/100
|turn|22
|c| Hockeystick7|*BEARD
|
|t:|1757902081
|move|p1a: Great Tusk|Headlong Rush|p2a: KINGGAMBIT K
|-damage|p2a: KINGGAMBIT K|23/100
|-unboost|p1a: Great Tusk|def|1
|-unboost|p1a: Great Tusk|spd|1
|move|p2a: KINGGAMBIT K|Aqua Step|p1a: Great Tusk
|-supereffective|p1a: Great Tusk
|-damage|p1a: Great Tusk|0 fnt
|-boost|p2a: KINGGAMBIT K|spe|1
|faint|p1a: Great Tusk
|-end|p1a: Great Tusk|Protosynthesis|[silent]
|-ability|p2a: KINGGAMBIT K|Moxie|boost
|-boost|p2a: KINGGAMBIT K|atk|1
|
|-weather|RainDance|[upkeep]
|upkeep
|
|t:|1757902091
|switch|p1a: Dragapult|Dragapult, M|100/100
|turn|23
|
|t:|1757902095
|switch|p2a: Nah I'd Win|Ogerpon-Wellspring, F|88/100 par
|move|p1a: Dragapult|Hex|p2a: Nah I'd Win
|-damage|p2a: Nah I'd Win|28/100 par
|
|-weather|RainDance|[upkeep]
|upkeep
|turn|24
|
|t:|1757902100
|switch|p1a: Zapdos|Zapdos|89/100
|cant|p2a: Nah I'd Win|par
|
|-weather|RainDance|[upkeep]
|upkeep
|turn|25
|
|t:|1757902104
|move|p1a: Zapdos|Hurricane|p2a: Nah I'd Win
|-supereffective|p2a: Nah I'd Win
|-damage|p2a: Nah I'd Win|0 fnt
|faint|p2a: Nah I'd Win
|
|-weather|RainDance|[upkeep]
|upkeep
|
|t:|1757902106
|switch|p2a: KINGGAMBIT K|Quaquaval, M|23/100
|turn|26
|
|t:|1757902114
|move|p2a: KINGGAMBIT K|Wave Crash|p1a: Zapdos
|-damage|p1a: Zapdos|0 fnt
|faint|p1a: Zapdos
|-ability|p2a: KINGGAMBIT K|Moxie|boost
|-boost|p2a: KINGGAMBIT K|atk|1
|-damage|p2a: KINGGAMBIT K|0 fnt|[from] Recoil
|faint|p2a: KINGGAMBIT K
|
|-weather|none
|upkeep
|
|t:|1757902117
|switch|p2a: LAMRON STRT|Pelipper, F|6/100
|switch|p1a: Dragapult|Dragapult, M|100/100
|-weather|RainDance|[from] ability: Drizzle|[of] p2a: LAMRON STRT
|turn|27
|
|t:|1757902121
|move|p1a: Dragapult|Hex|p2a: LAMRON STRT
|-damage|p2a: LAMRON STRT|0 fnt
|faint|p2a: LAMRON STRT
|
|-weather|RainDance|[upkeep]
|upkeep
|
|t:|1757902123
|switch|p2a: ONFOENEM|Barraskewda, F|88/100
|turn|28
|
|t:|1757902125
|move|p2a: ONFOENEM|Liquidation|p1a: Dragapult
|-resisted|p1a: Dragapult
|-damage|p1a: Dragapult|34/100
|move|p1a: Dragapult|Dragon Darts|p2a: ONFOENEM
|-damage|p2a: ONFOENEM|45/100
|-anim|p1a: Dragapult|Dragon Darts|p2a: ONFOENEM
|-damage|p2a: ONFOENEM|4/100
|
|-weather|RainDance|[upkeep]
|upkeep
|turn|29
|
|t:|1757902132
|move|p2a: ONFOENEM|Liquidation|p1a: Dragapult
|-resisted|p1a: Dragapult
|-damage|p1a: Dragapult|0 fnt
|faint|p1a: Dragapult
|
|win|MRH1106
|raw|benjies's rating: 1613 &rarr; <strong>1601</strong><br />(-12 for losing)
|raw|MRH1106's rating: 1755 &rarr; <strong>1767</strong><br />(+12 for winning)
|l|☆benjies
|player|p1|
|l| heatraniac
|l|☆MRH1106
|player|p2|
|j| heatraniac
|l| heatraniac
