|j|☆SapphireRedux
|j|☆dollardasenee
|t:|1757827431
|gametype|singles
|player|p1|SapphireRedux|lacey|1500
|player|p2|dollardasenee|cyrus|1418
|gen|9
|tier|[Gen 9] OU
|rated|
|rule|HP Percentage Mod: HP is shown in percentages
|rule|Endless Battle Clause: Forcing endless battles is banned
|rule|Species Clause: Limit one of each Pokémon
|rule|OHKO Clause: OHKO moves are banned
|rule|Evasion Items Clause: Evasion items are banned
|rule|Evasion Moves Clause: Evasion moves are banned
|rule|Evasion Abilities Clause: Evasion abilities are banned
|rule|Sleep Moves Clause: Sleep-inducing moves are banned
|clearpoke
|poke|p1|Zamazenta-*|
|poke|p1|Ninetales-Alola, F|
|poke|p1|Darkrai|
|poke|p1|Ceruledge, M|
|poke|p1|Empoleon, M|
|poke|p1|Hatterene, F|
|poke|p2|Garganacl, M|
|poke|p2|Kingambit, F|
|poke|p2|Iron Treads|
|poke|p2|Dragapult, M|
|poke|p2|Iron Moth|
|poke|p2|Araquanid, M|
|teampreview
|inactive|Battle timer is ON: inactive players will automatically lose when time's up. (requested by SapphireRedux)
|inactive|SapphireRedux has 120 seconds left.
|
|t:|1757827486
|teamsize|p1|6
|teamsize|p2|6
|start
|switch|p1a: Ninetales|Ninetales-Alola, F|100/100
|switch|p2a: Araquanid|Araquanid, M|100/100
|-weather|Snowscape|[from] ability: Snow Warning|[of] p1a: Ninetales
|turn|1
|
|t:|1757827493
|switch|p1a: Hatterene|Hatterene, F|100/100
|move|p2a: Araquanid|Liquidation|p1a: Hatterene
|-damage|p1a: Hatterene|46/100
|
|-weather|Snowscape|[upkeep]
|-heal|p1a: Hatterene|52/100|[from] item: Leftovers
|upkeep
|turn|2
|
|t:|1757827498
|move|p2a: Araquanid|Leech Life|p1a: Hatterene
|-damage|p1a: Hatterene|25/100
|move|p1a: Hatterene|Draining Kiss|p2a: Araquanid
|-damage|p2a: Araquanid|81/100
|-heal|p1a: Hatterene|41/100|[from] drain|[of] p2a: Araquanid
|
|-weather|Snowscape|[upkeep]
|-heal|p2a: Araquanid|87/100|[from] item: Leftovers
|-heal|p1a: Hatterene|47/100|[from] item: Leftovers
|upkeep
|turn|3
|
|t:|1757827518
|switch|p1a: Empoleon|Empoleon, M|100/100
|move|p2a: Araquanid|Liquidation|p1a: Empoleon
|-resisted|p1a: Empoleon
|-damage|p1a: Empoleon|62/100
|-unboost|p1a: Empoleon|def|1
|
|-weather|Snowscape|[upkeep]
|-heal|p2a: Araquanid|93/100|[from] item: Leftovers
|upkeep
|turn|4
|
|t:|1757827524
|move|p1a: Empoleon|Knock Off|p2a: Araquanid
|-damage|p2a: Araquanid|65/100
|-enditem|p2a: Araquanid|Leftovers|[from] move: Knock Off|[of] p1a: Empoleon
|move|p2a: Araquanid|Liquidation|p1a: Empoleon
|-resisted|p1a: Empoleon
|-damage|p1a: Empoleon|5/100
|-unboost|p1a: Empoleon|def|1
|
|-weather|Snowscape|[upkeep]
|upkeep
|turn|5
|
|t:|1757827533
|move|p1a: Empoleon|Knock Off|p2a: Araquanid
|-damage|p2a: Araquanid|46/100
|move|p2a: Araquanid|Trailblaze|p1a: Empoleon
|-damage|p1a: Empoleon|0 fnt
|-boost|p2a: Araquanid|spe|1
|faint|p1a: Empoleon
|
|-weather|none
|upkeep
|
|t:|1757827540
|switch|p1a: Zamazenta|Zamazenta|100/100
|-ability|p1a: Zamazenta|Dauntless Shield|boost
|-boost|p1a: Zamazenta|def|1
|turn|6
|
|t:|1757827544
|move|p1a: Zamazenta|Iron Defense|p1a: Zamazenta
|-boost|p1a: Zamazenta|def|2
|move|p2a: Araquanid|Sticky Web|p1a: Zamazenta
|-sidestart|p1: SapphireRedux|move: Sticky Web
|
|upkeep
|turn|7
|
|t:|1757827551
|move|p1a: Zamazenta|Body Press|p2a: Araquanid
|-resisted|p2a: Araquanid
|-damage|p2a: Araquanid|0 fnt
|faint|p2a: Araquanid
|
|upkeep
|
|t:|1757827556
|switch|p2a: Dragapult|Dragapult, M|100/100
|turn|8
|
|t:|1757827561
|move|p2a: Dragapult|Shadow Ball|p1a: Zamazenta
|-damage|p1a: Zamazenta|48/100
|move|p1a: Zamazenta|Crunch|p2a: Dragapult
|-supereffective|p2a: Dragapult
|-damage|p2a: Dragapult|35/100
|
|upkeep
|turn|9
|
|t:|1757827571
|switch|p1a: Darkrai|Darkrai|100/100
|-activate|p1a: Darkrai|move: Sticky Web
|-unboost|p1a: Darkrai|spe|1
|move|p2a: Dragapult|Shadow Ball|p1a: Darkrai
|-resisted|p1a: Darkrai
|-damage|p1a: Darkrai|68/100
|
|-heal|p1a: Darkrai|74/100|[from] item: Leftovers
|upkeep
|turn|10
|
|t:|1757827577
|move|p2a: Dragapult|Shadow Ball|p1a: Darkrai
|-resisted|p1a: Darkrai
|-damage|p1a: Darkrai|42/100
|move|p1a: Darkrai|Dark Pulse|p2a: Dragapult
|-supereffective|p2a: Dragapult
|-damage|p2a: Dragapult|0 fnt
|faint|p2a: Dragapult
|
|-heal|p1a: Darkrai|48/100|[from] item: Leftovers
|upkeep
|
|t:|1757827585
|switch|p2a: Iron Moth|Iron Moth|100/100
|-enditem|p2a: Iron Moth|Booster Energy
|-activate|p2a: Iron Moth|ability: Quark Drive|[fromitem]
|-start|p2a: Iron Moth|quarkdrivespa
|turn|11
|
|t:|1757827589
|move|p2a: Iron Moth|Fiery Dance|p1a: Darkrai
|-damage|p1a: Darkrai|0 fnt
|-boost|p2a: Iron Moth|spa|1
|faint|p1a: Darkrai
|
|upkeep
|
|t:|1757827595
|switch|p1a: Ceruledge|Ceruledge, M|100/100
|-activate|p1a: Ceruledge|move: Sticky Web
|-unboost|p1a: Ceruledge|spe|1
|turn|12
|
|t:|1757827601
|-end|p2a: Iron Moth|Quark Drive|[silent]
|switch|p2a: Garganacl|Garganacl, M|100/100
|move|p1a: Ceruledge|Bulk Up|p1a: Ceruledge
|-boost|p1a: Ceruledge|atk|1
|-boost|p1a: Ceruledge|def|1
|
|upkeep
|turn|13
|
|t:|1757827604
|move|p1a: Ceruledge|Taunt|p2a: Garganacl
|-start|p2a: Garganacl|move: Taunt
|move|p2a: Garganacl|Salt Cure|p1a: Ceruledge
|-supereffective|p1a: Ceruledge
|-damage|p1a: Ceruledge|81/100
|
|upkeep
|turn|14
|
|t:|1757827612
|switch|p2a: Iron Treads|Iron Treads|100/100
|-enditem|p2a: Iron Treads|Booster Energy
|-activate|p2a: Iron Treads|ability: Quark Drive|[fromitem]
|-start|p2a: Iron Treads|quarkdrivespe
|move|p1a: Ceruledge|Bulk Up|p1a: Ceruledge
|-boost|p1a: Ceruledge|atk|1
|-boost|p1a: Ceruledge|def|1
|
|upkeep
|turn|15
|
|t:|1757827624
|-terastallize|p1a: Ceruledge|Bug
|move|p2a: Iron Treads|Knock Off|p1a: Ceruledge
|-damage|p1a: Ceruledge|64/100
|-enditem|p1a: Ceruledge|Covert Cloak|[from] move: Knock Off|[of] p2a: Iron Treads
|move|p1a: Ceruledge|Bulk Up|p1a: Ceruledge
|-boost|p1a: Ceruledge|atk|1
|-boost|p1a: Ceruledge|def|1
|
|upkeep
|turn|16
|
|t:|1757827635
|move|p2a: Iron Treads|Iron Head|p1a: Ceruledge
|-damage|p1a: Ceruledge|46/100
|move|p1a: Ceruledge|Bulk Up|p1a: Ceruledge
|-boost|p1a: Ceruledge|atk|1
|-boost|p1a: Ceruledge|def|1
|
|upkeep
|turn|17
|
|t:|1757827640
|move|p2a: Iron Treads|Iron Head|p1a: Ceruledge
|-damage|p1a: Ceruledge|34/100
|move|p1a: Ceruledge|Bulk Up|p1a: Ceruledge
|-boost|p1a: Ceruledge|atk|1
|-boost|p1a: Ceruledge|def|1
|
|upkeep
|turn|18
|
|t:|1757827644
|move|p2a: Iron Treads|Iron Head|p1a: Ceruledge
|-damage|p1a: Ceruledge|21/100
|cant|p1a: Ceruledge|flinch
|
|upkeep
|turn|19
|
|t:|1757827647
|move|p2a: Iron Treads|Iron Head|p1a: Ceruledge
|-damage|p1a: Ceruledge|9/100
|move|p1a: Ceruledge|Bitter Blade|p2a: Iron Treads
|-supereffective|p2a: Iron Treads
|-damage|p2a: Iron Treads|0 fnt
|-heal|p1a: Ceruledge|55/100|[from] drain|[of] p2a: Iron Treads
|faint|p2a: Iron Treads
|-end|p2a: Iron Treads|Quark Drive|[silent]
|
|upkeep
|
|t:|1757827650
|switch|p2a: Iron Moth|Iron Moth|100/100
|turn|20
|
|t:|1757827654
|move|p2a: Iron Moth|Fiery Dance|p1a: Ceruledge
|-start|p1a: Ceruledge|ability: Flash Fire
|move|p1a: Ceruledge|Bitter Blade|p2a: Iron Moth
|-resisted|p2a: Iron Moth
|-damage|p2a: Iron Moth|0 fnt
|-heal|p1a: Ceruledge|97/100|[from] drain|[of] p2a: Iron Moth
|faint|p2a: Iron Moth
|-end|p2a: Iron Moth|Quark Drive|[silent]
|
|upkeep
|
|t:|1757827661
|switch|p2a: Garganacl|Garganacl, M|100/100
|turn|21
|
|t:|1757827665
|move|p1a: Ceruledge|Bitter Blade|p2a: Garganacl
|-resisted|p2a: Garganacl
|-damage|p2a: Garganacl|31/100
|-heal|p1a: Ceruledge|100/100|[from] drain|[of] p2a: Garganacl
|move|p2a: Garganacl|Salt Cure|p1a: Ceruledge
|-supereffective|p1a: Ceruledge
|-damage|p1a: Ceruledge|92/100
|-start|p1a: Ceruledge|Salt Cure
|
|-heal|p2a: Garganacl|37/100|[from] item: Leftovers
|-damage|p1a: Ceruledge|80/100|[from] Salt Cure
|upkeep
|turn|22
|
|t:|1757827670
|move|p1a: Ceruledge|Bitter Blade|p2a: Garganacl
|-resisted|p2a: Garganacl
|-damage|p2a: Garganacl|0 fnt
|-heal|p1a: Ceruledge|100/100|[from] drain|[of] p2a: Garganacl
|faint|p2a: Garganacl
|
|-damage|p1a: Ceruledge|88/100|[from] Salt Cure
|upkeep
|
|t:|1757827673
|switch|p2a: Kingambit|Kingambit, F|100/100
|-activate|p2a: Kingambit|ability: Supreme Overlord
|-start|p2a: Kingambit|fallen5|[silent]
|turn|23
|
|t:|1757827679
|-terastallize|p2a: Kingambit|Flying
|move|p2a: Kingambit|Kowtow Cleave|p1a: Ceruledge
|-damage|p1a: Ceruledge|67/100
|move|p1a: Ceruledge|Bitter Blade|p2a: Kingambit
|-damage|p2a: Kingambit|0 fnt
|-heal|p1a: Ceruledge|100/100|[from] drain|[of] p2a: Kingambit
|faint|p2a: Kingambit
|-end|p2a: Kingambit|fallen5|[silent]
|
|win|SapphireRedux
|raw|SapphireRedux's rating: 1500 &rarr; <strong>1515</strong><br />(+15 for winning)
|raw|dollardasenee's rating: 1418 &rarr; <strong>1403</strong><br />(-15 for losing)
|l|☆dollardasenee
|player|p2|
|l|☆SapphireRedux
|player|p1|
