|j|☆KonbiniStore
|j|☆DragoniteDen
|t:|1757830249
|gametype|singles
|player|p1|KonbiniStore|1|1000
|player|p2|DragoniteDen|lance|1046
|gen|9
|tier|[Gen 9] OU
|rated|
|rule|HP Percentage Mod: HP is shown in percentages
|rule|Endless Battle Clause: Forcing endless battles is banned
|rule|Species Clause: Limit one of each Pokémon
|rule|OHKO Clause: OHKO moves are banned
|rule|Evasion Items Clause: Evasion items are banned
|rule|Evasion Moves Clause: Evasion moves are banned
|rule|Evasion Abilities Clause: Evasion abilities are banned
|rule|Sleep Moves Clause: Sleep-inducing moves are banned
|clearpoke
|poke|p1|Delphox, M|
|poke|p1|Sylveon, F|
|poke|p1|Pikachu-Kalos, M|
|poke|p1|Decidueye, M|
|poke|p1|Corviknight, F|
|poke|p1|Toxapex, F|
|poke|p2|Dragonite, M|
|poke|p2|Dragapult, F|
|poke|p2|Iron Treads|
|poke|p2|Arcanine, M|
|poke|p2|Zapdos|
|poke|p2|Gyarados, M|
|teampreview
|
|t:|1757830259
|teamsize|p1|6
|teamsize|p2|6
|start
|switch|p1a: Sylveon|Sylveon, F|100/100
|switch|p2a: Baby sitter|Dragapult, F|100/100
|turn|1
|
|t:|1757830274
|switch|p2a: Doesnt Bite|Arcanine, M|100/100
|-ability|p2a: Doesnt Bite|Intimidate|boost
|-unboost|p1a: Sylveon|atk|1
|move|p1a: Sylveon|Fake Tears|p2a: Doesnt Bite
|-unboost|p2a: Doesnt Bite|spd|2
|
|upkeep
|turn|2
|
|t:|1757830288
|move|p2a: Doesnt Bite|Flamethrower|p1a: Sylveon
|-damage|p1a: Sylveon|78/100
|move|p1a: Sylveon|Shadow Ball|p2a: Doesnt Bite
|-damage|p2a: Doesnt Bite|30/100
|
|upkeep
|turn|3
|
|t:|1757830302
|move|p2a: Doesnt Bite|Raging Fury|p1a: Sylveon
|-damage|p1a: Sylveon|4/100
|move|p1a: Sylveon|Body Slam|p2a: Doesnt Bite
|-damage|p2a: Doesnt Bite|18/100
|-status|p2a: Doesnt Bite|par
|
|upkeep
|turn|4
|
|t:|1757830313
|cant|p2a: Doesnt Bite|par
|move|p1a: Sylveon|Shadow Ball|p2a: Doesnt Bite
|-damage|p2a: Doesnt Bite|0 fnt
|faint|p2a: Doesnt Bite
|
|upkeep
|
|t:|1757830317
|switch|p2a: MONSTER|Iron Treads|100/100
|-enditem|p2a: MONSTER|Booster Energy
|-activate|p2a: MONSTER|ability: Quark Drive|[fromitem]
|-start|p2a: MONSTER|quarkdrivespe
|turn|5
|
|t:|1757830328
|switch|p1a: Delphox|Delphox, M|100/100
|move|p2a: MONSTER|Ice Spinner|p1a: Delphox
|-resisted|p1a: Delphox
|-damage|p1a: Delphox|81/100
|
|-heal|p1a: Delphox|87/100|[from] item: Leftovers
|upkeep
|turn|6
|
|t:|1757830336
|move|p2a: MONSTER|Earthquake|p1a: Delphox
|-supereffective|p1a: Delphox
|-damage|p1a: Delphox|0 fnt
|faint|p1a: Delphox
|
|upkeep
|
|t:|1757830343
|switch|p1a: Pikachu|Pikachu-Kalos, M|100/100
|turn|7
|
|t:|1757830347
|move|p2a: MONSTER|Earthquake|p1a: Pikachu
|-supereffective|p1a: Pikachu
|-damage|p1a: Pikachu|0 fnt
|faint|p1a: Pikachu
|
|upkeep
|
|t:|1757830353
|switch|p1a: Decidueye|Decidueye, M, shiny|100/100
|turn|8
|
|t:|1757830364
|move|p2a: MONSTER|Ice Spinner|p1a: Decidueye
|-supereffective|p1a: Decidueye
|-damage|p1a: Decidueye|38/100
|move|p1a: Decidueye|Energy Ball|p2a: MONSTER
|-damage|p2a: MONSTER|33/100
|
|upkeep
|turn|9
|
|t:|1757830372
|move|p1a: Decidueye|Shadow Sneak|p2a: MONSTER
|-damage|p2a: MONSTER|20/100
|move|p2a: MONSTER|Rapid Spin|p1a: Decidueye
|-immune|p1a: Decidueye
|
|upkeep
|turn|10
|
|t:|1757830379
|switch|p1a: Corviknight|Corviknight, F, shiny|100/100
|-ability|p1a: Corviknight|Pressure
|move|p2a: MONSTER|Iron Head|p1a: Corviknight
|-resisted|p1a: Corviknight
|-damage|p1a: Corviknight|84/100
|
|upkeep
|turn|11
|
|t:|1757830388
|move|p2a: MONSTER|Ice Spinner|p1a: Corviknight
|-damage|p1a: Corviknight|62/100
|move|p1a: Corviknight|Fury Attack|p2a: MONSTER
|-resisted|p2a: MONSTER
|-damage|p2a: MONSTER|18/100
|-resisted|p2a: MONSTER
|-damage|p2a: MONSTER|16/100
|-resisted|p2a: MONSTER
|-damage|p2a: MONSTER|14/100
|-resisted|p2a: MONSTER
|-damage|p2a: MONSTER|12/100
|-hitcount|p2a: MONSTER|4
|
|upkeep
|turn|12
|
|t:|1757830404
|move|p2a: MONSTER|Ice Spinner|p1a: Corviknight
|-damage|p1a: Corviknight|42/100
|move|p1a: Corviknight|Drill Peck|p2a: MONSTER
|-resisted|p2a: MONSTER
|-damage|p2a: MONSTER|0 fnt
|faint|p2a: MONSTER
|-end|p2a: MONSTER|Quark Drive|[silent]
|
|upkeep
|
|t:|1757830409
|switch|p2a: Dragonite Den|Dragonite, M|100/100
|turn|13
|
|t:|1757830416
|switch|p1a: Toxapex|Toxapex, F|100/100
|-terastallize|p2a: Dragonite Den|Normal
|move|p2a: Dragonite Den|Fire Punch|p1a: Toxapex
|-resisted|p1a: Toxapex
|-damage|p1a: Toxapex|91/100
|
|upkeep
|turn|14
|
|t:|1757830431
|move|p1a: Toxapex|Baneful Bunker|p1a: Toxapex
|-singleturn|p1a: Toxapex|move: Protect
|move|p2a: Dragonite Den|Extreme Speed|p1a: Toxapex
|-activate|p1a: Toxapex|move: Protect
|-status|p2a: Dragonite Den|psn
|
|-damage|p2a: Dragonite Den|88/100 psn|[from] psn
|upkeep
|turn|15
|
|t:|1757830442
|move|p2a: Dragonite Den|Extreme Speed|p1a: Toxapex
|-damage|p1a: Toxapex|60/100
|move|p1a: Toxapex|Facade|p2a: Dragonite Den
|-crit|p2a: Dragonite Den
|-damage|p2a: Dragonite Den|70/100 psn
|
|-damage|p2a: Dragonite Den|57/100 psn|[from] psn
|upkeep
|turn|16
|
|t:|1757830455
|move|p1a: Toxapex|Baneful Bunker|p1a: Toxapex
|-singleturn|p1a: Toxapex|move: Protect
|move|p2a: Dragonite Den|Outrage|p1a: Toxapex
|-activate|p1a: Toxapex|move: Protect
|
|-damage|p2a: Dragonite Den|45/100 psn|[from] psn
|upkeep
|turn|17
|
|t:|1757830471
|move|p1a: Toxapex|Baneful Bunker||[still]
|-fail|p1a: Toxapex
|move|p2a: Dragonite Den|Outrage|p1a: Toxapex
|-damage|p1a: Toxapex|21/100
|
|-damage|p2a: Dragonite Den|33/100 psn|[from] psn
|upkeep
|turn|18
|
|t:|1757830482
|move|p2a: Dragonite Den|Outrage|p1a: Toxapex|[from] lockedmove
|-damage|p1a: Toxapex|0 fnt
|faint|p1a: Toxapex
|-start|p2a: Dragonite Den|confusion|[fatigue]
|
|-damage|p2a: Dragonite Den|20/100 psn|[from] psn
|upkeep
|
|t:|1757830495
|switch|p1a: Corviknight|Corviknight, F, shiny|42/100
|-ability|p1a: Corviknight|Pressure
|turn|19
|
|t:|1757830501
|-activate|p2a: Dragonite Den|confusion
|move|p2a: Dragonite Den|Fire Punch|p1a: Corviknight
|-supereffective|p1a: Corviknight
|-damage|p1a: Corviknight|0 fnt
|faint|p1a: Corviknight
|
|-damage|p2a: Dragonite Den|8/100 psn|[from] psn
|upkeep
|c|☆KonbiniStore|gg ;-;
|
|t:|1757830512
|switch|p1a: Decidueye|Decidueye, M, shiny|38/100
|turn|20
|
|t:|1757830518
|move|p1a: Decidueye|Shadow Sneak|p2a: Dragonite Den
|-immune|p2a: Dragonite Den
|-activate|p2a: Dragonite Den|confusion
|move|p2a: Dragonite Den|Fire Punch|p1a: Decidueye
|-supereffective|p1a: Decidueye
|-damage|p1a: Decidueye|0 fnt
|faint|p1a: Decidueye
|
|-damage|p2a: Dragonite Den|0 fnt|[from] psn
|faint|p2a: Dragonite Den
|upkeep
|
|t:|1757830527
|switch|p2a: Definetly Dragon|Gyarados, M|100/100
|switch|p1a: Sylveon|Sylveon, F|4/100
|-ability|p2a: Definetly Dragon|Intimidate|boost
|-unboost|p1a: Sylveon|atk|1
|turn|21
|c|☆DragoniteDen|good game
|
|t:|1757830537
|move|p2a: Definetly Dragon|Waterfall|p1a: Sylveon
|-damage|p1a: Sylveon|0 fnt
|-start|p2a: Definetly Dragon|Attract|[from] ability: Cute Charm|[of] p1a: Sylveon
|faint|p1a: Sylveon
|-end|p2a: Definetly Dragon|Attract|[silent]
|
|win|DragoniteDen
|raw|KonbiniStore's rating: 1000 &rarr; <strong>1000</strong><br />(+0 for losing)
|raw|DragoniteDen's rating: 1046 &rarr; <strong>1075</strong><br />(+29 for winning)
|l|☆KonbiniStore
|player|p1|
