|j|☆teamcrystalrocket
|j|☆fengbingyuan520
|t:|1757852746
|gametype|singles
|player|p1|teamcrystalrocket|102|1107
|player|p2|fengbingyuan520|1|1133
|gen|9
|tier|[Gen 9] OU
|rated|
|rule|HP Percentage Mod: HP is shown in percentages
|rule|Endless Battle Clause: Forcing endless battles is banned
|rule|Species Clause: Limit one of each Pokémon
|rule|OHKO Clause: OHKO moves are banned
|rule|Evasion Items Clause: Evasion items are banned
|rule|Evasion Moves Clause: Evasion moves are banned
|rule|Evasion Abilities Clause: Evasion abilities are banned
|rule|Sleep Moves Clause: Sleep-inducing moves are banned
|clearpoke
|poke|p1|Skeledirge, F|
|poke|p1|Glimmora, M|
|poke|p1|Meowscarada, M|
|poke|p1|Great Tusk|
|poke|p1|Kingambit, M|
|poke|p1|Quagsire, M|
|poke|p2|Ogerpon, F|
|poke|p2|Rillaboom, M|
|poke|p2|Great Tusk|
|poke|p2|Gholdengo|
|poke|p2|Moltres|
|poke|p2|Samurott-Hisui, M|
|teampreview
|inactive|Battle timer is ON: inactive players will automatically lose when time's up. (requested by teamcrystalrocket)
|
|t:|1757852771
|teamsize|p1|6
|teamsize|p2|6
|start
|switch|p1a: Quagsire|Quagsire, M, shiny|100/100
|switch|p2a: Great Tusk|Great Tusk|100/100
|turn|1
|
|t:|1757852777
|-end|p2a: Great Tusk|Protosynthesis|[silent]
|switch|p2a: Rillaboom|Rillaboom, M|100/100
|-fieldstart|move: Grassy Terrain|[from] ability: Grassy Surge|[of] p2a: Rillaboom
|move|p1a: Quagsire|Toxic|p2a: Rillaboom
|-status|p2a: Rillaboom|tox
|
|-damage|p2a: Rillaboom|94/100 tox|[from] psn
|upkeep
|turn|2
|
|t:|1757852787
|switch|p1a: Glimmora|Glimmora, M, shiny|100/100
|move|p2a: Rillaboom|Grassy Glide|p1a: Glimmora
|-damage|p1a: Glimmora|52/100
|-activate|p1a: Glimmora|ability: Toxic Debris
|-sidestart|p2: fengbingyuan520|move: Toxic Spikes
|
|-heal|p1a: Glimmora|58/100|[from] Grassy Terrain
|-heal|p2a: Rillaboom|100/100 tox|[from] Grassy Terrain
|-damage|p2a: Rillaboom|88/100 tox|[from] psn
|upkeep
|turn|3
|
|t:|1757852798
|move|p1a: Glimmora|Sludge Wave|p2a: Rillaboom
|-supereffective|p2a: Rillaboom
|-damage|p2a: Rillaboom|0 fnt
|faint|p2a: Rillaboom
|
|-heal|p1a: Glimmora|65/100|[from] Grassy Terrain
|upkeep
|
|t:|1757852803
|switch|p2a: Great Tusk|Great Tusk|100/100
|turn|4
|
|t:|1757852810
|-terastallize|p1a: Glimmora|Ghost
|move|p2a: Great Tusk|Rapid Spin|p1a: Glimmora
|-immune|p1a: Glimmora
|move|p1a: Glimmora|Stealth Rock|p2a: Great Tusk
|-sidestart|p2: fengbingyuan520|move: Stealth Rock
|
|-heal|p1a: Glimmora|71/100|[from] Grassy Terrain
|upkeep
|turn|5
|
|t:|1757852817
|move|p2a: Great Tusk|Headlong Rush|p1a: Glimmora
|-damage|p1a: Glimmora|0 fnt
|-unboost|p2a: Great Tusk|def|1
|-unboost|p2a: Great Tusk|spd|1
|-activate|p1a: Glimmora|ability: Toxic Debris
|-sidestart|p2: fengbingyuan520|move: Toxic Spikes
|faint|p1a: Glimmora
|
|upkeep
|
|t:|1757852825
|switch|p1a: Great Tusk|Great Tusk, shiny|100/100
|turn|6
|
|t:|1757852829
|-end|p2a: Great Tusk|Protosynthesis|[silent]
|switch|p2a: Moltres|Moltres|100/100
|move|p1a: Great Tusk|Ice Spinner|p2a: Moltres
|-damage|p2a: Moltres|85/100
|-fieldend|move: Grassy Terrain
|
|upkeep
|turn|7
|
|t:|1757852836
|-end|p1a: Great Tusk|Protosynthesis|[silent]
|switch|p1a: Skeledirge|Skeledirge, F|100/100
|move|p2a: Moltres|Will-O-Wisp|p1a: Skeledirge
|-immune|p1a: Skeledirge
|
|upkeep
|turn|8
|
|t:|1757852843
|switch|p2a: Great Tusk|Great Tusk|100/100
|move|p1a: Skeledirge|Hex|p2a: Great Tusk
|-damage|p2a: Great Tusk|66/100
|
|upkeep
|turn|9
|
|t:|1757852851
|move|p2a: Great Tusk|Stealth Rock|p1a: Skeledirge
|-sidestart|p1: teamcrystalrocket|move: Stealth Rock
|move|p1a: Skeledirge|Hex|p2a: Great Tusk
|-damage|p2a: Great Tusk|28/100
|
|upkeep
|turn|10
|
|t:|1757852856
|move|p2a: Great Tusk|Headlong Rush|p1a: Skeledirge
|-supereffective|p1a: Skeledirge
|-damage|p1a: Skeledirge|26/100
|-unboost|p2a: Great Tusk|def|1
|-unboost|p2a: Great Tusk|spd|1
|move|p1a: Skeledirge|Hex|p2a: Great Tusk
|-damage|p2a: Great Tusk|0 fnt
|faint|p2a: Great Tusk
|-end|p2a: Great Tusk|Protosynthesis|[silent]
|
|-heal|p1a: Skeledirge|32/100|[from] item: Leftovers
|upkeep
|
|t:|1757852864
|switch|p2a: Samurott|Samurott-Hisui, M|100/100
|-status|p2a: Samurott|tox
|-damage|p2a: Samurott|88/100 tox|[from] Stealth Rock
|turn|11
|
|t:|1757852874
|switch|p1a: Great Tusk|Great Tusk, shiny|100/100
|move|p2a: Samurott|Ceaseless Edge|p1a: Great Tusk
|-resisted|p1a: Great Tusk
|-damage|p1a: Great Tusk|88/100
|-sidestart|p1: teamcrystalrocket|Spikes
|
|-damage|p2a: Samurott|82/100 tox|[from] psn
|upkeep
|turn|12
|
|t:|1757852882
|move|p1a: Great Tusk|Rapid Spin|p2a: Samurott
|-crit|p2a: Samurott
|-damage|p2a: Samurott|59/100 tox
|-boost|p1a: Great Tusk|spe|1
|-sideend|p1: teamcrystalrocket|Spikes|[from] move: Rapid Spin|[of] p1a: Great Tusk
|-sideend|p1: teamcrystalrocket|Stealth Rock|[from] move: Rapid Spin|[of] p1a: Great Tusk
|move|p2a: Samurott|Razor Shell|p1a: Great Tusk
|-supereffective|p1a: Great Tusk
|-damage|p1a: Great Tusk|27/100
|-unboost|p1a: Great Tusk|def|1
|
|-damage|p2a: Samurott|47/100 tox|[from] psn
|upkeep
|turn|13
|
|t:|1757852893
|move|p2a: Samurott|Sucker Punch|p1a: Great Tusk
|-resisted|p1a: Great Tusk
|-damage|p1a: Great Tusk|12/100
|move|p1a: Great Tusk|Headlong Rush|p2a: Samurott
|-damage|p2a: Samurott|0 fnt
|-unboost|p1a: Great Tusk|def|1
|-unboost|p1a: Great Tusk|spd|1
|faint|p2a: Samurott
|
|upkeep
|
|t:|1757852897
|switch|p2a: Moltres|Moltres|85/100
|turn|14
|
|t:|1757852906
|move|p1a: Great Tusk|Ice Spinner|p2a: Moltres
|-damage|p2a: Moltres|69/100
|move|p2a: Moltres|Hurricane|p1a: Great Tusk|[miss]
|-miss|p2a: Moltres|p1a: Great Tusk
|
|upkeep
|turn|15
|
|t:|1757852914
|move|p1a: Great Tusk|Ice Spinner|p2a: Moltres
|-damage|p2a: Moltres|54/100
|move|p2a: Moltres|Roost|p2a: Moltres
|-heal|p2a: Moltres|100/100
|-singleturn|p2a: Moltres|move: Roost
|
|upkeep
|turn|16
|
|t:|1757852924
|-end|p1a: Great Tusk|Protosynthesis|[silent]
|switch|p1a: Quagsire|Quagsire, M, shiny|100/100
|move|p2a: Moltres|Hurricane|p1a: Quagsire
|-damage|p1a: Quagsire|46/100
|-start|p1a: Quagsire|confusion
|
|upkeep
|turn|17
|
|t:|1757852932
|move|p2a: Moltres|Hurricane|p1a: Quagsire
|-damage|p1a: Quagsire|0 fnt
|faint|p1a: Quagsire
|
|upkeep
|
|t:|1757852940
|switch|p1a: Skeledirge|Skeledirge, F|32/100
|turn|18
|
|t:|1757852943
|move|p2a: Moltres|Hurricane|p1a: Skeledirge
|-damage|p1a: Skeledirge|0 fnt
|faint|p1a: Skeledirge
|
|upkeep
|
|t:|1757852951
|switch|p1a: Meowscarada|Meowscarada, M|100/100
|turn|19
|
|t:|1757852961
|move|p1a: Meowscarada|Knock Off|p2a: Moltres
|-start|p1a: Meowscarada|typechange|Dark|[from] ability: Protean
|-damage|p2a: Moltres|76/100
|-enditem|p2a: Moltres|Heavy-Duty Boots|[from] move: Knock Off|[of] p1a: Meowscarada
|move|p2a: Moltres|Will-O-Wisp|p1a: Meowscarada
|-status|p1a: Meowscarada|brn
|
|-damage|p1a: Meowscarada|94/100 brn|[from] brn
|upkeep
|turn|20
|
|t:|1757852972
|switch|p1a: Great Tusk|Great Tusk, shiny|12/100
|move|p2a: Moltres|Hurricane|p1a: Great Tusk|[miss]
|-miss|p2a: Moltres|p1a: Great Tusk
|
|upkeep
|turn|21
|
|t:|1757852978
|move|p1a: Great Tusk|Ice Spinner|p2a: Moltres
|-damage|p2a: Moltres|61/100
|move|p2a: Moltres|Roost|p2a: Moltres
|-heal|p2a: Moltres|100/100
|-singleturn|p2a: Moltres|move: Roost
|
|upkeep
|turn|22
|
|t:|1757852984
|move|p1a: Great Tusk|Ice Spinner|p2a: Moltres
|-damage|p2a: Moltres|85/100
|move|p2a: Moltres|Flamethrower|p1a: Great Tusk
|-damage|p1a: Great Tusk|0 fnt
|faint|p1a: Great Tusk
|-end|p1a: Great Tusk|Protosynthesis|[silent]
|
|upkeep
|
|t:|1757852990
|switch|p1a: Kingambit|Kingambit, M|100/100
|-activate|p1a: Kingambit|ability: Supreme Overlord
|-start|p1a: Kingambit|fallen4|[silent]
|turn|23
|
|t:|1757852994
|move|p2a: Moltres|Flamethrower|p1a: Kingambit
|-supereffective|p1a: Kingambit
|-damage|p1a: Kingambit|16/100
|move|p1a: Kingambit|Kowtow Cleave|p2a: Moltres
|-damage|p2a: Moltres|26/100
|
|upkeep
|turn|24
|
|t:|1757853001
|move|p1a: Kingambit|Sucker Punch||[still]
|-fail|p1a: Kingambit
|move|p2a: Moltres|Will-O-Wisp|p1a: Kingambit|[miss]
|-miss|p2a: Moltres|p1a: Kingambit
|
|upkeep
|turn|25
|
|t:|1757853007
|move|p1a: Kingambit|Sucker Punch||[still]
|-fail|p1a: Kingambit
|move|p2a: Moltres|Roost|p2a: Moltres
|-heal|p2a: Moltres|76/100
|-singleturn|p2a: Moltres|move: Roost
|
|upkeep
|turn|26
|
|t:|1757853022
|move|p1a: Kingambit|Sucker Punch|p2a: Moltres
|-damage|p2a: Moltres|27/100
|move|p2a: Moltres|Flamethrower|p1a: Kingambit
|-supereffective|p1a: Kingambit
|-damage|p1a: Kingambit|0 fnt
|faint|p1a: Kingambit
|-end|p1a: Kingambit|fallen4|[silent]
|
|upkeep
|-message|teamcrystalrocket forfeited.
|
|win|fengbingyuan520
|raw|teamcrystalrocket's rating: 1107 &rarr; <strong>1084</strong><br />(-23 for losing)
|raw|fengbingyuan520's rating: 1133 &rarr; <strong>1156</strong><br />(+23 for winning)
|l|☆teamcrystalrocket
|player|p1|
