|badge|p1|bronze|gen9doublesou|100-6
|uhtml|medal-msg|<div class="broadcast-blue">Curious what those medals under the avatar are? PS now has Ladder Seasons! For more information, check out the <a href="https://www.smogon.com/forums/threads/3740067/">thread on Smogon.</a></div>
|j|☆RedemptiveSketch
|j|☆touhoukhoa
|t:|1757850428
|gametype|singles
|player|p1|RedemptiveSketch|alec-anime|1608
|player|p2|touhoukhoa|burglar|1685
|gen|9
|tier|[Gen 9] OU
|rated|
|rule|HP Percentage Mod: HP is shown in percentages
|rule|Endless Battle Clause: Forcing endless battles is banned
|rule|Species Clause: Limit one of each Pokémon
|rule|OHKO Clause: OHKO moves are banned
|rule|Evasion Items Clause: Evasion items are banned
|rule|Evasion Moves Clause: Evasion moves are banned
|rule|Evasion Abilities Clause: Evasion abilities are banned
|rule|Sleep Moves Clause: Sleep-inducing moves are banned
|clearpoke
|poke|p1|Zamazenta-*|
|poke|p1|Kyurem|
|poke|p1|Hoopa-Unbound|
|poke|p1|Slowking-Galar, F|
|poke|p1|Great Tusk|
|poke|p1|Moltres|
|poke|p2|Zamazenta-*|
|poke|p2|Glimmora, F|
|poke|p2|Araquanid, M|
|poke|p2|Dragapult, M|
|poke|p2|Kingambit, F|
|poke|p2|Landorus-Therian, M|
|teampreview
|inactive|Battle timer is ON: inactive players will automatically lose when time's up. (requested by RedemptiveSketch)
|c|☆RedemptiveSketch|tou!!!
|c|☆touhoukhoa|sup
|
|t:|1757850442
|teamsize|p1|6
|teamsize|p2|6
|start
|switch|p1a: Kyurem|Kyurem|100/100
|switch|p2a: Dragapult|Dragapult, M|100/100
|-ability|p1a: Kyurem|Pressure
|turn|1
|c|☆RedemptiveSketch|hru
|
|t:|1757850451
|-terastallize|p2a: Dragapult|Ghost
|move|p1a: Kyurem|Protect|p1a: Kyurem
|-singleturn|p1a: Kyurem|Protect
|move|p2a: Dragapult|Shadow Ball|p1a: Kyurem
|-activate|p1a: Kyurem|move: Protect
|
|upkeep
|turn|2
|c|☆RedemptiveSketch|long time
|c|☆touhoukhoa|not great
|
|t:|1757850457
|switch|p1a: Hoopa|Hoopa-Unbound|100/100
|move|p2a: Dragapult|Shadow Ball|p1a: Hoopa
|-damage|p1a: Hoopa|77/100
|
|upkeep
|turn|3
|
|t:|1757850469
|switch|p2a: Kingambit|Kingambit, F|100/100
|switch|p1a: Moltres|Moltres|100/100
|
|upkeep
|turn|4
|
|t:|1757850475
|-end|p2a: Kingambit|fallenundefined|[silent]
|switch|p2a: Glimmora|Glimmora, F|100/100
|move|p1a: Moltres|Flamethrower|p2a: Glimmora
|-resisted|p2a: Glimmora
|-damage|p2a: Glimmora|76/100
|
|upkeep
|turn|5
|
|t:|1757850484
|switch|p1a: Hoopa|Hoopa-Unbound|77/100
|move|p2a: Glimmora|Meteor Beam||[still]
|-prepare|p2a: Glimmora|Meteor Beam
|-boost|p2a: Glimmora|spa|1
|-enditem|p2a: Glimmora|Power Herb
|-anim|p2a: Glimmora|Meteor Beam|p1a: Hoopa
|-damage|p1a: Hoopa|38/100
|
|upkeep
|turn|6
|
|t:|1757850498
|switch|p2a: Kingambit|Kingambit, F|100/100
|move|p1a: Hoopa|Drain Punch|p2a: Kingambit
|-supereffective|p2a: Kingambit
|-damage|p2a: Kingambit|15/100
|-heal|p1a: Hoopa|84/100|[from] drain|[of] p2a: Kingambit
|
|upkeep
|turn|7
|j| kopoxokop
|
|t:|1757850503
|switch|p1a: Great Tusk|Great Tusk|100/100
|-end|p2a: Kingambit|fallenundefined|[silent]
|switch|p2a: Landorus|Landorus-Therian, M|100/100
|-ability|p2a: Landorus|Intimidate|boost
|-unboost|p1a: Great Tusk|atk|1
|
|upkeep
|turn|8
|
|t:|1757850509
|move|p2a: Landorus|Earthquake|p1a: Great Tusk
|-damage|p1a: Great Tusk|43/100
|move|p1a: Great Tusk|Stealth Rock|p2a: Landorus
|-sidestart|p2: touhoukhoa|move: Stealth Rock
|
|upkeep
|turn|9
|
|t:|1757850537
|switch|p2a: Glimmora|Glimmora, F|76/100
|-damage|p2a: Glimmora|64/100|[from] Stealth Rock
|-end|p1a: Great Tusk|Protosynthesis|[silent]
|switch|p1a: Zamazenta|Zamazenta|100/100
|-ability|p1a: Zamazenta|Dauntless Shield|boost
|-boost|p1a: Zamazenta|def|1
|
|upkeep
|turn|10
|
|t:|1757850544
|move|p1a: Zamazenta|Heavy Slam|p2a: Glimmora
|-supereffective|p2a: Glimmora
|-crit|p2a: Glimmora
|-damage|p2a: Glimmora|0 fnt
|-activate|p2a: Glimmora|ability: Toxic Debris
|-sidestart|p1: RedemptiveSketch|move: Toxic Spikes
|faint|p2a: Glimmora
|
|upkeep
|
|t:|1757850548
|switch|p2a: Dragapult|Dragapult, M, tera:Ghost|100/100
|-damage|p2a: Dragapult|88/100|[from] Stealth Rock
|turn|11
|inactive|RedemptiveSketch has 120 seconds left.
|c|☆RedemptiveSketch|are u scarf?
|c|☆touhoukhoa|yeah?
|
|t:|1757850591
|move|p2a: Dragapult|Shadow Ball|p1a: Zamazenta
|-damage|p1a: Zamazenta|53/100
|move|p1a: Zamazenta|Heavy Slam|p2a: Dragapult
|-damage|p2a: Dragapult|20/100
|
|upkeep
|turn|12
|
|t:|1757850597
|-terastallize|p1a: Zamazenta|Dark
|move|p2a: Dragapult|Shadow Ball|p1a: Zamazenta
|-resisted|p1a: Zamazenta
|-damage|p1a: Zamazenta|32/100
|move|p1a: Zamazenta|Heavy Slam|p2a: Dragapult
|-damage|p2a: Dragapult|0 fnt
|faint|p2a: Dragapult
|
|upkeep
|
|t:|1757850606
|switch|p2a: Landorus|Landorus-Therian, M|100/100
|-damage|p2a: Landorus|88/100|[from] Stealth Rock
|-ability|p2a: Landorus|Intimidate|boost
|-unboost|p1a: Zamazenta|atk|1
|turn|13
|
|t:|1757850612
|switch|p1a: Moltres|Moltres|100/100
|move|p2a: Landorus|U-turn|p1a: Moltres
|-resisted|p1a: Moltres
|-damage|p1a: Moltres|94/100
|-status|p2a: Landorus|brn|[from] ability: Flame Body|[of] p1a: Moltres
|
|t:|1757850615
|switch|p2a: Araquanid|Araquanid, M|100/100|[from] U-turn
|-damage|p2a: Araquanid|76/100|[from] Stealth Rock
|
|upkeep
|turn|14
|c|☆RedemptiveSketch|mb
|c|☆touhoukhoa|nah
|
|t:|1757850619
|switch|p1a: Slowking|Slowking-Galar, F|100/100
|-sideend|p1: RedemptiveSketch|move: Toxic Spikes|[of] p1a: Slowking
|move|p2a: Araquanid|Liquidation|p1a: Slowking
|-damage|p1a: Slowking|0 fnt
|faint|p1a: Slowking
|
|upkeep
|c|☆RedemptiveSketch|tf
|
|t:|1757850626
|switch|p1a: Kyurem|Kyurem|100/100
|-ability|p1a: Kyurem|Pressure
|turn|15
|
|t:|1757850629
|switch|p2a: Landorus|Landorus-Therian, M|88/100 brn
|-damage|p2a: Landorus|76/100 brn|[from] Stealth Rock
|-ability|p2a: Landorus|Intimidate|boost
|-unboost|p1a: Kyurem|atk|1
|move|p1a: Kyurem|Freeze-Dry|p2a: Landorus
|-supereffective|p2a: Landorus
|-damage|p2a: Landorus|0 fnt
|faint|p2a: Landorus
|
|upkeep
|
|t:|1757850635
|switch|p2a: Zamazenta|Zamazenta|100/100
|-damage|p2a: Zamazenta|94/100|[from] Stealth Rock
|-ability|p2a: Zamazenta|Dauntless Shield|boost
|-boost|p2a: Zamazenta|def|1
|turn|16
|
|t:|1757850639
|switch|p1a: Great Tusk|Great Tusk|43/100
|move|p2a: Zamazenta|Iron Defense|p2a: Zamazenta
|-boost|p2a: Zamazenta|def|2
|
|-heal|p2a: Zamazenta|100/100|[from] item: Leftovers
|upkeep
|turn|17
|
|t:|1757850646
|move|p2a: Zamazenta|Iron Defense|p2a: Zamazenta
|-boost|p2a: Zamazenta|def|2
|move|p1a: Great Tusk|Headlong Rush|p2a: Zamazenta
|-damage|p2a: Zamazenta|87/100
|-unboost|p1a: Great Tusk|def|1
|-unboost|p1a: Great Tusk|spd|1
|
|-heal|p2a: Zamazenta|94/100|[from] item: Leftovers
|upkeep
|turn|18
|
|t:|1757850649
|-end|p1a: Great Tusk|Protosynthesis|[silent]
|switch|p1a: Moltres|Moltres|94/100
|move|p2a: Zamazenta|Iron Defense|p2a: Zamazenta
|-boost|p2a: Zamazenta|def|1
|
|-heal|p2a: Zamazenta|99/100|[from] item: Leftovers
|upkeep
|turn|19
|
|t:|1757850652
|move|p2a: Zamazenta|Body Press|p1a: Moltres
|-resisted|p1a: Moltres
|-damage|p1a: Moltres|47/100
|move|p1a: Moltres|Roar|p2a: Zamazenta
|drag|p2a: Araquanid|Araquanid, M|76/100
|-damage|p2a: Araquanid|51/100|[from] Stealth Rock
|
|upkeep
|turn|20
|
|t:|1757850658
|switch|p1a: Kyurem|Kyurem|100/100
|-ability|p1a: Kyurem|Pressure
|move|p2a: Araquanid|Liquidation|p1a: Kyurem
|-resisted|p1a: Kyurem
|-damage|p1a: Kyurem|52/100
|
|-heal|p1a: Kyurem|58/100|[from] item: Leftovers
|upkeep
|turn|21
|c|☆RedemptiveSketch|cb araq
|c|☆RedemptiveSketch|bro what did u cook
|
|t:|1757850672
|move|p1a: Kyurem|Freeze-Dry|p2a: Araquanid
|-supereffective|p2a: Araquanid
|-damage|p2a: Araquanid|0 fnt
|faint|p2a: Araquanid
|
|-heal|p1a: Kyurem|65/100|[from] item: Leftovers
|upkeep
|
|t:|1757850675
|switch|p2a: Zamazenta|Zamazenta|99/100
|-damage|p2a: Zamazenta|94/100|[from] Stealth Rock
|turn|22
|
|t:|1757850683
|switch|p1a: Moltres|Moltres|47/100
|move|p2a: Zamazenta|Iron Defense|p2a: Zamazenta
|-boost|p2a: Zamazenta|def|2
|
|-heal|p2a: Zamazenta|99/100|[from] item: Leftovers
|upkeep
|turn|23
|
|t:|1757850692
|move|p2a: Zamazenta|Roar|p1a: Moltres
|drag|p1a: Great Tusk|Great Tusk|43/100
|
|-heal|p2a: Zamazenta|100/100|[from] item: Leftovers
|upkeep
|turn|24
|
|t:|1757850709
|-end|p1a: Great Tusk|Protosynthesis|[silent]
|switch|p1a: Moltres|Moltres|47/100
|move|p2a: Zamazenta|Iron Defense|p2a: Zamazenta
|-boost|p2a: Zamazenta|def|2
|
|upkeep
|turn|25
|
|t:|1757850720
|move|p1a: Moltres|Will-O-Wisp|p2a: Zamazenta
|-status|p2a: Zamazenta|brn
|move|p2a: Zamazenta|Roar|p1a: Moltres
|drag|p1a: Hoopa|Hoopa-Unbound|84/100
|
|-damage|p2a: Zamazenta|94/100 brn|[from] brn
|upkeep
|turn|26
|
|t:|1757850728
|move|p2a: Zamazenta|Iron Defense|p2a: Zamazenta
|-boost|p2a: Zamazenta|def|2
|move|p1a: Hoopa|Knock Off|p2a: Zamazenta
|-resisted|p2a: Zamazenta
|-damage|p2a: Zamazenta|90/100 brn
|-enditem|p2a: Zamazenta|Leftovers|[from] move: Knock Off|[of] p1a: Hoopa
|
|-damage|p2a: Zamazenta|83/100 brn|[from] brn
|upkeep
|turn|27
|
|t:|1757850734
|switch|p1a: Great Tusk|Great Tusk|43/100
|move|p2a: Zamazenta|Body Press|p1a: Great Tusk
|-damage|p1a: Great Tusk|0 fnt
|faint|p1a: Great Tusk
|-end|p1a: Great Tusk|Protosynthesis|[silent]
|
|-damage|p2a: Zamazenta|77/100 brn|[from] brn
|upkeep
|
|t:|1757850736
|switch|p1a: Moltres|Moltres|47/100
|turn|28
|
|t:|1757850738
|move|p2a: Zamazenta|Body Press|p1a: Moltres
|-resisted|p1a: Moltres
|-damage|p1a: Moltres|23/100
|move|p1a: Moltres|Roost|p1a: Moltres
|-heal|p1a: Moltres|73/100
|-singleturn|p1a: Moltres|move: Roost
|
|-damage|p2a: Zamazenta|71/100 brn|[from] brn
|upkeep
|turn|29
|c|☆touhoukhoa|gg
|-message|touhoukhoa forfeited.
|
|win|RedemptiveSketch
|raw|RedemptiveSketch's rating: 1608 &rarr; <strong>1632</strong><br />(+24 for winning)
|raw|touhoukhoa's rating: 1685 &rarr; <strong>1661</strong><br />(-24 for losing)
|l|☆touhoukhoa
|player|p2|
|c|☆RedemptiveSketch|gg
