|j|☆LoseToRU?
|j|☆IHeartGalvantula
|t:|1757789599
|gametype|singles
|player|p1|LoseToRU?|giovanni-gen1|1520
|player|p2|IHeartGalvantula|unknown|1624
|gen|9
|tier|[Gen 9] OU
|rated|
|rule|HP Percentage Mod: HP is shown in percentages
|rule|Endless Battle Clause: Forcing endless battles is banned
|rule|Species Clause: Limit one of each Pokémon
|rule|OHKO Clause: OHKO moves are banned
|rule|Evasion Items Clause: Evasion items are banned
|rule|Evasion Moves Clause: Evasion moves are banned
|rule|Evasion Abilities Clause: Evasion abilities are banned
|rule|Sleep Moves Clause: Sleep-inducing moves are banned
|clearpoke
|poke|p1|Araquanid, M|
|poke|p1|Ogerpon, F|
|poke|p1|Dragonite, M|
|poke|p1|Cinderace, F|
|poke|p1|Malamar, M|
|poke|p1|Iron Jugulis|
|poke|p2|Galvantula, M|
|poke|p2|Enamorus, F|
|poke|p2|Garchomp, M|
|poke|p2|Gholdengo|
|poke|p2|Kingambit, F|
|poke|p2|Serperior, M|
|teampreview
|inactive|Battle timer is ON: inactive players will automatically lose when time's up. (requested by IHeartGalvantula)
|
|t:|1757789610
|teamsize|p1|6
|teamsize|p2|6
|start
|switch|p1a: Araquanid|Araquanid, M|100/100
|switch|p2a: Galvantula|Galvantula, M|100/100
|turn|1
|
|t:|1757789615
|move|p2a: Galvantula|Thunder Wave|p1a: Araquanid
|-status|p1a: Araquanid|par
|move|p1a: Araquanid|Surf|p2a: Galvantula
|-damage|p2a: Galvantula|35/100
|
|upkeep
|turn|2
|
|t:|1757789621
|move|p2a: Galvantula|Sticky Web|p1a: Araquanid
|-sidestart|p1: LoseToRU?|move: Sticky Web
|move|p1a: Araquanid|Sticky Web|p2a: Galvantula
|-sidestart|p2: IHeartGalvantula|move: Sticky Web
|
|upkeep
|turn|3
|
|t:|1757789628
|move|p2a: Galvantula|Volt Switch|p1a: Araquanid
|-supereffective|p1a: Araquanid
|-damage|p1a: Araquanid|62/100 par
|
|t:|1757789630
|switch|p2a: Serperior|Serperior, M|100/100|[from] Volt Switch
|-activate|p2a: Serperior|move: Sticky Web
|-boost|p2a: Serperior|spe|1
|move|p1a: Araquanid|Surf|p2a: Serperior
|-resisted|p2a: Serperior
|-damage|p2a: Serperior|82/100
|
|-heal|p2a: Serperior|88/100|[from] item: Leftovers
|upkeep
|turn|4
|
|t:|1757789637
|move|p2a: Serperior|Substitute|p2a: Serperior
|-start|p2a: Serperior|Substitute
|-damage|p2a: Serperior|63/100
|move|p1a: Araquanid|Endeavor|p2a: Serperior
|-immune|p2a: Serperior
|
|-heal|p2a: Serperior|69/100|[from] item: Leftovers
|upkeep
|turn|5
|
|t:|1757789642
|move|p2a: Serperior|Leaf Storm|p1a: Araquanid
|-damage|p1a: Araquanid|32/100 par
|-boost|p2a: Serperior|spa|2
|move|p1a: Araquanid|Surf|p2a: Serperior
|-resisted|p2a: Serperior
|-activate|p2a: Serperior|move: Substitute|[damage]
|
|-heal|p2a: Serperior|75/100|[from] item: Leftovers
|upkeep
|turn|6
|
|t:|1757789646
|move|p2a: Serperior|Leaf Storm|p1a: Araquanid
|-damage|p1a: Araquanid|0 fnt
|-boost|p2a: Serperior|spa|2
|faint|p1a: Araquanid
|
|-heal|p2a: Serperior|81/100|[from] item: Leftovers
|upkeep
|
|t:|1757789668
|switch|p1a: Dragonite|Dragonite, M|100/100
|turn|7
|
|t:|1757789678
|move|p1a: Dragonite|Extreme Speed|p2a: Serperior
|-end|p2a: Serperior|Substitute
|move|p2a: Serperior|Leaf Storm|p1a: Dragonite
|-resisted|p1a: Dragonite
|-damage|p1a: Dragonite|82/100
|-boost|p2a: Serperior|spa|2
|
|-heal|p2a: Serperior|87/100|[from] item: Leftovers
|upkeep
|turn|8
|
|t:|1757789683
|-terastallize|p1a: Dragonite|Normal
|move|p1a: Dragonite|Extreme Speed|p2a: Serperior
|-damage|p2a: Serperior|13/100
|move|p2a: Serperior|Dragon Pulse|p1a: Dragonite
|-damage|p1a: Dragonite|0 fnt
|faint|p1a: Dragonite
|
|-heal|p2a: Serperior|19/100|[from] item: Leftovers
|upkeep
|
|t:|1757789686
|switch|p1a: Iron Jugulis|Iron Jugulis|100/100
|-enditem|p1a: Iron Jugulis|Booster Energy
|-activate|p1a: Iron Jugulis|ability: Quark Drive|[fromitem]
|-start|p1a: Iron Jugulis|quarkdrivespe
|turn|9
|
|t:|1757789692
|move|p1a: Iron Jugulis|Dark Pulse|p2a: Serperior
|-damage|p2a: Serperior|0 fnt
|faint|p2a: Serperior
|
|upkeep
|
|t:|1757789696
|switch|p2a: Enamorus|Enamorus, F|100/100
|turn|10
|
|t:|1757789698
|-terastallize|p2a: Enamorus|Fairy
|move|p1a: Iron Jugulis|Hurricane|p2a: Enamorus
|-damage|p2a: Enamorus|16/100
|-start|p2a: Enamorus|confusion
|-activate|p2a: Enamorus|confusion
|move|p2a: Enamorus|Moonblast|p1a: Iron Jugulis
|-supereffective|p1a: Iron Jugulis
|-damage|p1a: Iron Jugulis|0 fnt
|faint|p1a: Iron Jugulis
|-end|p1a: Iron Jugulis|Quark Drive|[silent]
|
|upkeep
|
|t:|1757789710
|switch|p1a: Cinderace|Cinderace, F|100/100
|turn|11
|
|t:|1757789714
|switch|p2a: Galvantula|Galvantula, M|35/100
|-activate|p2a: Galvantula|move: Sticky Web
|-unboost|p2a: Galvantula|spe|1
|move|p1a: Cinderace|Pyro Ball|p2a: Galvantula
|-supereffective|p2a: Galvantula
|-damage|p2a: Galvantula|0 fnt
|faint|p2a: Galvantula
|
|upkeep
|
|t:|1757789716
|switch|p2a: Enamorus|Enamorus, F, tera:Fairy|16/100
|-activate|p2a: Enamorus|move: Sticky Web
|-boost|p2a: Enamorus|spe|1
|turn|12
|
|t:|1757789726
|switch|p1a: Ogerpon|Ogerpon, F|100/100
|-activate|p1a: Ogerpon|move: Sticky Web
|-unboost|p1a: Ogerpon|spe|1
|-ability|p1a: Ogerpon|Defiant|boost
|-boost|p1a: Ogerpon|atk|2
|move|p2a: Enamorus|Healing Wish|p2a: Enamorus
|faint|p2a: Enamorus
|
|upkeep
|
|t:|1757789732
|switch|p2a: Garchomp|Garchomp, M|100/100
|-activate|p2a: Garchomp|move: Sticky Web
|-unboost|p2a: Garchomp|spe|1
|turn|13
|
|t:|1757789738
|move|p1a: Ogerpon|Ivy Cudgel|p2a: Garchomp
|-damage|p2a: Garchomp|0 fnt
|faint|p2a: Garchomp
|
|upkeep
|
|t:|1757789743
|switch|p2a: Kingambit|Kingambit, F|100/100
|-activate|p2a: Kingambit|move: Sticky Web
|-unboost|p2a: Kingambit|spe|1
|-activate|p2a: Kingambit|ability: Supreme Overlord
|-start|p2a: Kingambit|fallen4|[silent]
|turn|14
|
|t:|1757789749
|move|p1a: Ogerpon|Ivy Cudgel|p2a: Kingambit
|-resisted|p2a: Kingambit
|-damage|p2a: Kingambit|48/100
|move|p2a: Kingambit|Kowtow Cleave|p1a: Ogerpon
|-damage|p1a: Ogerpon|0 fnt
|faint|p1a: Ogerpon
|
|upkeep
|
|t:|1757789752
|switch|p1a: Cinderace|Cinderace, F|100/100
|turn|15
|
|t:|1757789756
|-end|p2a: Kingambit|fallen4|[silent]
|switch|p2a: Gholdengo|Gholdengo|100/100
|-item|p2a: Gholdengo|Air Balloon
|move|p1a: Cinderace|Pyro Ball|p2a: Gholdengo
|-supereffective|p2a: Gholdengo
|-damage|p2a: Gholdengo|0 fnt
|-enditem|p2a: Gholdengo|Air Balloon
|faint|p2a: Gholdengo
|
|upkeep
|
|t:|1757789759
|switch|p2a: Kingambit|Kingambit, F|48/100
|-heal|p2a: Kingambit|100/100|[from] move: Healing Wish
|-activate|p2a: Kingambit|move: Sticky Web
|-unboost|p2a: Kingambit|spe|1
|-activate|p2a: Kingambit|ability: Supreme Overlord
|-start|p2a: Kingambit|fallen5|[silent]
|turn|16
|
|t:|1757789762
|move|p2a: Kingambit|Sucker Punch||[still]
|-fail|p2a: Kingambit
|move|p1a: Cinderace|Will-O-Wisp|p2a: Kingambit
|-status|p2a: Kingambit|brn
|
|-damage|p2a: Kingambit|94/100 brn|[from] brn
|upkeep
|turn|17
|
|t:|1757789767
|move|p2a: Kingambit|Sucker Punch|p1a: Cinderace
|-crit|p1a: Cinderace
|-damage|p1a: Cinderace|24/100
|move|p1a: Cinderace|Pyro Ball|p2a: Kingambit
|-supereffective|p2a: Kingambit
|-damage|p2a: Kingambit|11/100 brn
|
|-damage|p2a: Kingambit|5/100 brn|[from] brn
|upkeep
|turn|18
|
|t:|1757789772
|move|p2a: Kingambit|Sucker Punch||[still]
|-fail|p2a: Kingambit
|move|p1a: Cinderace|Court Change|p1a: Cinderace
|-start|p1a: Cinderace|typechange|Normal|[from] ability: Libero
|-swapsideconditions
|-activate|p1a: Cinderace|move: Court Change
|
|-damage|p2a: Kingambit|0 fnt|[from] brn
|faint|p2a: Kingambit
|-end|p2a: Kingambit|fallen5|[silent]
|
|win|LoseToRU?
|raw|LoseToRU?'s rating: 1520 &rarr; <strong>1546</strong><br />(+26 for winning)
|raw|IHeartGalvantula's rating: 1624 &rarr; <strong>1598</strong><br />(-26 for losing)
|l|☆IHeartGalvantula
|player|p2|
|l|☆LoseToRU?
|player|p1|
