|j|☆rankupf8g
|j|☆Igoodnamename
|t:|1757802706
|gametype|singles
|player|p1|rankupf8g|elesa|1321
|player|p2|Igoodnamename|medium|1263
|gen|9
|tier|[Gen 9] OU
|rated|
|rule|HP Percentage Mod: HP is shown in percentages
|rule|Endless Battle Clause: Forcing endless battles is banned
|rule|Species Clause: Limit one of each Pokémon
|rule|OHKO Clause: OHKO moves are banned
|rule|Evasion Items Clause: Evasion items are banned
|rule|Evasion Moves Clause: Evasion moves are banned
|rule|Evasion Abilities Clause: Evasion abilities are banned
|rule|Sleep Moves Clause: Sleep-inducing moves are banned
|clearpoke
|poke|p1|Dragonite, F|
|poke|p1|Zamazenta-*|
|poke|p1|Landorus-Therian, M|
|poke|p1|Gholdengo|
|poke|p1|Darkrai|
|poke|p1|Hatterene, F|
|poke|p2|Zapdos|
|poke|p2|Clodsire, F|
|poke|p2|Clefable, F|
|poke|p2|Blissey, F|
|poke|p2|Slowking-Galar, M|
|poke|p2|Weezing-Galar, M|
|teampreview
|inactive|Battle timer is ON: inactive players will automatically lose when time's up. (requested by rankupf8g)
|
|t:|1757802715
|teamsize|p1|6
|teamsize|p2|6
|start
|switch|p1a: Gholdengo|Gholdengo|100/100
|switch|p2a: Zapdos|Zapdos|100/100
|turn|1
|
|t:|1757802722
|switch|p1a: Landorus|Landorus-Therian, M|100/100
|-ability|p1a: Landorus|Intimidate|boost
|-unboost|p2a: Zapdos|atk|1
|move|p2a: Zapdos|Volt Switch|p1a: Landorus
|-immune|p1a: Landorus
|
|upkeep
|turn|2
|
|t:|1757802728
|move|p1a: Landorus|Stealth Rock|p2a: Zapdos
|-sidestart|p2: Igoodnamename|move: Stealth Rock
|move|p2a: Zapdos|Hurricane|p1a: Landorus
|-damage|p1a: Landorus|61/100
|
|upkeep
|turn|3
|
|t:|1757802738
|move|p1a: Landorus|U-turn|p2a: Zapdos
|-resisted|p2a: Zapdos
|-damage|p2a: Zapdos|92/100
|-status|p1a: Landorus|par|[from] ability: Static|[of] p2a: Zapdos
|
|t:|1757802740
|switch|p1a: Hatterene|Hatterene, F|100/100|[from] U-turn
|move|p2a: Zapdos|Hurricane|p1a: Hatterene
|-damage|p1a: Hatterene|74/100
|-start|p1a: Hatterene|confusion
|
|upkeep
|turn|4
|
|t:|1757802746
|move|p2a: Zapdos|Volt Switch|p1a: Hatterene
|-damage|p1a: Hatterene|55/100
|
|t:|1757802750
|switch|p2a: Slowking|Slowking-Galar, M|100/100|[from] Volt Switch
|-activate|p1a: Hatterene|confusion
|move|p1a: Hatterene|Draining Kiss|p2a: Slowking
|-resisted|p2a: Slowking
|-damage|p2a: Slowking|92/100
|-heal|p1a: Hatterene|63/100|[from] drain|[of] p2a: Slowking
|
|upkeep
|turn|5
|
|t:|1757802753
|switch|p1a: Gholdengo|Gholdengo|100/100
|move|p2a: Slowking|Future Sight|p1a: Gholdengo
|-start|p2a: Slowking|move: Future Sight
|
|upkeep
|turn|6
|
|t:|1757802762
|-terastallize|p1a: Gholdengo|Steel
|-terastallize|p2a: Slowking|Water
|move|p1a: Gholdengo|Make It Rain|p2a: Slowking
|-resisted|p2a: Slowking
|-damage|p2a: Slowking|61/100
|-unboost|p1a: Gholdengo|spa|1
|move|p2a: Slowking|Flamethrower|p1a: Gholdengo
|-supereffective|p1a: Gholdengo
|-damage|p1a: Gholdengo|54/100
|
|upkeep
|turn|7
|
|t:|1757802773
|switch|p1a: Darkrai|Darkrai|100/100
|move|p2a: Slowking|Flamethrower|p1a: Darkrai
|-damage|p1a: Darkrai|76/100
|
|-end|p1a: Darkrai|move: Future Sight
|-immune|p1a: Darkrai
|upkeep
|turn|8
|
|t:|1757802782
|switch|p2a: Blissey|Blissey, F|100/100
|move|p1a: Darkrai|Dark Pulse|p2a: Blissey
|-damage|p2a: Blissey|89/100
|
|upkeep
|turn|9
|
|t:|1757802786
|move|p1a: Darkrai|Taunt|p2a: Blissey
|-start|p2a: Blissey|move: Taunt
|cant|p2a: Blissey|move: Taunt|Stealth Rock
|
|upkeep
|turn|10
|
|t:|1757802789
|switch|p1a: Gholdengo|Gholdengo, tera:Steel|54/100
|move|p2a: Blissey|Seismic Toss|p1a: Gholdengo
|-damage|p1a: Gholdengo|25/100
|
|upkeep
|turn|11
|
|t:|1757802794
|move|p1a: Gholdengo|Recover|p1a: Gholdengo
|-heal|p1a: Gholdengo|75/100
|move|p2a: Blissey|Seismic Toss|p1a: Gholdengo
|-damage|p1a: Gholdengo|46/100
|
|-end|p2a: Blissey|move: Taunt
|upkeep
|turn|12
|
|t:|1757802798
|switch|p1a: Zamazenta|Zamazenta|100/100
|-ability|p1a: Zamazenta|Dauntless Shield|boost
|-boost|p1a: Zamazenta|def|1
|move|p2a: Blissey|Stealth Rock|p1a: Zamazenta
|-sidestart|p1: rankupf8g|move: Stealth Rock
|
|upkeep
|turn|13
|
|t:|1757802804
|switch|p2a: Weezing|Weezing-Galar, M|100/100
|-ability|p2a: Weezing|Neutralizing Gas
|move|p1a: Zamazenta|Body Press|p2a: Weezing
|-resisted|p2a: Weezing
|-damage|p2a: Weezing|91/100
|
|upkeep
|turn|14
|
|t:|1757802811
|switch|p1a: Gholdengo|Gholdengo, tera:Steel|46/100
|-damage|p1a: Gholdengo|40/100|[from] Stealth Rock
|move|p2a: Weezing|Will-O-Wisp|p1a: Gholdengo|[miss]
|-miss|p2a: Weezing|p1a: Gholdengo
|
|upkeep
|turn|15
|
|t:|1757802818
|-end|p2a: Weezing|ability: Neutralizing Gas
|switch|p2a: Blissey|Blissey, F|89/100
|move|p1a: Gholdengo|Recover|p1a: Gholdengo
|-heal|p1a: Gholdengo|90/100
|
|upkeep
|turn|16
|
|t:|1757802822
|move|p1a: Gholdengo|Nasty Plot|p1a: Gholdengo
|-boost|p1a: Gholdengo|spa|2
|move|p2a: Blissey|Seismic Toss|p1a: Gholdengo
|-damage|p1a: Gholdengo|61/100
|
|upkeep
|turn|17
|
|t:|1757802825
|move|p1a: Gholdengo|Make It Rain|p2a: Blissey
|-damage|p2a: Blissey|22/100
|-unboost|p1a: Gholdengo|spa|1
|move|p2a: Blissey|Seismic Toss|p1a: Gholdengo
|-damage|p1a: Gholdengo|32/100
|
|upkeep
|turn|18
|
|t:|1757802830
|switch|p2a: Clodsire|Clodsire, F|100/100
|move|p1a: Gholdengo|Recover|p1a: Gholdengo
|-heal|p1a: Gholdengo|83/100
|
|upkeep
|turn|19
|
|t:|1757802836
|switch|p1a: Landorus|Landorus-Therian, M|61/100 par
|-damage|p1a: Landorus|48/100 par|[from] Stealth Rock
|-ability|p1a: Landorus|Intimidate|boost
|-unboost|p2a: Clodsire|atk|1
|move|p2a: Clodsire|Earthquake|p1a: Landorus
|-immune|p1a: Landorus
|
|upkeep
|turn|20
|
|t:|1757802843
|switch|p2a: Clefable|Clefable, F|100/100
|move|p1a: Landorus|U-turn|p2a: Clefable
|-resisted|p2a: Clefable
|-damage|p2a: Clefable|92/100
|
|t:|1757802845
|switch|p1a: Gholdengo|Gholdengo, tera:Steel|83/100|[from] U-turn
|-damage|p1a: Gholdengo|76/100|[from] Stealth Rock
|
|upkeep
|turn|21
|
|t:|1757802850
|switch|p2a: Clodsire|Clodsire, F|100/100
|move|p1a: Gholdengo|Make It Rain|p2a: Clodsire
|-damage|p2a: Clodsire|40/100
|-unboost|p1a: Gholdengo|spa|1
|
|upkeep
|turn|22
|
|t:|1757802855
|switch|p1a: Landorus|Landorus-Therian, M|48/100 par
|-damage|p1a: Landorus|36/100 par|[from] Stealth Rock
|-ability|p1a: Landorus|Intimidate|boost
|-unboost|p2a: Clodsire|atk|1
|move|p2a: Clodsire|Recover|p2a: Clodsire
|-heal|p2a: Clodsire|90/100
|
|upkeep
|turn|23
|
|t:|1757802862
|switch|p2a: Slowking|Slowking-Galar, M, tera:Water|94/100
|move|p1a: Landorus|U-turn|p2a: Slowking
|-damage|p2a: Slowking|71/100
|
|t:|1757802866
|switch|p1a: Gholdengo|Gholdengo, tera:Steel|76/100|[from] U-turn
|-damage|p1a: Gholdengo|70/100|[from] Stealth Rock
|
|upkeep
|turn|24
|
|t:|1757802870
|move|p1a: Gholdengo|Thunderbolt|p2a: Slowking
|-supereffective|p2a: Slowking
|-crit|p2a: Slowking
|-damage|p2a: Slowking|14/100
|move|p2a: Slowking|Thunder Wave|p1a: Gholdengo
|-immune|p1a: Gholdengo|[from] ability: Good as Gold
|
|upkeep
|turn|25
|
|t:|1757802877
|switch|p2a: Clodsire|Clodsire, F|90/100
|move|p1a: Gholdengo|Make It Rain|p2a: Clodsire
|-damage|p2a: Clodsire|34/100
|-unboost|p1a: Gholdengo|spa|1
|
|upkeep
|turn|26
|
|t:|1757802883
|move|p1a: Gholdengo|Make It Rain|p2a: Clodsire
|-damage|p2a: Clodsire|0 fnt
|-unboost|p1a: Gholdengo|spa|1
|faint|p2a: Clodsire
|
|upkeep
|
|t:|1757802885
|switch|p2a: Blissey|Blissey, F|22/100
|turn|27
|
|t:|1757802887
|move|p1a: Gholdengo|Make It Rain|p2a: Blissey
|-damage|p2a: Blissey|6/100
|-unboost|p1a: Gholdengo|spa|1
|move|p2a: Blissey|Soft-Boiled|p2a: Blissey
|-heal|p2a: Blissey|56/100
|
|upkeep
|turn|28
|
|t:|1757802891
|switch|p1a: Landorus|Landorus-Therian, M|36/100 par
|-damage|p1a: Landorus|23/100 par|[from] Stealth Rock
|-ability|p1a: Landorus|Intimidate|boost
|-unboost|p2a: Blissey|atk|1
|move|p2a: Blissey|Soft-Boiled|p2a: Blissey
|-heal|p2a: Blissey|100/100
|
|upkeep
|turn|29
|
|t:|1757802898
|switch|p2a: Zapdos|Zapdos|92/100
|move|p1a: Landorus|U-turn|p2a: Zapdos
|-resisted|p2a: Zapdos
|-damage|p2a: Zapdos|84/100
|
|t:|1757802903
|switch|p1a: Darkrai|Darkrai|76/100|[from] U-turn
|
|upkeep
|turn|30
|
|t:|1757802907
|move|p1a: Darkrai|Ice Beam|p2a: Zapdos
|-supereffective|p2a: Zapdos
|-damage|p2a: Zapdos|23/100
|move|p2a: Zapdos|Hurricane|p1a: Darkrai|[miss]
|-miss|p2a: Zapdos|p1a: Darkrai
|
|upkeep
|turn|31
|
|t:|1757802912
|switch|p2a: Blissey|Blissey, F|100/100
|move|p1a: Darkrai|Taunt|p2a: Blissey
|-start|p2a: Blissey|move: Taunt
|
|upkeep
|turn|32
|
|t:|1757802916
|switch|p1a: Zamazenta|Zamazenta|100/100
|-damage|p1a: Zamazenta|94/100|[from] Stealth Rock
|move|p2a: Blissey|Seismic Toss|p1a: Zamazenta
|-damage|p1a: Zamazenta|64/100
|
|-heal|p1a: Zamazenta|70/100|[from] item: Leftovers
|upkeep
|turn|33
|
|t:|1757802925
|switch|p2a: Clefable|Clefable, F|92/100
|move|p1a: Zamazenta|Roar|p2a: Clefable
|drag|p2a: Zapdos|Zapdos|23/100
|
|-heal|p1a: Zamazenta|76/100|[from] item: Leftovers
|upkeep
|turn|34
|
|t:|1757802934
|switch|p1a: Hatterene|Hatterene, F|63/100
|-damage|p1a: Hatterene|51/100|[from] Stealth Rock
|switch|p2a: Clefable|Clefable, F|92/100
|
|upkeep
|turn|35
|
|t:|1757802940
|switch|p1a: Gholdengo|Gholdengo, tera:Steel|70/100
|-damage|p1a: Gholdengo|64/100|[from] Stealth Rock
|move|p2a: Clefable|Knock Off|p1a: Gholdengo
|-damage|p1a: Gholdengo|49/100
|-enditem|p1a: Gholdengo|Metal Coat|[from] move: Knock Off|[of] p2a: Clefable
|
|upkeep
|turn|36
|
|t:|1757802951
|switch|p2a: Blissey|Blissey, F|100/100
|move|p1a: Gholdengo|Nasty Plot|p1a: Gholdengo
|-boost|p1a: Gholdengo|spa|2
|
|upkeep
|turn|37
|
|t:|1757802954
|move|p1a: Gholdengo|Nasty Plot|p1a: Gholdengo
|-boost|p1a: Gholdengo|spa|2
|move|p2a: Blissey|Seismic Toss|p1a: Gholdengo
|-damage|p1a: Gholdengo|20/100
|
|upkeep
|turn|38
|
|t:|1757802957
|move|p1a: Gholdengo|Recover|p1a: Gholdengo
|-heal|p1a: Gholdengo|71/100
|move|p2a: Blissey|Calm Mind|p2a: Blissey
|-boost|p2a: Blissey|spa|1
|-boost|p2a: Blissey|spd|1
|
|upkeep
|turn|39
|
|t:|1757802960
|move|p1a: Gholdengo|Make It Rain|p2a: Blissey
|-crit|p2a: Blissey
|-damage|p2a: Blissey|0 fnt
|-unboost|p1a: Gholdengo|spa|1
|faint|p2a: Blissey
|
|upkeep
|-message|Igoodnamename forfeited.
|
|win|rankupf8g
|raw|rankupf8g's rating: 1321 &rarr; <strong>1338</strong><br />(+17 for winning)
|raw|Igoodnamename's rating: 1263 &rarr; <strong>1242</strong><br />(-21 for losing)
|l|☆Igoodnamename
|player|p2|
