|j|☆Red Icigool
|j|☆kingboglin123
|t:|1757955834
|gametype|singles
|player|p1|Red Icigool|swimmerf-gen4|1258
|player|p2|kingboglin123|benga|1250
|gen|9
|tier|[Gen 9] OU
|rated|
|rule|HP Percentage Mod: HP is shown in percentages
|rule|Endless Battle Clause: Forcing endless battles is banned
|rule|Species Clause: Limit one of each Pokémon
|rule|OHKO Clause: OHKO moves are banned
|rule|Evasion Items Clause: Evasion items are banned
|rule|Evasion Moves Clause: Evasion moves are banned
|rule|Evasion Abilities Clause: Evasion abilities are banned
|rule|Sleep Moves Clause: Sleep-inducing moves are banned
|clearpoke
|poke|p1|Iron Treads|
|poke|p1|Cinderace, F|
|poke|p1|Zapdos|
|poke|p1|Lokix, F|
|poke|p1|Alomomola, F|
|poke|p1|Glimmora, M|
|poke|p2|Farigiraf, F|
|poke|p2|Hariyama, M|
|poke|p2|Drifblim, F|
|poke|p2|Quagsire, F|
|poke|p2|Tyranitar, M|
|poke|p2|Jolteon, F|
|teampreview
|
|t:|1757955857
|teamsize|p1|6
|teamsize|p2|6
|start
|switch|p1a: Glimmora|Glimmora, M|100/100
|switch|p2a: Jolteon|Jolteon, F, shiny|100/100
|turn|1
|
|t:|1757955864
|move|p2a: Jolteon|Calm Mind|p2a: Jolteon
|-boost|p2a: Jolteon|spa|1
|-boost|p2a: Jolteon|spd|1
|move|p1a: Glimmora|Stealth Rock|p2a: Jolteon
|-sidestart|p2: kingboglin123|move: Stealth Rock
|
|-status|p2a: Jolteon|brn|[from] item: Flame Orb
|upkeep
|turn|2
|
|t:|1757955872
|move|p2a: Jolteon|Copycat|p2a: Jolteon
|move|p2a: Jolteon|Stealth Rock|p1a: Glimmora|[from] move: Copycat
|-sidestart|p1: Red Icigool|move: Stealth Rock
|move|p1a: Glimmora|Meteor Beam||[still]
|-prepare|p1a: Glimmora|Meteor Beam
|-boost|p1a: Glimmora|spa|1
|-enditem|p1a: Glimmora|Power Herb
|-anim|p1a: Glimmora|Meteor Beam|p2a: Jolteon
|-damage|p2a: Jolteon|13/100 brn
|
|-damage|p2a: Jolteon|7/100 brn|[from] brn
|upkeep
|turn|3
|
|t:|1757955885
|move|p2a: Jolteon|Thunderbolt|p1a: Glimmora
|-crit|p1a: Glimmora
|-damage|p1a: Glimmora|0 fnt
|faint|p1a: Glimmora
|
|-damage|p2a: Jolteon|1/100 brn|[from] brn
|upkeep
|
|t:|1757955890
|switch|p1a: Iron Treads|Iron Treads, shiny|100/100
|-damage|p1a: Iron Treads|97/100|[from] Stealth Rock
|-enditem|p1a: Iron Treads|Booster Energy
|-activate|p1a: Iron Treads|ability: Quark Drive|[fromitem]
|-start|p1a: Iron Treads|quarkdrivespe
|turn|4
|
|t:|1757955907
|move|p2a: Jolteon|Alluring Voice|p1a: Iron Treads
|-resisted|p1a: Iron Treads
|-damage|p1a: Iron Treads|67/100
|move|p1a: Iron Treads|Earthquake|p2a: Jolteon
|-supereffective|p2a: Jolteon
|-damage|p2a: Jolteon|0 fnt
|faint|p2a: Jolteon
|
|upkeep
|
|t:|1757955915
|switch|p2a: Quagsire|Quagsire, F|100/100
|-damage|p2a: Quagsire|94/100|[from] Stealth Rock
|turn|5
|
|t:|1757955921
|move|p1a: Iron Treads|Rapid Spin|p2a: Quagsire
|-damage|p2a: Quagsire|85/100
|-boost|p1a: Iron Treads|spe|1
|-sideend|p1: Red Icigool|Stealth Rock|[from] move: Rapid Spin|[of] p1a: Iron Treads
|move|p2a: Quagsire|Curse|p2a: Quagsire
|-unboost|p2a: Quagsire|spe|1
|-boost|p2a: Quagsire|atk|1
|-boost|p2a: Quagsire|def|1
|
|-heal|p2a: Quagsire|91/100|[from] item: Leftovers
|upkeep
|turn|6
|
|t:|1757955930
|move|p1a: Iron Treads|Steel Beam|p2a: Quagsire
|-resisted|p2a: Quagsire
|-damage|p2a: Quagsire|60/100
|-damage|p1a: Iron Treads|17/100|[from] steelbeam
|move|p2a: Quagsire|Curse|p2a: Quagsire
|-unboost|p2a: Quagsire|spe|1
|-boost|p2a: Quagsire|atk|1
|-boost|p2a: Quagsire|def|1
|
|-heal|p2a: Quagsire|66/100|[from] item: Leftovers
|upkeep
|turn|7
|
|t:|1757955940
|move|p1a: Iron Treads|Steel Beam|p2a: Quagsire
|-resisted|p2a: Quagsire
|-crit|p2a: Quagsire
|-damage|p2a: Quagsire|22/100
|-damage|p1a: Iron Treads|0 fnt|[from] steelbeam
|faint|p1a: Iron Treads
|-end|p1a: Iron Treads|Quark Drive|[silent]
|move|p2a: Quagsire|Liquidation|p1: Iron Treads|[notarget]
|-fail|p2a: Quagsire
|
|-heal|p2a: Quagsire|28/100|[from] item: Leftovers
|upkeep
|
|t:|1757955944
|switch|p1a: Zapdos|Zapdos|100/100
|turn|8
|
|t:|1757955951
|move|p1a: Zapdos|Hurricane|p2a: Quagsire
|-damage|p2a: Quagsire|0 fnt
|faint|p2a: Quagsire
|
|upkeep
|
|t:|1757955960
|switch|p2a: Tyranitar|Tyranitar, M|100/100
|-damage|p2a: Tyranitar|88/100|[from] Stealth Rock
|-weather|Sandstorm|[from] ability: Sand Stream|[of] p2a: Tyranitar
|turn|9
|
|t:|1757955965
|switch|p1a: Alomomola|Alomomola, F|100/100
|move|p2a: Tyranitar|Dragon Dance|p2a: Tyranitar
|-boost|p2a: Tyranitar|atk|1
|-boost|p2a: Tyranitar|spe|1
|
|-weather|Sandstorm|[upkeep]
|-damage|p1a: Alomomola|94/100|[from] Sandstorm
|-heal|p2a: Tyranitar|94/100|[from] item: Leftovers
|-heal|p1a: Alomomola|100/100|[from] item: Leftovers
|upkeep
|turn|10
|
|t:|1757955974
|move|p2a: Tyranitar|Dragon Dance|p2a: Tyranitar
|-boost|p2a: Tyranitar|atk|1
|-boost|p2a: Tyranitar|spe|1
|move|p1a: Alomomola|Wish|p1a: Alomomola
|
|-weather|Sandstorm|[upkeep]
|-damage|p1a: Alomomola|94/100|[from] Sandstorm
|-heal|p2a: Tyranitar|100/100|[from] item: Leftovers
|-heal|p1a: Alomomola|100/100|[from] item: Leftovers
|upkeep
|turn|11
|
|t:|1757955982
|move|p2a: Tyranitar|Knock Off|p1a: Alomomola
|-crit|p1a: Alomomola
|-damage|p1a: Alomomola|18/100
|-enditem|p1a: Alomomola|Leftovers|[from] move: Knock Off|[of] p2a: Tyranitar
|move|p1a: Alomomola|Flip Turn|p2a: Tyranitar
|-supereffective|p2a: Tyranitar
|-damage|p2a: Tyranitar|69/100
|c|☆kingboglin123|hi
|c|☆Red Icigool|hi
|
|t:|1757955989
|switch|p1a: Lokix|Lokix, F|100/100|[from] Flip Turn
|
|-weather|Sandstorm|[upkeep]
|-damage|p1a: Lokix|95/100|[from] Sandstorm
|-heal|p1a: Lokix|100/100|[from] move: Wish|[wisher] Alomomola
|-heal|p2a: Tyranitar|75/100|[from] item: Leftovers
|upkeep
|turn|12
|
|t:|1757955998
|move|p1a: Lokix|First Impression|p2a: Tyranitar
|-supereffective|p2a: Tyranitar
|-damage|p2a: Tyranitar|0 fnt
|faint|p2a: Tyranitar
|
|-weather|Sandstorm|[upkeep]
|-damage|p1a: Lokix|95/100|[from] Sandstorm
|upkeep
|
|t:|1757956007
|switch|p2a: Hariyama|Hariyama, M|100/100
|-damage|p2a: Hariyama|94/100|[from] Stealth Rock
|turn|13
|
|t:|1757956014
|switch|p1a: Zapdos|Zapdos|100/100
|move|p2a: Hariyama|Belly Drum|p2a: Hariyama
|-damage|p2a: Hariyama|45/100
|-setboost|p2a: Hariyama|atk|6|[from] move: Belly Drum
|
|-weather|none
|-status|p2a: Hariyama|brn|[from] item: Flame Orb
|upkeep
|turn|14
|
|t:|1757956031
|move|p2a: Hariyama|Bullet Punch|p1a: Zapdos
|-resisted|p1a: Zapdos
|-damage|p1a: Zapdos|50/100
|move|p1a: Zapdos|Volt Switch|p2a: Hariyama
|-damage|p2a: Hariyama|0 fnt
|faint|p2a: Hariyama
|
|t:|1757956040
|switch|p1a: Alomomola|Alomomola, F|51/100|[from] Volt Switch
|
|upkeep
|
|t:|1757956059
|switch|p2a: Drifblim|Drifblim, F, shiny|100/100
|-damage|p2a: Drifblim|76/100|[from] Stealth Rock
|turn|15
|
|t:|1757956074
|move|p1a: Alomomola|Wish|p1a: Alomomola
|move|p2a: Drifblim|Calm Mind|p2a: Drifblim
|-boost|p2a: Drifblim|spa|1
|-boost|p2a: Drifblim|spd|1
|
|-status|p2a: Drifblim|brn|[from] item: Flame Orb
|upkeep
|turn|16
|
|t:|1757956085
|move|p1a: Alomomola|Flip Turn|p2a: Drifblim
|-damage|p2a: Drifblim|57/100 brn
|
|t:|1757956090
|switch|p1a: Zapdos|Zapdos|50/100|[from] Flip Turn
|move|p2a: Drifblim|Trick Room|p2a: Drifblim
|-fieldstart|move: Trick Room|[of] p2a: Drifblim
|
|-heal|p1a: Zapdos|100/100|[from] move: Wish|[wisher] Alomomola
|-damage|p2a: Drifblim|51/100 brn|[from] brn
|upkeep
|turn|17
|
|t:|1757956099
|move|p2a: Drifblim|Shadow Ball|p1a: Zapdos
|-crit|p1a: Zapdos
|-damage|p1a: Zapdos|0 fnt
|faint|p1a: Zapdos
|
|-damage|p2a: Drifblim|45/100 brn|[from] brn
|upkeep
|
|t:|1757956107
|switch|p1a: Lokix|Lokix, F|95/100
|turn|18
|
|t:|1757956112
|move|p1a: Lokix|Sucker Punch||[still]
|-fail|p1a: Lokix
|move|p2a: Drifblim|Trick|p1a: Lokix
|-activate|p2a: Drifblim|move: Trick|[of] p1a: Lokix
|-item|p1a: Lokix|Flame Orb|[from] move: Trick
|-item|p2a: Drifblim|Choice Band|[from] move: Trick
|
|-damage|p2a: Drifblim|39/100 brn|[from] brn
|-status|p1a: Lokix|brn|[from] item: Flame Orb
|upkeep
|turn|19
|
|t:|1757956123
|move|p1a: Lokix|Sucker Punch||[still]
|-fail|p1a: Lokix
|move|p2a: Drifblim|Trick|p1a: Lokix
|-activate|p2a: Drifblim|move: Trick|[of] p1a: Lokix
|-item|p1a: Lokix|Choice Band|[from] move: Trick
|-item|p2a: Drifblim|Flame Orb|[from] move: Trick
|
|-damage|p2a: Drifblim|32/100 brn|[from] brn
|-damage|p1a: Lokix|89/100 brn|[from] brn
|upkeep
|turn|20
|
|t:|1757956134
|move|p2a: Drifblim|Shadow Ball|p1a: Lokix
|-resisted|p1a: Lokix
|-damage|p1a: Lokix|22/100 brn
|move|p1a: Lokix|Knock Off|p2a: Drifblim
|-supereffective|p2a: Drifblim
|-damage|p2a: Drifblim|0 fnt
|-enditem|p2a: Drifblim|Flame Orb|[from] move: Knock Off|[of] p1a: Lokix
|faint|p2a: Drifblim
|
|-damage|p1a: Lokix|16/100 brn|[from] brn
|-fieldend|move: Trick Room
|upkeep
|
|t:|1757956143
|switch|p2a: Farigiraf|Farigiraf, F, shiny|100/100
|-damage|p2a: Farigiraf|88/100|[from] Stealth Rock
|turn|21
|
|t:|1757956152
|-terastallize|p2a: Farigiraf|Fairy
|move|p1a: Lokix|Knock Off|p2a: Farigiraf
|-resisted|p2a: Farigiraf
|-damage|p2a: Farigiraf|69/100
|-enditem|p2a: Farigiraf|Weakness Policy|[from] move: Knock Off|[of] p1a: Lokix
|move|p2a: Farigiraf|Agility|p2a: Farigiraf
|-boost|p2a: Farigiraf|spe|2
|
|-damage|p1a: Lokix|10/100 brn|[from] brn
|upkeep
|turn|22
|
|t:|1757956161
|switch|p1a: Alomomola|Alomomola, F|84/100
|move|p2a: Farigiraf|Nasty Plot|p2a: Farigiraf
|-boost|p2a: Farigiraf|spa|2
|
|upkeep
|turn|23
|
|t:|1757956174
|move|p2a: Farigiraf|Agility|p2a: Farigiraf
|-boost|p2a: Farigiraf|spe|2
|move|p1a: Alomomola|Healing Wish|p1a: Alomomola
|faint|p1a: Alomomola
|
|upkeep
|c|☆kingboglin123|hi
|
|t:|1757956179
|switch|p1a: Lokix|Lokix, F|10/100 brn
|-heal|p1a: Lokix|100/100|[from] move: Healing Wish
|turn|24
|c|☆Red Icigool|hi
|
|t:|1757956185
|-terastallize|p1a: Lokix|Bug
|move|p1a: Lokix|First Impression||[still]
|cant|p2a: Farigiraf|ability: Armor Tail|First Impression|[of] p1a: Lokix
|move|p2a: Farigiraf|Tera Blast|p1a: Lokix|[anim] Tera Blast Fairy
|-damage|p1a: Lokix|0 fnt
|faint|p1a: Lokix
|
|upkeep
|
|t:|1757956194
|switch|p1a: Cinderace|Cinderace, F|100/100
|turn|25
|c|☆kingboglin123|whare u from
|
|t:|1757956197
|move|p2a: Farigiraf|Stored Power|p1a: Cinderace
|-damage|p1a: Cinderace|0 fnt
|faint|p1a: Cinderace
|
|win|kingboglin123
|raw|Red Icigool's rating: 1258 &rarr; <strong>1232</strong><br />(-26 for losing)
|raw|kingboglin123's rating: 1250 &rarr; <strong>1276</strong><br />(+26 for winning)
|c|☆Red Icigool|us
|l|☆Red Icigool
|player|p1|
|c|☆kingboglin123|nice
|l|☆kingboglin123
|player|p2|
