|j|☆SixEyed
|j|☆Cvhb
|t:|1757822910
|gametype|singles
|player|p1|SixEyed|lance|1232
|player|p2|Cvhb|266|1224
|gen|9
|tier|[Gen 9] OU
|rated|
|rule|HP Percentage Mod: HP is shown in percentages
|rule|Endless Battle Clause: Forcing endless battles is banned
|rule|Species Clause: Limit one of each Pokémon
|rule|OHKO Clause: OHKO moves are banned
|rule|Evasion Items Clause: Evasion items are banned
|rule|Evasion Moves Clause: Evasion moves are banned
|rule|Evasion Abilities Clause: Evasion abilities are banned
|rule|Sleep Moves Clause: Sleep-inducing moves are banned
|clearpoke
|poke|p1|Hatterene, F|
|poke|p1|Ursaluna, F|
|poke|p1|Porygon2|
|poke|p1|Cresselia, F|
|poke|p1|Iron Hands|
|poke|p1|Volcanion|
|poke|p2|Dragonite, M|
|poke|p2|Great Tusk|
|poke|p2|Salamence, F|
|poke|p2|Ninetales, F|
|poke|p2|Walking Wake|
|poke|p2|Raging Bolt|
|teampreview
|
|t:|1757822930
|teamsize|p1|6
|teamsize|p2|6
|start
|switch|p1a: Volcanion|Volcanion|100/100
|switch|p2a: Ninetales|Ninetales, F|100/100
|-weather|SunnyDay|[from] ability: Drought|[of] p2a: Ninetales
|turn|1
|
|t:|1757822958
|switch|p2a: Walking Wake|Walking Wake|100/100
|-activate|p2a: Walking Wake|ability: Protosynthesis
|-start|p2a: Walking Wake|protosynthesisspe
|move|p1a: Volcanion|Steam Eruption|p2a: Walking Wake
|-resisted|p2a: Walking Wake
|-damage|p2a: Walking Wake|92/100
|
|-weather|SunnyDay|[upkeep]
|upkeep
|turn|2
|
|t:|1757822984
|switch|p1a: Cresselia|Cresselia, F|100/100
|move|p2a: Walking Wake|Draco Meteor|p1a: Cresselia
|-damage|p1a: Cresselia|67/100
|-unboost|p2a: Walking Wake|spa|2
|
|-weather|SunnyDay|[upkeep]
|upkeep
|turn|3
|
|t:|1757822993
|-end|p2a: Walking Wake|Protosynthesis|[silent]
|switch|p2a: Great Tusk|Great Tusk|100/100
|-activate|p2a: Great Tusk|ability: Protosynthesis
|-start|p2a: Great Tusk|protosynthesisspe
|move|p1a: Cresselia|Trick Room|p1a: Cresselia
|-fieldstart|move: Trick Room|[of] p1a: Cresselia
|
|-weather|SunnyDay|[upkeep]
|upkeep
|turn|4
|
|t:|1757823001
|move|p1a: Cresselia|Ice Beam|p2a: Great Tusk
|-supereffective|p2a: Great Tusk
|-damage|p2a: Great Tusk|55/100
|move|p2a: Great Tusk|Headlong Rush|p1a: Cresselia
|-immune|p1a: Cresselia|[from] ability: Levitate
|
|-weather|SunnyDay|[upkeep]
|upkeep
|turn|5
|
|t:|1757823008
|move|p1a: Cresselia|Ice Beam|p2a: Great Tusk
|-supereffective|p2a: Great Tusk
|-damage|p2a: Great Tusk|11/100
|move|p2a: Great Tusk|Close Combat|p1a: Cresselia
|-resisted|p1a: Cresselia
|-damage|p1a: Cresselia|52/100
|-unboost|p2a: Great Tusk|def|1
|-unboost|p2a: Great Tusk|spd|1
|-enditem|p2a: Great Tusk|Eject Pack
|
|t:|1757823013
|-end|p2a: Great Tusk|Protosynthesis|[silent]
|switch|p2a: Raging Bolt|Raging Bolt|100/100
|-activate|p2a: Raging Bolt|ability: Protosynthesis
|-start|p2a: Raging Bolt|protosynthesisspa
|
|-weather|SunnyDay|[upkeep]
|upkeep
|turn|6
|
|t:|1757823021
|move|p1a: Cresselia|Moonlight|p1a: Cresselia
|-heal|p1a: Cresselia|100/100
|move|p2a: Raging Bolt|Calm Mind|p2a: Raging Bolt
|-boost|p2a: Raging Bolt|spa|1
|-boost|p2a: Raging Bolt|spd|1
|
|-weather|SunnyDay|[upkeep]
|upkeep
|turn|7
|
|t:|1757823033
|move|p2a: Raging Bolt|Thunderclap|p1a: Cresselia
|-damage|p1a: Cresselia|55/100
|move|p1a: Cresselia|Ice Beam|p2a: Raging Bolt
|-supereffective|p2a: Raging Bolt
|-damage|p2a: Raging Bolt|84/100
|
|-weather|SunnyDay|[upkeep]
|-heal|p2a: Raging Bolt|90/100|[from] item: Leftovers
|-fieldend|move: Trick Room
|upkeep
|turn|8
|
|t:|1757823043
|move|p2a: Raging Bolt|Calm Mind|p2a: Raging Bolt
|-boost|p2a: Raging Bolt|spa|1
|-boost|p2a: Raging Bolt|spd|1
|move|p1a: Cresselia|Trick Room|p1a: Cresselia
|-fieldstart|move: Trick Room|[of] p1a: Cresselia
|
|-weather|none
|-end|p2a: Raging Bolt|Protosynthesis
|-heal|p2a: Raging Bolt|96/100|[from] item: Leftovers
|upkeep
|turn|9
|
|t:|1757823053
|move|p1a: Cresselia|Lunar Dance|p1a: Cresselia
|faint|p1a: Cresselia
|move|p2a: Raging Bolt|Dragon Pulse|p1: Cresselia|[notarget]
|-fail|p2a: Raging Bolt
|
|-heal|p2a: Raging Bolt|100/100|[from] item: Leftovers
|upkeep
|
|t:|1757823059
|switch|p1a: Ursaluna|Ursaluna, F|100/100
|turn|10
|
|t:|1757823064
|-end|p2a: Raging Bolt|Protosynthesis|[silent]
|switch|p2a: Ninetales|Ninetales, F|100/100
|-weather|SunnyDay|[from] ability: Drought|[of] p2a: Ninetales
|move|p1a: Ursaluna|Headlong Rush|p2a: Ninetales
|-supereffective|p2a: Ninetales
|-damage|p2a: Ninetales|0 fnt
|-unboost|p1a: Ursaluna|def|1
|-unboost|p1a: Ursaluna|spd|1
|faint|p2a: Ninetales
|
|-weather|SunnyDay|[upkeep]
|-status|p1a: Ursaluna|brn|[from] item: Flame Orb
|upkeep
|
|t:|1757823078
|switch|p2a: Raging Bolt|Raging Bolt|100/100
|-activate|p2a: Raging Bolt|ability: Protosynthesis
|-start|p2a: Raging Bolt|protosynthesisspa
|turn|11
|
|t:|1757823083
|-end|p2a: Raging Bolt|Protosynthesis|[silent]
|switch|p2a: Salamence|Salamence, F|100/100
|move|p1a: Ursaluna|Headlong Rush|p2a: Salamence
|-immune|p2a: Salamence
|
|-weather|SunnyDay|[upkeep]
|-damage|p1a: Ursaluna|94/100 brn|[from] brn
|upkeep
|turn|12
|
|t:|1757823093
|switch|p2a: Great Tusk|Great Tusk|11/100
|-activate|p2a: Great Tusk|ability: Protosynthesis
|-start|p2a: Great Tusk|protosynthesisspe
|move|p1a: Ursaluna|Facade|p2a: Great Tusk
|-damage|p2a: Great Tusk|0 fnt
|faint|p2a: Great Tusk
|-end|p2a: Great Tusk|Protosynthesis|[silent]
|
|-weather|SunnyDay|[upkeep]
|-damage|p1a: Ursaluna|88/100 brn|[from] brn
|-fieldend|move: Trick Room
|upkeep
|
|t:|1757823105
|switch|p2a: Walking Wake|Walking Wake|92/100
|-activate|p2a: Walking Wake|ability: Protosynthesis
|-start|p2a: Walking Wake|protosynthesisspe
|turn|13
|
|t:|1757823117
|switch|p1a: Hatterene|Hatterene, F|100/100
|-terastallize|p2a: Walking Wake|Water
|move|p2a: Walking Wake|Hydro Steam|p1a: Hatterene
|-damage|p1a: Hatterene|12/100
|
|-weather|SunnyDay|[upkeep]
|upkeep
|turn|14
|
|t:|1757823126
|move|p2a: Walking Wake|Hydro Steam|p1a: Hatterene
|-damage|p1a: Hatterene|0 fnt
|faint|p1a: Hatterene
|
|-weather|SunnyDay|[upkeep]
|upkeep
|
|t:|1757823138
|switch|p1a: Volcanion|Volcanion|100/100
|-heal|p1a: Volcanion|100/100|[from] move: Lunar Dance
|turn|15
|
|t:|1757823148
|move|p2a: Walking Wake|Hydro Steam|p1a: Volcanion
|-immune|p1a: Volcanion|[from] ability: Water Absorb
|move|p1a: Volcanion|Steam Eruption|p2a: Walking Wake
|-resisted|p2a: Walking Wake
|-damage|p2a: Walking Wake|76/100
|
|-weather|SunnyDay|[upkeep]
|upkeep
|turn|16
|
|t:|1757823157
|-end|p2a: Walking Wake|Protosynthesis|[silent]
|switch|p2a: Raging Bolt|Raging Bolt|100/100
|-activate|p2a: Raging Bolt|ability: Protosynthesis
|-start|p2a: Raging Bolt|protosynthesisspa
|move|p1a: Volcanion|Steam Eruption|p2a: Raging Bolt
|-resisted|p2a: Raging Bolt
|-damage|p2a: Raging Bolt|89/100
|
|-weather|SunnyDay|[upkeep]
|-heal|p2a: Raging Bolt|95/100|[from] item: Leftovers
|upkeep
|turn|17
|
|t:|1757823168
|switch|p1a: Ursaluna|Ursaluna, F|88/100 brn
|move|p2a: Raging Bolt|Dragon Pulse|p1a: Ursaluna
|-damage|p1a: Ursaluna|31/100 brn
|
|-weather|none
|-end|p2a: Raging Bolt|Protosynthesis
|-heal|p2a: Raging Bolt|100/100|[from] item: Leftovers
|-damage|p1a: Ursaluna|25/100 brn|[from] brn
|upkeep
|turn|18
|
|t:|1757823178
|-end|p2a: Raging Bolt|Protosynthesis|[silent]
|switch|p2a: Salamence|Salamence, F|100/100
|move|p1a: Ursaluna|Facade|p2a: Salamence
|-damage|p2a: Salamence|0 fnt
|faint|p2a: Salamence
|
|-damage|p1a: Ursaluna|19/100 brn|[from] brn
|upkeep
|
|t:|1757823209
|switch|p2a: Raging Bolt|Raging Bolt|100/100
|turn|19
|
|t:|1757823220
|switch|p1a: Porygon2|Porygon2|100/100
|-ability|p1a: Porygon2|Download|boost
|-boost|p1a: Porygon2|spa|1
|move|p2a: Raging Bolt|Dragon Pulse|p1a: Porygon2
|-damage|p1a: Porygon2|76/100
|
|upkeep
|turn|20
|
|t:|1757823226
|move|p2a: Raging Bolt|Calm Mind|p2a: Raging Bolt
|-boost|p2a: Raging Bolt|spa|1
|-boost|p2a: Raging Bolt|spd|1
|move|p1a: Porygon2|Trick Room|p1a: Porygon2
|-fieldstart|move: Trick Room|[of] p1a: Porygon2
|
|upkeep
|turn|21
|
|t:|1757823237
|move|p1a: Porygon2|Ice Beam|p2a: Raging Bolt
|-supereffective|p2a: Raging Bolt
|-damage|p2a: Raging Bolt|68/100
|move|p2a: Raging Bolt|Calm Mind|p2a: Raging Bolt
|-boost|p2a: Raging Bolt|spa|1
|-boost|p2a: Raging Bolt|spd|1
|
|-heal|p2a: Raging Bolt|74/100|[from] item: Leftovers
|upkeep
|turn|22
|
|t:|1757823248
|move|p1a: Porygon2|Ice Beam|p2a: Raging Bolt
|-supereffective|p2a: Raging Bolt
|-damage|p2a: Raging Bolt|47/100
|move|p2a: Raging Bolt|Calm Mind|p2a: Raging Bolt
|-boost|p2a: Raging Bolt|spa|1
|-boost|p2a: Raging Bolt|spd|1
|
|-heal|p2a: Raging Bolt|53/100|[from] item: Leftovers
|upkeep
|turn|23
|
|t:|1757823257
|switch|p1a: Ursaluna|Ursaluna, F|19/100 brn
|move|p2a: Raging Bolt|Dragon Pulse|p1a: Ursaluna
|-damage|p1a: Ursaluna|0 fnt
|faint|p1a: Ursaluna
|
|-heal|p2a: Raging Bolt|60/100|[from] item: Leftovers
|upkeep
|
|t:|1757823262
|switch|p1a: Iron Hands|Iron Hands|100/100
|-enditem|p1a: Iron Hands|Booster Energy
|-activate|p1a: Iron Hands|ability: Quark Drive|[fromitem]
|-start|p1a: Iron Hands|quarkdriveatk
|turn|24
|
|t:|1757823276
|-end|p2a: Raging Bolt|Protosynthesis|[silent]
|switch|p2a: Walking Wake|Walking Wake, tera:Water|76/100
|move|p1a: Iron Hands|Ice Punch|p2a: Walking Wake
|-resisted|p2a: Walking Wake
|-damage|p2a: Walking Wake|55/100
|
|-fieldend|move: Trick Room
|upkeep
|turn|25
|
|t:|1757823293
|move|p2a: Walking Wake|Draco Meteor|p1a: Iron Hands
|-damage|p1a: Iron Hands|38/100
|-unboost|p2a: Walking Wake|spa|2
|move|p1a: Iron Hands|Wild Charge|p2a: Walking Wake
|-supereffective|p2a: Walking Wake
|-damage|p2a: Walking Wake|0 fnt
|faint|p2a: Walking Wake
|-end|p2a: Walking Wake|Protosynthesis|[silent]
|-damage|p1a: Iron Hands|29/100|[from] Recoil
|
|upkeep
|
|t:|1757823304
|switch|p2a: Raging Bolt|Raging Bolt|60/100
|turn|26
|
|t:|1757823327
|move|p2a: Raging Bolt|Dragon Pulse|p1a: Iron Hands
|-crit|p1a: Iron Hands
|-damage|p1a: Iron Hands|0 fnt
|faint|p1a: Iron Hands
|-end|p1a: Iron Hands|Quark Drive|[silent]
|
|-heal|p2a: Raging Bolt|66/100|[from] item: Leftovers
|upkeep
|
|t:|1757823332
|switch|p1a: Porygon2|Porygon2|76/100
|-ability|p1a: Porygon2|Download|boost
|-boost|p1a: Porygon2|spa|1
|turn|27
|
|t:|1757823342
|-terastallize|p1a: Porygon2|Normal
|move|p2a: Raging Bolt|Calm Mind|p2a: Raging Bolt
|-boost|p2a: Raging Bolt|spa|1
|-boost|p2a: Raging Bolt|spd|1
|move|p1a: Porygon2|Tera Blast|p2a: Raging Bolt|[anim] Tera Blast Normal
|-damage|p2a: Raging Bolt|33/100
|
|-heal|p2a: Raging Bolt|39/100|[from] item: Leftovers
|upkeep
|turn|28
|
|t:|1757823353
|move|p2a: Raging Bolt|Calm Mind|p2a: Raging Bolt
|-boost|p2a: Raging Bolt|spa|1
|-boost|p2a: Raging Bolt|spd|1
|move|p1a: Porygon2|Trick Room|p1a: Porygon2
|-fieldstart|move: Trick Room|[of] p1a: Porygon2
|
|-heal|p2a: Raging Bolt|45/100|[from] item: Leftovers
|upkeep
|turn|29
|
|t:|1757823360
|move|p1a: Porygon2|Ice Beam|p2a: Raging Bolt
|-supereffective|p2a: Raging Bolt
|-damage|p2a: Raging Bolt|19/100
|move|p2a: Raging Bolt|Calm Mind|p2a: Raging Bolt
|-boost|p2a: Raging Bolt|spa|1
|-boost|p2a: Raging Bolt|spd|1
|
|-heal|p2a: Raging Bolt|25/100|[from] item: Leftovers
|upkeep
|turn|30
|
|t:|1757823369
|move|p2a: Raging Bolt|Thunderclap|p1a: Porygon2
|-damage|p1a: Porygon2|26/100
|move|p1a: Porygon2|Ice Beam|p2a: Raging Bolt
|-supereffective|p2a: Raging Bolt
|-damage|p2a: Raging Bolt|3/100
|-status|p2a: Raging Bolt|frz
|
|-heal|p2a: Raging Bolt|9/100 frz|[from] item: Leftovers
|upkeep
|turn|31
|
|t:|1757823379
|cant|p2a: Raging Bolt|frz
|move|p1a: Porygon2|Recover|p1a: Porygon2
|-heal|p1a: Porygon2|76/100
|
|-heal|p2a: Raging Bolt|15/100 frz|[from] item: Leftovers
|upkeep
|turn|32
|
|t:|1757823384
|-curestatus|p2a: Raging Bolt|frz|[msg]
|move|p2a: Raging Bolt|Thunderclap|p1a: Porygon2
|-damage|p1a: Porygon2|26/100
|move|p1a: Porygon2|Ice Beam|p2a: Raging Bolt
|-supereffective|p2a: Raging Bolt
|-damage|p2a: Raging Bolt|0 fnt
|faint|p2a: Raging Bolt
|-end|p2a: Raging Bolt|Protosynthesis|[silent]
|
|-fieldend|move: Trick Room
|upkeep
|
|t:|1757823391
|switch|p2a: Dragonite|Dragonite, M|100/100
|turn|33
|
|t:|1757823397
|move|p2a: Dragonite|Earthquake|p1a: Porygon2
|-damage|p1a: Porygon2|0 fnt
|faint|p1a: Porygon2
|
|upkeep
|
|t:|1757823399
|switch|p1a: Volcanion|Volcanion|100/100
|turn|34
|
|t:|1757823403
|move|p2a: Dragonite|Earthquake|p1a: Volcanion
|-supereffective|p1a: Volcanion
|-damage|p1a: Volcanion|47/100
|move|p1a: Volcanion|Steam Eruption|p2a: Dragonite
|-resisted|p2a: Dragonite
|-damage|p2a: Dragonite|73/100
|
|upkeep
|turn|35
|
|t:|1757823410
|move|p2a: Dragonite|Earthquake|p1a: Volcanion
|-supereffective|p1a: Volcanion
|-damage|p1a: Volcanion|0 fnt
|faint|p1a: Volcanion
|
|win|Cvhb
|raw|SixEyed's rating: 1232 &rarr; <strong>1206</strong><br />(-26 for losing)
|raw|Cvhb's rating: 1224 &rarr; <strong>1250</strong><br />(+26 for winning)
|l|☆SixEyed
|player|p1|
|l|☆Cvhb
|player|p2|
