|j|☆Wembalien
|j|☆I am Patrat
|t:|1757910182
|gametype|singles
|player|p1|Wembalien|riley|1255
|player|p2|I am Patrat|hilbert|1300
|gen|9
|tier|[Gen 9] OU
|rated|
|rule|HP Percentage Mod: HP is shown in percentages
|rule|Endless Battle Clause: Forcing endless battles is banned
|rule|Species Clause: Limit one of each Pokémon
|rule|OHKO Clause: OHKO moves are banned
|rule|Evasion Items Clause: Evasion items are banned
|rule|Evasion Moves Clause: Evasion moves are banned
|rule|Evasion Abilities Clause: Evasion abilities are banned
|rule|Sleep Moves Clause: Sleep-inducing moves are banned
|clearpoke
|poke|p1|Charizard, M|
|poke|p1|Torkoal, M|
|poke|p1|Cryogonal|
|poke|p1|Espeon, M|
|poke|p1|Brute Bonnet|
|poke|p1|Walking Wake|
|poke|p2|Arcanine-Hisui, M|
|poke|p2|Iron Valiant|
|poke|p2|Gholdengo|
|poke|p2|Avalugg, M|
|poke|p2|Sableye, F|
|poke|p2|Meowscarada, F|
|teampreview
|
|t:|1757910202
|teamsize|p1|6
|teamsize|p2|6
|start
|switch|p1a: Torkoal|Torkoal, M|100/100
|switch|p2a: Arcanine|Arcanine-Hisui, M|100/100
|-weather|SunnyDay|[from] ability: Drought|[of] p1a: Torkoal
|turn|1
|
|t:|1757910208
|move|p2a: Arcanine|Head Smash|p1a: Torkoal
|-supereffective|p1a: Torkoal
|-crit|p1a: Torkoal
|-damage|p1a: Torkoal|0 fnt
|faint|p1a: Torkoal
|
|-weather|SunnyDay|[upkeep]
|upkeep
|
|t:|1757910216
|switch|p1a: Walking Wake|Walking Wake|100/100
|-activate|p1a: Walking Wake|ability: Protosynthesis
|-start|p1a: Walking Wake|protosynthesisspe
|turn|2
|
|t:|1757910229
|switch|p2a: Meowscarada|Meowscarada, F|100/100
|move|p1a: Walking Wake|Hydro Steam|p2a: Meowscarada
|-resisted|p2a: Meowscarada
|-damage|p2a: Meowscarada|25/100
|
|-weather|SunnyDay|[upkeep]
|upkeep
|turn|3
|
|t:|1757910239
|move|p1a: Walking Wake|Hydro Steam|p2a: Meowscarada
|-resisted|p2a: Meowscarada
|-damage|p2a: Meowscarada|0 fnt
|faint|p2a: Meowscarada
|
|-weather|SunnyDay|[upkeep]
|upkeep
|
|t:|1757910253
|switch|p2a: Iron Valiant|Iron Valiant|100/100
|-enditem|p2a: Iron Valiant|Booster Energy
|-activate|p2a: Iron Valiant|ability: Quark Drive|[fromitem]
|-start|p2a: Iron Valiant|quarkdrivespe
|turn|4
|
|t:|1757910264
|-terastallize|p1a: Walking Wake|Water
|move|p2a: Iron Valiant|Spirit Break|p1a: Walking Wake
|-damage|p1a: Walking Wake|57/100
|-unboost|p1a: Walking Wake|spa|1
|move|p1a: Walking Wake|Hydro Steam|p2a: Iron Valiant
|-damage|p2a: Iron Valiant|0 fnt
|faint|p2a: Iron Valiant
|-end|p2a: Iron Valiant|Quark Drive|[silent]
|
|-weather|SunnyDay|[upkeep]
|upkeep
|
|t:|1757910288
|switch|p2a: Avalugg|Avalugg, M|100/100
|turn|5
|
|t:|1757910299
|-end|p1a: Walking Wake|Protosynthesis|[silent]
|switch|p1a: Espeon|Espeon, M|100/100
|move|p2a: Avalugg|Body Press|p1a: Espeon
|-resisted|p1a: Espeon
|-damage|p1a: Espeon|64/100
|
|-weather|SunnyDay|[upkeep]
|upkeep
|turn|6
|
|t:|1757910313
|switch|p2a: Gholdengo|Gholdengo|100/100
|move|p1a: Espeon|Psychic|p2a: Gholdengo
|-resisted|p2a: Gholdengo
|-damage|p2a: Gholdengo|75/100
|
|-weather|SunnyDay|[upkeep]
|upkeep
|turn|7
|
|t:|1757910332
|switch|p1a: Charizard|Charizard, M, shiny|100/100
|switch|p2a: Sableye|Sableye, F|100/100
|
|-weather|SunnyDay|[upkeep]
|-damage|p1a: Charizard|88/100|[from] ability: Solar Power|[of] p1a: Charizard
|upkeep
|turn|8
|
|t:|1757910342
|move|p1a: Charizard|Weather Ball|p2a: Sableye
|-damage|p2a: Sableye|0 fnt
|faint|p2a: Sableye
|
|-weather|none
|upkeep
|
|t:|1757910348
|switch|p2a: Arcanine|Arcanine-Hisui, M|100/100
|turn|9
|
|t:|1757910358
|switch|p1a: Espeon|Espeon, M|64/100
|move|p2a: Arcanine|Head Smash|p1a: Espeon
|-damage|p1a: Espeon|0 fnt
|faint|p1a: Espeon
|
|upkeep
|
|t:|1757910369
|switch|p1a: Walking Wake|Walking Wake, tera:Water|57/100
|turn|10
|
|t:|1757910375
|-terastallize|p2a: Arcanine|Normal
|move|p1a: Walking Wake|Hydro Steam|p2a: Arcanine
|-damage|p2a: Arcanine|7/100
|move|p2a: Arcanine|Head Smash|p1a: Walking Wake
|-damage|p1a: Walking Wake|0 fnt
|faint|p1a: Walking Wake
|-end|p1a: Walking Wake|Protosynthesis|[silent]
|
|upkeep
|
|t:|1757910382
|switch|p1a: Brute Bonnet|Brute Bonnet|100/100
|-enditem|p1a: Brute Bonnet|Booster Energy
|-activate|p1a: Brute Bonnet|ability: Protosynthesis|[fromitem]
|-start|p1a: Brute Bonnet|protosynthesisatk
|turn|11
|
|t:|1757910388
|move|p1a: Brute Bonnet|Sucker Punch|p2a: Arcanine
|-damage|p2a: Arcanine|0 fnt
|faint|p2a: Arcanine
|
|upkeep
|
|t:|1757910393
|switch|p2a: Gholdengo|Gholdengo|75/100
|turn|12
|
|t:|1757910399
|move|p2a: Gholdengo|Nasty Plot|p2a: Gholdengo
|-boost|p2a: Gholdengo|spa|2
|move|p1a: Brute Bonnet|Crunch|p2a: Gholdengo
|-supereffective|p2a: Gholdengo
|-damage|p2a: Gholdengo|0 fnt
|faint|p2a: Gholdengo
|
|upkeep
|
|t:|1757910405
|switch|p2a: Avalugg|Avalugg, M|100/100
|turn|13
|
|t:|1757910412
|move|p1a: Brute Bonnet|Close Combat|p2a: Avalugg
|-supereffective|p2a: Avalugg
|-damage|p2a: Avalugg|52/100
|-unboost|p1a: Brute Bonnet|def|1
|-unboost|p1a: Brute Bonnet|spd|1
|move|p2a: Avalugg|Rapid Spin|p1a: Brute Bonnet
|-damage|p1a: Brute Bonnet|83/100
|-boost|p2a: Avalugg|spe|1
|
|upkeep
|turn|14
|
|t:|1757910424
|-end|p1a: Brute Bonnet|Protosynthesis|[silent]
|switch|p1a: Charizard|Charizard, M, shiny|88/100
|move|p2a: Avalugg|Recover|p2a: Avalugg
|-heal|p2a: Avalugg|100/100
|
|upkeep
|turn|15
|
|t:|1757910432
|move|p1a: Charizard|Flamethrower|p2a: Avalugg
|-supereffective|p2a: Avalugg
|-ability|p2a: Avalugg|Sturdy
|-damage|p2a: Avalugg|1/100
|move|p2a: Avalugg|Avalanche|p1a: Charizard
|-damage|p1a: Charizard|17/100
|
|upkeep
|turn|16
|
|t:|1757910439
|move|p1a: Charizard|Flamethrower|p2a: Avalugg
|-supereffective|p2a: Avalugg
|-damage|p2a: Avalugg|0 fnt
|faint|p2a: Avalugg
|
|win|Wembalien
|raw|Wembalien's rating: 1255 &rarr; <strong>1283</strong><br />(+28 for winning)
|raw|I am Patrat's rating: 1300 &rarr; <strong>1272</strong><br />(-28 for losing)
|l|☆I am Patrat
|player|p2|
|l|☆Wembalien
|player|p1|
