|j|‽Flocking glock
|j|☆leezee-yy
|t:|1757918554
|gametype|singles
|player|p1|Flocking glock|266|1499
|player|p2|leezee-yy|steven|1537
|gen|9
|tier|[Gen 9] OU
|rated|
|rule|HP Percentage Mod: HP is shown in percentages
|rule|Endless Battle Clause: Forcing endless battles is banned
|rule|Species Clause: Limit one of each Pokémon
|rule|OHKO Clause: OHKO moves are banned
|rule|Evasion Items Clause: Evasion items are banned
|rule|Evasion Moves Clause: Evasion moves are banned
|rule|Evasion Abilities Clause: Evasion abilities are banned
|rule|Sleep Moves Clause: Sleep-inducing moves are banned
|clearpoke
|poke|p1|Ogerpon-Wellspring, F|
|poke|p1|Cloyster, F|
|poke|p1|Ninetales-Alola, M|
|poke|p1|Polteageist|
|poke|p1|Iron Treads|
|poke|p1|Dragonite, F|
|poke|p2|Zapdos|
|poke|p2|Gengar, M|
|poke|p2|Metagross|
|poke|p2|Conkeldurr, M|
|poke|p2|Meowscarada, F|
|poke|p2|Zamazenta-*|
|teampreview
|inactive|Battle timer is ON: inactive players will automatically lose when time's up. (requested by leezee-yy)
|
|t:|1757918568
|teamsize|p1|6
|teamsize|p2|6
|start
|switch|p1a: Iron Treads|Iron Treads|100/100
|switch|p2a: Metagross|Metagross|100/100
|-enditem|p1a: Iron Treads|Booster Energy
|-activate|p1a: Iron Treads|ability: Quark Drive|[fromitem]
|-start|p1a: Iron Treads|quarkdrivespe
|turn|1
|inactive|leezee-yy has 120 seconds left.
|
|t:|1757918622
|switch|p2a: Conkeldurr|Conkeldurr, M|100/100
|move|p1a: Iron Treads|Stealth Rock|p2a: Conkeldurr
|-sidestart|p2: leezee-yy|move: Stealth Rock
|
|upkeep
|turn|2
|
|t:|1757918629
|move|p1a: Iron Treads|Steel Beam|p2a: Conkeldurr|[miss]
|-miss|p1a: Iron Treads|p2a: Conkeldurr
|-damage|p1a: Iron Treads|50/100|[from] steelbeam
|move|p2a: Conkeldurr|Fire Punch|p1a: Iron Treads
|-supereffective|p1a: Iron Treads
|-crit|p1a: Iron Treads
|-damage|p1a: Iron Treads|0 fnt
|faint|p1a: Iron Treads
|-end|p1a: Iron Treads|Quark Drive|[silent]
|
|upkeep
|
|t:|1757918641
|switch|p1a: Ninetales|Ninetales-Alola, M|100/100
|-weather|Snowscape|[from] ability: Snow Warning|[of] p1a: Ninetales
|turn|3
|inactive|leezee-yy has 120 seconds left.
|
|t:|1757918648
|move|p1a: Ninetales|Aurora Veil|p1a: Ninetales
|-sidestart|p1: Flocking glock|move: Aurora Veil
|move|p2a: Conkeldurr|Defog|p1a: Ninetales
|-unboost|p1a: Ninetales|evasion|1
|-sideend|p1: Flocking glock|move: Aurora Veil
|-sideend|p2: leezee-yy|Stealth Rock|[from] move: Defog|[of] p2a: Conkeldurr
|
|-weather|Snowscape|[upkeep]
|upkeep
|turn|4
|
|t:|1757918654
|switch|p2a: Metagross|Metagross|100/100
|move|p1a: Ninetales|Aurora Veil|p1a: Ninetales
|-sidestart|p1: Flocking glock|move: Aurora Veil
|
|-weather|Snowscape|[upkeep]
|upkeep
|turn|5
|
|t:|1757918661
|switch|p1a: Cloyster|Cloyster, F|100/100
|move|p2a: Metagross|Psychic Fangs|p1a: Cloyster
|-sideend|p1: Flocking glock|move: Aurora Veil
|-damage|p1a: Cloyster|76/100
|
|-weather|Snowscape|[upkeep]
|upkeep
|turn|6
|
|t:|1757918669
|move|p1a: Cloyster|Shell Smash|p1a: Cloyster
|-unboost|p1a: Cloyster|def|1
|-unboost|p1a: Cloyster|spd|1
|-boost|p1a: Cloyster|atk|2
|-boost|p1a: Cloyster|spa|2
|-boost|p1a: Cloyster|spe|2
|move|p2a: Metagross|Knock Off|p1a: Cloyster
|-damage|p1a: Cloyster|46/100
|-enditem|p1a: Cloyster|Never-Melt Ice|[from] move: Knock Off|[of] p2a: Metagross
|
|-weather|Snowscape|[upkeep]
|upkeep
|turn|7
|
|t:|1757918685
|switch|p2a: Zamazenta|Zamazenta|100/100
|-ability|p2a: Zamazenta|Dauntless Shield|boost
|-boost|p2a: Zamazenta|def|1
|move|p1a: Cloyster|Icicle Spear|p2a: Zamazenta
|-damage|p2a: Zamazenta|88/100
|-damage|p2a: Zamazenta|75/100
|-crit|p2a: Zamazenta
|-damage|p2a: Zamazenta|46/100
|-damage|p2a: Zamazenta|32/100
|-damage|p2a: Zamazenta|18/100
|-hitcount|p2a: Zamazenta|5
|
|-weather|none
|upkeep
|turn|8
|
|t:|1757918697
|move|p1a: Cloyster|Icicle Spear|p2a: Zamazenta
|-damage|p2a: Zamazenta|4/100
|-damage|p2a: Zamazenta|0 fnt
|faint|p2a: Zamazenta
|-hitcount|p2: Zamazenta|2
|
|upkeep
|
|t:|1757918699
|switch|p2a: Conkeldurr|Conkeldurr, M|100/100
|turn|9
|
|t:|1757918708
|switch|p1a: Polteageist|Polteageist|100/100
|move|p2a: Conkeldurr|Mach Punch|p1a: Polteageist
|-immune|p1a: Polteageist
|
|upkeep
|turn|10
|
|t:|1757918716
|switch|p1a: Ninetales|Ninetales-Alola, M|100/100
|-weather|Snowscape|[from] ability: Snow Warning|[of] p1a: Ninetales
|switch|p2a: Gengar|Gengar, M|100/100
|
|-weather|Snowscape|[upkeep]
|upkeep
|turn|11
|
|t:|1757918723
|move|p1a: Ninetales|Aurora Veil|p1a: Ninetales
|-sidestart|p1: Flocking glock|move: Aurora Veil
|move|p2a: Gengar|Sludge Bomb|p1a: Ninetales
|-supereffective|p1a: Ninetales
|-damage|p1a: Ninetales|41/100
|
|-weather|Snowscape|[upkeep]
|upkeep
|turn|12
|
|t:|1757918729
|switch|p2a: Metagross|Metagross|100/100
|move|p1a: Ninetales|Moonblast|p2a: Metagross
|-resisted|p2a: Metagross
|-damage|p2a: Metagross|82/100
|
|-weather|Snowscape|[upkeep]
|-heal|p2a: Metagross|88/100|[from] item: Leftovers
|upkeep
|turn|13
|
|t:|1757918738
|move|p1a: Ninetales|Freeze-Dry|p2a: Metagross
|-resisted|p2a: Metagross
|-damage|p2a: Metagross|74/100
|move|p2a: Metagross|Psychic Fangs|p1a: Ninetales
|-sideend|p1: Flocking glock|move: Aurora Veil
|-damage|p1a: Ninetales|0 fnt
|faint|p1a: Ninetales
|
|-weather|Snowscape|[upkeep]
|-heal|p2a: Metagross|80/100|[from] item: Leftovers
|upkeep
|
|t:|1757918756
|switch|p1a: Dragonite|Dragonite, F|100/100
|turn|14
|
|t:|1757918763
|move|p1a: Dragonite|Dragon Dance|p1a: Dragonite
|-boost|p1a: Dragonite|atk|1
|-boost|p1a: Dragonite|spe|1
|move|p2a: Metagross|Ice Punch|p1a: Dragonite
|-supereffective|p1a: Dragonite
|-damage|p1a: Dragonite|33/100
|
|-weather|none
|-heal|p2a: Metagross|86/100|[from] item: Leftovers
|upkeep
|turn|15
|
|t:|1757918773
|switch|p2a: Zapdos|Zapdos|100/100
|move|p1a: Dragonite|Earthquake|p2a: Zapdos
|-immune|p2a: Zapdos
|
|upkeep
|turn|16
|inactive|leezee-yy has 120 seconds left.
|
|t:|1757918819
|move|p1a: Dragonite|Ice Spinner|p2a: Zapdos
|-supereffective|p2a: Zapdos
|-damage|p2a: Zapdos|36/100
|-damage|p1a: Dragonite|17/100|[from] item: Rocky Helmet|[of] p2a: Zapdos
|move|p2a: Zapdos|Discharge|p1a: Dragonite
|-damage|p1a: Dragonite|0 fnt
|faint|p1a: Dragonite
|
|upkeep
|
|t:|1757918837
|switch|p1a: Ogerpon|Ogerpon-Wellspring, F|100/100
|turn|17
|
|t:|1757918844
|move|p1a: Ogerpon|Ivy Cudgel|p2a: Zapdos|[anim] Ivy Cudgel Water
|-damage|p2a: Zapdos|0 fnt
|faint|p2a: Zapdos
|
|upkeep
|
|t:|1757918847
|switch|p2a: Meowscarada|Meowscarada, F|100/100
|turn|18
|
|t:|1757918855
|switch|p1a: Cloyster|Cloyster, F|46/100
|move|p2a: Meowscarada|U-turn|p1a: Cloyster
|-start|p2a: Meowscarada|typechange|Bug|[from] ability: Protean
|-damage|p1a: Cloyster|8/100
|
|t:|1757918863
|switch|p2a: Metagross|Metagross|86/100|[from] U-turn
|
|-heal|p2a: Metagross|93/100|[from] item: Leftovers
|upkeep
|turn|19
|
|t:|1757918869
|move|p2a: Metagross|Bullet Punch|p1a: Cloyster
|-damage|p1a: Cloyster|0 fnt
|faint|p1a: Cloyster
|
|-heal|p2a: Metagross|99/100|[from] item: Leftovers
|upkeep
|
|t:|1757918876
|switch|p1a: Ogerpon|Ogerpon-Wellspring, F|100/100
|turn|20
|
|t:|1757918882
|move|p1a: Ogerpon|Swords Dance|p1a: Ogerpon
|-boost|p1a: Ogerpon|atk|2
|move|p2a: Metagross|Psychic Fangs|p1a: Ogerpon
|-damage|p1a: Ogerpon|35/100
|
|-heal|p2a: Metagross|100/100|[from] item: Leftovers
|upkeep
|turn|21
|
|t:|1757918892
|switch|p2a: Conkeldurr|Conkeldurr, M|100/100
|move|p1a: Ogerpon|Ivy Cudgel|p2a: Conkeldurr|[anim] Ivy Cudgel Water
|-damage|p2a: Conkeldurr|5/100
|
|-heal|p2a: Conkeldurr|11/100|[from] item: Leftovers
|upkeep
|turn|22
|
|t:|1757918899
|switch|p1a: Polteageist|Polteageist|100/100
|move|p2a: Conkeldurr|Mach Punch|p1a: Polteageist
|-immune|p1a: Polteageist
|
|-heal|p2a: Conkeldurr|17/100|[from] item: Leftovers
|upkeep
|turn|23
|
|t:|1757918905
|switch|p2a: Gengar|Gengar, M|100/100
|move|p1a: Polteageist|Shell Smash|p1a: Polteageist
|-unboost|p1a: Polteageist|def|1
|-unboost|p1a: Polteageist|spd|1
|-boost|p1a: Polteageist|atk|2
|-boost|p1a: Polteageist|spa|2
|-boost|p1a: Polteageist|spe|2
|-enditem|p1a: Polteageist|White Herb
|-clearnegativeboost|p1a: Polteageist|[silent]
|
|upkeep
|turn|24
|
|t:|1757918908
|move|p1a: Polteageist|Shadow Ball|p2a: Gengar
|-supereffective|p2a: Gengar
|-enditem|p2a: Gengar|Focus Sash
|-damage|p2a: Gengar|1/100
|-unboost|p2a: Gengar|spd|1
|move|p2a: Gengar|Shadow Ball|p1a: Polteageist
|-supereffective|p1a: Polteageist
|-damage|p1a: Polteageist|17/100
|-start|p2a: Gengar|Disable|Shadow Ball|[from] ability: Cursed Body|[of] p1a: Polteageist
|
|upkeep
|turn|25
|-message|Flocking glock forfeited.
|
|win|leezee-yy
|raw|Flocking glock's rating: 1499 &rarr; <strong>1481</strong><br />(-18 for losing)
|raw|leezee-yy's rating: 1537 &rarr; <strong>1555</strong><br />(+18 for winning)
|l|☆leezee-yy
|player|p2|
|l|‽Flocking glock
|player|p1|
