|j|☆Adrian098
|j|☆banjin
|t:|1757931665
|gametype|singles
|player|p1|Adrian098|lucas|1301
|player|p2|banjin|beauty-gen6xy|1344
|gen|9
|tier|[Gen 9] OU
|rated|
|rule|HP Percentage Mod: HP is shown in percentages
|rule|Endless Battle Clause: Forcing endless battles is banned
|rule|Species Clause: Limit one of each Pokémon
|rule|OHKO Clause: OHKO moves are banned
|rule|Evasion Items Clause: Evasion items are banned
|rule|Evasion Moves Clause: Evasion moves are banned
|rule|Evasion Abilities Clause: Evasion abilities are banned
|rule|Sleep Moves Clause: Sleep-inducing moves are banned
|clearpoke
|poke|p1|Great Tusk|
|poke|p1|Samurott-Hisui, M|
|poke|p1|Rillaboom, M|
|poke|p1|Dragapult, M|
|poke|p1|Gholdengo|
|poke|p1|Clefable, F|
|poke|p2|Minior-Blue|
|poke|p2|Lokix, F|
|poke|p2|Thundurus-Therian, M|
|poke|p2|Muk-Alola, M|
|poke|p2|Emboar, F|
|poke|p2|Ditto|
|teampreview
|inactive|Battle timer is ON: inactive players will automatically lose when time's up. (requested by banjin)
|
|t:|1757931669
|teamsize|p1|6
|teamsize|p2|6
|start
|switch|p1a: Great Tusk|Great Tusk|100/100
|switch|p2a: Katy|Lokix, F|100/100
|turn|1
|
|t:|1757931673
|move|p2a: Katy|Lunge|p1a: Great Tusk
|-resisted|p1a: Great Tusk
|-damage|p1a: Great Tusk|80/100
|-unboost|p1a: Great Tusk|atk|1
|-damage|p2a: Katy|84/100|[from] item: Rocky Helmet|[of] p1a: Great Tusk
|move|p1a: Great Tusk|Stealth Rock|p2a: Katy
|-sidestart|p2: banjin|move: Stealth Rock
|
|upkeep
|turn|2
|
|t:|1757931682
|switch|p2a: 𒉎|Ditto|100/100
|-damage|p2a: 𒉎|88/100|[from] Stealth Rock
|-transform|p2a: 𒉎|p1a: Great Tusk|[from] ability: Imposter
|move|p1a: Great Tusk|Ice Spinner|p2a: 𒉎
|-supereffective|p2a: 𒉎
|-damage|p2a: 𒉎|62/100
|
|upkeep
|turn|3
|
|t:|1757931687
|-end|p1a: Great Tusk|Protosynthesis|[silent]
|switch|p1a: Gholdengo|Gholdengo|100/100
|move|p2a: 𒉎|Stealth Rock|p1a: Gholdengo
|-sidestart|p1: Adrian098|move: Stealth Rock
|
|upkeep
|turn|4
|
|t:|1757931694
|-end|p2a: 𒉎|Protosynthesis|[silent]
|switch|p2a: Beppo|Muk-Alola, M|100/100
|-damage|p2a: Beppo|88/100|[from] Stealth Rock
|move|p1a: Gholdengo|Make It Rain|p2a: Beppo
|-damage|p2a: Beppo|37/100
|-unboost|p1a: Gholdengo|spa|1
|
|upkeep
|turn|5
|-activate|p2a: Beppo|item: Quick Claw
|
|t:|1757931698
|switch|p1a: Samurott|Samurott-Hisui, M|100/100
|-damage|p1a: Samurott|88/100|[from] Stealth Rock
|move|p2a: Beppo|Knock Off|p1a: Samurott
|-resisted|p1a: Samurott
|-damage|p1a: Samurott|59/100
|-status|p1a: Samurott|psn|[from] ability: Poison Touch|[of] p2a: Beppo
|-enditem|p1a: Samurott|Assault Vest|[from] move: Knock Off|[of] p2a: Beppo
|
|-damage|p1a: Samurott|47/100 psn|[from] psn
|upkeep
|turn|6
|
|t:|1757931701
|move|p1a: Samurott|Ceaseless Edge|p2a: Beppo
|-resisted|p2a: Beppo
|-damage|p2a: Beppo|10/100
|-sidestart|p2: banjin|Spikes
|move|p2a: Beppo|Drain Punch|p1a: Samurott
|-supereffective|p1a: Samurott
|-damage|p1a: Samurott|0 fnt
|-heal|p2a: Beppo|30/100|[from] drain|[of] p1a: Samurott
|faint|p1a: Samurott
|
|upkeep
|
|t:|1757931706
|switch|p1a: Great Tusk|Great Tusk|80/100
|-damage|p1a: Great Tusk|77/100|[from] Stealth Rock
|turn|7
|
|t:|1757931720
|move|p1a: Great Tusk|Rapid Spin|p2a: Beppo
|-damage|p2a: Beppo|15/100
|-boost|p1a: Great Tusk|spe|1
|-sideend|p1: Adrian098|Stealth Rock|[from] move: Rapid Spin|[of] p1a: Great Tusk
|move|p2a: Beppo|Knock Off|p1a: Great Tusk
|-resisted|p1a: Great Tusk
|-crit|p1a: Great Tusk
|-damage|p1a: Great Tusk|54/100
|-damage|p2a: Beppo|0 fnt|[from] item: Rocky Helmet|[of] p1a: Great Tusk
|-status|p1a: Great Tusk|psn|[from] ability: Poison Touch|[of] p2a: Beppo
|faint|p2a: Beppo
|
|-damage|p1a: Great Tusk|42/100 psn|[from] psn
|upkeep
|
|t:|1757931730
|switch|p2a: Mr. Brightside|Minior-Blue|100/100
|-damage|p2a: Mr. Brightside|75/100|[from] Stealth Rock
|-formechange|p2a: Mr. Brightside|Minior-Meteor||[from] ability: Shields Down
|turn|8
|
|t:|1757931737
|-end|p1a: Great Tusk|Protosynthesis|[silent]
|switch|p1a: Gholdengo|Gholdengo|100/100
|move|p2a: Mr. Brightside|Shell Smash|p2a: Mr. Brightside
|-unboost|p2a: Mr. Brightside|def|1
|-unboost|p2a: Mr. Brightside|spd|1
|-boost|p2a: Mr. Brightside|atk|2
|-boost|p2a: Mr. Brightside|spa|2
|-boost|p2a: Mr. Brightside|spe|2
|-enditem|p2a: Mr. Brightside|White Herb
|-clearnegativeboost|p2a: Mr. Brightside|[silent]
|
|upkeep
|turn|9
|
|t:|1757931742
|move|p1a: Gholdengo|Make It Rain|p2a: Mr. Brightside
|-supereffective|p2a: Mr. Brightside
|-damage|p2a: Mr. Brightside|0 fnt
|-unboost|p1a: Gholdengo|spa|1
|faint|p2a: Mr. Brightside
|
|upkeep
|
|t:|1757931754
|switch|p2a: Paws|Thundurus-Therian, M|100/100
|-damage|p2a: Paws|76/100|[from] Stealth Rock
|turn|10
|
|t:|1757931763
|switch|p1a: Clefable|Clefable, F|100/100
|move|p2a: Paws|Nasty Plot|p2a: Paws
|-boost|p2a: Paws|spa|2
|
|upkeep
|turn|11
|
|t:|1757931768
|move|p2a: Paws|Thunderbolt|p1a: Clefable
|-damage|p1a: Clefable|21/100
|move|p1a: Clefable|Encore|p2a: Paws
|-start|p2a: Paws|Encore
|
|-heal|p1a: Clefable|27/100|[from] item: Leftovers
|upkeep
|turn|12
|
|t:|1757931772
|switch|p1a: Great Tusk|Great Tusk|42/100 psn
|move|p2a: Paws|Thunderbolt|p1a: Great Tusk
|-immune|p1a: Great Tusk
|
|-damage|p1a: Great Tusk|29/100 psn|[from] psn
|upkeep
|turn|13
|
|t:|1757931774
|move|p2a: Paws|Thunderbolt|p1a: Great Tusk
|-immune|p1a: Great Tusk
|move|p1a: Great Tusk|Ice Spinner|p2a: Paws
|-supereffective|p2a: Paws
|-damage|p2a: Paws|5/100
|
|-damage|p1a: Great Tusk|17/100 psn|[from] psn
|upkeep
|turn|14
|
|t:|1757931779
|move|p2a: Paws|Thunderbolt|p1a: Great Tusk
|-immune|p1a: Great Tusk
|move|p1a: Great Tusk|Rapid Spin|p2a: Paws
|-damage|p2a: Paws|0 fnt
|-boost|p1a: Great Tusk|spe|1
|faint|p2a: Paws
|
|-damage|p1a: Great Tusk|5/100 psn|[from] psn
|upkeep
|
|t:|1757931784
|switch|p2a: 𒉎|Ditto|62/100
|-damage|p2a: 𒉎|50/100|[from] Stealth Rock
|-damage|p2a: 𒉎|37/100|[from] Spikes
|-transform|p2a: 𒉎|p1a: Great Tusk|[from] ability: Imposter
|turn|15
|
|t:|1757931788
|-end|p1a: Great Tusk|Protosynthesis|[silent]
|switch|p1a: Gholdengo|Gholdengo|100/100
|move|p2a: 𒉎|Earthquake|p1a: Gholdengo
|-supereffective|p1a: Gholdengo
|-damage|p1a: Gholdengo|3/100
|
|upkeep
|turn|16
|
|t:|1757931795
|switch|p1a: Rillaboom|Rillaboom, M|100/100
|-fieldstart|move: Grassy Terrain|[from] ability: Grassy Surge|[of] p1a: Rillaboom
|move|p2a: 𒉎|Earthquake|p1a: Rillaboom
|-resisted|p1a: Rillaboom
|-crit|p1a: Rillaboom
|-damage|p1a: Rillaboom|85/100
|
|-heal|p2a: 𒉎|43/100|[from] Grassy Terrain
|-heal|p1a: Rillaboom|91/100|[from] Grassy Terrain
|upkeep
|turn|17
|
|t:|1757931800
|-end|p2a: 𒉎|Protosynthesis|[silent]
|switch|p2a: Dragmire|Emboar, F, shiny|100/100
|-damage|p2a: Dragmire|88/100|[from] Stealth Rock
|-damage|p2a: Dragmire|76/100|[from] Spikes
|move|p1a: Rillaboom|Drain Punch|p2a: Dragmire
|-damage|p2a: Dragmire|24/100
|-heal|p1a: Rillaboom|100/100|[from] drain|[of] p2a: Dragmire
|
|-heal|p2a: Dragmire|30/100|[from] Grassy Terrain
|upkeep
|turn|18
|
|t:|1757931808
|move|p2a: Dragmire|Flare Blitz|p1a: Rillaboom
|-supereffective|p1a: Rillaboom
|-damage|p1a: Rillaboom|0 fnt
|faint|p1a: Rillaboom
|-damage|p2a: Dragmire|0 fnt|[from] Recoil
|faint|p2a: Dragmire
|
|upkeep
|
|t:|1757931814
|switch|p2a: Katy|Lokix, F|84/100
|switch|p1a: Clefable|Clefable, F|27/100
|turn|19
|
|t:|1757931818
|move|p1a: Clefable|Protect|p1a: Clefable
|-singleturn|p1a: Clefable|Protect
|move|p2a: Katy|First Impression|p1a: Clefable
|-activate|p1a: Clefable|move: Protect
|
|-heal|p2a: Katy|90/100|[from] Grassy Terrain
|-heal|p1a: Clefable|33/100|[from] Grassy Terrain
|-heal|p1a: Clefable|39/100|[from] item: Leftovers
|upkeep
|turn|20
|
|t:|1757931823
|move|p2a: Katy|Lunge|p1a: Clefable
|-resisted|p1a: Clefable
|-damage|p1a: Clefable|0 fnt
|faint|p1a: Clefable
|
|-heal|p2a: Katy|96/100|[from] Grassy Terrain
|-fieldend|move: Grassy Terrain
|upkeep
|
|t:|1757931826
|switch|p1a: Dragapult|Dragapult, M|100/100
|turn|21
|
|t:|1757931829
|-terastallize|p1a: Dragapult|Fire
|move|p2a: Katy|Sucker Punch|p1a: Dragapult
|-damage|p1a: Dragapult|62/100
|move|p1a: Dragapult|Flamethrower|p2a: Katy
|-supereffective|p2a: Katy
|-damage|p2a: Katy|0 fnt
|faint|p2a: Katy
|
|upkeep
|
|t:|1757931833
|switch|p2a: 𒉎|Ditto|43/100
|-damage|p2a: 𒉎|31/100|[from] Stealth Rock
|-damage|p2a: 𒉎|19/100|[from] Spikes
|-transform|p2a: 𒉎|p1a: Dragapult|[from] ability: Imposter
|-start|p2a: 𒉎|typechange|Dragon/Ghost|[silent]
|turn|22
|
|t:|1757931855
|switch|p1a: Great Tusk|Great Tusk|5/100 psn
|move|p2a: 𒉎|Draco Meteor|p1a: Great Tusk|[miss]
|-miss|p2a: 𒉎|p1a: Great Tusk
|
|-damage|p1a: Great Tusk|0 fnt|[from] psn
|faint|p1a: Great Tusk
|-end|p1a: Great Tusk|Protosynthesis|[silent]
|upkeep
|
|t:|1757931862
|switch|p1a: Gholdengo|Gholdengo|3/100
|turn|23
|
|t:|1757931867
|move|p2a: 𒉎|Draco Meteor|p1a: Gholdengo
|-resisted|p1a: Gholdengo
|-damage|p1a: Gholdengo|0 fnt
|-unboost|p2a: 𒉎|spa|2
|faint|p1a: Gholdengo
|
|upkeep
|
|t:|1757931869
|switch|p1a: Dragapult|Dragapult, M, tera:Fire|62/100
|turn|24
|
|t:|1757931872
|-terastallize|p2a: 𒉎|Fairy
|move|p2a: 𒉎|Draco Meteor|p1a: Dragapult
|-damage|p1a: Dragapult|25/100
|-unboost|p2a: 𒉎|spa|2
|move|p1a: Dragapult|Shadow Ball|p2a: 𒉎
|-damage|p2a: 𒉎|0 fnt
|faint|p2a: 𒉎
|
|win|Adrian098
|raw|Adrian098's rating: 1301 &rarr; <strong>1323</strong><br />(+22 for winning)
|raw|banjin's rating: 1344 &rarr; <strong>1322</strong><br />(-22 for losing)
|c|☆banjin|gg
|l|☆Adrian098
|player|p1|
|l|☆banjin
|player|p2|
