|inactive|Battle timer is ON: inactive players will automatically lose when time's up.
|t:|1757812505
|gametype|singles
|player|p1|MRH1106|2|
|player|p2|JJ09LIE|#scl5platoon2|
|gen|9
|tier|[Gen 9] OU
|rule|HP Percentage Mod: HP is shown in percentages
|rule|Endless Battle Clause: Forcing endless battles is banned
|rule|Species Clause: Limit one of each Pokémon
|rule|OHKO Clause: OHKO moves are banned
|rule|Evasion Items Clause: Evasion items are banned
|rule|Evasion Moves Clause: Evasion moves are banned
|rule|Evasion Abilities Clause: Evasion abilities are banned
|rule|Sleep Moves Clause: Sleep-inducing moves are banned
|clearpoke
|poke|p1|Indeedee, M|
|poke|p1|Hatterene, F|
|poke|p1|Ursaluna, F|
|poke|p1|Iron Hands|
|poke|p1|Hoopa-Unbound|
|poke|p1|Mimikyu, F|
|poke|p2|Weavile, M|
|poke|p2|Enamorus, F|
|poke|p2|Excadrill, M|
|poke|p2|Dragapult, F|
|poke|p2|Zamazenta-*|
|poke|p2|Greninja-*, M|
|teampreview
|c|+Hockey1|he brought it
|c|☆MRH1106|cool team
|c|+AshKetchumsPikachu|omg pikachu!!!!!!!!
|c|+longestbanana|couldnt say we didnt expect it
|c|+AshKetchumsPikachu|go mrh!!!
|raw|<div class="broadcast-red"><strong>Moderated chat was set to ☆!</strong><br />Only users of rank ☆ and higher can talk.</div>
|inactive|JJ09LIE has 270 seconds left.
|c|☆MRH1106|thanks shiloh
|
|t:|1757812543
|teamsize|p1|6
|teamsize|p2|6
|start
|switch|p1a: Iron Hands|Iron Hands, shiny|100/100
|switch|p2a: Excadrill|Excadrill, M|100/100
|-ability|p2a: Excadrill|Mold Breaker
|-enditem|p1a: Iron Hands|Booster Energy
|-activate|p1a: Iron Hands|ability: Quark Drive|[fromitem]
|-start|p1a: Iron Hands|quarkdriveatk
|turn|1
|inactive|JJ09LIE has 270 seconds left.
|
|t:|1757812586
|move|p2a: Excadrill|Earthquake|p1a: Iron Hands
|-supereffective|p1a: Iron Hands
|-damage|p1a: Iron Hands|19/100
|move|p1a: Iron Hands|Close Combat|p2a: Excadrill
|-supereffective|p2a: Excadrill
|-enditem|p2a: Excadrill|Focus Sash
|-damage|p2a: Excadrill|1/100
|-unboost|p1a: Iron Hands|def|1
|-unboost|p1a: Iron Hands|spd|1
|
|upkeep
|turn|2
|
|t:|1757812594
|move|p2a: Excadrill|Stealth Rock|p1a: Iron Hands
|-sidestart|p1: MRH1106|move: Stealth Rock
|move|p1a: Iron Hands|Close Combat|p2a: Excadrill
|-supereffective|p2a: Excadrill
|-damage|p2a: Excadrill|0 fnt
|-unboost|p1a: Iron Hands|def|1
|-unboost|p1a: Iron Hands|spd|1
|faint|p2a: Excadrill
|
|upkeep
|inactive|JJ09LIE has 270 seconds left.
|
|t:|1757812604
|switch|p2a: Greninja|Greninja, M|100/100
|turn|3
|
|t:|1757812607
|move|p2a: Greninja|Dark Pulse|p1a: Iron Hands
|-resisted|p1a: Iron Hands
|-damage|p1a: Iron Hands|0 fnt
|faint|p1a: Iron Hands
|-end|p1a: Iron Hands|Quark Drive|[silent]
|-ability|p2a: Greninja|Battle Bond|boost
|-boost|p2a: Greninja|atk|1
|-boost|p2a: Greninja|spa|1
|-boost|p2a: Greninja|spe|1
|-activate|p2a: Greninja|ability: Battle Bond
|-damage|p2a: Greninja|91/100|[from] item: Life Orb
|
|upkeep
|
|t:|1757812609
|switch|p1a: Indeedee|Indeedee, M, shiny|100/100
|-damage|p1a: Indeedee|88/100|[from] Stealth Rock
|-fieldstart|move: Psychic Terrain|[from] ability: Psychic Surge|[of] p1a: Indeedee
|turn|4
|inactive|JJ09LIE has 270 seconds left.
|
|t:|1757812636
|switch|p1a: Mimikyu|Mimikyu, F, shiny|100/100
|-damage|p1a: Mimikyu|88/100|[from] Stealth Rock
|move|p2a: Greninja|Dark Pulse|p1a: Mimikyu
|-activate|p1a: Mimikyu|ability: Disguise
|-damage|p1a: Mimikyu|88/100
|detailschange|p1a: Mimikyu|Mimikyu-Busted, F, shiny
|-damage|p1a: Mimikyu|76/100|[from] pokemon: Mimikyu-Busted
|-enditem|p1a: Mimikyu|Red Card|[of] p2a: Greninja
|drag|p2a: Zamazenta|Zamazenta|100/100
|-ability|p2a: Zamazenta|Dauntless Shield|boost
|-boost|p2a: Zamazenta|def|1
|
|upkeep
|turn|5
|inactive|JJ09LIE has 270 seconds left.
|
|t:|1757812660
|move|p2a: Zamazenta|Crunch|p1a: Mimikyu
|-damage|p1a: Mimikyu|57/100
|move|p1a: Mimikyu|Trick Room|p1a: Mimikyu
|-fieldstart|move: Trick Room|[of] p1a: Mimikyu
|
|upkeep
|turn|6
|
|t:|1757812667
|switch|p1a: Hatterene|Hatterene, F, shiny|100/100
|-damage|p1a: Hatterene|88/100|[from] Stealth Rock
|move|p2a: Zamazenta|Iron Defense|p2a: Zamazenta
|-boost|p2a: Zamazenta|def|2
|
|upkeep
|turn|7
|inactive|JJ09LIE has 270 seconds left.
|inactive|JJ09LIE has 240 seconds left.
|inactive|JJ09LIE has 210 seconds left.
|inactive|JJ09LIE has 180 seconds left.
|inactive|JJ09LIE has 150 seconds left.
|
|t:|1757812804
|switch|p2a: Greninja|Greninja, M|91/100
|move|p1a: Hatterene|Expanding Force|p2a: Greninja
|-immune|p2a: Greninja
|
|upkeep
|turn|8
|
|t:|1757812809
|move|p1a: Hatterene|Draining Kiss|p2a: Greninja
|-supereffective|p2a: Greninja
|-damage|p2a: Greninja|0 fnt
|-heal|p1a: Hatterene|100/100|[from] drain|[of] p2a: Greninja
|faint|p2a: Greninja
|-damage|p1a: Hatterene|91/100|[from] item: Life Orb
|
|upkeep
|
|t:|1757812823
|switch|p2a: Weavile|Weavile, M|100/100
|turn|9
|
|t:|1757812830
|-terastallize|p1a: Hatterene|Stellar
|move|p1a: Hatterene|Draining Kiss|p2a: Weavile
|-supereffective|p2a: Weavile
|-enditem|p2a: Weavile|Focus Sash
|-damage|p2a: Weavile|1/100
|-heal|p1a: Hatterene|100/100|[from] drain|[of] p2a: Weavile
|-enditem|p1a: Hatterene|Life Orb|[silent]|[from] ability: Pickpocket|[of] p1a: Hatterene
|-item|p2a: Weavile|Life Orb|[from] ability: Pickpocket|[of] p1a: Hatterene
|move|p2a: Weavile|Swords Dance|p2a: Weavile
|-boost|p2a: Weavile|atk|2
|
|-fieldend|move: Trick Room
|upkeep
|turn|10
|c|☆MRH1106|oh
|c|☆MRH1106|ew
|inactive|JJ09LIE has 150 seconds left.
|
|t:|1757812845
|switch|p1a: Mimikyu|Mimikyu-Busted, F, shiny|57/100
|-damage|p1a: Mimikyu|44/100|[from] Stealth Rock
|move|p2a: Weavile|Knock Off|p1a: Mimikyu
|-damage|p1a: Mimikyu|0 fnt
|faint|p1a: Mimikyu
|-damage|p2a: Weavile|0 fnt|[from] item: Life Orb
|faint|p2a: Weavile
|
|upkeep
|inactive|JJ09LIE has 120 seconds left.
|
|t:|1757812879
|switch|p2a: Enamorus|Enamorus, F|100/100
|switch|p1a: Hoopa|Hoopa-Unbound|100/100
|-damage|p1a: Hoopa|88/100|[from] Stealth Rock
|-enditem|p1a: Hoopa|Psychic Seed
|-boost|p1a: Hoopa|spd|1|[from] item: Psychic Seed
|turn|11
|inactive|JJ09LIE has 120 seconds left.
|
|t:|1757812890
|switch|p2a: Dragapult|Dragapult, F|100/100
|move|p1a: Hoopa|Trick Room|p1a: Hoopa
|-fieldstart|move: Trick Room|[of] p1a: Hoopa
|
|-fieldend|move: Psychic Terrain
|upkeep
|turn|12
|inactive|JJ09LIE has 120 seconds left.
|
|t:|1757812902
|move|p1a: Hoopa|Expanding Force|p2a: Dragapult
|-damage|p2a: Dragapult|16/100
|-item|p1a: Hoopa|Focus Sash|[from] ability: Magician|[of] p2a: Dragapult
|move|p2a: Dragapult|U-turn|p1a: Hoopa
|-supereffective|p1a: Hoopa
|-damage|p1a: Hoopa|0 fnt
|faint|p1a: Hoopa
|inactive|JJ09LIE has 120 seconds left.
|inactive|JJ09LIE has 90 seconds left.
|c|☆MRH1106|triple sash is fucked up
|inactive|JJ09LIE has 60 seconds left.
|inactive|JJ09LIE has 30 seconds left.
|inactive|JJ09LIE has 20 seconds left.
|
|t:|1757813011
|switch|p2a: Enamorus|Enamorus, F|100/100|[from] U-turn
|
|upkeep
|
|t:|1757813014
|switch|p1a: Ursaluna|Ursaluna, F, shiny|100/100
|-damage|p1a: Ursaluna|94/100|[from] Stealth Rock
|turn|13
|inactive|JJ09LIE has 30 seconds left.
|inactive|JJ09LIE has 20 seconds left.
|
|t:|1757813034
|switch|p2a: Dragapult|Dragapult, F|16/100
|move|p1a: Ursaluna|Ice Punch|p2a: Dragapult
|-supereffective|p2a: Dragapult
|-damage|p2a: Dragapult|0 fnt
|faint|p2a: Dragapult
|
|-status|p1a: Ursaluna|brn|[from] item: Flame Orb
|upkeep
|inactive|JJ09LIE has 25 seconds left this turn.
|
|t:|1757813035
|switch|p2a: Zamazenta|Zamazenta|100/100
|turn|14
|
|t:|1757813040
|move|p1a: Ursaluna|Facade|p2a: Zamazenta
|-damage|p2a: Zamazenta|11/100
|move|p2a: Zamazenta|Body Press|p1a: Ursaluna
|-supereffective|p1a: Ursaluna
|-damage|p1a: Ursaluna|49/100 brn
|
|-damage|p1a: Ursaluna|43/100 brn|[from] brn
|upkeep
|turn|15
|
|t:|1757813051
|switch|p1a: Indeedee|Indeedee, M, shiny|88/100
|-damage|p1a: Indeedee|76/100|[from] Stealth Rock
|-fieldstart|move: Psychic Terrain|[from] ability: Psychic Surge|[of] p1a: Indeedee
|switch|p2a: Enamorus|Enamorus, F|100/100
|
|-fieldend|move: Trick Room
|upkeep
|turn|16
|inactive|JJ09LIE has 30 seconds left.
|inactive|JJ09LIE has 20 seconds left.
|
|t:|1757813077
|-terastallize|p2a: Enamorus|Stellar
|move|p2a: Enamorus|Moonblast|p1a: Indeedee
|-damage|p1a: Indeedee|0 fnt
|faint|p1a: Indeedee
|
|upkeep
|
|t:|1757813080
|switch|p1a: Hatterene|Hatterene, F, shiny, tera:Stellar|100/100
|-damage|p1a: Hatterene|88/100|[from] Stealth Rock
|turn|17
|
|t:|1757813082
|move|p2a: Enamorus|Moonblast|p1a: Hatterene
|-damage|p1a: Hatterene|30/100
|move|p1a: Hatterene|Trick Room|p1a: Hatterene
|-fieldstart|move: Trick Room|[of] p1a: Hatterene
|
|upkeep
|turn|18
|c|☆MRH1106|gg
|
|t:|1757813090
|move|p1a: Hatterene|Expanding Force|p2a: Enamorus
|-damage|p2a: Enamorus|0 fnt
|faint|p2a: Enamorus
|
|upkeep
|c|☆JJ09LIE|gg
|-message|JJ09LIE forfeited.
|
|win|MRH1106
|player|p2|
|player|p1|
