|j|☆BigFreakerSr
|j|☆lyric6
|t:|1757796508
|gametype|singles
|player|p1|BigFreakerSr|2|
|player|p2|lyric6|170|
|gen|9
|tier|[Gen 9] OU
|rule|HP Percentage Mod: HP is shown in percentages
|rule|Endless Battle Clause: Forcing endless battles is banned
|rule|Species Clause: Limit one of each Pokémon
|rule|OHKO Clause: OHKO moves are banned
|rule|Evasion Items Clause: Evasion items are banned
|rule|Evasion Moves Clause: Evasion moves are banned
|rule|Evasion Abilities Clause: Evasion abilities are banned
|rule|Sleep Moves Clause: Sleep-inducing moves are banned
|clearpoke
|poke|p1|Iron Valiant|
|poke|p1|Arcanine-Hisui, M|
|poke|p1|Mamoswine, M|
|poke|p1|Inteleon, F|
|poke|p1|Metagross|
|poke|p1|Kilowattrel, M|
|poke|p2|Salamence, F|
|poke|p2|Slowking-Galar, M|
|poke|p2|Zapdos|
|poke|p2|Tentacruel, M|
|poke|p2|Chesnaught, M|
|poke|p2|Delphox, F|
|teampreview
|j| FaithUWU
|
|t:|1757796537
|teamsize|p1|6
|teamsize|p2|6
|start
|switch|p1a: Bubble 07|Inteleon, F, shiny|100/100
|switch|p2a: wet dingle|Zapdos|100/100
|turn|1
|
|t:|1757796641
|switch|p1a: Rangarok|Arcanine-Hisui, M|100/100
|move|p2a: wet dingle|Rain Dance|p2a: wet dingle
|-weather|RainDance
|
|-weather|RainDance|[upkeep]
|upkeep
|turn|2
|
|t:|1757796650
|move|p1a: Rangarok|Head Smash|p2a: wet dingle
|-supereffective|p2a: wet dingle
|-damage|p2a: wet dingle|0 fnt
|faint|p2a: wet dingle
|
|-weather|RainDance|[upkeep]
|upkeep
|
|t:|1757796658
|switch|p2a: Squidward|Tentacruel, M, shiny|100/100
|turn|3
|
|t:|1757796683
|-terastallize|p1a: Rangarok|Grass
|move|p2a: Squidward|Toxic Spikes|p1a: Rangarok
|-sidestart|p1: BigFreakerSr|move: Toxic Spikes
|move|p1a: Rangarok|Tera Blast|p2a: Squidward|[anim] Tera Blast Grass
|-damage|p2a: Squidward|49/100
|
|-weather|RainDance|[upkeep]
|-heal|p2a: Squidward|55/100|[from] ability: Rain Dish
|-heal|p2a: Squidward|61/100|[from] item: Black Sludge
|upkeep
|turn|4
|
|t:|1757796695
|move|p2a: Squidward|Toxic Spikes|p1a: Rangarok
|-sidestart|p1: BigFreakerSr|move: Toxic Spikes
|move|p1a: Rangarok|Tera Blast|p2a: Squidward|[anim] Tera Blast Grass
|-damage|p2a: Squidward|13/100
|
|-weather|RainDance|[upkeep]
|-heal|p2a: Squidward|19/100|[from] ability: Rain Dish
|-heal|p2a: Squidward|25/100|[from] item: Black Sludge
|upkeep
|turn|5
|
|t:|1757796715
|move|p2a: Squidward|Flip Turn|p1a: Rangarok
|-resisted|p1a: Rangarok
|-damage|p1a: Rangarok|85/100
|
|t:|1757796739
|switch|p2a: Delifinga|Delphox, F, shiny|100/100|[from] Flip Turn
|move|p1a: Rangarok|Tera Blast|p2a: Delifinga|[anim] Tera Blast Grass
|-resisted|p2a: Delifinga
|-damage|p2a: Delifinga|73/100
|
|-weather|RainDance|[upkeep]
|upkeep
|turn|6
|
|t:|1757796764
|switch|p1a: Bubble 07|Inteleon, F, shiny|100/100
|-status|p1a: Bubble 07|tox
|move|p2a: Delifinga|Flamethrower|p1a: Bubble 07
|-resisted|p1a: Bubble 07
|-crit|p1a: Bubble 07
|-damage|p1a: Bubble 07|71/100 tox
|
|-weather|RainDance|[upkeep]
|-damage|p1a: Bubble 07|65/100 tox|[from] psn
|upkeep
|turn|7
|
|t:|1757796798
|switch|p2a: Dr Eggman|Chesnaught, M|100/100
|move|p1a: Bubble 07|Ice Beam|p2a: Dr Eggman
|-supereffective|p2a: Dr Eggman
|-damage|p2a: Dr Eggman|39/100
|
|-weather|RainDance|[upkeep]
|-damage|p1a: Bubble 07|53/100 tox|[from] psn
|upkeep
|turn|8
|
|t:|1757796813
|switch|p2a: Sloth|Slowking-Galar, M|100/100
|move|p1a: Bubble 07|Ice Beam|p2a: Sloth
|-damage|p2a: Sloth|85/100
|
|-weather|none
|-damage|p1a: Bubble 07|35/100 tox|[from] psn
|upkeep
|turn|9
|
|t:|1757796827
|move|p1a: Bubble 07|Dark Pulse|p2a: Sloth
|-supereffective|p2a: Sloth
|-damage|p2a: Sloth|57/100
|move|p2a: Sloth|Future Sight|p1a: Bubble 07
|-start|p2a: Sloth|move: Future Sight
|
|-damage|p1a: Bubble 07|11/100 tox|[from] psn
|upkeep
|turn|10
|
|t:|1757796845
|move|p1a: Bubble 07|Dark Pulse|p2a: Sloth
|-supereffective|p2a: Sloth
|-crit|p2a: Sloth
|-damage|p2a: Sloth|0 fnt
|faint|p2a: Sloth
|
|-damage|p1a: Bubble 07|0 fnt|[from] psn
|faint|p1a: Bubble 07
|upkeep
|
|t:|1757796895
|switch|p1a: Iron Donger|Metagross, shiny|100/100
|switch|p2a: Delifinga|Delphox, F, shiny|73/100
|turn|11
|
|t:|1757796970
|move|p2a: Delifinga|Flamethrower|p1a: Iron Donger
|-supereffective|p1a: Iron Donger
|-damage|p1a: Iron Donger|8/100
|move|p1a: Iron Donger|Earthquake|p2a: Delifinga
|-supereffective|p2a: Delifinga
|-damage|p2a: Delifinga|0 fnt
|faint|p2a: Delifinga
|
|-end|p1a: Iron Donger|move: Future Sight
|-resisted|p1a: Iron Donger
|-damage|p1a: Iron Donger|0 fnt
|faint|p1a: Iron Donger
|upkeep
|
|t:|1757796989
|switch|p2a: Salad|Salamence, F|100/100
|switch|p1a: Rangarok|Arcanine-Hisui, M, tera:Grass|85/100
|turn|12
|
|t:|1757797012
|move|p1a: Rangarok|Head Smash|p2a: Salad|[miss]
|-miss|p1a: Rangarok|p2a: Salad
|move|p2a: Salad|Dragon Dance|p2a: Salad
|-boost|p2a: Salad|atk|1
|-boost|p2a: Salad|spe|1
|
|upkeep
|turn|13
|
|t:|1757797059
|move|p2a: Salad|Dragon Dance|p2a: Salad
|-boost|p2a: Salad|atk|1
|-boost|p2a: Salad|spe|1
|move|p1a: Rangarok|Head Smash|p2a: Salad
|-supereffective|p2a: Salad
|-enditem|p2a: Salad|Focus Sash
|-damage|p2a: Salad|1/100
|
|upkeep
|turn|14
|
|t:|1757797144
|move|p2a: Salad|Dragon Claw|p1a: Rangarok
|-damage|p1a: Rangarok|0 fnt
|faint|p1a: Rangarok
|-ability|p2a: Salad|Moxie|boost
|-boost|p2a: Salad|atk|1
|
|upkeep
|
|t:|1757797162
|switch|p1a: Ice Ice Baby|Mamoswine, M|100/100
|-status|p1a: Ice Ice Baby|tox
|turn|15
|
|t:|1757797201
|move|p1a: Ice Ice Baby|Ice Shard|p2a: Salad
|-supereffective|p2a: Salad
|-damage|p2a: Salad|0 fnt
|faint|p2a: Salad
|
|-damage|p1a: Ice Ice Baby|94/100 tox|[from] psn
|upkeep
|
|t:|1757797216
|switch|p2a: Squidward|Tentacruel, M, shiny|25/100
|turn|16
|
|t:|1757797263
|move|p1a: Ice Ice Baby|Ice Shard|p2a: Squidward
|-resisted|p2a: Squidward
|-damage|p2a: Squidward|11/100
|move|p2a: Squidward|Liquidation|p1a: Ice Ice Baby
|-supereffective|p1a: Ice Ice Baby
|-damage|p1a: Ice Ice Baby|46/100 tox
|-unboost|p1a: Ice Ice Baby|def|1
|-enditem|p1a: Ice Ice Baby|Weakness Policy
|-boost|p1a: Ice Ice Baby|atk|2|[from] item: Weakness Policy
|-boost|p1a: Ice Ice Baby|spa|2|[from] item: Weakness Policy
|
|-heal|p2a: Squidward|17/100|[from] item: Black Sludge
|-damage|p1a: Ice Ice Baby|34/100 tox|[from] psn
|upkeep
|turn|17
|
|t:|1757797295
|move|p1a: Ice Ice Baby|Ice Shard|p2a: Squidward
|-resisted|p2a: Squidward
|-damage|p2a: Squidward|0 fnt
|faint|p2a: Squidward
|
|-damage|p1a: Ice Ice Baby|16/100 tox|[from] psn
|upkeep
|
|t:|1757797302
|switch|p2a: Dr Eggman|Chesnaught, M|39/100
|turn|18
|
|t:|1757797320
|move|p2a: Dr Eggman|Spiky Shield|p2a: Dr Eggman
|-singleturn|p2a: Dr Eggman|move: Protect
|move|p1a: Ice Ice Baby|Ice Shard|p2a: Dr Eggman
|-activate|p2a: Dr Eggman|move: Protect
|
|-damage|p1a: Ice Ice Baby|0 fnt|[from] psn
|faint|p1a: Ice Ice Baby
|upkeep
|
|t:|1757797346
|switch|p1a: Aurora|Iron Valiant|100/100
|-status|p1a: Aurora|tox
|-enditem|p1a: Aurora|Booster Energy
|-activate|p1a: Aurora|ability: Quark Drive|[fromitem]
|-start|p1a: Aurora|quarkdrivespe
|turn|19
|
|t:|1757797400
|move|p1a: Aurora|Moonblast|p2a: Dr Eggman
|-supereffective|p2a: Dr Eggman
|-damage|p2a: Dr Eggman|0 fnt
|faint|p2a: Dr Eggman
|
|win|BigFreakerSr
