|j|☆boredbattle
|j|☆kevlmao
|t:|1757829389
|gametype|singles
|player|p1|boredbattle|101|1115
|player|p2|kevlmao|102|1153
|gen|9
|tier|[Gen 9] OU
|rated|
|rule|HP Percentage Mod: HP is shown in percentages
|rule|Endless Battle Clause: Forcing endless battles is banned
|rule|Species Clause: Limit one of each Pokémon
|rule|OHKO Clause: OHKO moves are banned
|rule|Evasion Items Clause: Evasion items are banned
|rule|Evasion Moves Clause: Evasion moves are banned
|rule|Evasion Abilities Clause: Evasion abilities are banned
|rule|Sleep Moves Clause: Sleep-inducing moves are banned
|clearpoke
|poke|p1|Iron Moth|
|poke|p1|Ariados, F|
|poke|p1|Glimmora, F|
|poke|p1|Gengar, F|
|poke|p1|Tentacruel, M|
|poke|p1|Venusaur, M|
|poke|p2|Gliscor, F|
|poke|p2|Gholdengo|
|poke|p2|Arcanine-Hisui, M|
|poke|p2|Weavile, M|
|poke|p2|Quaquaval, M|
|poke|p2|Bisharp, M|
|teampreview
|inactive|Battle timer is ON: inactive players will automatically lose when time's up. (requested by kevlmao)
|
|t:|1757829402
|teamsize|p1|6
|teamsize|p2|6
|start
|switch|p1a: Tentacruel|Tentacruel, M|100/100
|switch|p2a: Bisharp|Bisharp, M|100/100
|turn|1
|
|t:|1757829410
|move|p1a: Tentacruel|Surf|p2a: Bisharp
|-damage|p2a: Bisharp|70/100
|move|p2a: Bisharp|Substitute|p2a: Bisharp
|-start|p2a: Bisharp|Substitute
|-damage|p2a: Bisharp|45/100
|
|upkeep
|turn|2
|
|t:|1757829416
|move|p1a: Tentacruel|Surf|p2a: Bisharp
|-end|p2a: Bisharp|Substitute
|move|p2a: Bisharp|Iron Head|p1a: Tentacruel
|-resisted|p1a: Tentacruel
|-damage|p1a: Tentacruel|75/100
|
|upkeep
|turn|3
|
|t:|1757829424
|move|p2a: Bisharp|Sucker Punch|p1a: Tentacruel
|-damage|p1a: Tentacruel|35/100
|move|p1a: Tentacruel|Surf|p2a: Bisharp
|-damage|p2a: Bisharp|16/100
|
|upkeep
|turn|4
|
|t:|1757829428
|move|p2a: Bisharp|Sucker Punch||[still]
|-fail|p2a: Bisharp
|move|p1a: Tentacruel|Toxic Spikes|p2a: Bisharp
|-sidestart|p2: kevlmao|move: Toxic Spikes
|
|upkeep
|turn|5
|
|t:|1757829434
|move|p2a: Bisharp|Sucker Punch||[still]
|-fail|p2a: Bisharp
|move|p1a: Tentacruel|Toxic Spikes|p2a: Bisharp
|-sidestart|p2: kevlmao|move: Toxic Spikes
|
|upkeep
|turn|6
|
|t:|1757829443
|move|p2a: Bisharp|Sucker Punch|p1a: Tentacruel
|-damage|p1a: Tentacruel|0 fnt
|faint|p1a: Tentacruel
|
|upkeep
|
|t:|1757829447
|switch|p1a: Iron Moth|Iron Moth|100/100
|-enditem|p1a: Iron Moth|Booster Energy
|-activate|p1a: Iron Moth|ability: Quark Drive|[fromitem]
|-start|p1a: Iron Moth|quarkdrivespe
|turn|7
|
|t:|1757829451
|move|p2a: Bisharp|Sucker Punch|p1a: Iron Moth
|-damage|p1a: Iron Moth|44/100
|move|p1a: Iron Moth|Fiery Dance|p2a: Bisharp
|-supereffective|p2a: Bisharp
|-damage|p2a: Bisharp|0 fnt
|faint|p2a: Bisharp
|
|upkeep
|
|t:|1757829466
|switch|p2a: Gholdengo|Gholdengo|100/100
|turn|8
|
|t:|1757829472
|move|p1a: Iron Moth|Fiery Dance|p2a: Gholdengo
|-supereffective|p2a: Gholdengo
|-damage|p2a: Gholdengo|0 fnt
|faint|p2a: Gholdengo
|
|upkeep
|
|t:|1757829481
|switch|p2a: Gliscor|Gliscor, F|100/100
|turn|9
|
|t:|1757829486
|-terastallize|p1a: Iron Moth|Ice
|-terastallize|p2a: Gliscor|Water
|move|p1a: Iron Moth|Tera Blast|p2a: Gliscor|[anim] Tera Blast Ice
|-resisted|p2a: Gliscor
|-damage|p2a: Gliscor|73/100
|move|p2a: Gliscor|Earthquake|p1a: Iron Moth
|-damage|p1a: Iron Moth|0 fnt
|faint|p1a: Iron Moth
|-end|p1a: Iron Moth|Quark Drive|[silent]
|
|-status|p2a: Gliscor|tox|[from] item: Toxic Orb
|upkeep
|
|t:|1757829491
|switch|p1a: Venusaur|Venusaur, M|100/100
|turn|10
|
|t:|1757829496
|move|p2a: Gliscor|U-turn|p1a: Venusaur
|-damage|p1a: Venusaur|84/100
|
|t:|1757829498
|switch|p2a: Arcanine|Arcanine-Hisui, M|100/100|[from] U-turn
|-status|p2a: Arcanine|tox
|move|p1a: Venusaur|Leech Seed|p2a: Arcanine
|-start|p2a: Arcanine|move: Leech Seed
|
|-heal|p1a: Venusaur|90/100|[from] item: Leftovers
|-damage|p2a: Arcanine|88/100 tox|[from] Leech Seed|[of] p1a: Venusaur
|-heal|p1a: Venusaur|100/100|[silent]
|-damage|p2a: Arcanine|82/100 tox|[from] psn
|upkeep
|turn|11
|
|t:|1757829507
|switch|p1a: Ariados|Ariados, F|100/100
|move|p2a: Arcanine|Stealth Rock|p1a: Ariados
|-sidestart|p1: boredbattle|move: Stealth Rock
|
|-damage|p2a: Arcanine|70/100 tox|[from] Leech Seed|[of] p1a: Ariados
|-damage|p2a: Arcanine|58/100 tox|[from] psn
|upkeep
|turn|12
|
|t:|1757829513
|move|p2a: Arcanine|Head Smash|p1a: Ariados|[miss]
|-miss|p2a: Arcanine|p1a: Ariados
|move|p1a: Ariados|Swords Dance|p1a: Ariados
|-boost|p1a: Ariados|atk|2
|
|-damage|p2a: Arcanine|45/100 tox|[from] Leech Seed|[of] p1a: Ariados
|-damage|p2a: Arcanine|27/100 tox|[from] psn
|upkeep
|turn|13
|
|t:|1757829518
|move|p2a: Arcanine|Extreme Speed|p1a: Ariados
|-crit|p1a: Ariados
|-damage|p1a: Ariados|51/100
|move|p1a: Ariados|Sucker Punch||[still]
|-fail|p1a: Ariados
|
|-damage|p2a: Arcanine|15/100 tox|[from] Leech Seed|[of] p1a: Ariados
|-heal|p1a: Ariados|64/100|[silent]
|-damage|p2a: Arcanine|0 fnt|[from] psn
|faint|p2a: Arcanine
|upkeep
|
|t:|1757829522
|switch|p2a: Quaquaval|Quaquaval, M|100/100
|-status|p2a: Quaquaval|tox
|turn|14
|
|t:|1757829529
|switch|p1a: Gengar|Gengar, F|100/100
|-damage|p1a: Gengar|88/100|[from] Stealth Rock
|move|p2a: Quaquaval|Rapid Spin|p1a: Gengar
|-immune|p1a: Gengar
|
|-damage|p2a: Quaquaval|94/100 tox|[from] psn
|upkeep
|turn|15
|
|t:|1757829537
|switch|p2a: Gliscor|Gliscor, F, tera:Water|73/100 tox
|move|p1a: Gengar|Nasty Plot|p1a: Gengar
|-boost|p1a: Gengar|spa|2
|
|-heal|p2a: Gliscor|85/100 tox|[from] ability: Poison Heal
|upkeep
|turn|16
|
|t:|1757829543
|move|p1a: Gengar|Thunderbolt|p2a: Gliscor
|-supereffective|p2a: Gliscor
|-damage|p2a: Gliscor|0 fnt
|faint|p2a: Gliscor
|
|upkeep
|
|t:|1757829546
|switch|p2a: Quaquaval|Quaquaval, M|94/100 tox
|turn|17
|
|t:|1757829549
|move|p1a: Gengar|Thunderbolt|p2a: Quaquaval
|-supereffective|p2a: Quaquaval
|-damage|p2a: Quaquaval|0 fnt
|faint|p2a: Quaquaval
|
|upkeep
|
|t:|1757829552
|switch|p2a: Weavile|Weavile, M|100/100
|-status|p2a: Weavile|tox
|-ability|p2a: Weavile|Pressure
|turn|18
|
|t:|1757829558
|move|p2a: Weavile|Knock Off|p1a: Gengar
|-supereffective|p1a: Gengar
|-damage|p1a: Gengar|0 fnt
|-enditem|p1a: Gengar|Wise Glasses|[from] move: Knock Off|[of] p2a: Weavile
|faint|p1a: Gengar
|
|-damage|p2a: Weavile|94/100 tox|[from] psn
|upkeep
|
|t:|1757829562
|switch|p1a: Glimmora|Glimmora, F|100/100
|-damage|p1a: Glimmora|88/100|[from] Stealth Rock
|-item|p1a: Glimmora|Air Balloon
|turn|19
|
|t:|1757829564
|move|p2a: Weavile|Low Sweep|p1a: Glimmora
|-damage|p1a: Glimmora|62/100
|-unboost|p1a: Glimmora|spe|1
|-enditem|p1a: Glimmora|Air Balloon
|move|p1a: Glimmora|Power Gem|p2a: Weavile
|-supereffective|p2a: Weavile
|-damage|p2a: Weavile|0 fnt
|faint|p2a: Weavile
|
|win|boredbattle
|raw|boredbattle's rating: 1115 &rarr; <strong>1143</strong><br />(+28 for winning)
|raw|kevlmao's rating: 1153 &rarr; <strong>1125</strong><br />(-28 for losing)
|l|☆kevlmao
|player|p2|
|l|☆boredbattle
|player|p1|
