|j|☆EABL XD
|j|☆Billy_Bongo 4269
|t:|1757942996
|gametype|singles
|player|p1|EABL XD|265|1340
|player|p2|Billy_Bongo 4269|265|1308
|gen|9
|tier|[Gen 9] OU
|rated|
|rule|HP Percentage Mod: HP is shown in percentages
|rule|Endless Battle Clause: Forcing endless battles is banned
|rule|Species Clause: Limit one of each Pokémon
|rule|OHKO Clause: OHKO moves are banned
|rule|Evasion Items Clause: Evasion items are banned
|rule|Evasion Moves Clause: Evasion moves are banned
|rule|Evasion Abilities Clause: Evasion abilities are banned
|rule|Sleep Moves Clause: Sleep-inducing moves are banned
|clearpoke
|poke|p1|Enamorus, F|
|poke|p1|Araquanid, M|
|poke|p1|Raging Bolt|
|poke|p1|Gholdengo|
|poke|p1|Kingambit, M|
|poke|p1|Great Tusk|
|poke|p2|Garganacl, F|
|poke|p2|Dragapult, F|
|poke|p2|Ogerpon-Wellspring, F|
|poke|p2|Moltres|
|poke|p2|Zamazenta-*|
|poke|p2|Iron Treads|
|teampreview
|
|t:|1757943014
|teamsize|p1|6
|teamsize|p2|6
|start
|switch|p1a: Bubble Bobble|Araquanid, M|100/100
|switch|p2a: Garganacl|Garganacl, F|100/100
|turn|1
|inactive|Battle timer is ON: inactive players will automatically lose when time's up. (requested by Billy_Bongo 4269)
|
|t:|1757943030
|move|p1a: Bubble Bobble|Sticky Web|p2a: Garganacl
|-sidestart|p2: Billy_Bongo 4269|move: Sticky Web
|move|p2a: Garganacl|Salt Cure|p1a: Bubble Bobble
|-supereffective|p1a: Bubble Bobble
|-damage|p1a: Bubble Bobble|79/100
|-start|p1a: Bubble Bobble|Salt Cure
|
|-heal|p1a: Bubble Bobble|85/100|[from] item: Leftovers
|-damage|p1a: Bubble Bobble|60/100|[from] Salt Cure
|upkeep
|turn|2
|
|t:|1757943037
|move|p1a: Bubble Bobble|Liquidation|p2a: Garganacl
|-supereffective|p2a: Garganacl
|-damage|p2a: Garganacl|41/100
|move|p2a: Garganacl|Recover|p2a: Garganacl
|-heal|p2a: Garganacl|91/100
|
|-heal|p1a: Bubble Bobble|66/100|[from] item: Leftovers
|-heal|p2a: Garganacl|97/100|[from] item: Leftovers
|-damage|p1a: Bubble Bobble|41/100|[from] Salt Cure
|upkeep
|turn|3
|
|t:|1757943047
|move|p1a: Bubble Bobble|Leech Life|p2a: Garganacl
|-damage|p2a: Garganacl|84/100
|-heal|p1a: Bubble Bobble|49/100|[from] drain|[of] p2a: Garganacl
|move|p2a: Garganacl|Salt Cure|p1a: Bubble Bobble
|-supereffective|p1a: Bubble Bobble
|-damage|p1a: Bubble Bobble|28/100
|
|-heal|p1a: Bubble Bobble|34/100|[from] item: Leftovers
|-heal|p2a: Garganacl|90/100|[from] item: Leftovers
|-damage|p1a: Bubble Bobble|9/100|[from] Salt Cure
|upkeep
|turn|4
|
|t:|1757943052
|move|p1a: Bubble Bobble|Liquidation|p2a: Garganacl
|-supereffective|p2a: Garganacl
|-damage|p2a: Garganacl|33/100
|move|p2a: Garganacl|Recover|p2a: Garganacl
|-heal|p2a: Garganacl|83/100
|
|-heal|p1a: Bubble Bobble|15/100|[from] item: Leftovers
|-heal|p2a: Garganacl|90/100|[from] item: Leftovers
|-damage|p1a: Bubble Bobble|0 fnt|[from] Salt Cure
|faint|p1a: Bubble Bobble
|upkeep
|
|t:|1757943063
|switch|p1a: Melman|Raging Bolt|100/100
|turn|5
|
|t:|1757943070
|move|p1a: Melman|Calm Mind|p1a: Melman
|-boost|p1a: Melman|spa|1
|-boost|p1a: Melman|spd|1
|move|p2a: Garganacl|Salt Cure|p1a: Melman
|-damage|p1a: Melman|91/100
|-start|p1a: Melman|Salt Cure
|
|-heal|p1a: Melman|97/100|[from] item: Leftovers
|-heal|p2a: Garganacl|96/100|[from] item: Leftovers
|-damage|p1a: Melman|84/100|[from] Salt Cure
|upkeep
|turn|6
|
|t:|1757943079
|move|p1a: Melman|Dragon Pulse|p2a: Garganacl
|-damage|p2a: Garganacl|42/100
|move|p2a: Garganacl|Iron Defense|p2a: Garganacl
|-boost|p2a: Garganacl|def|2
|
|-heal|p1a: Melman|90/100|[from] item: Leftovers
|-heal|p2a: Garganacl|48/100|[from] item: Leftovers
|-damage|p1a: Melman|78/100|[from] Salt Cure
|upkeep
|turn|7
|
|t:|1757943091
|switch|p2a: Iron Treads|Iron Treads|100/100
|-activate|p2a: Iron Treads|move: Sticky Web
|-unboost|p2a: Iron Treads|spe|1
|move|p1a: Melman|Dragon Pulse|p2a: Iron Treads
|-resisted|p2a: Iron Treads
|-damage|p2a: Iron Treads|67/100
|
|-heal|p1a: Melman|84/100|[from] item: Leftovers
|-heal|p2a: Iron Treads|73/100|[from] item: Leftovers
|-damage|p1a: Melman|71/100|[from] Salt Cure
|upkeep
|turn|8
|inactive|Billy_Bongo 4269 has 120 seconds left.
|
|t:|1757943139
|-end|p1a: Melman|Protosynthesis|[silent]
|switch|p1a: Rico Mc' Golden|Gholdengo|100/100
|-item|p1a: Rico Mc' Golden|Air Balloon
|move|p2a: Iron Treads|Rapid Spin|p1a: Rico Mc' Golden
|-immune|p1a: Rico Mc' Golden
|
|-heal|p2a: Iron Treads|80/100|[from] item: Leftovers
|upkeep
|turn|9
|
|t:|1757943145
|move|p1a: Rico Mc' Golden|Shadow Ball|p2a: Iron Treads
|-damage|p2a: Iron Treads|46/100
|-unboost|p2a: Iron Treads|spd|1
|move|p2a: Iron Treads|Knock Off|p1a: Rico Mc' Golden
|-supereffective|p1a: Rico Mc' Golden
|-damage|p1a: Rico Mc' Golden|45/100
|-enditem|p1a: Rico Mc' Golden|Air Balloon
|
|-heal|p2a: Iron Treads|52/100|[from] item: Leftovers
|upkeep
|turn|10
|inactive|Billy_Bongo 4269 has 120 seconds left.
|
|t:|1757943150
|move|p1a: Rico Mc' Golden|Shadow Ball|p2a: Iron Treads
|-damage|p2a: Iron Treads|0 fnt
|faint|p2a: Iron Treads
|-end|p2a: Iron Treads|Quark Drive|[silent]
|
|upkeep
|inactive|Billy_Bongo 4269 has 120 seconds left.
|
|t:|1757943164
|switch|p2a: Moltres|Moltres|100/100
|turn|11
|
|t:|1757943169
|move|p1a: Rico Mc' Golden|Thunder Wave|p2a: Moltres
|-status|p2a: Moltres|par
|move|p2a: Moltres|Flamethrower|p1a: Rico Mc' Golden
|-supereffective|p1a: Rico Mc' Golden
|-damage|p1a: Rico Mc' Golden|0 fnt
|faint|p1a: Rico Mc' Golden
|
|upkeep
|
|t:|1757943178
|switch|p1a: Melman|Raging Bolt|71/100
|turn|12
|inactive|Billy_Bongo 4269 has 120 seconds left.
|
|t:|1757943206
|switch|p2a: Dragapult|Dragapult, F|100/100
|move|p1a: Melman|Calm Mind|p1a: Melman
|-boost|p1a: Melman|spa|1
|-boost|p1a: Melman|spd|1
|
|-heal|p1a: Melman|78/100|[from] item: Leftovers
|upkeep
|turn|13
|inactive|Billy_Bongo 4269 has 120 seconds left.
|
|t:|1757943215
|-terastallize|p2a: Dragapult|Dragon
|move|p1a: Melman|Thunderclap|p2a: Dragapult
|-resisted|p2a: Dragapult
|-damage|p2a: Dragapult|60/100
|move|p2a: Dragapult|Draco Meteor|p1a: Melman
|-supereffective|p1a: Melman
|-damage|p1a: Melman|0 fnt
|-unboost|p2a: Dragapult|spa|2
|faint|p1a: Melman
|-end|p1a: Melman|Protosynthesis|[silent]
|
|upkeep
|
|t:|1757943230
|switch|p1a: Jazmín|Enamorus, F|100/100
|turn|14
|
|t:|1757943233
|-terastallize|p1a: Jazmín|Stellar
|move|p2a: Dragapult|U-turn|p1a: Jazmín
|-resisted|p1a: Jazmín
|-damage|p1a: Jazmín|94/100
|
|t:|1757943238
|switch|p2a: Moltres|Moltres|100/100 par|[from] U-turn
|move|p1a: Jazmín|Tera Blast|p2a: Moltres|[anim] Tera Blast Stellar
|-damage|p2a: Moltres|58/100 par
|-boost|p1a: Jazmín|atk|1
|-boost|p1a: Jazmín|spa|1
|-damage|p1a: Jazmín|84/100|[from] item: Life Orb
|
|upkeep
|turn|15
|
|t:|1757943245
|move|p1a: Jazmín|Tera Blast|p2a: Moltres|[anim] Tera Blast Stellar
|-damage|p2a: Moltres|9/100 par
|-boost|p1a: Jazmín|atk|1
|-boost|p1a: Jazmín|spa|1
|-damage|p1a: Jazmín|75/100|[from] item: Life Orb
|cant|p2a: Moltres|par
|
|upkeep
|turn|16
|
|t:|1757943255
|move|p1a: Jazmín|Tera Blast|p2a: Moltres|[anim] Tera Blast Stellar
|-damage|p2a: Moltres|0 fnt
|-boost|p1a: Jazmín|atk|1
|-boost|p1a: Jazmín|spa|1
|faint|p2a: Moltres
|-damage|p1a: Jazmín|65/100|[from] item: Life Orb
|
|upkeep
|
|t:|1757943257
|switch|p2a: Garganacl|Garganacl, F|48/100
|-activate|p2a: Garganacl|move: Sticky Web
|-unboost|p2a: Garganacl|spe|1
|turn|17
|
|t:|1757943262
|move|p1a: Jazmín|Tera Blast|p2a: Garganacl|[anim] Tera Blast Stellar
|-damage|p2a: Garganacl|0 fnt
|-boost|p1a: Jazmín|atk|1
|-boost|p1a: Jazmín|spa|1
|faint|p2a: Garganacl
|-damage|p1a: Jazmín|55/100|[from] item: Life Orb
|
|upkeep
|
|t:|1757943275
|switch|p2a: Zamazenta|Zamazenta|100/100
|-activate|p2a: Zamazenta|move: Sticky Web
|-unboost|p2a: Zamazenta|spe|1
|-ability|p2a: Zamazenta|Dauntless Shield|boost
|-boost|p2a: Zamazenta|def|1
|turn|18
|
|t:|1757943282
|move|p1a: Jazmín|Moonblast|p2a: Zamazenta
|-supereffective|p2a: Zamazenta
|-damage|p2a: Zamazenta|0 fnt
|faint|p2a: Zamazenta
|-damage|p1a: Jazmín|45/100|[from] item: Life Orb
|
|upkeep
|
|t:|1757943291
|switch|p2a: Dragapult|Dragapult, F, tera:Dragon|60/100
|turn|19
|
|t:|1757943296
|move|p2a: Dragapult|Hex|p1a: Jazmín
|-damage|p1a: Jazmín|2/100
|move|p1a: Jazmín|Tera Blast|p2a: Dragapult|[anim] Tera Blast Stellar
|-supereffective|p2a: Dragapult
|-damage|p2a: Dragapult|0 fnt
|-boost|p1a: Jazmín|atk|1
|-boost|p1a: Jazmín|spa|1
|faint|p2a: Dragapult
|-damage|p1a: Jazmín|0 fnt|[from] item: Life Orb
|faint|p1a: Jazmín
|
|upkeep
|
|t:|1757943300
|switch|p2a: Ogerpon|Ogerpon-Wellspring, F|100/100
|switch|p1a: Tusk Act 4|Great Tusk|100/100
|-activate|p2a: Ogerpon|move: Sticky Web
|-unboost|p2a: Ogerpon|spe|1
|turn|20
|
|t:|1757943305
|move|p1a: Tusk Act 4|Close Combat|p2a: Ogerpon
|-damage|p2a: Ogerpon|34/100
|-unboost|p1a: Tusk Act 4|def|1
|-unboost|p1a: Tusk Act 4|spd|1
|move|p2a: Ogerpon|Trailblaze|p1a: Tusk Act 4
|-supereffective|p1a: Tusk Act 4
|-damage|p1a: Tusk Act 4|37/100
|-boost|p2a: Ogerpon|spe|1
|
|upkeep
|turn|21
|
|t:|1757943321
|move|p2a: Ogerpon|Ivy Cudgel|p1a: Tusk Act 4|[anim] Ivy Cudgel Water
|-supereffective|p1a: Tusk Act 4
|-crit|p1a: Tusk Act 4
|-damage|p1a: Tusk Act 4|0 fnt
|faint|p1a: Tusk Act 4
|-end|p1a: Tusk Act 4|Protosynthesis|[silent]
|
|upkeep
|
|t:|1757943324
|switch|p1a: Rey Gambito|Kingambit, M|100/100
|-activate|p1a: Rey Gambito|ability: Supreme Overlord
|-start|p1a: Rey Gambito|fallen5|[silent]
|turn|22
|
|t:|1757943327
|move|p1a: Rey Gambito|Sucker Punch||[still]
|-fail|p1a: Rey Gambito
|move|p2a: Ogerpon|Synthesis|p2a: Ogerpon
|-heal|p2a: Ogerpon|84/100
|
|upkeep
|turn|23
|
|t:|1757943338
|move|p1a: Rey Gambito|Sucker Punch||[still]
|-fail|p1a: Rey Gambito
|move|p2a: Ogerpon|Swords Dance|p2a: Ogerpon
|-boost|p2a: Ogerpon|atk|2
|
|upkeep
|turn|24
|
|t:|1757943343
|move|p1a: Rey Gambito|Sucker Punch|p2a: Ogerpon
|-damage|p2a: Ogerpon|0 fnt
|faint|p2a: Ogerpon
|-damage|p1a: Rey Gambito|91/100|[from] item: Life Orb
|
|win|EABL XD
|raw|EABL XD's rating: 1340 &rarr; <strong>1358</strong><br />(+18 for winning)
|raw|Billy_Bongo 4269's rating: 1308 &rarr; <strong>1290</strong><br />(-18 for losing)
|l|☆Billy_Bongo 4269
|player|p2|
