|j|☆CrimsonBrass
|j|☆mega gender
|t:|1757948451
|gametype|singles
|player|p1|CrimsonBrass|101|1646
|player|p2|mega gender|depotagent|1548
|gen|9
|tier|[Gen 9] OU
|rated|
|rule|HP Percentage Mod: HP is shown in percentages
|rule|Endless Battle Clause: Forcing endless battles is banned
|rule|Species Clause: Limit one of each Pokémon
|rule|OHKO Clause: OHKO moves are banned
|rule|Evasion Items Clause: Evasion items are banned
|rule|Evasion Moves Clause: Evasion moves are banned
|rule|Evasion Abilities Clause: Evasion abilities are banned
|rule|Sleep Moves Clause: Sleep-inducing moves are banned
|clearpoke
|poke|p1|Gholdengo|
|poke|p1|Dragapult, F|
|poke|p1|Kingambit, M|
|poke|p1|Garchomp, F|
|poke|p1|Iron Crown|
|poke|p1|Zapdos|
|poke|p2|Blissey, F|
|poke|p2|Amoonguss, M|
|poke|p2|Gliscor, M|
|poke|p2|Dondozo, M|
|poke|p2|Alomomola, M|
|poke|p2|Bronzong|
|teampreview
|j| Dionysos
|l| Dionysos
|inactive|Battle timer is ON: inactive players will automatically lose when time's up. (requested by CrimsonBrass)
|
|t:|1757948468
|teamsize|p1|6
|teamsize|p2|6
|start
|switch|p1a: Iron Crown|Iron Crown|100/100
|switch|p2a: Gliscor|Gliscor, M|100/100
|turn|1
|
|t:|1757948477
|move|p1a: Iron Crown|Psychic Noise|p2a: Gliscor
|-damage|p2a: Gliscor|69/100
|-start|p2a: Gliscor|move: Heal Block
|move|p2a: Gliscor|Knock Off|p1a: Iron Crown
|-supereffective|p1a: Iron Crown
|-damage|p1a: Iron Crown|58/100
|-enditem|p1a: Iron Crown|Choice Scarf|[from] move: Knock Off|[of] p2a: Gliscor
|
|-status|p2a: Gliscor|tox|[from] item: Toxic Orb
|upkeep
|turn|2
|
|t:|1757948496
|-end|p1a: Iron Crown|Quark Drive|[silent]
|switch|p1a: Garchomp|Garchomp, F|100/100
|move|p2a: Gliscor|Earthquake|p1a: Garchomp
|-crit|p1a: Garchomp
|-damage|p1a: Garchomp|67/100
|
|-end|p2a: Gliscor|move: Heal Block
|upkeep
|turn|3
|
|t:|1757948504
|move|p1a: Garchomp|Stealth Rock|p2a: Gliscor
|-sidestart|p2: mega gender|move: Stealth Rock
|move|p2a: Gliscor|Spikes|p1a: Garchomp
|-sidestart|p1: CrimsonBrass|Spikes
|
|-heal|p2a: Gliscor|81/100 tox|[from] ability: Poison Heal
|upkeep
|turn|4
|
|t:|1757948512
|move|p1a: Garchomp|Spikes|p2a: Gliscor
|-sidestart|p2: mega gender|Spikes
|move|p2a: Gliscor|Spikes|p1a: Garchomp
|-sidestart|p1: CrimsonBrass|Spikes
|
|-heal|p2a: Gliscor|94/100 tox|[from] ability: Poison Heal
|upkeep
|turn|5
|
|t:|1757948519
|move|p1a: Garchomp|Spikes|p2a: Gliscor
|-sidestart|p2: mega gender|Spikes
|move|p2a: Gliscor|Spikes|p1a: Garchomp
|-sidestart|p1: CrimsonBrass|Spikes
|
|-heal|p2a: Gliscor|100/100 tox|[from] ability: Poison Heal
|upkeep
|turn|6
|
|t:|1757948520
|switch|p2a: Bronzong|Bronzong|100/100
|-damage|p2a: Bronzong|94/100|[from] Stealth Rock
|move|p1a: Garchomp|Spikes|p2a: Bronzong
|-sidestart|p2: mega gender|Spikes
|
|-heal|p2a: Bronzong|100/100|[from] item: Leftovers
|upkeep
|turn|7
|
|t:|1757948526
|move|p2a: Bronzong|Stealth Rock|p1a: Garchomp
|-sidestart|p1: CrimsonBrass|move: Stealth Rock
|move|p1a: Garchomp|Dragon Tail|p2a: Bronzong
|-resisted|p2a: Bronzong
|-damage|p2a: Bronzong|90/100
|drag|p2a: Dondozo|Dondozo, M|100/100
|
|upkeep
|turn|8
|
|t:|1757948529
|move|p1a: Garchomp|Earthquake|p2a: Dondozo
|-damage|p2a: Dondozo|81/100
|move|p2a: Dondozo|Avalanche|p1a: Garchomp
|-supereffective|p1a: Garchomp
|-damage|p1a: Garchomp|0 fnt
|-damage|p2a: Dondozo|69/100|[from] ability: Rough Skin|[of] p1a: Garchomp
|-damage|p2a: Dondozo|52/100|[from] item: Rocky Helmet|[of] p1a: Garchomp
|faint|p1a: Garchomp
|
|upkeep
|
|t:|1757948539
|switch|p1a: Iron Crown|Iron Crown|58/100
|-damage|p1a: Iron Crown|33/100|[from] Spikes
|-damage|p1a: Iron Crown|27/100|[from] Stealth Rock
|turn|9
|
|t:|1757948546
|switch|p2a: Bronzong|Bronzong|90/100
|-damage|p2a: Bronzong|84/100|[from] Stealth Rock
|move|p1a: Iron Crown|Psychic Noise|p2a: Bronzong
|-resisted|p2a: Bronzong
|-damage|p2a: Bronzong|77/100
|-start|p2a: Bronzong|move: Heal Block
|
|upkeep
|turn|10
|
|t:|1757948559
|move|p1a: Iron Crown|Focus Blast|p2a: Bronzong|[miss]
|-miss|p1a: Iron Crown|p2a: Bronzong
|move|p2a: Bronzong|Body Press|p1a: Iron Crown
|-damage|p1a: Iron Crown|5/100
|
|-end|p2a: Bronzong|move: Heal Block
|upkeep
|turn|11
|
|t:|1757948565
|move|p2a: Bronzong|Protect|p2a: Bronzong
|-singleturn|p2a: Bronzong|Protect
|move|p1a: Iron Crown|Focus Blast|p2a: Bronzong
|-activate|p2a: Bronzong|move: Protect
|
|-heal|p2a: Bronzong|84/100|[from] item: Leftovers
|upkeep
|turn|12
|
|t:|1757948579
|move|p1a: Iron Crown|Focus Blast|p2a: Bronzong
|-damage|p2a: Bronzong|57/100
|move|p2a: Bronzong|Body Press|p1a: Iron Crown
|-damage|p1a: Iron Crown|0 fnt
|faint|p1a: Iron Crown
|-end|p1a: Iron Crown|Quark Drive|[silent]
|
|-heal|p2a: Bronzong|63/100|[from] item: Leftovers
|upkeep
|
|t:|1757948595
|switch|p1a: Dragapult|Dragapult, F|100/100
|turn|13
|
|t:|1757948601
|switch|p2a: Blissey|Blissey, F|100/100
|move|p1a: Dragapult|Will-O-Wisp|p2a: Blissey|[miss]
|-miss|p1a: Dragapult|p2a: Blissey
|
|upkeep
|turn|14
|
|t:|1757948606
|move|p1a: Dragapult|Dragon Darts|p2a: Blissey
|-damage|p2a: Blissey|78/100
|-anim|p1a: Dragapult|Dragon Darts|p2a: Blissey
|-damage|p2a: Blissey|54/100
|move|p2a: Blissey|Calm Mind|p2a: Blissey
|-boost|p2a: Blissey|spa|1
|-boost|p2a: Blissey|spd|1
|
|upkeep
|turn|15
|
|t:|1757948616
|switch|p2a: Gliscor|Gliscor, M|100/100 tox
|-damage|p2a: Gliscor|88/100 tox|[from] Stealth Rock
|move|p1a: Dragapult|Dragon Darts|p2a: Gliscor
|-damage|p2a: Gliscor|70/100 tox
|-anim|p1a: Dragapult|Dragon Darts|p2a: Gliscor
|-damage|p2a: Gliscor|51/100 tox
|
|-heal|p2a: Gliscor|64/100 tox|[from] ability: Poison Heal
|upkeep
|turn|16
|
|t:|1757948619
|move|p2a: Gliscor|Protect|p2a: Gliscor
|-singleturn|p2a: Gliscor|Protect
|move|p1a: Dragapult|Hex|p2a: Gliscor
|-activate|p2a: Gliscor|move: Protect
|
|-heal|p2a: Gliscor|76/100 tox|[from] ability: Poison Heal
|upkeep
|turn|17
|
|t:|1757948621
|move|p1a: Dragapult|Dragon Darts|p2a: Gliscor
|-damage|p2a: Gliscor|57/100 tox
|-anim|p1a: Dragapult|Dragon Darts|p2a: Gliscor
|-damage|p2a: Gliscor|37/100 tox
|move|p2a: Gliscor|Knock Off|p1a: Dragapult
|-supereffective|p1a: Dragapult
|-damage|p1a: Dragapult|36/100
|-enditem|p1a: Dragapult|Heavy-Duty Boots|[from] move: Knock Off|[of] p2a: Gliscor
|
|-heal|p2a: Gliscor|50/100 tox|[from] ability: Poison Heal
|upkeep
|turn|18
|
|t:|1757948624
|move|p2a: Gliscor|Protect|p2a: Gliscor
|-singleturn|p2a: Gliscor|Protect
|move|p1a: Dragapult|Hex|p2a: Gliscor
|-activate|p2a: Gliscor|move: Protect
|
|-heal|p2a: Gliscor|62/100 tox|[from] ability: Poison Heal
|upkeep
|turn|19
|
|t:|1757948629
|switch|p2a: Bronzong|Bronzong|63/100
|-damage|p2a: Bronzong|57/100|[from] Stealth Rock
|move|p1a: Dragapult|Hex|p2a: Bronzong
|-supereffective|p2a: Bronzong
|-damage|p2a: Bronzong|26/100
|
|-heal|p2a: Bronzong|32/100|[from] item: Leftovers
|upkeep
|turn|20
|
|t:|1757948636
|move|p1a: Dragapult|Hex|p2a: Bronzong
|-supereffective|p2a: Bronzong
|-damage|p2a: Bronzong|0 fnt
|faint|p2a: Bronzong
|
|upkeep
|
|t:|1757948641
|switch|p2a: Amoonguss|Amoonguss, M|100/100
|turn|21
|
|t:|1757948647
|move|p1a: Dragapult|Will-O-Wisp|p2a: Amoonguss
|-status|p2a: Amoonguss|brn
|move|p2a: Amoonguss|Foul Play|p1a: Dragapult
|-supereffective|p1a: Dragapult
|-damage|p1a: Dragapult|0 fnt
|faint|p1a: Dragapult
|
|-damage|p2a: Amoonguss|94/100 brn|[from] brn
|upkeep
|
|t:|1757948652
|switch|p1a: Zapdos|Zapdos|100/100
|turn|22
|j| Dionysos
|
|t:|1757948655
|switch|p2a: Blissey|Blissey, F|54/100
|move|p1a: Zapdos|Hurricane|p2a: Blissey
|-damage|p2a: Blissey|38/100
|-start|p2a: Blissey|confusion
|
|upkeep
|turn|23
|l| Dionysos
|
|t:|1757948663
|move|p1a: Zapdos|Volt Switch|p2a: Blissey
|-damage|p2a: Blissey|27/100
|
|t:|1757948666
|switch|p1a: Gholdengo|Gholdengo|100/100|[from] Volt Switch
|-damage|p1a: Gholdengo|76/100|[from] Spikes
|-damage|p1a: Gholdengo|70/100|[from] Stealth Rock
|-activate|p2a: Blissey|confusion
|-damage|p2a: Blissey|26/100|[from] confusion
|
|-heal|p1a: Gholdengo|76/100|[from] item: Leftovers
|upkeep
|turn|24
|
|t:|1757948684
|move|p1a: Gholdengo|Nasty Plot|p1a: Gholdengo
|-boost|p1a: Gholdengo|spa|2
|-activate|p2a: Blissey|confusion
|-damage|p2a: Blissey|25/100|[from] confusion
|
|-heal|p1a: Gholdengo|82/100|[from] item: Leftovers
|upkeep
|turn|25
|c|☆mega gender|BLISSEY GET YOUR SHIT TOGETHER
|
|t:|1757948698
|move|p1a: Gholdengo|Make It Rain|p2a: Blissey
|-damage|p2a: Blissey|0 fnt
|-unboost|p1a: Gholdengo|spa|1
|faint|p2a: Blissey
|
|-heal|p1a: Gholdengo|88/100|[from] item: Leftovers
|upkeep
|
|t:|1757948705
|switch|p2a: Alomomola|Alomomola, M|100/100
|turn|26
|c|☆CrimsonBrass|bye blissey
|
|t:|1757948711
|move|p1a: Gholdengo|Nasty Plot|p1a: Gholdengo
|-boost|p1a: Gholdengo|spa|2
|move|p2a: Alomomola|Scald|p1a: Gholdengo
|-damage|p1a: Gholdengo|74/100
|-status|p1a: Gholdengo|brn
|
|-heal|p1a: Gholdengo|80/100 brn|[from] item: Leftovers
|-damage|p1a: Gholdengo|74/100 brn|[from] brn
|upkeep
|turn|27
|
|t:|1757948715
|move|p2a: Alomomola|Protect|p2a: Alomomola
|-singleturn|p2a: Alomomola|Protect
|move|p1a: Gholdengo|Nasty Plot|p1a: Gholdengo
|-boost|p1a: Gholdengo|spa|2
|
|-heal|p1a: Gholdengo|80/100 brn|[from] item: Leftovers
|-damage|p1a: Gholdengo|74/100 brn|[from] brn
|upkeep
|turn|28
|
|t:|1757948720
|move|p1a: Gholdengo|Shadow Ball|p2a: Alomomola
|-damage|p2a: Alomomola|0 fnt
|faint|p2a: Alomomola
|
|-heal|p1a: Gholdengo|80/100 brn|[from] item: Leftovers
|-damage|p1a: Gholdengo|74/100 brn|[from] brn
|upkeep
|
|t:|1757948723
|switch|p2a: Dondozo|Dondozo, M|52/100
|turn|29
|
|t:|1757948738
|move|p1a: Gholdengo|Shadow Ball|p2a: Dondozo
|-damage|p2a: Dondozo|10/100
|-unboost|p2a: Dondozo|spd|1
|move|p2a: Dondozo|Rest|p2a: Dondozo
|-status|p2a: Dondozo|slp|[from] move: Rest
|-heal|p2a: Dondozo|100/100 slp|[silent]
|
|-heal|p1a: Gholdengo|80/100 brn|[from] item: Leftovers
|-damage|p1a: Gholdengo|74/100 brn|[from] brn
|upkeep
|turn|30
|
|t:|1757948750
|switch|p2a: Amoonguss|Amoonguss, M|100/100 brn
|move|p1a: Gholdengo|Shadow Ball|p2a: Amoonguss
|-damage|p2a: Amoonguss|0 fnt
|faint|p2a: Amoonguss
|
|-heal|p1a: Gholdengo|80/100 brn|[from] item: Leftovers
|-damage|p1a: Gholdengo|74/100 brn|[from] brn
|upkeep
|
|t:|1757948752
|switch|p2a: Gliscor|Gliscor, M|62/100 tox
|-damage|p2a: Gliscor|50/100 tox|[from] Stealth Rock
|turn|31
|
|t:|1757948760
|-terastallize|p1a: Gholdengo|Flying
|move|p2a: Gliscor|Knock Off|p1a: Gholdengo
|-damage|p1a: Gholdengo|54/100 brn
|-enditem|p1a: Gholdengo|Leftovers|[from] move: Knock Off|[of] p2a: Gliscor
|move|p1a: Gholdengo|Shadow Ball|p2a: Gliscor
|-crit|p2a: Gliscor
|-damage|p2a: Gliscor|0 fnt
|faint|p2a: Gliscor
|
|-damage|p1a: Gholdengo|48/100 brn|[from] brn
|upkeep
|
|t:|1757948763
|switch|p2a: Dondozo|Dondozo, M|100/100 slp
|turn|32
|
|t:|1757948768
|move|p1a: Gholdengo|Shadow Ball|p2a: Dondozo
|-damage|p2a: Dondozo|56/100 slp
|cant|p2a: Dondozo|slp
|move|p2a: Dondozo|Sleep Talk|p2a: Dondozo
|move|p2a: Dondozo|Curse|p2a: Dondozo|[from] move: Sleep Talk
|-unboost|p2a: Dondozo|spe|1
|-boost|p2a: Dondozo|atk|1
|-boost|p2a: Dondozo|def|1
|
|-damage|p1a: Gholdengo|42/100 brn|[from] brn
|upkeep
|turn|33
|
|t:|1757948774
|move|p1a: Gholdengo|Shadow Ball|p2a: Dondozo
|-damage|p2a: Dondozo|12/100 slp
|cant|p2a: Dondozo|slp
|move|p2a: Dondozo|Sleep Talk|p2a: Dondozo
|move|p2a: Dondozo|Avalanche|p1a: Gholdengo|[from] move: Sleep Talk
|-supereffective|p1a: Gholdengo
|-damage|p1a: Gholdengo|0 fnt
|faint|p1a: Gholdengo
|
|upkeep
|
|t:|1757948777
|switch|p1a: Zapdos|Zapdos|100/100
|turn|34
|
|t:|1757948780
|-terastallize|p2a: Dondozo|Fighting
|move|p1a: Zapdos|Volt Switch|p2a: Dondozo
|-damage|p2a: Dondozo|0 fnt
|faint|p2a: Dondozo
|
|win|CrimsonBrass
|raw|CrimsonBrass's rating: 1646 &rarr; <strong>1661</strong><br />(+15 for winning)
|raw|mega gender's rating: 1548 &rarr; <strong>1533</strong><br />(-15 for losing)
|l|☆CrimsonBrass
|player|p1|
|l|☆mega gender
|player|p2|
