|j|☆Kis Vegallomas
|j|☆entopn
|t:|1757858654
|gametype|singles
|player|p1|Kis Vegallomas|265|1329
|player|p2|entopn|265|1359
|gen|9
|tier|[Gen 9] OU
|rated|
|rule|HP Percentage Mod: HP is shown in percentages
|rule|Endless Battle Clause: Forcing endless battles is banned
|rule|Species Clause: Limit one of each Pokémon
|rule|OHKO Clause: OHKO moves are banned
|rule|Evasion Items Clause: Evasion items are banned
|rule|Evasion Moves Clause: Evasion moves are banned
|rule|Evasion Abilities Clause: Evasion abilities are banned
|rule|Sleep Moves Clause: Sleep-inducing moves are banned
|clearpoke
|poke|p1|Primeape, F|
|poke|p1|Scream Tail|
|poke|p1|Malamar, M|
|poke|p1|Blaziken, F|
|poke|p1|Scizor, F|
|poke|p1|Meowscarada, F|
|poke|p2|Samurott-Hisui, F|
|poke|p2|Great Tusk|
|poke|p2|Volcanion|
|poke|p2|Hydrapple, F|
|poke|p2|Gholdengo|
|poke|p2|Landorus-Therian, M|
|teampreview
|inactive|Battle timer is ON: inactive players will automatically lose when time's up. (requested by entopn)
|
|t:|1757858676
|teamsize|p1|6
|teamsize|p2|6
|start
|switch|p1a: Primeape|Primeape, F|100/100
|switch|p2a: Volcanion|Volcanion|100/100
|turn|1
|inactive|entopn has 120 seconds left.
|
|t:|1757858728
|move|p1a: Primeape|Bulk Up|p1a: Primeape
|-boost|p1a: Primeape|atk|1
|-boost|p1a: Primeape|def|1
|move|p2a: Volcanion|Will-O-Wisp|p1a: Primeape|[miss]
|-miss|p2a: Volcanion|p1a: Primeape
|
|upkeep
|turn|2
|
|t:|1757858736
|switch|p2a: Hydrapple|Hydrapple, F|100/100
|move|p1a: Primeape|Taunt|p2a: Hydrapple
|-start|p2a: Hydrapple|move: Taunt
|
|upkeep
|turn|3
|
|t:|1757858749
|move|p1a: Primeape|Bulk Up|p1a: Primeape
|-boost|p1a: Primeape|atk|1
|-boost|p1a: Primeape|def|1
|move|p2a: Hydrapple|Giga Drain|p1a: Primeape
|-damage|p1a: Primeape|83/100
|
|upkeep
|turn|4
|
|t:|1757858772
|move|p1a: Primeape|Drain Punch|p2a: Hydrapple
|-damage|p2a: Hydrapple|69/100
|-heal|p1a: Primeape|100/100|[from] drain|[of] p2a: Hydrapple
|-damage|p1a: Primeape|84/100|[from] item: Rocky Helmet|[of] p2a: Hydrapple
|move|p2a: Hydrapple|Fickle Beam|p1a: Primeape
|-damage|p1a: Primeape|65/100
|
|-end|p2a: Hydrapple|move: Taunt
|upkeep
|turn|5
|
|t:|1757858783
|move|p1a: Primeape|Drain Punch|p2a: Hydrapple
|-damage|p2a: Hydrapple|41/100
|-heal|p1a: Primeape|83/100|[from] drain|[of] p2a: Hydrapple
|-damage|p1a: Primeape|66/100|[from] item: Rocky Helmet|[of] p2a: Hydrapple
|move|p2a: Hydrapple|Giga Drain|p1a: Primeape
|-damage|p1a: Primeape|48/100
|-heal|p2a: Hydrapple|48/100|[from] drain|[of] p1a: Primeape
|
|upkeep
|turn|6
|
|t:|1757858796
|switch|p2a: Gholdengo|Gholdengo|100/100
|-item|p2a: Gholdengo|Air Balloon
|move|p1a: Primeape|Rage Fist|p2a: Gholdengo
|-supereffective|p2a: Gholdengo
|-damage|p2a: Gholdengo|0 fnt
|-enditem|p2a: Gholdengo|Air Balloon
|faint|p2a: Gholdengo
|
|upkeep
|inactive|entopn has 90 seconds left.
|
|t:|1757858807
|switch|p2a: Landorus|Landorus-Therian, M|100/100
|-ability|p2a: Landorus|Intimidate|boost
|-unboost|p1a: Primeape|atk|1
|-ability|p1a: Primeape|Defiant|boost
|-boost|p1a: Primeape|atk|2
|turn|7
|
|t:|1757858816
|-terastallize|p2a: Landorus|Flying
|move|p2a: Landorus|Tera Blast|p1a: Primeape|[anim] Tera Blast Flying
|-supereffective|p1a: Primeape
|-damage|p1a: Primeape|0 fnt
|faint|p1a: Primeape
|
|upkeep
|inactive|Kis Vegallomas has 120 seconds left.
|l|☆Kis Vegallomas
|inactive|Kis Vegallomas disconnected and has a minute to reconnect!
|player|p1|
|inactive|Kis Vegallomas has 30 seconds to reconnect!
|inactive|Kis Vegallomas has 20 seconds to reconnect!
|inactive|Kis Vegallomas has 15 seconds to reconnect!
|inactive|Kis Vegallomas has 10 seconds to reconnect!
|inactive|Kis Vegallomas has 5 seconds to reconnect!
|-message|Kis Vegallomas lost due to inactivity.
|
|win|entopn
|raw|Kis Vegallomas's rating: 1329 &rarr; <strong>1311</strong><br />(-18 for losing)
|raw|entopn's rating: 1359 &rarr; <strong>1377</strong><br />(+18 for winning)
|l|☆entopn
|player|p2|
