|j|☆XenRenTen
|j|☆Deep Dark Forest
|t:|1757837352
|gametype|singles
|player|p1|XenRenTen|2|1502
|player|p2|Deep Dark Forest|#scl1spartans|1568
|gen|9
|tier|[Gen 9] OU
|rated|
|rule|HP Percentage Mod: HP is shown in percentages
|rule|Endless Battle Clause: Forcing endless battles is banned
|rule|Species Clause: Limit one of each Pokémon
|rule|OHKO Clause: OHKO moves are banned
|rule|Evasion Items Clause: Evasion items are banned
|rule|Evasion Moves Clause: Evasion moves are banned
|rule|Evasion Abilities Clause: Evasion abilities are banned
|rule|Sleep Moves Clause: Sleep-inducing moves are banned
|clearpoke
|poke|p1|Dragapult, M|
|poke|p1|Great Tusk|
|poke|p1|Heatran, F|
|poke|p1|Iron Hands|
|poke|p1|Iron Crown|
|poke|p1|Ogerpon-Wellspring, F|
|poke|p2|Lokix, M|
|poke|p2|Zamazenta-*|
|poke|p2|Ting-Lu|
|poke|p2|Latios, M|
|poke|p2|Skarmory, M|
|poke|p2|Slowking-Galar, F|
|teampreview
|inactive|Battle timer is ON: inactive players will automatically lose when time's up. (requested by XenRenTen)
|
|t:|1757837376
|teamsize|p1|6
|teamsize|p2|6
|start
|switch|p1a: Dragapult|Dragapult, M|100/100
|switch|p2a: Lokix|Lokix, M|100/100
|turn|1
|
|t:|1757837383
|switch|p2a: Slowking|Slowking-Galar, F|100/100
|move|p1a: Dragapult|U-turn|p2a: Slowking
|-damage|p2a: Slowking|76/100
|-damage|p1a: Dragapult|91/100|[from] item: Life Orb
|
|t:|1757837395
|switch|p1a: Great Tusk|Great Tusk|100/100|[from] U-turn
|
|upkeep
|turn|2
|
|t:|1757837410
|switch|p2a: Skarmory|Skarmory, M|100/100
|move|p1a: Great Tusk|Knock Off|p2a: Skarmory
|-damage|p2a: Skarmory|80/100
|-damage|p1a: Great Tusk|84/100|[from] item: Rocky Helmet|[of] p2a: Skarmory
|-enditem|p2a: Skarmory|Rocky Helmet|[from] move: Knock Off|[of] p1a: Great Tusk
|
|upkeep
|turn|3
|
|t:|1757837419
|-end|p1a: Great Tusk|Protosynthesis|[silent]
|switch|p1a: Iron Crown|Iron Crown|100/100
|move|p2a: Skarmory|Spikes|p1a: Iron Crown
|-sidestart|p1: XenRenTen|Spikes
|
|upkeep
|turn|4
|
|t:|1757837425
|switch|p2a: Ting-Lu|Ting-Lu|100/100
|-ability|p2a: Ting-Lu|Vessel of Ruin
|move|p1a: Iron Crown|Future Sight|p2a: Ting-Lu
|-start|p1a: Iron Crown|move: Future Sight
|
|upkeep
|turn|5
|
|t:|1757837434
|-end|p1a: Iron Crown|Quark Drive|[silent]
|switch|p1a: Ogerpon|Ogerpon-Wellspring, F|100/100
|-damage|p1a: Ogerpon|88/100|[from] Spikes
|move|p2a: Ting-Lu|Stealth Rock|p1a: Ogerpon
|-sidestart|p1: XenRenTen|move: Stealth Rock
|
|upkeep
|turn|6
|
|t:|1757837451
|switch|p2a: Latios|Latios, M|100/100
|move|p1a: Ogerpon|Ivy Cudgel|p2a: Latios|[anim] Ivy Cudgel Water
|-resisted|p2a: Latios
|-damage|p2a: Latios|61/100
|
|-end|p2a: Latios|move: Future Sight
|-resisted|p2a: Latios
|-damage|p2a: Latios|30/100
|upkeep
|turn|7
|
|t:|1757837462
|switch|p2a: Skarmory|Skarmory, M|80/100
|move|p1a: Ogerpon|Ivy Cudgel|p2a: Skarmory|[anim] Ivy Cudgel Water
|-damage|p2a: Skarmory|45/100
|
|upkeep
|turn|8
|
|t:|1757837467
|move|p1a: Ogerpon|Swords Dance|p1a: Ogerpon
|-boost|p1a: Ogerpon|atk|2
|move|p2a: Skarmory|Roost|p2a: Skarmory
|-heal|p2a: Skarmory|95/100
|-singleturn|p2a: Skarmory|move: Roost
|
|upkeep
|turn|9
|
|t:|1757837481
|switch|p2a: Latios|Latios, M|30/100
|-terastallize|p1a: Ogerpon|Water
|detailschange|p1a: Ogerpon|Ogerpon-Wellspring-Tera, F, tera:Water
|-ability|p1a: Ogerpon|Embody Aspect (Wellspring)|boost
|-boost|p1a: Ogerpon|spd|1
|move|p1a: Ogerpon|Ivy Cudgel|p2a: Latios|[anim] Ivy Cudgel Water
|-resisted|p2a: Latios
|-damage|p2a: Latios|0 fnt
|faint|p2a: Latios
|
|upkeep
|
|t:|1757837506
|switch|p2a: Lokix|Lokix, M|100/100
|turn|10
|
|t:|1757837510
|move|p2a: Lokix|First Impression|p1a: Ogerpon
|-damage|p1a: Ogerpon|26/100
|move|p1a: Ogerpon|Ivy Cudgel|p2a: Lokix|[anim] Ivy Cudgel Water
|-damage|p2a: Lokix|0 fnt
|faint|p2a: Lokix
|
|upkeep
|
|t:|1757837513
|switch|p2a: Zamazenta|Zamazenta|100/100
|-ability|p2a: Zamazenta|Dauntless Shield|boost
|-boost|p2a: Zamazenta|def|1
|turn|11
|
|t:|1757837521
|move|p2a: Zamazenta|Crunch|p1a: Ogerpon
|-damage|p1a: Ogerpon|0 fnt
|faint|p1a: Ogerpon
|detailschange|p1: Ogerpon|Ogerpon-Wellspring, F|[silent]
|
|upkeep
|
|t:|1757837528
|switch|p1a: Iron Crown|Iron Crown|100/100
|-damage|p1a: Iron Crown|88/100|[from] Spikes
|-damage|p1a: Iron Crown|82/100|[from] Stealth Rock
|turn|12
|
|t:|1757837541
|switch|p2a: Ting-Lu|Ting-Lu|100/100
|-ability|p2a: Ting-Lu|Vessel of Ruin
|move|p1a: Iron Crown|Future Sight|p2a: Ting-Lu
|-start|p1a: Iron Crown|move: Future Sight
|
|upkeep
|turn|13
|
|t:|1757837547
|-end|p1a: Iron Crown|Quark Drive|[silent]
|switch|p1a: Great Tusk|Great Tusk|84/100
|-damage|p1a: Great Tusk|71/100|[from] Spikes
|-damage|p1a: Great Tusk|69/100|[from] Stealth Rock
|move|p2a: Ting-Lu|Whirlwind|p1a: Great Tusk
|-end|p1a: Great Tusk|Protosynthesis|[silent]
|drag|p1a: Heatran|Heatran, F|100/100
|-damage|p1a: Heatran|88/100|[from] Stealth Rock
|-item|p1a: Heatran|Air Balloon
|
|upkeep
|turn|14
|
|t:|1757837559
|switch|p1a: Great Tusk|Great Tusk|69/100
|-damage|p1a: Great Tusk|56/100|[from] Spikes
|-damage|p1a: Great Tusk|53/100|[from] Stealth Rock
|move|p2a: Ting-Lu|Ruination|p1a: Great Tusk
|-damage|p1a: Great Tusk|27/100
|
|-end|p2a: Ting-Lu|move: Future Sight
|-immune|p2a: Ting-Lu
|upkeep
|turn|15
|
|t:|1757837571
|-terastallize|p2a: Ting-Lu|Ghost
|move|p1a: Great Tusk|Rapid Spin|p2a: Ting-Lu
|-immune|p2a: Ting-Lu
|move|p2a: Ting-Lu|Earthquake|p1a: Great Tusk
|-damage|p1a: Great Tusk|0 fnt
|faint|p1a: Great Tusk
|-end|p1a: Great Tusk|Protosynthesis|[silent]
|
|upkeep
|
|t:|1757837583
|switch|p1a: Dragapult|Dragapult, M|91/100
|-damage|p1a: Dragapult|78/100|[from] Spikes
|-damage|p1a: Dragapult|66/100|[from] Stealth Rock
|turn|16
|inactive|Deep Dark Forest has 120 seconds left.
|inactive|Deep Dark Forest has 90 seconds left.
|
|t:|1757837647
|move|p1a: Dragapult|Shadow Ball|p2a: Ting-Lu
|-supereffective|p2a: Ting-Lu
|-damage|p2a: Ting-Lu|67/100
|-damage|p1a: Dragapult|56/100|[from] item: Life Orb
|move|p2a: Ting-Lu|Earthquake|p1a: Dragapult
|-damage|p1a: Dragapult|3/100
|
|-heal|p2a: Ting-Lu|73/100|[from] item: Leftovers
|upkeep
|turn|17
|
|t:|1757837663
|move|p1a: Dragapult|Shadow Ball|p2a: Ting-Lu
|-supereffective|p2a: Ting-Lu
|-damage|p2a: Ting-Lu|36/100
|-damage|p1a: Dragapult|0 fnt|[from] item: Life Orb
|faint|p1a: Dragapult
|move|p2a: Ting-Lu|Whirlwind|p1: Dragapult|[notarget]
|-fail|p2a: Ting-Lu
|
|-heal|p2a: Ting-Lu|42/100|[from] item: Leftovers
|upkeep
|
|t:|1757837678
|switch|p1a: Heatran|Heatran, F|88/100
|-damage|p1a: Heatran|76/100|[from] Stealth Rock
|-item|p1a: Heatran|Air Balloon
|turn|18
|
|t:|1757837687
|move|p1a: Heatran|Flamethrower|p2a: Ting-Lu
|-damage|p2a: Ting-Lu|23/100
|move|p2a: Ting-Lu|Ruination|p1a: Heatran
|-damage|p1a: Heatran|38/100
|-enditem|p1a: Heatran|Air Balloon
|
|-heal|p2a: Ting-Lu|29/100|[from] item: Leftovers
|upkeep
|turn|19
|-message|XenRenTen forfeited.
|
|win|Deep Dark Forest
|raw|XenRenTen's rating: 1502 &rarr; <strong>1486</strong><br />(-16 for losing)
|raw|Deep Dark Forest's rating: 1568 &rarr; <strong>1584</strong><br />(+16 for winning)
|l|☆XenRenTen
|player|p1|
|l|☆Deep Dark Forest
|player|p2|
