|j|☆RandomShaDucky
|j|☆Haruto116116
|t:|1757926913
|gametype|singles
|player|p1|RandomShaDucky|lucas|
|player|p2|Haruto116116|lucas|
|gen|9
|tier|[Gen 9] OU
|rule|HP Percentage Mod: HP is shown in percentages
|rule|Endless Battle Clause: Forcing endless battles is banned
|rule|Species Clause: Limit one of each Pokémon
|rule|OHKO Clause: OHKO moves are banned
|rule|Evasion Items Clause: Evasion items are banned
|rule|Evasion Moves Clause: Evasion moves are banned
|rule|Evasion Abilities Clause: Evasion abilities are banned
|rule|Sleep Moves Clause: Sleep-inducing moves are banned
|clearpoke
|poke|p1|Azumarill, F|
|poke|p1|Dragapult, F|
|poke|p1|Blaziken, M|
|poke|p1|Toxicroak, M|
|poke|p1|Espeon, F|
|poke|p1|Blastoise, M|
|poke|p2|Gholdengo|
|poke|p2|Hydreigon, F|
|poke|p2|Landorus-Therian, M|
|poke|p2|Alomomola, F|
|poke|p2|Iron Treads|
|poke|p2|Ogerpon-Wellspring, F|
|teampreview
|c|☆Haruto116116|WAIT
|c|☆Haruto116116|Not pbf ou
|c|☆Haruto116116|bruh
|c|☆Haruto116116|Pbf ou able to use mega u know
|
|t:|1757926956
|teamsize|p1|6
|teamsize|p2|6
|start
|switch|p1a: Blastoise|Blastoise, M|100/100
|switch|p2a: Hydreigon|Hydreigon, F|100/100
|turn|1
|c|☆RandomShaDucky|it will be fine
|
|t:|1757926966
|move|p2a: Hydreigon|Draco Meteor|p1a: Blastoise
|-damage|p1a: Blastoise|33/100
|-unboost|p2a: Hydreigon|spa|2
|move|p1a: Blastoise|Shell Smash|p1a: Blastoise
|-unboost|p1a: Blastoise|def|1
|-unboost|p1a: Blastoise|spd|1
|-boost|p1a: Blastoise|atk|2
|-boost|p1a: Blastoise|spa|2
|-boost|p1a: Blastoise|spe|2
|
|upkeep
|turn|2
|
|t:|1757926998
|switch|p2a: Alomomola|Alomomola, F|100/100
|switch|p1a: Toxicroak|Toxicroak, M|100/100
|
|upkeep
|turn|3
|
|t:|1757927009
|switch|p2a: Landorus|Landorus-Therian, M|100/100
|-ability|p2a: Landorus|Intimidate|boost
|-unboost|p1a: Toxicroak|atk|1
|move|p1a: Toxicroak|Swords Dance|p1a: Toxicroak
|-boost|p1a: Toxicroak|atk|2
|
|upkeep
|turn|4
|
|t:|1757927019
|move|p1a: Toxicroak|Swords Dance|p1a: Toxicroak
|-boost|p1a: Toxicroak|atk|2
|move|p2a: Landorus|Earthquake|p1a: Toxicroak
|-supereffective|p1a: Toxicroak
|-enditem|p1a: Toxicroak|Focus Sash
|-damage|p1a: Toxicroak|1/100
|
|upkeep
|turn|5
|
|t:|1757927031
|move|p1a: Toxicroak|Knock Off|p2a: Landorus
|-crit|p2a: Landorus
|-damage|p2a: Landorus|27/100
|-damage|p1a: Toxicroak|0 fnt|[from] item: Rocky Helmet|[of] p2a: Landorus
|faint|p1a: Toxicroak
|move|p2a: Landorus|Stealth Rock|p1: Toxicroak
|-sidestart|p1: RandomShaDucky|move: Stealth Rock
|
|upkeep
|c|☆Haruto116116|Oooo
|
|t:|1757927040
|switch|p1a: Blastoise|Blastoise, M|33/100
|-damage|p1a: Blastoise|21/100|[from] Stealth Rock
|turn|6
|c|☆Haruto116116|crit hurts
|
|t:|1757927049
|move|p2a: Landorus|U-turn|p1a: Blastoise
|-damage|p1a: Blastoise|0 fnt
|faint|p1a: Blastoise
|
|t:|1757927053
|switch|p2a: Hydreigon|Hydreigon, F|100/100|[from] U-turn
|
|upkeep
|
|t:|1757927058
|switch|p1a: Azumarill|Azumarill, F|100/100
|-damage|p1a: Azumarill|88/100|[from] Stealth Rock
|turn|7
|
|t:|1757927065
|move|p2a: Hydreigon|U-turn|p1a: Azumarill
|-resisted|p1a: Azumarill
|-damage|p1a: Azumarill|80/100
|
|t:|1757927066
|switch|p2a: Ogerpon|Ogerpon-Wellspring, F|100/100|[from] U-turn
|move|p1a: Azumarill|Belly Drum|p1a: Azumarill
|-damage|p1a: Azumarill|30/100
|-setboost|p1a: Azumarill|atk|6|[from] move: Belly Drum
|-enditem|p1a: Azumarill|Sitrus Berry|[eat]
|-heal|p1a: Azumarill|55/100|[from] item: Sitrus Berry
|
|upkeep
|turn|8
|
|t:|1757927082
|-terastallize|p1a: Azumarill|Water
|move|p1a: Azumarill|Aqua Jet|p2a: Ogerpon
|-immune|p2a: Ogerpon|[from] ability: Water Absorb
|move|p2a: Ogerpon|Horn Leech|p1a: Azumarill
|-supereffective|p1a: Azumarill
|-damage|p1a: Azumarill|0 fnt
|faint|p1a: Azumarill
|
|upkeep
|c|☆RandomShaDucky|oh
|c|☆RandomShaDucky|I forgot to check abilties
|c|☆Haruto116116|Let's go back to pbf we need mega trust
|
|t:|1757927122
|switch|p1a: Blaziken|Blaziken, M|100/100
|-damage|p1a: Blaziken|88/100|[from] Stealth Rock
|turn|9
|
|t:|1757927134
|move|p1a: Blaziken|Endure|p1a: Blaziken
|-singleturn|p1a: Blaziken|move: Endure
|move|p2a: Ogerpon|Ivy Cudgel|p1a: Blaziken|[anim] Ivy Cudgel Water
|-supereffective|p1a: Blaziken
|-crit|p1a: Blaziken
|-activate|p1a: Blaziken|move: Endure
|-damage|p1a: Blaziken|1/100
|-enditem|p1a: Blaziken|Weakness Policy
|-boost|p1a: Blaziken|atk|2|[from] item: Weakness Policy
|-boost|p1a: Blaziken|spa|2|[from] item: Weakness Policy
|
|-ability|p1a: Blaziken|Speed Boost|boost
|-boost|p1a: Blaziken|spe|1
|upkeep
|turn|10
|c|☆RandomShaDucky|Not happening
|
|t:|1757927157
|switch|p2a: Landorus|Landorus-Therian, M|27/100
|-ability|p2a: Landorus|Intimidate|boost
|-unboost|p1a: Blaziken|atk|1
|move|p1a: Blaziken|Acrobatics|p2a: Landorus
|-damage|p2a: Landorus|0 fnt
|-damage|p1a: Blaziken|0 fnt|[from] item: Rocky Helmet|[of] p2a: Landorus
|faint|p2a: Landorus
|faint|p1a: Blaziken
|
|upkeep
|c|☆Haruto116116|Is that new tech?
|c|☆RandomShaDucky|what
|c|☆RandomShaDucky|i knocked off it earlier
|c|☆Haruto116116|Endure+weakness policy combo
|c|☆Haruto116116|I was gonna get sweeped if I let lando die that time
|c|☆Haruto116116|Maybe
|c|☆RandomShaDucky|I don’t get it
|c|☆RandomShaDucky|i used knock off
|c|☆RandomShaDucky|why did it not knock off ur item
|
|t:|1757927245
|switch|p1a: Dragapult|Dragapult, F|100/100
|switch|p2a: Hydreigon|Hydreigon, F|100/100
|-damage|p1a: Dragapult|88/100|[from] Stealth Rock
|turn|11
|c|☆Haruto116116|Rocky helm gives u dmg even
|c|☆Haruto116116|u used knock
|
|t:|1757927260
|move|p2a: Hydreigon|Dark Pulse|p1a: Dragapult
|-supereffective|p1a: Dragapult
|-damage|p1a: Dragapult|0 fnt
|faint|p1a: Dragapult
|
|upkeep
|
|t:|1757927262
|switch|p1a: Espeon|Espeon, F|100/100
|-damage|p1a: Espeon|88/100|[from] Stealth Rock
|turn|12
|c|☆Haruto116116|Ggs
|
|t:|1757927269
|move|p2a: Hydreigon|Dark Pulse|p1a: Espeon
|-supereffective|p1a: Espeon
|-damage|p1a: Espeon|0 fnt
|faint|p1a: Espeon
|
|win|Haruto116116
