|j|☆Mreda
|j|☆ploblem
|t:|1757952519
|gametype|singles
|player|p1|Mreda|steven|1442
|player|p2|ploblem|crasherwake|1449
|gen|9
|tier|[Gen 9] OU
|rated|
|rule|HP Percentage Mod: HP is shown in percentages
|rule|Endless Battle Clause: Forcing endless battles is banned
|rule|Species Clause: Limit one of each Pokémon
|rule|OHKO Clause: OHKO moves are banned
|rule|Evasion Items Clause: Evasion items are banned
|rule|Evasion Moves Clause: Evasion moves are banned
|rule|Evasion Abilities Clause: Evasion abilities are banned
|rule|Sleep Moves Clause: Sleep-inducing moves are banned
|clearpoke
|poke|p1|Ting-Lu|
|poke|p1|Sinistcha|
|poke|p1|Moltres|
|poke|p1|Glimmora, F|
|poke|p1|Tinkaton, F|
|poke|p1|Keldeo-Resolute|
|poke|p2|Lokix, M|
|poke|p2|Garganacl, M|
|poke|p2|Iron Crown|
|poke|p2|Alomomola, M|
|poke|p2|Weezing-Galar, F|
|poke|p2|Landorus-Therian, M|
|teampreview
|
|t:|1757952538
|teamsize|p1|6
|teamsize|p2|6
|start
|switch|p1a: Jasmine|Glimmora, F|100/100
|switch|p2a: Antelope|Iron Crown|100/100
|turn|1
|
|t:|1757952553
|switch|p1a: Ting-Lu|Ting-Lu|100/100
|-ability|p1a: Ting-Lu|Vessel of Ruin
|move|p2a: Antelope|Tachyon Cutter|p1a: Ting-Lu
|-damage|p1a: Ting-Lu|89/100
|-damage|p1a: Ting-Lu|76/100
|-hitcount|p1a: Ting-Lu|2
|
|upkeep
|turn|2
|
|t:|1757952571
|-end|p2a: Antelope|Quark Drive|[silent]
|switch|p2a: Fish|Alomomola, M, shiny|100/100
|move|p1a: Ting-Lu|Ruination|p2a: Fish
|-damage|p2a: Fish|51/100
|
|upkeep
|turn|3
|
|t:|1757952579
|switch|p1a: Jasmine|Glimmora, F|100/100
|move|p2a: Fish|Flip Turn|p1a: Jasmine
|-supereffective|p1a: Jasmine
|-damage|p1a: Jasmine|76/100
|-activate|p1a: Jasmine|ability: Toxic Debris
|-sidestart|p2: ploblem|move: Toxic Spikes
|-enditem|p1a: Jasmine|Red Card|[of] p2a: Fish
|drag|p2a: Puff|Weezing-Galar, F|100/100
|-ability|p2a: Puff|Neutralizing Gas
|-sideend|p2: ploblem|move: Toxic Spikes|[of] p2a: Puff
|
|upkeep
|turn|4
|inactive|Battle timer is ON: inactive players will automatically lose when time's up. (requested by ploblem)
|
|t:|1757952600
|move|p2a: Puff|Will-O-Wisp|p1a: Jasmine
|-status|p1a: Jasmine|brn
|move|p1a: Jasmine|Earth Power|p2a: Puff
|-supereffective|p2a: Puff
|-damage|p2a: Puff|29/100
|
|-damage|p1a: Jasmine|69/100 brn|[from] brn
|upkeep
|turn|5
|
|t:|1757952614
|-end|p2a: Puff|ability: Neutralizing Gas
|switch|p2a: Doggy|Landorus-Therian, M|100/100
|-ability|p2a: Doggy|Intimidate|boost
|-unboost|p1a: Jasmine|atk|1
|move|p1a: Jasmine|Stealth Rock|p2a: Doggy
|-sidestart|p2: ploblem|move: Stealth Rock
|
|-damage|p1a: Jasmine|63/100 brn|[from] brn
|upkeep
|turn|6
|
|t:|1757952629
|switch|p1a: Moltres|Moltres|100/100
|move|p2a: Doggy|Earthquake|p1a: Moltres
|-immune|p1a: Moltres
|
|upkeep
|turn|7
|
|t:|1757952641
|switch|p2a: Fish|Alomomola, M, shiny|84/100
|-damage|p2a: Fish|72/100|[from] Stealth Rock
|move|p1a: Moltres|Flamethrower|p2a: Fish
|-resisted|p2a: Fish
|-damage|p2a: Fish|62/100
|
|upkeep
|turn|8
|
|t:|1757952649
|move|p1a: Moltres|U-turn|p2a: Fish
|-damage|p2a: Fish|53/100
|
|t:|1757952652
|switch|p1a: Sinistcha|Sinistcha|100/100|[from] U-turn
|move|p2a: Fish|Flip Turn|p1a: Sinistcha
|-resisted|p1a: Sinistcha
|-damage|p1a: Sinistcha|94/100
|
|t:|1757952662
|switch|p2a: Bug|Lokix, M, shiny|100/100|[from] Flip Turn
|-damage|p2a: Bug|76/100|[from] Stealth Rock
|
|upkeep
|turn|9
|
|t:|1757952673
|-terastallize|p1a: Sinistcha|Fairy
|move|p2a: Bug|Knock Off|p1a: Sinistcha
|-resisted|p1a: Sinistcha
|-damage|p1a: Sinistcha|42/100
|-enditem|p1a: Sinistcha|Covert Cloak|[from] move: Knock Off|[of] p2a: Bug
|move|p1a: Sinistcha|Strength Sap|p2a: Bug
|-unboost|p2a: Bug|atk|1
|-heal|p1a: Sinistcha|100/100
|
|upkeep
|turn|10
|
|t:|1757952687
|switch|p2a: Antelope|Iron Crown|100/100
|-damage|p2a: Antelope|94/100|[from] Stealth Rock
|move|p1a: Sinistcha|Calm Mind|p1a: Sinistcha
|-boost|p1a: Sinistcha|spa|1
|-boost|p1a: Sinistcha|spd|1
|
|upkeep
|turn|11
|
|t:|1757952702
|switch|p1a: Ting-Lu|Ting-Lu|76/100
|-ability|p1a: Ting-Lu|Vessel of Ruin
|move|p2a: Antelope|Tachyon Cutter|p1a: Ting-Lu
|-damage|p1a: Ting-Lu|64/100
|-damage|p1a: Ting-Lu|53/100
|-hitcount|p1a: Ting-Lu|2
|
|upkeep
|turn|12
|
|t:|1757952716
|-end|p2a: Antelope|Quark Drive|[silent]
|switch|p2a: Bug|Lokix, M, shiny|76/100
|-damage|p2a: Bug|51/100|[from] Stealth Rock
|move|p1a: Ting-Lu|Stone Edge|p2a: Bug|[miss]
|-miss|p1a: Ting-Lu|p2a: Bug
|
|upkeep
|turn|13
|
|t:|1757952724
|switch|p1a: Sinistcha|Sinistcha, tera:Fairy|100/100
|move|p2a: Bug|Leech Life|p1a: Sinistcha
|-resisted|p1a: Sinistcha
|-damage|p1a: Sinistcha|52/100
|-heal|p2a: Bug|81/100|[from] drain|[of] p1a: Sinistcha
|
|upkeep
|turn|14
|
|t:|1757952733
|-terastallize|p2a: Bug|Bug
|move|p2a: Bug|Leech Life|p1a: Sinistcha
|-resisted|p1a: Sinistcha
|-damage|p1a: Sinistcha|0 fnt
|-heal|p2a: Bug|100/100|[from] drain|[of] p1a: Sinistcha
|faint|p1a: Sinistcha
|
|upkeep
|
|t:|1757952741
|switch|p1a: Moltres|Moltres|100/100
|turn|15
|
|t:|1757952752
|switch|p2a: Fish|Alomomola, M, shiny|86/100
|-damage|p2a: Fish|74/100|[from] Stealth Rock
|move|p1a: Moltres|Flamethrower|p2a: Fish
|-resisted|p2a: Fish
|-damage|p2a: Fish|64/100
|
|upkeep
|turn|16
|
|t:|1757952761
|move|p1a: Moltres|U-turn|p2a: Fish
|-damage|p2a: Fish|54/100
|
|t:|1757952769
|switch|p1a: Keldeo|Keldeo-Resolute|100/100|[from] U-turn
|move|p2a: Fish|Flip Turn|p1a: Keldeo
|-resisted|p1a: Keldeo
|-damage|p1a: Keldeo|90/100
|
|t:|1757952788
|switch|p2a: Bug|Lokix, M, shiny, tera:Bug|100/100|[from] Flip Turn
|-damage|p2a: Bug|76/100|[from] Stealth Rock
|
|upkeep
|turn|17
|
|t:|1757952793
|switch|p1a: Moltres|Moltres|100/100
|move|p2a: Bug|First Impression|p1a: Moltres
|-resisted|p1a: Moltres
|-damage|p1a: Moltres|67/100
|-status|p2a: Bug|brn|[from] ability: Flame Body|[of] p1a: Moltres
|
|-damage|p2a: Bug|70/100 brn|[from] brn
|upkeep
|turn|18
|
|t:|1757952809
|switch|p2a: Rock|Garganacl, M|100/100
|-damage|p2a: Rock|88/100|[from] Stealth Rock
|move|p1a: Moltres|U-turn|p2a: Rock
|-damage|p2a: Rock|78/100
|
|t:|1757952820
|switch|p1a: Keldeo|Keldeo-Resolute|90/100|[from] U-turn
|
|-heal|p2a: Rock|84/100|[from] item: Leftovers
|upkeep
|turn|19
|
|t:|1757952827
|move|p2a: Rock|Protect|p2a: Rock
|-singleturn|p2a: Rock|Protect
|move|p1a: Keldeo|Surf|p2a: Rock
|-activate|p2a: Rock|move: Protect
|
|-heal|p2a: Rock|91/100|[from] item: Leftovers
|upkeep
|turn|20
|
|t:|1757952836
|switch|p1a: Tinkaton|Tinkaton, F|100/100
|-item|p1a: Tinkaton|Air Balloon
|switch|p2a: Fish|Alomomola, M, shiny|88/100
|-damage|p2a: Fish|75/100|[from] Stealth Rock
|
|upkeep
|turn|21
|
|t:|1757952848
|move|p1a: Tinkaton|Gigaton Hammer|p2a: Fish
|-resisted|p2a: Fish
|-damage|p2a: Fish|60/100
|move|p2a: Fish|Flip Turn|p1a: Tinkaton
|-damage|p1a: Tinkaton|81/100
|-enditem|p1a: Tinkaton|Air Balloon
|-enditem|p2a: Fish|Assault Vest|[silent]|[from] ability: Pickpocket|[of] p2a: Fish
|-item|p1a: Tinkaton|Assault Vest|[from] ability: Pickpocket|[of] p2a: Fish
|
|t:|1757952857
|switch|p2a: Doggy|Landorus-Therian, M|100/100|[from] Flip Turn
|-damage|p2a: Doggy|88/100|[from] Stealth Rock
|-ability|p2a: Doggy|Intimidate|boost
|-unboost|p1a: Tinkaton|atk|1
|
|upkeep
|turn|22
|
|t:|1757952864
|switch|p1a: Moltres|Moltres|67/100
|move|p2a: Doggy|U-turn|p1a: Moltres
|-resisted|p1a: Moltres
|-damage|p1a: Moltres|62/100
|-status|p2a: Doggy|brn|[from] ability: Flame Body|[of] p1a: Moltres
|
|t:|1757952874
|switch|p2a: Fish|Alomomola, M, shiny|93/100|[from] U-turn
|-damage|p2a: Fish|81/100|[from] Stealth Rock
|
|upkeep
|turn|23
|
|t:|1757952880
|move|p1a: Moltres|Roost|p1a: Moltres
|-heal|p1a: Moltres|100/100
|-singleturn|p1a: Moltres|move: Roost
|move|p2a: Fish|Flip Turn|p1a: Moltres
|-supereffective|p1a: Moltres
|-damage|p1a: Moltres|77/100
|
|t:|1757952902
|switch|p2a: Rock|Garganacl, M|91/100|[from] Flip Turn
|-damage|p2a: Rock|78/100|[from] Stealth Rock
|
|-heal|p2a: Rock|84/100|[from] item: Leftovers
|upkeep
|turn|24
|
|t:|1757952909
|move|p1a: Moltres|U-turn|p2a: Rock
|-damage|p2a: Rock|75/100
|
|t:|1757952915
|switch|p1a: Jasmine|Glimmora, F|63/100 brn|[from] U-turn
|move|p2a: Rock|Salt Cure|p1a: Jasmine
|-damage|p1a: Jasmine|54/100 brn
|-start|p1a: Jasmine|Salt Cure
|-activate|p1a: Jasmine|ability: Toxic Debris
|-sidestart|p2: ploblem|move: Toxic Spikes
|
|-heal|p2a: Rock|81/100|[from] item: Leftovers
|-damage|p1a: Jasmine|48/100 brn|[from] brn
|-damage|p1a: Jasmine|35/100 brn|[from] Salt Cure
|upkeep
|turn|25
|
|t:|1757952929
|switch|p1a: Keldeo|Keldeo-Resolute|90/100
|move|p2a: Rock|Stealth Rock|p1a: Keldeo
|-sidestart|p1: Mreda|move: Stealth Rock
|
|-heal|p2a: Rock|87/100|[from] item: Leftovers
|upkeep
|turn|26
|
|t:|1757952941
|move|p2a: Rock|Protect|p2a: Rock
|-singleturn|p2a: Rock|Protect
|move|p1a: Keldeo|Secret Sword|p2a: Rock
|-activate|p2a: Rock|move: Protect
|
|-heal|p2a: Rock|93/100|[from] item: Leftovers
|upkeep
|turn|27
|
|t:|1757952956
|switch|p2a: Fish|Alomomola, M, shiny|100/100
|-damage|p2a: Fish|88/100|[from] Stealth Rock
|-status|p2a: Fish|psn
|move|p1a: Keldeo|Secret Sword|p2a: Fish
|-damage|p2a: Fish|45/100 psn
|
|-damage|p2a: Fish|32/100 psn|[from] psn
|upkeep
|turn|28
|inactive|ploblem has 120 seconds left.
|
|t:|1757952983
|switch|p2a: Puff|Weezing-Galar, F|29/100
|-ability|p2a: Puff|Neutralizing Gas
|-sideend|p2: ploblem|move: Toxic Spikes|[of] p2a: Puff
|move|p1a: Keldeo|Secret Sword|p2a: Puff
|-resisted|p2a: Puff
|-damage|p2a: Puff|16/100
|
|upkeep
|turn|29
|inactive|ploblem has 120 seconds left.
|
|t:|1757953002
|switch|p1a: Moltres|Moltres|77/100
|move|p2a: Puff|Defog|p1a: Moltres
|-unboost|p1a: Moltres|evasion|1
|-sideend|p1: Mreda|Stealth Rock|[from] move: Defog|[of] p2a: Puff
|-sideend|p2: ploblem|Stealth Rock|[from] move: Defog|[of] p2a: Puff
|
|upkeep
|turn|30
|inactive|ploblem has 120 seconds left.
|
|t:|1757953013
|move|p1a: Moltres|U-turn|p2a: Puff
|-resisted|p2a: Puff
|-damage|p2a: Puff|13/100
|
|t:|1757953016
|switch|p1a: Jasmine|Glimmora, F|35/100 brn|[from] U-turn
|move|p2a: Puff|Pain Split|p1a: Jasmine
|-sethp|p1a: Jasmine|23/100 brn|[from] move: Pain Split|[silent]
|-sethp|p2a: Puff|26/100|[from] move: Pain Split
|
|-damage|p1a: Jasmine|17/100 brn|[from] brn
|upkeep
|turn|31
|inactive|ploblem has 120 seconds left.
|
|t:|1757953031
|-end|p2a: Puff|ability: Neutralizing Gas
|switch|p2a: Doggy|Landorus-Therian, M|88/100 brn
|-ability|p2a: Doggy|Intimidate|boost
|-unboost|p1a: Jasmine|atk|1
|move|p1a: Jasmine|Stealth Rock|p2a: Doggy
|-sidestart|p2: ploblem|move: Stealth Rock
|
|-damage|p2a: Doggy|82/100 brn|[from] brn
|-damage|p1a: Jasmine|11/100 brn|[from] brn
|upkeep
|turn|32
|inactive|ploblem has 120 seconds left.
|
|t:|1757953043
|switch|p1a: Keldeo|Keldeo-Resolute|90/100
|move|p2a: Doggy|U-turn|p1a: Keldeo
|-resisted|p1a: Keldeo
|-damage|p1a: Keldeo|83/100
|inactive|ploblem has 120 seconds left.
|
|t:|1757953056
|switch|p2a: Fish|Alomomola, M, shiny|66/100 psn|[from] U-turn
|-damage|p2a: Fish|53/100 psn|[from] Stealth Rock
|
|-damage|p2a: Fish|41/100 psn|[from] psn
|upkeep
|turn|33
|inactive|ploblem has 120 seconds left.
|
|t:|1757953065
|move|p1a: Keldeo|Secret Sword|p2a: Fish
|-damage|p2a: Fish|0 fnt
|faint|p2a: Fish
|
|upkeep
|inactive|ploblem has 120 seconds left.
|
|t:|1757953071
|switch|p2a: Puff|Weezing-Galar, F|26/100
|-ability|p2a: Puff|Neutralizing Gas
|turn|34
|
|t:|1757953078
|switch|p1a: Jasmine|Glimmora, F|11/100 brn
|move|p2a: Puff|Defog|p1a: Jasmine
|-unboost|p1a: Jasmine|evasion|1
|-sideend|p2: ploblem|Stealth Rock|[from] move: Defog|[of] p2a: Puff
|
|-damage|p1a: Jasmine|5/100 brn|[from] brn
|upkeep
|turn|35
|
|t:|1757953094
|move|p2a: Puff|Strange Steam|p1a: Jasmine
|-resisted|p1a: Jasmine
|-damage|p1a: Jasmine|0 fnt
|faint|p1a: Jasmine
|
|upkeep
|
|t:|1757953113
|switch|p1a: Moltres|Moltres|77/100
|turn|36
|
|t:|1757953127
|-end|p2a: Puff|ability: Neutralizing Gas
|switch|p2a: Rock|Garganacl, M|93/100
|move|p1a: Moltres|Scorching Sands|p2a: Rock
|-supereffective|p2a: Rock
|-damage|p2a: Rock|68/100
|
|-heal|p2a: Rock|74/100|[from] item: Leftovers
|upkeep
|turn|37
|
|t:|1757953137
|move|p1a: Moltres|Scorching Sands|p2a: Rock
|-supereffective|p2a: Rock
|-damage|p2a: Rock|47/100
|move|p2a: Rock|Stealth Rock|p1a: Moltres
|-sidestart|p1: Mreda|move: Stealth Rock
|
|-heal|p2a: Rock|53/100|[from] item: Leftovers
|upkeep
|turn|38
|
|t:|1757953147
|move|p1a: Moltres|Scorching Sands|p2a: Rock
|-supereffective|p2a: Rock
|-damage|p2a: Rock|25/100
|move|p2a: Rock|Salt Cure|p1a: Moltres
|-supereffective|p1a: Moltres
|-damage|p1a: Moltres|36/100
|-start|p1a: Moltres|Salt Cure
|
|-heal|p2a: Rock|31/100|[from] item: Leftovers
|-damage|p1a: Moltres|24/100|[from] Salt Cure
|upkeep
|turn|39
|
|t:|1757953160
|switch|p1a: Keldeo|Keldeo-Resolute|83/100
|-damage|p1a: Keldeo|77/100|[from] Stealth Rock
|move|p2a: Rock|Protect||[still]
|-fail|p2a: Rock
|
|-heal|p2a: Rock|37/100|[from] item: Leftovers
|upkeep
|turn|40
|
|t:|1757953169
|move|p2a: Rock|Protect|p2a: Rock
|-singleturn|p2a: Rock|Protect
|move|p1a: Keldeo|Surf|p2a: Rock
|-activate|p2a: Rock|move: Protect
|
|-heal|p2a: Rock|44/100|[from] item: Leftovers
|upkeep
|turn|41
|
|t:|1757953179
|switch|p2a: Puff|Weezing-Galar, F|26/100
|-ability|p2a: Puff|Neutralizing Gas
|move|p1a: Keldeo|Surf|p2a: Puff
|-damage|p2a: Puff|0 fnt
|faint|p2a: Puff
|-end|p2a: Puff|ability: Neutralizing Gas
|
|upkeep
|
|t:|1757953189
|switch|p2a: Bug|Lokix, M, shiny, tera:Bug|70/100 brn
|turn|42
|
|t:|1757953197
|switch|p1a: Moltres|Moltres|24/100
|move|p2a: Bug|Knock Off|p1a: Moltres
|-damage|p1a: Moltres|0 fnt
|-enditem|p1a: Moltres|Heavy-Duty Boots|[from] move: Knock Off|[of] p2a: Bug
|faint|p1a: Moltres
|
|-damage|p2a: Bug|64/100 brn|[from] brn
|upkeep
|
|t:|1757953209
|switch|p1a: Tinkaton|Tinkaton, F|81/100
|-damage|p1a: Tinkaton|75/100|[from] Stealth Rock
|turn|43
|
|t:|1757953227
|switch|p2a: Antelope|Iron Crown|94/100
|move|p1a: Tinkaton|Gigaton Hammer|p2a: Antelope
|-resisted|p2a: Antelope
|-damage|p2a: Antelope|72/100
|
|upkeep
|turn|44
|
|t:|1757953237
|switch|p1a: Ting-Lu|Ting-Lu|53/100
|-damage|p1a: Ting-Lu|46/100|[from] Stealth Rock
|-ability|p1a: Ting-Lu|Vessel of Ruin
|move|p2a: Antelope|Tachyon Cutter|p1a: Ting-Lu
|-damage|p1a: Ting-Lu|35/100
|-damage|p1a: Ting-Lu|22/100
|-hitcount|p1a: Ting-Lu|2
|
|upkeep
|turn|45
|
|t:|1757953248
|move|p2a: Antelope|Tachyon Cutter|p1a: Ting-Lu
|-damage|p1a: Ting-Lu|9/100
|-damage|p1a: Ting-Lu|0 fnt
|faint|p1a: Ting-Lu
|-hitcount|p1: Ting-Lu|2
|
|upkeep
|
|t:|1757953255
|switch|p1a: Keldeo|Keldeo-Resolute|77/100
|-damage|p1a: Keldeo|71/100|[from] Stealth Rock
|turn|46
|
|t:|1757953277
|move|p1a: Keldeo|Surf|p2a: Antelope
|-damage|p2a: Antelope|2/100
|move|p2a: Antelope|Tachyon Cutter|p1a: Keldeo
|-resisted|p1a: Keldeo
|-damage|p1a: Keldeo|51/100
|-resisted|p1a: Keldeo
|-damage|p1a: Keldeo|30/100
|-hitcount|p1a: Keldeo|2
|
|upkeep
|turn|47
|
|t:|1757953287
|-end|p2a: Antelope|Quark Drive|[silent]
|switch|p2a: Rock|Garganacl, M|44/100
|move|p1a: Keldeo|Surf|p2a: Rock
|-supereffective|p2a: Rock
|-damage|p2a: Rock|0 fnt
|faint|p2a: Rock
|
|upkeep
|
|t:|1757953297
|switch|p2a: Doggy|Landorus-Therian, M|82/100 brn
|-ability|p2a: Doggy|Intimidate|boost
|-unboost|p1a: Keldeo|atk|1
|turn|48
|
|t:|1757953302
|move|p2a: Doggy|Earthquake|p1a: Keldeo
|-damage|p1a: Keldeo|0 fnt
|faint|p1a: Keldeo
|
|-damage|p2a: Doggy|76/100 brn|[from] brn
|upkeep
|
|t:|1757953308
|switch|p1a: Tinkaton|Tinkaton, F|75/100
|-damage|p1a: Tinkaton|69/100|[from] Stealth Rock
|turn|49
|
|t:|1757953313
|move|p2a: Doggy|Earthquake|p1a: Tinkaton
|-supereffective|p1a: Tinkaton
|-damage|p1a: Tinkaton|3/100
|move|p1a: Tinkaton|Ice Hammer|p2a: Doggy
|-supereffective|p2a: Doggy
|-damage|p2a: Doggy|0 fnt
|-unboost|p1a: Tinkaton|spe|1
|faint|p2a: Doggy
|
|upkeep
|
|t:|1757953324
|switch|p2a: Bug|Lokix, M, shiny, tera:Bug|64/100 brn
|turn|50
|
|t:|1757953328
|move|p2a: Bug|First Impression|p1a: Tinkaton
|-resisted|p1a: Tinkaton
|-damage|p1a: Tinkaton|0 fnt
|faint|p1a: Tinkaton
|
|win|ploblem
|raw|Mreda's rating: 1442 &rarr; <strong>1422</strong><br />(-20 for losing)
|raw|ploblem's rating: 1449 &rarr; <strong>1469</strong><br />(+20 for winning)
