|j|☆thekikiofficial
|j|☆3r4ldin
|t:|1757845852
|gametype|singles
|player|p1|thekikiofficial|2|1178
|player|p2|3r4ldin|169|1139
|gen|9
|tier|[Gen 9] OU
|rated|
|rule|HP Percentage Mod: HP is shown in percentages
|rule|Endless Battle Clause: Forcing endless battles is banned
|rule|Species Clause: Limit one of each Pokémon
|rule|OHKO Clause: OHKO moves are banned
|rule|Evasion Items Clause: Evasion items are banned
|rule|Evasion Moves Clause: Evasion moves are banned
|rule|Evasion Abilities Clause: Evasion abilities are banned
|rule|Sleep Moves Clause: Sleep-inducing moves are banned
|clearpoke
|poke|p1|Gliscor, M|
|poke|p1|Cinderace, F|
|poke|p1|Meowscarada, F|
|poke|p1|Murkrow, F|
|poke|p1|Glimmora, F|
|poke|p1|Walking Wake|
|poke|p2|Tauros-Paldea-Aqua, M|
|poke|p2|Araquanid, F|
|poke|p2|Kingambit, M|
|poke|p2|Corviknight, M|
|poke|p2|Kyurem|
|poke|p2|Dondozo, F|
|teampreview
|inactive|Battle timer is ON: inactive players will automatically lose when time's up. (requested by 3r4ldin)
|
|t:|1757845863
|teamsize|p1|6
|teamsize|p2|6
|start
|switch|p1a: Glimmora|Glimmora, F|100/100
|switch|p2a: Tauros|Tauros-Paldea-Aqua, M|100/100
|-item|p1a: Glimmora|Air Balloon
|turn|1
|
|t:|1757845876
|switch|p1a: Murkrow|Murkrow, F|100/100
|move|p2a: Tauros|Trailblaze|p1a: Murkrow
|-resisted|p1a: Murkrow
|-damage|p1a: Murkrow|90/100
|-boost|p2a: Tauros|spe|1
|
|upkeep
|turn|2
|
|t:|1757845889
|move|p1a: Murkrow|Thunder Wave|p2a: Tauros
|-status|p2a: Tauros|par
|cant|p2a: Tauros|par
|
|upkeep
|turn|3
|
|t:|1757845896
|move|p2a: Tauros|Trailblaze|p1a: Murkrow
|-resisted|p1a: Murkrow
|-damage|p1a: Murkrow|80/100
|-boost|p2a: Tauros|spe|1
|move|p1a: Murkrow|U-turn|p2a: Tauros
|-resisted|p2a: Tauros
|-damage|p2a: Tauros|92/100 par
|
|t:|1757845910
|switch|p1a: Meowscarada|Meowscarada, F|100/100|[from] U-turn
|
|upkeep
|turn|4
|
|t:|1757845917
|move|p2a: Tauros|Endure|p2a: Tauros
|-singleturn|p2a: Tauros|move: Endure
|move|p1a: Meowscarada|Flower Trick|p2a: Tauros
|-start|p1a: Meowscarada|typechange|Grass|[from] ability: Protean
|-supereffective|p2a: Tauros
|-crit|p2a: Tauros
|-activate|p2a: Tauros|move: Endure
|-damage|p2a: Tauros|1/100 par
|-enditem|p2a: Tauros|Liechi Berry|[eat]
|-boost|p2a: Tauros|atk|1|[from] item: Liechi Berry
|
|upkeep
|turn|5
|
|t:|1757845932
|move|p1a: Meowscarada|Flower Trick|p2a: Tauros
|-supereffective|p2a: Tauros
|-crit|p2a: Tauros
|-damage|p2a: Tauros|0 fnt
|faint|p2a: Tauros
|
|upkeep
|
|t:|1757845935
|switch|p2a: Araquanid|Araquanid, F|100/100
|turn|6
|
|t:|1757845942
|move|p1a: Meowscarada|U-turn|p2a: Araquanid
|-damage|p2a: Araquanid|77/100
|
|t:|1757845945
|switch|p1a: Glimmora|Glimmora, F|100/100|[from] U-turn
|-item|p1a: Glimmora|Air Balloon
|move|p2a: Araquanid|Sticky Web|p1a: Glimmora
|-sidestart|p1: thekikiofficial|move: Sticky Web
|
|-heal|p2a: Araquanid|83/100|[from] item: Leftovers
|upkeep
|turn|7
|
|t:|1757845962
|move|p1a: Glimmora|Power Gem|p2a: Araquanid
|-supereffective|p2a: Araquanid
|-damage|p2a: Araquanid|33/100
|move|p2a: Araquanid|Liquidation|p1a: Glimmora
|-supereffective|p1a: Glimmora
|-damage|p1a: Glimmora|45/100
|-activate|p1a: Glimmora|ability: Toxic Debris
|-sidestart|p2: 3r4ldin|move: Toxic Spikes
|-enditem|p1a: Glimmora|Air Balloon
|
|-heal|p2a: Araquanid|40/100|[from] item: Leftovers
|upkeep
|turn|8
|
|t:|1757845974
|move|p1a: Glimmora|Power Gem|p2a: Araquanid
|-supereffective|p2a: Araquanid
|-damage|p2a: Araquanid|0 fnt
|faint|p2a: Araquanid
|
|upkeep
|
|t:|1757845977
|switch|p2a: Corviknight|Corviknight, M|100/100
|turn|9
|
|t:|1757845983
|move|p1a: Glimmora|Stealth Rock|p2a: Corviknight
|-sidestart|p2: 3r4ldin|move: Stealth Rock
|move|p2a: Corviknight|Iron Defense|p2a: Corviknight
|-boost|p2a: Corviknight|def|2
|
|upkeep
|turn|10
|
|t:|1757845990
|move|p1a: Glimmora|Power Gem|p2a: Corviknight
|-damage|p2a: Corviknight|70/100
|move|p2a: Corviknight|Iron Defense|p2a: Corviknight
|-boost|p2a: Corviknight|def|2
|
|upkeep
|turn|11
|
|t:|1757845998
|move|p1a: Glimmora|Power Gem|p2a: Corviknight
|-damage|p2a: Corviknight|39/100
|move|p2a: Corviknight|Defog|p1a: Glimmora
|-unboost|p1a: Glimmora|evasion|1
|-sideend|p1: thekikiofficial|Sticky Web|[from] move: Defog|[of] p2a: Corviknight
|-sideend|p2: 3r4ldin|Toxic Spikes|[from] move: Defog|[of] p2a: Corviknight
|-sideend|p2: 3r4ldin|Stealth Rock|[from] move: Defog|[of] p2a: Corviknight
|
|upkeep
|turn|12
|
|t:|1757846006
|move|p1a: Glimmora|Power Gem|p2a: Corviknight
|-damage|p2a: Corviknight|12/100
|move|p2a: Corviknight|Body Press|p1a: Glimmora
|-damage|p1a: Glimmora|0 fnt
|-activate|p1a: Glimmora|ability: Toxic Debris
|-sidestart|p2: 3r4ldin|move: Toxic Spikes
|faint|p1a: Glimmora
|
|upkeep
|
|t:|1757846020
|switch|p1a: Cinderace|Cinderace, F|100/100
|turn|13
|
|t:|1757846024
|move|p1a: Cinderace|Pyro Ball|p2a: Corviknight
|-supereffective|p2a: Corviknight
|-damage|p2a: Corviknight|0 fnt
|faint|p2a: Corviknight
|
|upkeep
|
|t:|1757846029
|switch|p2a: Dondozo|Dondozo, F|100/100
|-status|p2a: Dondozo|psn
|turn|14
|
|t:|1757846041
|switch|p1a: Meowscarada|Meowscarada, F|100/100
|move|p2a: Dondozo|Body Press|p1a: Meowscarada
|-supereffective|p1a: Meowscarada
|-damage|p1a: Meowscarada|40/100
|
|-damage|p2a: Dondozo|88/100 psn|[from] psn
|upkeep
|turn|15
|
|t:|1757846050
|move|p1a: Meowscarada|Flower Trick|p2a: Dondozo
|-start|p1a: Meowscarada|typechange|Grass|[from] ability: Protean
|-supereffective|p2a: Dondozo
|-crit|p2a: Dondozo
|-damage|p2a: Dondozo|19/100 psn
|move|p2a: Dondozo|Heavy Slam|p1a: Meowscarada
|-damage|p1a: Meowscarada|0 fnt
|faint|p1a: Meowscarada
|
|-damage|p2a: Dondozo|6/100 psn|[from] psn
|upkeep
|-message|3r4ldin forfeited.
|
|win|thekikiofficial
|raw|thekikiofficial's rating: 1178 &rarr; <strong>1200</strong><br />(+22 for winning)
|raw|3r4ldin's rating: 1139 &rarr; <strong>1117</strong><br />(-22 for losing)
|l|☆3r4ldin
|player|p2|
