|j|☆KinderMU
|j|☆Legend_of_Linky
|t:|1757942236
|gametype|singles
|player|p1|KinderMU|2|1045
|player|p2|Legend_of_Linky|zinnia|1035
|gen|9
|tier|[Gen 9] OU
|rated|
|rule|HP Percentage Mod: HP is shown in percentages
|rule|Endless Battle Clause: Forcing endless battles is banned
|rule|Species Clause: Limit one of each Pokémon
|rule|OHKO Clause: OHKO moves are banned
|rule|Evasion Items Clause: Evasion items are banned
|rule|Evasion Moves Clause: Evasion moves are banned
|rule|Evasion Abilities Clause: Evasion abilities are banned
|rule|Sleep Moves Clause: Sleep-inducing moves are banned
|clearpoke
|poke|p1|Walking Wake|
|poke|p1|Zamazenta-*|
|poke|p1|Greninja-*, M|
|poke|p1|Meowscarada, M|
|poke|p1|Chansey, F|
|poke|p1|Torkoal, M|
|poke|p2|Kommo-o, M|
|poke|p2|Spidops, M|
|poke|p2|Weezing-Galar, M|
|poke|p2|Cinderace, M|
|poke|p2|Iron Moth|
|poke|p2|Alomomola, F|
|teampreview
|inactive|Battle timer is ON: inactive players will automatically lose when time's up. (requested by Legend_of_Linky)
|
|t:|1757942243
|teamsize|p1|6
|teamsize|p2|6
|start
|switch|p1a: Torkoal|Torkoal, M|100/100
|switch|p2a: Spidops|Spidops, M, shiny|100/100
|-weather|SunnyDay|[from] ability: Drought|[of] p1a: Torkoal
|turn|1
|
|t:|1757942261
|move|p2a: Spidops|Sticky Web|p1a: Torkoal
|-sidestart|p1: KinderMU|move: Sticky Web
|move|p1a: Torkoal|Lava Plume|p2a: Spidops
|-supereffective|p2a: Spidops
|-enditem|p2a: Spidops|Focus Sash
|-damage|p2a: Spidops|1/100
|
|-weather|SunnyDay|[upkeep]
|upkeep
|turn|2
|
|t:|1757942271
|move|p2a: Spidops|Sucker Punch|p1a: Torkoal
|-damage|p1a: Torkoal|88/100
|move|p1a: Torkoal|Rapid Spin|p2a: Spidops
|-damage|p2a: Spidops|0 fnt
|-boost|p1a: Torkoal|spe|1
|-sideend|p1: KinderMU|Sticky Web|[from] move: Rapid Spin|[of] p1a: Torkoal
|faint|p2a: Spidops
|
|-weather|SunnyDay|[upkeep]
|upkeep
|inactive|Legend_of_Linky has 120 seconds left.
|
|t:|1757942301
|switch|p2a: Alomomomomomomola|Alomomola, F, shiny|100/100
|turn|3
|
|t:|1757942311
|switch|p1a: Walking Wake|Walking Wake|100/100
|-activate|p1a: Walking Wake|ability: Protosynthesis
|-start|p1a: Walking Wake|protosynthesisspe
|move|p2a: Alomomomomomomola|Flip Turn|p1a: Walking Wake
|-resisted|p1a: Walking Wake
|-damage|p1a: Walking Wake|99/100
|inactive|Legend_of_Linky has 120 seconds left.
|
|t:|1757942327
|switch|p2a: Iron Moth|Iron Moth|100/100|[from] Flip Turn
|-enditem|p2a: Iron Moth|Booster Energy
|-activate|p2a: Iron Moth|ability: Quark Drive|[fromitem]
|-start|p2a: Iron Moth|quarkdrivespe
|
|-weather|SunnyDay|[upkeep]
|upkeep
|turn|4
|inactive|Legend_of_Linky has 120 seconds left.
|
|t:|1757942353
|-terastallize|p2a: Iron Moth|Bug
|move|p2a: Iron Moth|Dazzling Gleam|p1a: Walking Wake
|-supereffective|p1a: Walking Wake
|-damage|p1a: Walking Wake|33/100
|move|p1a: Walking Wake|Hydro Steam|p2a: Iron Moth
|-damage|p2a: Iron Moth|24/100
|
|-weather|SunnyDay|[upkeep]
|upkeep
|turn|5
|
|t:|1757942362
|-end|p1a: Walking Wake|Protosynthesis|[silent]
|switch|p1a: Chansey|Chansey, F|100/100
|move|p2a: Iron Moth|Dazzling Gleam|p1a: Chansey
|-damage|p1a: Chansey|93/100
|
|-weather|SunnyDay|[upkeep]
|upkeep
|turn|6
|
|t:|1757942371
|-end|p2a: Iron Moth|Quark Drive|[silent]
|switch|p2a: Cinderace|Cinderace, M|100/100
|move|p1a: Chansey|Thunder Wave|p2a: Cinderace
|-status|p2a: Cinderace|par
|
|-weather|SunnyDay|[upkeep]
|upkeep
|turn|7
|
|t:|1757942389
|move|p1a: Chansey|Protect|p1a: Chansey
|-singleturn|p1a: Chansey|Protect
|move|p2a: Cinderace|High Jump Kick|p1a: Chansey
|-start|p2a: Cinderace|typechange|Fighting|[from] ability: Libero
|-activate|p1a: Chansey|move: Protect
|-damage|p2a: Cinderace|51/100 par|[from] highjumpkick
|
|-weather|SunnyDay|[upkeep]
|upkeep
|turn|8
|inactive|Legend_of_Linky has 120 seconds left.
|
|t:|1757942409
|switch|p1a: Zamazenta|Zamazenta|100/100
|-ability|p1a: Zamazenta|Dauntless Shield|boost
|-boost|p1a: Zamazenta|def|1
|move|p2a: Cinderace|High Jump Kick|p1a: Zamazenta|[miss]
|-miss|p2a: Cinderace|p1a: Zamazenta
|-damage|p2a: Cinderace|1/100 par|[from] highjumpkick
|
|-weather|none
|upkeep
|turn|9
|c|☆Legend_of_Linky|FUCK!!!!!!!!!!!!!!!!!!!!!
|inactive|Legend_of_Linky has 120 seconds left.
|
|t:|1757942422
|move|p1a: Zamazenta|Crunch|p2a: Cinderace
|-resisted|p2a: Cinderace
|-damage|p2a: Cinderace|0 fnt
|faint|p2a: Cinderace
|
|upkeep
|c|☆KinderMU|100% luck xD
|
|t:|1757942427
|switch|p2a: Weezing|Weezing-Galar, M, shiny|100/100
|-fieldstart|move: Misty Terrain|[from] ability: Misty Surge|[of] p2a: Weezing
|turn|10
|
|t:|1757942436
|-terastallize|p1a: Zamazenta|Steel
|move|p1a: Zamazenta|Heavy Slam|p2a: Weezing
|-supereffective|p2a: Weezing
|-damage|p2a: Weezing|30/100
|move|p2a: Weezing|Strange Steam|p1a: Zamazenta
|-resisted|p1a: Zamazenta
|-damage|p1a: Zamazenta|88/100
|
|upkeep
|turn|11
|
|t:|1757942445
|move|p1a: Zamazenta|Heavy Slam|p2a: Weezing
|-supereffective|p2a: Weezing
|-damage|p2a: Weezing|0 fnt
|faint|p2a: Weezing
|
|upkeep
|
|t:|1757942450
|switch|p2a: Kommo-o-o-o-o-o-o|Kommo-o, M|100/100
|turn|12
|inactive|KinderMU has 120 seconds left.
|
|t:|1757942491
|move|p1a: Zamazenta|Close Combat|p2a: Kommo-o-o-o-o-o-o
|-damage|p2a: Kommo-o-o-o-o-o-o|54/100
|-unboost|p1a: Zamazenta|def|1
|-unboost|p1a: Zamazenta|spd|1
|move|p2a: Kommo-o-o-o-o-o-o|Aura Sphere|p1a: Zamazenta
|-supereffective|p1a: Zamazenta
|-crit|p1a: Zamazenta
|-damage|p1a: Zamazenta|0 fnt
|faint|p1a: Zamazenta
|
|upkeep
|
|t:|1757942495
|switch|p1a: Torkoal|Torkoal, M|88/100
|-weather|SunnyDay|[from] ability: Drought|[of] p1a: Torkoal
|turn|13
|
|t:|1757942506
|move|p2a: Kommo-o-o-o-o-o-o|Boomburst|p1a: Torkoal
|-damage|p1a: Torkoal|18/100
|-enditem|p2a: Kommo-o-o-o-o-o-o|Throat Spray
|-boost|p2a: Kommo-o-o-o-o-o-o|spa|1|[from] item: Throat Spray
|move|p1a: Torkoal|Body Press|p2a: Kommo-o-o-o-o-o-o
|-damage|p2a: Kommo-o-o-o-o-o-o|29/100
|
|-weather|SunnyDay|[upkeep]
|upkeep
|turn|14
|
|t:|1757942514
|move|p2a: Kommo-o-o-o-o-o-o|Boomburst|p1a: Torkoal
|-damage|p1a: Torkoal|0 fnt
|faint|p1a: Torkoal
|
|-weather|SunnyDay|[upkeep]
|-fieldend|Misty Terrain
|upkeep
|
|t:|1757942520
|switch|p1a: Walking Wake|Walking Wake|33/100
|-activate|p1a: Walking Wake|ability: Protosynthesis
|-start|p1a: Walking Wake|protosynthesisspe
|turn|15
|
|t:|1757942531
|move|p1a: Walking Wake|Hydro Steam|p2a: Kommo-o-o-o-o-o-o
|-resisted|p2a: Kommo-o-o-o-o-o-o
|-damage|p2a: Kommo-o-o-o-o-o-o|0 fnt
|faint|p2a: Kommo-o-o-o-o-o-o
|
|-weather|SunnyDay|[upkeep]
|upkeep
|
|t:|1757942536
|switch|p2a: Alomomomomomomola|Alomomola, F, shiny|100/100
|turn|16
|
|t:|1757942540
|move|p1a: Walking Wake|Hydro Steam|p2a: Alomomomomomomola
|-resisted|p2a: Alomomomomomomola
|-damage|p2a: Alomomomomomomola|50/100
|move|p2a: Alomomomomomomola|Alluring Voice|p1a: Walking Wake
|-supereffective|p1a: Walking Wake
|-damage|p1a: Walking Wake|11/100
|
|-weather|SunnyDay|[upkeep]
|-heal|p2a: Alomomomomomomola|57/100|[from] item: Leftovers
|upkeep
|turn|17
|
|t:|1757942558
|-end|p1a: Walking Wake|Protosynthesis|[silent]
|switch|p1a: Chansey|Chansey, F|93/100
|move|p2a: Alomomomomomomola|Healing Wish|p2a: Alomomomomomomola
|faint|p2a: Alomomomomomomola
|
|-weather|SunnyDay|[upkeep]
|upkeep
|
|t:|1757942564
|switch|p2a: Iron Moth|Iron Moth, tera:Bug|24/100
|-heal|p2a: Iron Moth|100/100|[from] move: Healing Wish
|turn|18
|
|t:|1757942574
|move|p2a: Iron Moth|Fiery Dance|p1a: Chansey
|-damage|p1a: Chansey|79/100
|move|p1a: Chansey|Thunder Wave|p2a: Iron Moth
|-status|p2a: Iron Moth|par
|
|-weather|SunnyDay|[upkeep]
|upkeep
|turn|19
|
|t:|1757942580
|move|p2a: Iron Moth|Fiery Dance|p1a: Chansey
|-damage|p1a: Chansey|62/100
|-boost|p2a: Iron Moth|spa|1
|move|p1a: Chansey|Seismic Toss|p2a: Iron Moth
|-damage|p2a: Iron Moth|67/100 par
|
|-weather|SunnyDay|[upkeep]
|upkeep
|turn|20
|
|t:|1757942591
|switch|p1a: Meowscarada|Meowscarada, M|100/100
|move|p2a: Iron Moth|Fiery Dance|p1a: Meowscarada
|-supereffective|p1a: Meowscarada
|-crit|p1a: Meowscarada
|-damage|p1a: Meowscarada|0 fnt
|-boost|p2a: Iron Moth|spa|1
|faint|p1a: Meowscarada
|
|-weather|none
|upkeep
|
|t:|1757942594
|switch|p1a: Walking Wake|Walking Wake|11/100
|turn|21
|c|☆KinderMU|gg
|
|t:|1757942606
|move|p1a: Walking Wake|Draco Meteor|p2a: Iron Moth
|-damage|p2a: Iron Moth|0 fnt
|-unboost|p1a: Walking Wake|spa|2
|faint|p2a: Iron Moth
|-end|p2a: Iron Moth|Quark Drive|[silent]
|
|win|KinderMU
