|j|☆whichjuanz
|j|☆njnoijoip
|t:|1757823820
|gametype|singles
|player|p1|whichjuanz|hiker-gen4|1214
|player|p2|njnoijoip|richboy|1170
|gen|9
|tier|[Gen 9] OU
|rated|
|rule|HP Percentage Mod: HP is shown in percentages
|rule|Endless Battle Clause: Forcing endless battles is banned
|rule|Species Clause: Limit one of each Pokémon
|rule|OHKO Clause: OHKO moves are banned
|rule|Evasion Items Clause: Evasion items are banned
|rule|Evasion Moves Clause: Evasion moves are banned
|rule|Evasion Abilities Clause: Evasion abilities are banned
|rule|Sleep Moves Clause: Sleep-inducing moves are banned
|clearpoke
|poke|p1|Primeape, M|
|poke|p1|Alomomola, M|
|poke|p1|Pawmot, F|
|poke|p1|Gardevoir, M|
|poke|p1|Maushold-Four|
|poke|p1|Kingambit, F|
|poke|p2|Excadrill, F|
|poke|p2|Tyranitar, F|
|poke|p2|Garganacl, F|
|poke|p2|Skarmory, F|
|poke|p2|Dragapult, F|
|poke|p2|Alomomola, F|
|teampreview
|inactive|Battle timer is ON: inactive players will automatically lose when time's up. (requested by whichjuanz)
|
|t:|1757823824
|teamsize|p1|6
|teamsize|p2|6
|start
|switch|p1a: Clean up crew|Maushold-Four, shiny|100/100
|switch|p2a: Tyranitar|Tyranitar, F|100/100
|-weather|Sandstorm|[from] ability: Sand Stream|[of] p2a: Tyranitar
|turn|1
|
|t:|1757823829
|move|p1a: Clean up crew|Switcheroo|p2a: Tyranitar
|-activate|p1a: Clean up crew|move: Trick|[of] p2a: Tyranitar
|-item|p2a: Tyranitar|Choice Scarf|[from] move: Switcheroo
|-item|p1a: Clean up crew|Heavy-Duty Boots|[from] move: Switcheroo
|move|p2a: Tyranitar|Knock Off|p1a: Clean up crew
|-damage|p1a: Clean up crew|35/100
|-enditem|p1a: Clean up crew|Heavy-Duty Boots|[from] move: Knock Off|[of] p2a: Tyranitar
|
|-weather|Sandstorm|[upkeep]
|-damage|p1a: Clean up crew|29/100|[from] Sandstorm
|upkeep
|turn|2
|
|t:|1757823835
|switch|p1a: ComeBackKid|Alomomola, M, shiny|100/100
|move|p2a: Tyranitar|Knock Off|p1a: ComeBackKid
|-damage|p1a: ComeBackKid|78/100
|-enditem|p1a: ComeBackKid|Leftovers|[from] move: Knock Off|[of] p2a: Tyranitar
|
|-weather|Sandstorm|[upkeep]
|-damage|p1a: ComeBackKid|72/100|[from] Sandstorm
|upkeep
|turn|3
|
|t:|1757823847
|switch|p2a: Garganacl|Garganacl, F|100/100
|move|p1a: ComeBackKid|Wish|p1a: ComeBackKid
|
|-weather|Sandstorm|[upkeep]
|-damage|p1a: ComeBackKid|66/100|[from] Sandstorm
|upkeep
|turn|4
|
|t:|1757823850
|move|p1a: ComeBackKid|Flip Turn|p2a: Garganacl
|-supereffective|p2a: Garganacl
|-damage|p2a: Garganacl|78/100
|
|t:|1757823855
|switch|p1a: Trixxy|Gardevoir, M, shiny|100/100|[from] Flip Turn
|-ability|p1a: Trixxy|Purifying Salt|Trace|[from] ability: Trace|[of] p2a: Garganacl
|move|p2a: Garganacl|Salt Cure|p1a: Trixxy
|-damage|p1a: Trixxy|76/100
|-start|p1a: Trixxy|Salt Cure
|
|-weather|Sandstorm|[upkeep]
|-damage|p1a: Trixxy|69/100|[from] Sandstorm
|-heal|p1a: Trixxy|100/100|[from] move: Wish|[wisher] ComeBackKid
|-damage|p1a: Trixxy|88/100|[from] Salt Cure
|upkeep
|turn|5
|
|t:|1757823868
|move|p1a: Trixxy|Trick|p2a: Garganacl
|-activate|p1a: Trixxy|move: Trick|[of] p2a: Garganacl
|-item|p2a: Garganacl|Choice Scarf|[from] move: Trick
|-item|p1a: Trixxy|Heavy-Duty Boots|[from] move: Trick
|move|p2a: Garganacl|Salt Cure|p1a: Trixxy
|-damage|p1a: Trixxy|63/100
|
|-weather|none
|-damage|p1a: Trixxy|51/100|[from] Salt Cure
|upkeep
|turn|6
|
|t:|1757823883
|switch|p1a: PunchingBag|Primeape, M, shiny|100/100
|switch|p2a: Tyranitar|Tyranitar, F|100/100
|-weather|Sandstorm|[from] ability: Sand Stream|[of] p2a: Tyranitar
|
|-weather|Sandstorm|[upkeep]
|-damage|p1a: PunchingBag|95/100|[from] Sandstorm
|upkeep
|turn|7
|
|t:|1757823893
|switch|p2a: Dragapult|Dragapult, F|100/100
|move|p1a: PunchingBag|Drain Punch|p2a: Dragapult
|-immune|p2a: Dragapult
|
|-weather|Sandstorm|[upkeep]
|-damage|p2a: Dragapult|95/100|[from] Sandstorm
|-damage|p1a: PunchingBag|89/100|[from] Sandstorm
|upkeep
|turn|8
|
|t:|1757823895
|move|p2a: Dragapult|Will-O-Wisp|p1a: PunchingBag
|-status|p1a: PunchingBag|brn
|move|p1a: PunchingBag|Rage Fist|p2a: Dragapult
|-supereffective|p2a: Dragapult
|-damage|p2a: Dragapult|74/100
|
|-weather|Sandstorm|[upkeep]
|-damage|p2a: Dragapult|68/100|[from] Sandstorm
|-damage|p1a: PunchingBag|83/100 brn|[from] Sandstorm
|-damage|p1a: PunchingBag|77/100 brn|[from] brn
|upkeep
|turn|9
|
|t:|1757823910
|move|p2a: Dragapult|U-turn|p1a: PunchingBag
|-resisted|p1a: PunchingBag
|-damage|p1a: PunchingBag|68/100 brn
|
|t:|1757823914
|switch|p2a: Excadrill|Excadrill, F|100/100|[from] U-turn
|-item|p2a: Excadrill|Air Balloon
|move|p1a: PunchingBag|Rage Fist|p2a: Excadrill
|-crit|p2a: Excadrill
|-damage|p2a: Excadrill|76/100
|-enditem|p2a: Excadrill|Air Balloon
|
|-weather|Sandstorm|[upkeep]
|-damage|p1a: PunchingBag|62/100 brn|[from] Sandstorm
|-damage|p1a: PunchingBag|56/100 brn|[from] brn
|upkeep
|turn|10
|
|t:|1757823918
|move|p2a: Excadrill|Iron Head|p1a: PunchingBag
|-damage|p1a: PunchingBag|14/100 brn
|cant|p1a: PunchingBag|flinch
|
|-weather|none
|-damage|p1a: PunchingBag|8/100 brn|[from] brn
|upkeep
|turn|11
|
|t:|1757823929
|switch|p2a: Dragapult|Dragapult, F|68/100
|move|p1a: PunchingBag|Drain Punch|p2a: Dragapult
|-immune|p2a: Dragapult
|
|-damage|p1a: PunchingBag|2/100 brn|[from] brn
|upkeep
|turn|12
|
|t:|1757823933
|move|p2a: Dragapult|U-turn|p1a: PunchingBag
|-resisted|p1a: PunchingBag
|-damage|p1a: PunchingBag|0 fnt
|faint|p1a: PunchingBag
|
|t:|1757823937
|switch|p2a: Tyranitar|Tyranitar, F|100/100|[from] U-turn
|-weather|Sandstorm|[from] ability: Sand Stream|[of] p2a: Tyranitar
|
|-weather|Sandstorm|[upkeep]
|upkeep
|
|t:|1757823943
|switch|p1a: ComeBackKid|Alomomola, M, shiny|99/100
|turn|13
|
|t:|1757823958
|switch|p2a: Garganacl|Garganacl, F|78/100
|move|p1a: ComeBackKid|Flip Turn|p2a: Garganacl
|-supereffective|p2a: Garganacl
|-crit|p2a: Garganacl
|-damage|p2a: Garganacl|47/100
|
|t:|1757823962
|switch|p1a: Redo|Pawmot, F, shiny|100/100|[from] Flip Turn
|
|-weather|Sandstorm|[upkeep]
|-damage|p1a: Redo|94/100|[from] Sandstorm
|upkeep
|turn|14
|
|t:|1757823968
|move|p1a: Redo|Revival Blessing|p1a: Redo
|-enditem|p1a: Redo|Leppa Berry|[eat]
|-activate|p1a: Redo|item: Leppa Berry|Revival Blessing|[consumed]
|
|t:|1757823970
|-heal|p1: PunchingBag|50/100|[from] move: Revival Blessing
|move|p2a: Garganacl|Salt Cure|p1a: Redo
|-resisted|p1a: Redo
|-damage|p1a: Redo|83/100
|-start|p1a: Redo|Salt Cure
|
|-weather|Sandstorm|[upkeep]
|-damage|p1a: Redo|77/100|[from] Sandstorm
|-damage|p1a: Redo|65/100|[from] Salt Cure
|upkeep
|turn|15
|
|t:|1757823988
|switch|p1a: Trixxy|Gardevoir, M, shiny|51/100
|-ability|p1a: Trixxy|Purifying Salt|Trace|[from] ability: Trace|[of] p2a: Garganacl
|switch|p2a: Dragapult|Dragapult, F|68/100
|
|-weather|Sandstorm|[upkeep]
|-damage|p2a: Dragapult|62/100|[from] Sandstorm
|-damage|p1a: Trixxy|45/100|[from] Sandstorm
|upkeep
|turn|16
|
|t:|1757823999
|switch|p2a: Excadrill|Excadrill, F|76/100
|switch|p1a: PunchingBag|Primeape, M, shiny|50/100
|
|-weather|none
|upkeep
|turn|17
|
|t:|1757824006
|switch|p2a: Tyranitar|Tyranitar, F|100/100
|-weather|Sandstorm|[from] ability: Sand Stream|[of] p2a: Tyranitar
|switch|p1a: ComeBackKid|Alomomola, M, shiny|100/100
|
|-weather|Sandstorm|[upkeep]
|-damage|p1a: ComeBackKid|94/100|[from] Sandstorm
|upkeep
|turn|18
|
|t:|1757824014
|switch|p2a: Excadrill|Excadrill, F|76/100
|move|p1a: ComeBackKid|Flip Turn|p2a: Excadrill
|-supereffective|p2a: Excadrill
|-damage|p2a: Excadrill|30/100
|
|t:|1757824017
|switch|p1a: Redo|Pawmot, F, shiny|65/100|[from] Flip Turn
|
|-weather|Sandstorm|[upkeep]
|-damage|p1a: Redo|59/100|[from] Sandstorm
|upkeep
|turn|19
|
|t:|1757824025
|-terastallize|p2a: Excadrill|Ghost
|move|p1a: Redo|Mach Punch|p2a: Excadrill
|-immune|p2a: Excadrill
|move|p2a: Excadrill|Earthquake|p1a: Redo
|-supereffective|p1a: Redo
|-damage|p1a: Redo|0 fnt
|faint|p1a: Redo
|
|-weather|Sandstorm|[upkeep]
|upkeep
|
|t:|1757824028
|switch|p1a: Last Mon Standing|Kingambit, F, shiny|100/100
|-activate|p1a: Last Mon Standing|ability: Supreme Overlord
|-start|p1a: Last Mon Standing|fallen2|[silent]
|turn|20
|
|t:|1757824044
|switch|p2a: Alomomola|Alomomola, F|100/100
|move|p1a: Last Mon Standing|Kowtow Cleave|p2a: Alomomola
|-damage|p2a: Alomomola|62/100
|
|-weather|Sandstorm|[upkeep]
|-damage|p2a: Alomomola|56/100|[from] Sandstorm
|upkeep
|turn|21
|
|t:|1757824051
|-end|p1a: Last Mon Standing|fallen2|[silent]
|switch|p1a: PunchingBag|Primeape, M, shiny|50/100
|move|p2a: Alomomola|Wish|p2a: Alomomola
|
|-weather|none
|upkeep
|turn|22
|
|t:|1757824055
|move|p1a: PunchingBag|Drain Punch|p2a: Alomomola
|-damage|p2a: Alomomola|38/100
|-heal|p1a: PunchingBag|63/100|[from] drain|[of] p2a: Alomomola
|move|p2a: Alomomola|Flip Turn|p1a: PunchingBag
|-damage|p1a: PunchingBag|47/100
|
|t:|1757824063
|switch|p2a: Garganacl|Garganacl, F|47/100|[from] Flip Turn
|
|-heal|p2a: Garganacl|100/100|[from] move: Wish|[wisher] Alomomola
|upkeep
|turn|23
|
|t:|1757824069
|switch|p1a: Trixxy|Gardevoir, M, shiny|45/100
|-ability|p1a: Trixxy|Purifying Salt|Trace|[from] ability: Trace|[of] p2a: Garganacl
|move|p2a: Garganacl|Earthquake|p1a: Trixxy
|-damage|p1a: Trixxy|6/100
|
|upkeep
|turn|24
|
|t:|1757824078
|move|p1a: Trixxy|Healing Wish|p1a: Trixxy
|faint|p1a: Trixxy
|move|p2a: Garganacl|Earthquake|p1: Trixxy|[notarget]
|-fail|p2a: Garganacl
|
|upkeep
|
|t:|1757824080
|switch|p1a: PunchingBag|Primeape, M, shiny|47/100
|-heal|p1a: PunchingBag|100/100|[from] move: Healing Wish
|turn|25
|
|t:|1757824095
|switch|p2a: Alomomola|Alomomola, F|72/100
|move|p1a: PunchingBag|Bulk Up|p1a: PunchingBag
|-boost|p1a: PunchingBag|atk|1
|-boost|p1a: PunchingBag|def|1
|
|upkeep
|turn|26
|
|t:|1757824101
|move|p1a: PunchingBag|Bulk Up|p1a: PunchingBag
|-boost|p1a: PunchingBag|atk|1
|-boost|p1a: PunchingBag|def|1
|move|p2a: Alomomola|Wish|p2a: Alomomola
|
|upkeep
|turn|27
|
|t:|1757824112
|move|p1a: PunchingBag|Bulk Up|p1a: PunchingBag
|-boost|p1a: PunchingBag|atk|1
|-boost|p1a: PunchingBag|def|1
|move|p2a: Alomomola|Flip Turn|p1a: PunchingBag
|-damage|p1a: PunchingBag|93/100
|
|t:|1757824124
|switch|p2a: Dragapult|Dragapult, F|62/100|[from] Flip Turn
|
|-heal|p2a: Dragapult|100/100|[from] move: Wish|[wisher] Alomomola
|upkeep
|turn|28
|
|t:|1757824127
|-terastallize|p1a: PunchingBag|Fire
|move|p2a: Dragapult|Will-O-Wisp|p1a: PunchingBag
|-immune|p1a: PunchingBag
|move|p1a: PunchingBag|Rage Fist|p2a: Dragapult
|-supereffective|p2a: Dragapult
|-damage|p2a: Dragapult|0 fnt
|faint|p2a: Dragapult
|
|upkeep
|
|t:|1757824138
|switch|p2a: Tyranitar|Tyranitar, F|100/100
|-weather|Sandstorm|[from] ability: Sand Stream|[of] p2a: Tyranitar
|turn|29
|
|t:|1757824157
|move|p2a: Tyranitar|Knock Off|p1a: PunchingBag
|-damage|p1a: PunchingBag|77/100
|-enditem|p1a: PunchingBag|Eviolite|[from] move: Knock Off|[of] p2a: Tyranitar
|move|p1a: PunchingBag|Drain Punch|p2a: Tyranitar
|-supereffective|p2a: Tyranitar
|-damage|p2a: Tyranitar|0 fnt
|-heal|p1a: PunchingBag|100/100|[from] drain|[of] p2a: Tyranitar
|faint|p2a: Tyranitar
|
|-weather|Sandstorm|[upkeep]
|-damage|p1a: PunchingBag|95/100|[from] Sandstorm
|upkeep
|
|t:|1757824164
|switch|p2a: Excadrill|Excadrill, F, tera:Ghost|30/100
|turn|30
|
|t:|1757824166
|move|p2a: Excadrill|Earthquake|p1a: PunchingBag
|-supereffective|p1a: PunchingBag
|-damage|p1a: PunchingBag|24/100
|move|p1a: PunchingBag|Rage Fist|p2a: Excadrill
|-supereffective|p2a: Excadrill
|-damage|p2a: Excadrill|0 fnt
|faint|p2a: Excadrill
|
|-weather|Sandstorm|[upkeep]
|-damage|p1a: PunchingBag|18/100|[from] Sandstorm
|upkeep
|
|t:|1757824170
|switch|p2a: Alomomola|Alomomola, F|100/100
|turn|31
|
|t:|1757824173
|move|p1a: PunchingBag|Drain Punch|p2a: Alomomola
|-damage|p2a: Alomomola|63/100
|-heal|p1a: PunchingBag|45/100|[from] drain|[of] p2a: Alomomola
|move|p2a: Alomomola|Flip Turn|p1a: PunchingBag
|-supereffective|p1a: PunchingBag
|-damage|p1a: PunchingBag|23/100
|
|t:|1757824181
|switch|p2a: Garganacl|Garganacl, F|100/100|[from] Flip Turn
|
|-weather|Sandstorm|[upkeep]
|-damage|p1a: PunchingBag|17/100|[from] Sandstorm
|upkeep
|turn|32
|
|t:|1757824184
|move|p1a: PunchingBag|Drain Punch|p2a: Garganacl
|-supereffective|p2a: Garganacl
|-damage|p2a: Garganacl|17/100
|-heal|p1a: PunchingBag|67/100|[from] drain|[of] p2a: Garganacl
|move|p2a: Garganacl|Salt Cure|p1a: PunchingBag
|-supereffective|p1a: PunchingBag
|-damage|p1a: PunchingBag|51/100
|-start|p1a: PunchingBag|Salt Cure
|
|-weather|Sandstorm|[upkeep]
|-damage|p1a: PunchingBag|45/100|[from] Sandstorm
|-damage|p1a: PunchingBag|33/100|[from] Salt Cure
|upkeep
|turn|33
|
|t:|1757824198
|move|p1a: PunchingBag|Drain Punch|p2a: Garganacl
|-supereffective|p2a: Garganacl
|-damage|p2a: Garganacl|0 fnt
|-heal|p1a: PunchingBag|43/100|[from] drain|[of] p2a: Garganacl
|faint|p2a: Garganacl
|
|-weather|none
|-damage|p1a: PunchingBag|31/100|[from] Salt Cure
|upkeep
|
|t:|1757824203
|switch|p2a: Skarmory|Skarmory, F|100/100
|turn|34
|
|t:|1757824211
|move|p1a: PunchingBag|Rage Fist|p2a: Skarmory
|-ability|p2a: Skarmory|Sturdy
|-damage|p2a: Skarmory|1/100
|-damage|p1a: PunchingBag|14/100|[from] item: Rocky Helmet|[of] p2a: Skarmory
|move|p2a: Skarmory|Body Press|p1a: PunchingBag
|-damage|p1a: PunchingBag|0 fnt
|faint|p1a: PunchingBag
|
|upkeep
|
|t:|1757824217
|switch|p1a: Clean up crew|Maushold-Four, shiny|29/100
|turn|35
|
|t:|1757824221
|move|p1a: Clean up crew|Beat Up|p2a: Skarmory
|-damage|p2a: Skarmory|0 fnt
|faint|p2a: Skarmory
|-hitcount|p2: Skarmory|1
|
|upkeep
|-message|njnoijoip forfeited.
|
|win|whichjuanz
|raw|whichjuanz's rating: 1214 &rarr; <strong>1236</strong><br />(+22 for winning)
|raw|njnoijoip's rating: 1170 &rarr; <strong>1148</strong><br />(-22 for losing)
|l|☆njnoijoip
|player|p2|
|l|☆whichjuanz
|player|p1|
