|j|☆2xdaddy
|j|☆FireRush
|t:|1757932514
|gametype|singles
|player|p1|2xdaddy|170|1155
|player|p2|FireRush|169|1144
|gen|9
|tier|[Gen 9] OU
|rated|
|rule|HP Percentage Mod: HP is shown in percentages
|rule|Endless Battle Clause: Forcing endless battles is banned
|rule|Species Clause: Limit one of each Pokémon
|rule|OHKO Clause: OHKO moves are banned
|rule|Evasion Items Clause: Evasion items are banned
|rule|Evasion Moves Clause: Evasion moves are banned
|rule|Evasion Abilities Clause: Evasion abilities are banned
|rule|Sleep Moves Clause: Sleep-inducing moves are banned
|clearpoke
|poke|p1|Necrozma|
|poke|p1|Darkrai|
|poke|p1|Swampert, F|
|poke|p1|Raging Bolt|
|poke|p1|Scizor, F|
|poke|p1|Okidogi, M|
|poke|p2|Zoroark-Hisui, F|
|poke|p2|Kingambit, M|
|poke|p2|Samurott-Hisui, M|
|poke|p2|Slowking-Galar, M|
|poke|p2|Sandslash-Alola, F|
|poke|p2|Skeledirge, F|
|teampreview
|
|t:|1757932543
|teamsize|p1|6
|teamsize|p2|6
|start
|switch|p1a: Darkrai|Darkrai|100/100
|switch|p2a: Samurott|Samurott-Hisui, M|100/100
|turn|1
|
|t:|1757932554
|move|p1a: Darkrai|Nasty Plot|p1a: Darkrai
|-boost|p1a: Darkrai|spa|2
|move|p2a: Samurott|Knock Off|p1a: Darkrai
|-resisted|p1a: Darkrai
|-damage|p1a: Darkrai|71/100
|-enditem|p1a: Darkrai|Expert Belt|[from] move: Knock Off|[of] p2a: Samurott
|
|upkeep
|turn|2
|
|t:|1757932566
|move|p1a: Darkrai|Sludge Bomb|p2a: Samurott
|-damage|p2a: Samurott|48/100
|-status|p2a: Samurott|psn
|move|p2a: Samurott|Aqua Cutter|p1a: Darkrai
|-damage|p1a: Darkrai|13/100
|
|-damage|p2a: Samurott|35/100 psn|[from] psn
|upkeep
|turn|3
|
|t:|1757932576
|move|p2a: Samurott|Aqua Jet|p1a: Darkrai
|-damage|p1a: Darkrai|0 fnt
|faint|p1a: Darkrai
|
|-damage|p2a: Samurott|23/100 psn|[from] psn
|upkeep
|
|t:|1757932599
|switch|p1a: Okidogi|Okidogi, M|100/100
|turn|4
|
|t:|1757932613
|switch|p2a: Skeledirge|Skeledirge, F|100/100
|move|p1a: Okidogi|Knock Off|p2a: Skeledirge
|-supereffective|p2a: Skeledirge
|-damage|p2a: Skeledirge|57/100
|-status|p2a: Skeledirge|tox|[from] ability: Toxic Chain|[of] p1a: Okidogi
|-enditem|p2a: Skeledirge|Heavy-Duty Boots|[from] move: Knock Off|[of] p1a: Okidogi
|
|-damage|p2a: Skeledirge|51/100 tox|[from] psn
|upkeep
|turn|5
|
|t:|1757932630
|move|p1a: Okidogi|Poison Jab|p2a: Skeledirge
|-resisted|p2a: Skeledirge
|-damage|p2a: Skeledirge|39/100 tox
|move|p2a: Skeledirge|Encore|p1a: Okidogi
|-start|p1a: Okidogi|Encore
|
|-damage|p2a: Skeledirge|26/100 tox|[from] psn
|upkeep
|turn|6
|
|t:|1757932639
|move|p1a: Okidogi|Poison Jab|p2a: Skeledirge
|-resisted|p2a: Skeledirge
|-damage|p2a: Skeledirge|14/100 tox
|move|p2a: Skeledirge|Slack Off|p2a: Skeledirge
|-heal|p2a: Skeledirge|64/100 tox
|
|-damage|p2a: Skeledirge|46/100 tox|[from] psn
|upkeep
|turn|7
|
|t:|1757932652
|switch|p2a: Sandslash|Sandslash-Alola, F|100/100
|move|p1a: Okidogi|Poison Jab|p2a: Sandslash
|-immune|p2a: Sandslash
|
|upkeep
|turn|8
|
|t:|1757932662
|switch|p1a: Scizor|Scizor, F, shiny|100/100
|move|p2a: Sandslash|Stealth Rock|p1a: Scizor
|-sidestart|p1: 2xdaddy|move: Stealth Rock
|
|upkeep
|turn|9
|
|t:|1757932681
|switch|p2a: Slowking|Slowking-Galar, M|100/100
|move|p1a: Scizor|Defog|p2a: Slowking
|-unboost|p2a: Slowking|evasion|1
|-sideend|p1: 2xdaddy|Stealth Rock|[from] move: Defog|[of] p1a: Scizor
|
|upkeep
|turn|10
|
|t:|1757932708
|move|p1a: Scizor|Swords Dance|p1a: Scizor
|-boost|p1a: Scizor|atk|2
|move|p2a: Slowking|Eerie Spell|p1a: Scizor
|-resisted|p1a: Scizor
|-damage|p1a: Scizor|83/100
|-activate|p1a: Scizor|move: Eerie Spell|Swords Dance|3
|
|upkeep
|turn|11
|
|t:|1757932719
|move|p1a: Scizor|Bug Bite|p2a: Slowking
|-damage|p2a: Slowking|5/100
|-prepare|p2a: Slowking|Chilly Reception|[premajor]
|move|p2a: Slowking|Chilly Reception|p2a: Slowking
|-weather|Snowscape
|
|t:|1757932738
|switch|p2a: Skeledirge|Skeledirge, F|46/100 tox|[from] Chilly Reception
|
|-weather|Snowscape|[upkeep]
|-damage|p2a: Skeledirge|40/100 tox|[from] psn
|upkeep
|turn|12
|
|t:|1757932748
|move|p1a: Scizor|Bullet Punch|p2a: Skeledirge
|-resisted|p2a: Skeledirge
|-damage|p2a: Skeledirge|26/100 tox
|move|p2a: Skeledirge|Torch Song|p1a: Scizor
|-supereffective|p1a: Scizor
|-damage|p1a: Scizor|0 fnt
|-boost|p2a: Skeledirge|spa|1
|faint|p1a: Scizor
|
|-weather|Snowscape|[upkeep]
|-damage|p2a: Skeledirge|14/100 tox|[from] psn
|upkeep
|
|t:|1757932767
|switch|p1a: Swampert|Swampert, F|100/100
|turn|13
|
|t:|1757932777
|move|p2a: Skeledirge|Torch Song|p1a: Swampert
|-resisted|p1a: Swampert
|-damage|p1a: Swampert|81/100
|-boost|p2a: Skeledirge|spa|1
|move|p1a: Swampert|Earthquake|p2a: Skeledirge
|-supereffective|p2a: Skeledirge
|-damage|p2a: Skeledirge|0 fnt
|faint|p2a: Skeledirge
|
|-weather|Snowscape|[upkeep]
|-heal|p1a: Swampert|87/100|[from] item: Leftovers
|upkeep
|
|t:|1757932792
|switch|p2a: Sandslash|Sandslash-Alola, F|100/100
|turn|14
|
|t:|1757932796
|move|p2a: Sandslash|Ice Spinner|p1a: Swampert
|-damage|p1a: Swampert|53/100
|move|p1a: Swampert|Knock Off|p2a: Sandslash
|-damage|p2a: Sandslash|82/100
|-damage|p1a: Swampert|36/100|[from] item: Rocky Helmet|[of] p2a: Sandslash
|-enditem|p2a: Sandslash|Rocky Helmet|[from] move: Knock Off|[of] p1a: Swampert
|
|-weather|Snowscape|[upkeep]
|-heal|p1a: Swampert|42/100|[from] item: Leftovers
|upkeep
|turn|15
|
|t:|1757932815
|switch|p1a: Okidogi|Okidogi, M|100/100
|move|p2a: Sandslash|Stealth Rock|p1a: Okidogi
|-sidestart|p1: 2xdaddy|move: Stealth Rock
|
|-weather|none
|upkeep
|turn|16
|
|t:|1757932834
|move|p2a: Sandslash|Ice Spinner|p1a: Okidogi
|-damage|p1a: Okidogi|72/100
|move|p1a: Okidogi|Drain Punch|p2a: Sandslash
|-supereffective|p2a: Sandslash
|-damage|p2a: Sandslash|0 fnt
|-heal|p1a: Okidogi|100/100|[from] drain|[of] p2a: Sandslash
|faint|p2a: Sandslash
|
|upkeep
|
|t:|1757932844
|switch|p2a: Kingambit|Kingambit, M|100/100
|turn|17
|
|t:|1757932855
|move|p2a: Kingambit|Shadow Ball|p1a: Okidogi
|-damage|p1a: Okidogi|75/100
|move|p1a: Okidogi|Knock Off|p2a: Kingambit
|-supereffective|p2a: Kingambit
|-enditem|p2a: Kingambit|Focus Sash
|-damage|p2a: Kingambit|1/100
|replace|p2a: Zoroark|Zoroark-Hisui, F
|-end|p2a: Zoroark|Illusion
|
|upkeep
|turn|18
|
|t:|1757932871
|move|p2a: Zoroark|Memento|p1a: Okidogi
|-unboost|p1a: Okidogi|atk|2
|-unboost|p1a: Okidogi|spa|2
|faint|p2a: Zoroark
|move|p1a: Okidogi|Fire Punch|p2: Zoroark|[notarget]
|-fail|p1a: Okidogi
|
|upkeep
|
|t:|1757932878
|switch|p2a: Kingambit|Kingambit, M|100/100
|-activate|p2a: Kingambit|ability: Supreme Overlord
|-start|p2a: Kingambit|fallen3|[silent]
|-item|p2a: Kingambit|Air Balloon
|turn|19
|
|t:|1757932892
|switch|p1a: Swampert|Swampert, F|42/100
|-damage|p1a: Swampert|36/100|[from] Stealth Rock
|-terastallize|p2a: Kingambit|Dark
|move|p2a: Kingambit|Swords Dance|p2a: Kingambit
|-boost|p2a: Kingambit|atk|2
|
|-heal|p1a: Swampert|42/100|[from] item: Leftovers
|upkeep
|turn|20
|
|t:|1757932908
|move|p1a: Swampert|Knock Off|p2a: Kingambit
|-resisted|p2a: Kingambit
|-damage|p2a: Kingambit|89/100
|-enditem|p2a: Kingambit|Air Balloon
|move|p2a: Kingambit|Iron Head|p1a: Swampert
|-resisted|p1a: Swampert
|-damage|p1a: Swampert|0 fnt
|faint|p1a: Swampert
|
|upkeep
|
|t:|1757932932
|switch|p1a: Necrozma|Necrozma|100/100
|-damage|p1a: Necrozma|88/100|[from] Stealth Rock
|turn|21
|
|t:|1757932938
|-terastallize|p1a: Necrozma|Fighting
|move|p2a: Kingambit|Sucker Punch|p1a: Necrozma
|-resisted|p1a: Necrozma
|-damage|p1a: Necrozma|18/100
|move|p1a: Necrozma|Brick Break|p2a: Kingambit
|-supereffective|p2a: Kingambit
|-damage|p2a: Kingambit|36/100
|
|upkeep
|turn|22
|
|t:|1757932948
|move|p2a: Kingambit|Sucker Punch|p1a: Necrozma
|-resisted|p1a: Necrozma
|-damage|p1a: Necrozma|0 fnt
|faint|p1a: Necrozma
|
|upkeep
|
|t:|1757932953
|switch|p1a: Okidogi|Okidogi, M|75/100
|-damage|p1a: Okidogi|69/100|[from] Stealth Rock
|turn|23
|
|t:|1757932961
|move|p2a: Kingambit|Sucker Punch|p1a: Okidogi
|-resisted|p1a: Okidogi
|-damage|p1a: Okidogi|16/100
|move|p1a: Okidogi|Drain Punch|p2a: Kingambit
|-supereffective|p2a: Kingambit
|-damage|p2a: Kingambit|0 fnt
|-heal|p1a: Okidogi|35/100|[from] drain|[of] p2a: Kingambit
|faint|p2a: Kingambit
|-end|p2a: Kingambit|fallen3|[silent]
|
|upkeep
|
|t:|1757932979
|switch|p2a: Samurott|Samurott-Hisui, M|23/100 psn
|turn|24
|
|t:|1757932988
|move|p2a: Samurott|Aqua Jet|p1a: Okidogi
|-damage|p1a: Okidogi|22/100
|move|p1a: Okidogi|Drain Punch|p2a: Samurott
|-supereffective|p2a: Samurott
|-damage|p2a: Samurott|0 fnt
|-heal|p1a: Okidogi|33/100|[from] drain|[of] p2a: Samurott
|faint|p2a: Samurott
|
|upkeep
|c|☆FireRush|Gg
|
|t:|1757932997
|switch|p2a: Slowking|Slowking-Galar, M|39/100
|turn|25
|
|t:|1757933009
|move|p1a: Okidogi|Poison Jab|p2a: Slowking
|-resisted|p2a: Slowking
|-damage|p2a: Slowking|19/100
|move|p2a: Slowking|Slack Off|p2a: Slowking
|-heal|p2a: Slowking|69/100
|
|-heal|p2a: Slowking|75/100|[from] item: Leftovers
|upkeep
|turn|26
|
|t:|1757933018
|move|p1a: Okidogi|Knock Off|p2a: Slowking
|-supereffective|p2a: Slowking
|-damage|p2a: Slowking|11/100
|-enditem|p2a: Slowking|Leftovers|[from] move: Knock Off|[of] p1a: Okidogi
|move|p2a: Slowking|Eerie Spell|p1a: Okidogi
|-supereffective|p1a: Okidogi
|-damage|p1a: Okidogi|0 fnt
|faint|p1a: Okidogi
|
|upkeep
|
|t:|1757933028
|switch|p1a: Raging Bolt|Raging Bolt|100/100
|-damage|p1a: Raging Bolt|88/100|[from] Stealth Rock
|turn|27
|
|t:|1757933033
|move|p1a: Raging Bolt|Dragon Pulse|p2a: Slowking
|-damage|p2a: Slowking|0 fnt
|faint|p2a: Slowking
|
|win|2xdaddy
|raw|2xdaddy's rating: 1155 &rarr; <strong>1179</strong><br />(+24 for winning)
|raw|FireRush's rating: 1144 &rarr; <strong>1120</strong><br />(-24 for losing)
|l|☆FireRush
|player|p2|
