|j|☆hutoew
|j|☆mathismathin
|t:|1757822355
|gametype|singles
|player|p1|hutoew|hilda|1683
|player|p2|mathismathin|hilbert|1705
|gen|9
|tier|[Gen 9] OU
|rated|
|rule|HP Percentage Mod: HP is shown in percentages
|rule|Endless Battle Clause: Forcing endless battles is banned
|rule|Species Clause: Limit one of each Pokémon
|rule|OHKO Clause: OHKO moves are banned
|rule|Evasion Items Clause: Evasion items are banned
|rule|Evasion Moves Clause: Evasion moves are banned
|rule|Evasion Abilities Clause: Evasion abilities are banned
|rule|Sleep Moves Clause: Sleep-inducing moves are banned
|clearpoke
|poke|p1|Ting-Lu|
|poke|p1|Corviknight, M|
|poke|p1|Zamazenta-*|
|poke|p1|Ceruledge, M|
|poke|p1|Kingambit, M|
|poke|p1|Clodsire, M|
|poke|p2|Walking Wake|
|poke|p2|Sinistcha|
|poke|p2|Volcanion|
|poke|p2|Slowbro, M|
|poke|p2|Coalossal, F|
|poke|p2|Emboar, M|
|teampreview
|
|t:|1757822369
|teamsize|p1|6
|teamsize|p2|6
|start
|switch|p1a: Ting-Lu|Ting-Lu|100/100
|switch|p2a: Walking Wake|Walking Wake|100/100
|-ability|p1a: Ting-Lu|Vessel of Ruin
|turn|1
|j| FaronAan
|j| Scarfed Substitute
|
|t:|1757822381
|-terastallize|p1a: Ting-Lu|Poison
|move|p2a: Walking Wake|Scald|p1a: Ting-Lu
|-damage|p1a: Ting-Lu|75/100
|move|p1a: Ting-Lu|Earthquake|p2a: Walking Wake
|-damage|p2a: Walking Wake|21/100
|
|upkeep
|turn|2
|j| STOgx
|c|☆hutoew|uh
|c|☆hutoew|where do people comes from
|c| Scarfed Substitute|im j spectatin ladder
|
|t:|1757822473
|-end|p2a: Walking Wake|Protosynthesis|[silent]
|switch|p2a: Slowbro|Slowbro, M|100/100
|switch|p1a: Ceruledge|Ceruledge, M|100/100
|
|upkeep
|turn|3
|
|t:|1757822478
|move|p1a: Ceruledge|Poltergeist|p2a: Slowbro
|-activate|p2a: Slowbro|move: Poltergeist|Rocky Helmet
|-supereffective|p2a: Slowbro
|-damage|p2a: Slowbro|1/100
|move|p2a: Slowbro|Scald|p1a: Ceruledge
|-supereffective|p1a: Ceruledge
|-damage|p1a: Ceruledge|34/100
|
|upkeep
|turn|4
|
|t:|1757822482
|switch|p2a: Coalossal|Coalossal, F|100/100
|move|p1a: Ceruledge|Poltergeist|p2a: Coalossal|[miss]
|-miss|p1a: Ceruledge|p2a: Coalossal
|
|upkeep
|turn|5
|
|t:|1757822490
|switch|p1a: Clodsire|Clodsire, M|100/100
|move|p2a: Coalossal|Stealth Rock|p1a: Clodsire
|-sidestart|p1: hutoew|move: Stealth Rock
|
|upkeep
|turn|6
|j| LuLuNaNaRaRa
|
|t:|1757822517
|switch|p2a: Sinistcha|Sinistcha|100/100
|move|p1a: Clodsire|Earthquake|p2a: Sinistcha
|-resisted|p2a: Sinistcha
|-damage|p2a: Sinistcha|74/100
|
|-heal|p2a: Sinistcha|80/100|[from] item: Leftovers
|upkeep
|turn|7
|
|t:|1757822528
|switch|p1a: Corviknight|Corviknight, M|100/100
|-damage|p1a: Corviknight|88/100|[from] Stealth Rock
|move|p2a: Sinistcha|Scald|p1a: Corviknight
|-damage|p1a: Corviknight|63/100
|
|-heal|p2a: Sinistcha|87/100|[from] item: Leftovers
|upkeep
|turn|8
|
|t:|1757822535
|switch|p2a: Coalossal|Coalossal, F|100/100
|move|p1a: Corviknight|Brave Bird|p2a: Coalossal
|-resisted|p2a: Coalossal
|-damage|p2a: Coalossal|81/100
|-damage|p1a: Corviknight|56/100|[from] Recoil
|
|upkeep
|turn|9
|
|t:|1757822539
|switch|p1a: Ceruledge|Ceruledge, M|34/100
|-damage|p1a: Ceruledge|9/100|[from] Stealth Rock
|move|p2a: Coalossal|Scald|p1a: Ceruledge
|-supereffective|p1a: Ceruledge
|-damage|p1a: Ceruledge|0 fnt
|faint|p1a: Ceruledge
|
|upkeep
|
|t:|1757822548
|switch|p1a: Clodsire|Clodsire, M|100/100
|-damage|p1a: Clodsire|94/100|[from] Stealth Rock
|turn|10
|
|t:|1757822556
|switch|p2a: Sinistcha|Sinistcha|87/100
|move|p1a: Clodsire|Earthquake|p2a: Sinistcha
|-resisted|p2a: Sinistcha
|-damage|p2a: Sinistcha|57/100
|
|-heal|p2a: Sinistcha|63/100|[from] item: Leftovers
|upkeep
|turn|11
|
|t:|1757822559
|switch|p1a: Kingambit|Kingambit, M|100/100
|-damage|p1a: Kingambit|94/100|[from] Stealth Rock
|-activate|p1a: Kingambit|ability: Supreme Overlord
|-start|p1a: Kingambit|fallen1|[silent]
|move|p2a: Sinistcha|Scald|p1a: Kingambit
|-damage|p1a: Kingambit|66/100
|-status|p1a: Kingambit|brn
|
|-heal|p2a: Sinistcha|69/100|[from] item: Leftovers
|-damage|p1a: Kingambit|60/100 brn|[from] brn
|upkeep
|turn|12
|
|t:|1757822573
|switch|p2a: Emboar|Emboar, M|100/100
|move|p1a: Kingambit|Low Kick|p2a: Emboar
|-damage|p2a: Emboar|58/100
|
|-damage|p1a: Kingambit|53/100 brn|[from] brn
|upkeep
|turn|13
|
|t:|1757822584
|move|p2a: Emboar|Flare Blitz|p1a: Kingambit
|-supereffective|p1a: Kingambit
|-crit|p1a: Kingambit
|-damage|p1a: Kingambit|0 fnt
|faint|p1a: Kingambit
|-end|p1a: Kingambit|fallen1|[silent]
|-damage|p2a: Emboar|38/100|[from] Recoil
|
|upkeep
|l| Scarfed Substitute
|l| FaronAan
|
|t:|1757822587
|switch|p1a: Zamazenta|Zamazenta|100/100
|-damage|p1a: Zamazenta|94/100|[from] Stealth Rock
|-ability|p1a: Zamazenta|Dauntless Shield|boost
|-boost|p1a: Zamazenta|def|1
|turn|14
|
|t:|1757822591
|switch|p2a: Slowbro|Slowbro, M|34/100
|move|p1a: Zamazenta|Psychic Fangs|p2a: Slowbro
|-resisted|p2a: Slowbro
|-damage|p2a: Slowbro|22/100
|-damage|p1a: Zamazenta|78/100|[from] item: Rocky Helmet|[of] p2a: Slowbro
|
|upkeep
|turn|15
|
|t:|1757822597
|switch|p1a: Corviknight|Corviknight, M|56/100
|-damage|p1a: Corviknight|44/100|[from] Stealth Rock
|switch|p2a: Coalossal|Coalossal, F|81/100
|
|upkeep
|turn|16
|
|t:|1757822603
|switch|p2a: Slowbro|Slowbro, M|55/100
|move|p1a: Corviknight|Iron Head|p2a: Slowbro
|-resisted|p2a: Slowbro
|-crit|p2a: Slowbro
|-damage|p2a: Slowbro|30/100
|-damage|p1a: Corviknight|27/100|[from] item: Rocky Helmet|[of] p2a: Slowbro
|
|upkeep
|turn|17
|
|t:|1757822606
|switch|p1a: Ting-Lu|Ting-Lu, tera:Poison|75/100
|-damage|p1a: Ting-Lu|62/100|[from] Stealth Rock
|-ability|p1a: Ting-Lu|Vessel of Ruin
|move|p2a: Slowbro|Slack Off|p2a: Slowbro
|-heal|p2a: Slowbro|80/100
|
|upkeep
|turn|18
|
|t:|1757822610
|move|p1a: Ting-Lu|Payback|p2a: Slowbro
|-supereffective|p2a: Slowbro
|-damage|p2a: Slowbro|33/100
|-damage|p1a: Ting-Lu|46/100|[from] item: Rocky Helmet|[of] p2a: Slowbro
|move|p2a: Slowbro|Scald|p1a: Ting-Lu
|-damage|p1a: Ting-Lu|30/100
|
|upkeep
|turn|19
|j| wgw2333
|
|t:|1757822613
|switch|p2a: Emboar|Emboar, M|38/100
|move|p1a: Ting-Lu|Payback|p2a: Emboar
|-resisted|p2a: Emboar
|-damage|p2a: Emboar|11/100
|
|upkeep
|turn|20
|
|t:|1757822617
|switch|p1a: Corviknight|Corviknight, M|27/100
|-damage|p1a: Corviknight|15/100|[from] Stealth Rock
|move|p2a: Emboar|Flare Blitz|p1a: Corviknight
|-supereffective|p1a: Corviknight
|-damage|p1a: Corviknight|0 fnt
|faint|p1a: Corviknight
|-damage|p2a: Emboar|5/100|[from] Recoil
|
|upkeep
|
|t:|1757822620
|switch|p1a: Zamazenta|Zamazenta|78/100
|-damage|p1a: Zamazenta|72/100|[from] Stealth Rock
|turn|21
|
|t:|1757822625
|move|p1a: Zamazenta|Crunch|p2a: Emboar
|-resisted|p2a: Emboar
|-damage|p2a: Emboar|0 fnt
|faint|p2a: Emboar
|
|upkeep
|
|t:|1757822627
|switch|p2a: Volcanion|Volcanion|100/100
|turn|22
|
|t:|1757822632
|switch|p1a: Ting-Lu|Ting-Lu, tera:Poison|30/100
|-damage|p1a: Ting-Lu|17/100|[from] Stealth Rock
|-ability|p1a: Ting-Lu|Vessel of Ruin
|move|p2a: Volcanion|Steam Eruption|p1a: Ting-Lu
|-damage|p1a: Ting-Lu|0 fnt
|faint|p1a: Ting-Lu
|
|upkeep
|
|t:|1757822634
|switch|p1a: Clodsire|Clodsire, M|94/100
|-damage|p1a: Clodsire|88/100|[from] Stealth Rock
|turn|23
|
|t:|1757822640
|move|p2a: Volcanion|Earth Power|p1a: Clodsire
|-supereffective|p1a: Clodsire
|-damage|p1a: Clodsire|34/100
|move|p1a: Clodsire|Earthquake|p2a: Volcanion
|-supereffective|p2a: Volcanion
|-damage|p2a: Volcanion|0 fnt
|faint|p2a: Volcanion
|
|upkeep
|
|t:|1757822646
|switch|p2a: Sinistcha|Sinistcha|69/100
|turn|24
|
|t:|1757822650
|switch|p1a: Zamazenta|Zamazenta|72/100
|-damage|p1a: Zamazenta|65/100|[from] Stealth Rock
|move|p2a: Sinistcha|Scald|p1a: Zamazenta
|-damage|p1a: Zamazenta|39/100
|
|-heal|p2a: Sinistcha|76/100|[from] item: Leftovers
|upkeep
|turn|25
|
|t:|1757822654
|switch|p2a: Slowbro|Slowbro, M|66/100
|move|p1a: Zamazenta|Crunch|p2a: Slowbro
|-supereffective|p2a: Slowbro
|-crit|p2a: Slowbro
|-damage|p2a: Slowbro|0 fnt
|-damage|p1a: Zamazenta|22/100|[from] item: Rocky Helmet|[of] p2a: Slowbro
|faint|p2a: Slowbro
|
|upkeep
|
|t:|1757822657
|switch|p2a: Walking Wake|Walking Wake|21/100
|turn|26
|
|t:|1757822660
|move|p2a: Walking Wake|Scald|p1a: Zamazenta
|-damage|p1a: Zamazenta|0 fnt
|faint|p1a: Zamazenta
|
|upkeep
|-message|hutoew forfeited.
|
|win|mathismathin
|raw|hutoew's rating: 1683 &rarr; <strong>1663</strong><br />(-20 for losing)
|raw|mathismathin's rating: 1680 &rarr; <strong>1700</strong><br />(+20 for winning)
|l|☆hutoew
|player|p1|
|l|☆mathismathin
|player|p2|
|l| LuLuNaNaRaRa
