|j|☆Christopher4113
|j|☆ripwal21
|t:|1757902597
|gametype|singles
|player|p1|Christopher4113|1|1219
|player|p2|ripwal21|170|1183
|gen|9
|tier|[Gen 9] OU
|rated|
|rule|HP Percentage Mod: HP is shown in percentages
|rule|Endless Battle Clause: Forcing endless battles is banned
|rule|Species Clause: Limit one of each Pokémon
|rule|OHKO Clause: OHKO moves are banned
|rule|Evasion Items Clause: Evasion items are banned
|rule|Evasion Moves Clause: Evasion moves are banned
|rule|Evasion Abilities Clause: Evasion abilities are banned
|rule|Sleep Moves Clause: Sleep-inducing moves are banned
|clearpoke
|poke|p1|Ogerpon-Wellspring, F|
|poke|p1|Gholdengo|
|poke|p1|Kingambit, M|
|poke|p1|Glimmora, M|
|poke|p1|Iron Moth|
|poke|p1|Iron Valiant|
|poke|p2|Indeedee, M|
|poke|p2|Hatterene, F|
|poke|p2|Ursaluna, F|
|poke|p2|Iron Hands|
|poke|p2|Hoopa-Unbound|
|poke|p2|Mimikyu, F|
|teampreview
|inactive|Battle timer is ON: inactive players will automatically lose when time's up. (requested by Christopher4113)
|
|t:|1757902614
|teamsize|p1|6
|teamsize|p2|6
|start
|switch|p1a: Gholdengo|Gholdengo|100/100
|switch|p2a: Subaru|Indeedee, M, shiny|100/100
|-item|p1a: Gholdengo|Air Balloon
|-fieldstart|move: Psychic Terrain|[from] ability: Psychic Surge|[of] p2a: Subaru
|turn|1
|
|t:|1757902628
|move|p1a: Gholdengo|Make It Rain|p2a: Subaru
|-damage|p2a: Subaru|23/100
|-unboost|p1a: Gholdengo|spa|1
|move|p2a: Subaru|Trick Room|p2a: Subaru
|-fieldstart|move: Trick Room|[of] p2a: Subaru
|
|upkeep
|turn|2
|
|t:|1757902634
|switch|p2a: Crashout YN|Ursaluna, F, shiny|100/100
|move|p1a: Gholdengo|Make It Rain|p2a: Crashout YN
|-damage|p2a: Crashout YN|62/100
|-unboost|p1a: Gholdengo|spa|1
|
|-status|p2a: Crashout YN|brn|[from] item: Flame Orb
|upkeep
|turn|3
|
|t:|1757902652
|switch|p1a: Ogerpon|Ogerpon-Wellspring, F|100/100
|move|p2a: Crashout YN|Facade|p1a: Ogerpon
|-damage|p1a: Ogerpon|0 fnt
|faint|p1a: Ogerpon
|
|-damage|p2a: Crashout YN|56/100 brn|[from] brn
|upkeep
|
|t:|1757902655
|switch|p1a: Gholdengo|Gholdengo|100/100
|-item|p1a: Gholdengo|Air Balloon
|turn|4
|
|t:|1757902663
|switch|p2a: King Von|Hoopa-Unbound|100/100
|-enditem|p2a: King Von|Psychic Seed
|-boost|p2a: King Von|spd|1|[from] item: Psychic Seed
|move|p1a: Gholdengo|Nasty Plot|p1a: Gholdengo
|-boost|p1a: Gholdengo|spa|2
|
|upkeep
|turn|5
|c|☆ripwal21|that was a mistake
|
|t:|1757902671
|move|p2a: King Von|Hyperspace Fury|p1a: Gholdengo
|-supereffective|p1a: Gholdengo
|-damage|p1a: Gholdengo|0 fnt
|-unboost|p2a: King Von|def|1
|-enditem|p1a: Gholdengo|Air Balloon
|faint|p1a: Gholdengo
|
|-fieldend|move: Trick Room
|upkeep
|
|t:|1757902678
|switch|p1a: Iron Valiant|Iron Valiant, shiny|100/100
|-enditem|p1a: Iron Valiant|Booster Energy
|-activate|p1a: Iron Valiant|ability: Quark Drive|[fromitem]
|-start|p1a: Iron Valiant|quarkdrivespe
|turn|6
|
|t:|1757902686
|move|p1a: Iron Valiant|Moonblast|p2a: King Von
|-supereffective|p2a: King Von
|-damage|p2a: King Von|51/100
|move|p2a: King Von|Trick Room|p2a: King Von
|-fieldstart|move: Trick Room|[of] p2a: King Von
|
|upkeep
|turn|7
|
|t:|1757902691
|move|p2a: King Von|Expanding Force|p1a: Iron Valiant
|-supereffective|p1a: Iron Valiant
|-damage|p1a: Iron Valiant|0 fnt
|faint|p1a: Iron Valiant
|-end|p1a: Iron Valiant|Quark Drive|[silent]
|
|upkeep
|-message|Christopher4113 forfeited.
|
|win|ripwal21
|raw|Christopher4113's rating: 1219 &rarr; <strong>1191</strong><br />(-28 for losing)
|raw|ripwal21's rating: 1183 &rarr; <strong>1211</strong><br />(+28 for winning)
|l|☆Christopher4113
|player|p1|
