|j|☆ZenSougo
|j|☆123hotdog
|t:|1757831022
|gametype|singles
|player|p1|ZenSougo|punkgirl-gen7|1133
|player|p2|123hotdog|acetrainer-gen4dp|1085
|gen|9
|tier|[Gen 9] OU
|rated|
|rule|HP Percentage Mod: HP is shown in percentages
|rule|Endless Battle Clause: Forcing endless battles is banned
|rule|Species Clause: Limit one of each Pokémon
|rule|OHKO Clause: OHKO moves are banned
|rule|Evasion Items Clause: Evasion items are banned
|rule|Evasion Moves Clause: Evasion moves are banned
|rule|Evasion Abilities Clause: Evasion abilities are banned
|rule|Sleep Moves Clause: Sleep-inducing moves are banned
|clearpoke
|poke|p1|Pawmot, M|
|poke|p1|Primeape, M|
|poke|p1|Weezing-Galar, F|
|poke|p1|Grimmsnarl, M|
|poke|p1|Darkrai|
|poke|p1|Garchomp, M|
|poke|p2|Garganacl, M|
|poke|p2|Malamar, M|
|poke|p2|Politoed, F|
|poke|p2|Galvantula, M|
|poke|p2|Corviknight, M|
|poke|p2|Clodsire, F|
|teampreview
|inactive|Battle timer is ON: inactive players will automatically lose when time's up. (requested by ZenSougo)
|
|t:|1757831040
|teamsize|p1|6
|teamsize|p2|6
|start
|switch|p1a: I Come in Peace|Grimmsnarl, M, shiny|100/100
|switch|p2a: Garganacl|Garganacl, M|100/100
|turn|1
|
|t:|1757831054
|move|p1a: I Come in Peace|Reflect|p1a: I Come in Peace
|-sidestart|p1: ZenSougo|Reflect
|move|p2a: Garganacl|Salt Cure|p1a: I Come in Peace
|-damage|p1a: I Come in Peace|88/100
|-start|p1a: I Come in Peace|Salt Cure
|
|-damage|p1a: I Come in Peace|76/100|[from] Salt Cure
|upkeep
|turn|2
|
|t:|1757831067
|move|p1a: I Come in Peace|Light Screen|p1a: I Come in Peace
|-sidestart|p1: ZenSougo|move: Light Screen
|move|p2a: Garganacl|Stealth Rock|p1a: I Come in Peace
|-sidestart|p1: ZenSougo|move: Stealth Rock
|
|-damage|p1a: I Come in Peace|63/100|[from] Salt Cure
|upkeep
|turn|3
|
|t:|1757831091
|switch|p2a: Clodsire|Clodsire, F, shiny|100/100
|move|p1a: I Come in Peace|Parting Shot|p2a: Clodsire
|-unboost|p2a: Clodsire|atk|1
|-unboost|p2a: Clodsire|spa|1
|
|t:|1757831104
|switch|p1a: Shalom|Weezing-Galar, F|100/100|[from] Parting Shot
|
|upkeep
|turn|4
|
|t:|1757831123
|move|p1a: Shalom|Defog|p2a: Clodsire
|-unboost|p2a: Clodsire|evasion|1
|-sideend|p1: ZenSougo|Stealth Rock|[from] move: Defog|[of] p1a: Shalom
|move|p2a: Clodsire|Toxic Spikes|p1a: Shalom
|-sidestart|p1: ZenSougo|move: Toxic Spikes
|
|upkeep
|turn|5
|inactive|ZenSougo has 120 seconds left.
|l|☆ZenSougo
|inactive|ZenSougo disconnected and has a minute to reconnect!
|player|p1|
|j|☆ZenSougo
|inactive|ZenSougo reconnected and has 100 seconds left.
|player|p1|ZenSougo|punkgirl-gen7|
|
|t:|1757831168
|move|p1a: Shalom|Strange Steam|p2a: Clodsire
|-resisted|p2a: Clodsire
|-damage|p2a: Clodsire|93/100
|move|p2a: Clodsire|Earthquake|p1a: Shalom
|-immune|p1a: Shalom|[from] ability: Levitate
|
|-heal|p2a: Clodsire|99/100|[from] item: Leftovers
|upkeep
|turn|6
|inactive|123hotdog has 120 seconds left.
|
|t:|1757831199
|switch|p2a: Politoed|Politoed, F|100/100
|-weather|RainDance|[from] ability: Drizzle|[of] p2a: Politoed
|move|p1a: Shalom|Gunk Shot|p2a: Politoed|[miss]
|-miss|p1a: Shalom|p2a: Politoed
|
|-weather|RainDance|[upkeep]
|upkeep
|turn|7
|
|t:|1757831209
|move|p2a: Politoed|Weather Ball|p1a: Shalom
|-damage|p1a: Shalom|70/100
|move|p1a: Shalom|Defog|p2a: Politoed
|-unboost|p2a: Politoed|evasion|1
|-sideend|p1: ZenSougo|Toxic Spikes|[from] move: Defog|[of] p1a: Shalom
|
|-weather|RainDance|[upkeep]
|upkeep
|turn|8
|
|t:|1757831218
|move|p2a: Politoed|Liquidation|p1a: Shalom
|-damage|p1a: Shalom|52/100
|move|p1a: Shalom|Gunk Shot|p2a: Politoed
|-damage|p2a: Politoed|61/100
|
|-weather|RainDance|[upkeep]
|-sideend|p1: ZenSougo|Reflect
|upkeep
|turn|9
|
|t:|1757831230
|move|p2a: Politoed|Weather Ball|p1a: Shalom
|-damage|p1a: Shalom|17/100
|move|p1a: Shalom|Gunk Shot|p2a: Politoed
|-damage|p2a: Politoed|15/100
|-enditem|p2a: Politoed|Sitrus Berry|[eat]
|-heal|p2a: Politoed|40/100|[from] item: Sitrus Berry
|
|-weather|RainDance|[upkeep]
|-sideend|p1: ZenSougo|move: Light Screen
|upkeep
|turn|10
|inactive|ZenSougo has 120 seconds left.
|
|t:|1757831247
|move|p2a: Politoed|Weather Ball|p1a: Shalom
|-damage|p1a: Shalom|0 fnt
|faint|p1a: Shalom
|
|-weather|none
|upkeep
|
|t:|1757831257
|switch|p1a: I Come in Peace|Grimmsnarl, M, shiny|63/100
|turn|11
|
|t:|1757831273
|move|p1a: I Come in Peace|Reflect|p1a: I Come in Peace
|-sidestart|p1: ZenSougo|Reflect
|move|p2a: Politoed|Liquidation|p1a: I Come in Peace
|-damage|p1a: I Come in Peace|43/100
|
|upkeep
|turn|12
|inactive|ZenSougo has 120 seconds left.
|
|t:|1757831287
|switch|p2a: Malamar|Malamar, M|100/100
|move|p1a: I Come in Peace|Light Screen|p1a: I Come in Peace
|-sidestart|p1: ZenSougo|move: Light Screen
|
|upkeep
|turn|13
|inactive|ZenSougo has 120 seconds left.
|
|t:|1757831299
|move|p1a: I Come in Peace|Taunt|p2a: Malamar
|-hint|Since gen 7, Dark is immune to Prankster moves.
|-immune|p2a: Malamar
|move|p2a: Malamar|Knock Off|p1a: I Come in Peace
|-resisted|p1a: I Come in Peace
|-damage|p1a: I Come in Peace|36/100
|-enditem|p1a: I Come in Peace|Light Clay|[from] move: Knock Off|[of] p2a: Malamar
|
|upkeep
|turn|14
|inactive|ZenSougo has 120 seconds left.
|
|t:|1757831318
|switch|p1a: Chompy|Garchomp, M|100/100
|move|p2a: Malamar|Superpower|p1a: Chompy
|-damage|p1a: Chompy|83/100
|-boost|p2a: Malamar|atk|1
|-boost|p2a: Malamar|def|1
|-damage|p2a: Malamar|88/100|[from] ability: Rough Skin|[of] p1a: Chompy
|
|-heal|p2a: Malamar|94/100|[from] item: Leftovers
|upkeep
|turn|15
|inactive|ZenSougo has 120 seconds left.
|l|☆ZenSougo
|inactive|ZenSougo disconnected and has a minute to reconnect!
|player|p1|
|inactive|ZenSougo has 30 seconds to reconnect!
|inactive|ZenSougo has 20 seconds to reconnect!
|inactive|ZenSougo has 15 seconds to reconnect!
|inactive|ZenSougo has 10 seconds to reconnect!
|inactive|ZenSougo has 5 seconds to reconnect!
|j|☆ZenSougo
|inactive|ZenSougo reconnected and has 50 seconds left.
|player|p1|ZenSougo|punkgirl-gen7|
|inactive|ZenSougo has 30 seconds left.
|
|t:|1757831415
|move|p1a: Chompy|Swords Dance|p1a: Chompy
|-boost|p1a: Chompy|atk|2
|move|p2a: Malamar|Knock Off|p1a: Chompy
|-damage|p1a: Chompy|51/100
|-damage|p2a: Malamar|82/100|[from] ability: Rough Skin|[of] p1a: Chompy
|-enditem|p1a: Chompy|Loaded Dice|[from] move: Knock Off|[of] p2a: Malamar
|
|-heal|p2a: Malamar|88/100|[from] item: Leftovers
|upkeep
|turn|16
|inactive|ZenSougo has 30 seconds left.
|l|☆ZenSougo
|inactive|ZenSougo disconnected and has a minute to reconnect!
|player|p1|
|inactive|ZenSougo has 20 seconds left.
|inactive|ZenSougo has 15 seconds left.
|inactive|ZenSougo has 10 seconds left.
|inactive|ZenSougo has 5 seconds left.
|j|☆ZenSougo
|inactive|ZenSougo reconnected and has 5 seconds left.
|player|p1|ZenSougo|punkgirl-gen7|
|
|t:|1757831454
|move|p1a: Chompy|Scale Shot|p2a: Malamar
|-damage|p2a: Malamar|71/100
|-damage|p2a: Malamar|52/100
|-damage|p2a: Malamar|35/100
|-damage|p2a: Malamar|16/100
|-damage|p2a: Malamar|0 fnt
|faint|p2a: Malamar
|-hitcount|p2: Malamar|5
|-unboost|p1a: Chompy|def|1
|-boost|p1a: Chompy|spe|1
|
|upkeep
|
|t:|1757831469
|switch|p2a: Politoed|Politoed, F|40/100
|-weather|RainDance|[from] ability: Drizzle|[of] p2a: Politoed
|turn|17
|inactive|ZenSougo has 20 seconds left this turn.
|inactive|ZenSougo has 15 seconds left.
|
|t:|1757831476
|move|p1a: Chompy|Scale Shot|p2a: Politoed
|-damage|p2a: Politoed|9/100
|-damage|p2a: Politoed|0 fnt
|faint|p2a: Politoed
|-hitcount|p2: Politoed|2
|-unboost|p1a: Chompy|def|1
|-boost|p1a: Chompy|spe|1
|
|-weather|RainDance|[upkeep]
|upkeep
|inactive|123hotdog has 120 seconds left.
|
|t:|1757831491
|switch|p2a: Garganacl|Garganacl, M|100/100
|turn|18
|inactive|ZenSougo has 30 seconds left this turn.
|
|t:|1757831496
|move|p1a: Chompy|Scale Shot|p2a: Garganacl
|-damage|p2a: Garganacl|82/100
|-damage|p2a: Garganacl|65/100
|-damage|p2a: Garganacl|49/100
|-enditem|p2a: Garganacl|Sitrus Berry|[eat]
|-heal|p2a: Garganacl|74/100|[from] item: Sitrus Berry
|-hitcount|p2a: Garganacl|3
|-unboost|p1a: Chompy|def|1
|-boost|p1a: Chompy|spe|1
|move|p2a: Garganacl|Salt Cure|p1a: Chompy
|-resisted|p1a: Chompy
|-damage|p1a: Chompy|38/100
|-start|p1a: Chompy|Salt Cure
|
|-weather|RainDance|[upkeep]
|-damage|p1a: Chompy|26/100|[from] Salt Cure
|-sideend|p1: ZenSougo|Reflect
|upkeep
|turn|19
|inactive|ZenSougo has 30 seconds left.
|inactive|123hotdog has 120 seconds left.
|
|t:|1757831518
|move|p1a: Chompy|Earthquake|p2a: Garganacl
|-supereffective|p2a: Garganacl
|-damage|p2a: Garganacl|0 fnt
|faint|p2a: Garganacl
|
|-weather|RainDance|[upkeep]
|-damage|p1a: Chompy|14/100|[from] Salt Cure
|-sideend|p1: ZenSougo|move: Light Screen
|upkeep
|inactive|123hotdog has 120 seconds left.
|
|t:|1757831526
|switch|p2a: Corviknight|Corviknight, M, shiny|100/100
|turn|20
|
|t:|1757831535
|move|p1a: Chompy|Scale Shot|p2a: Corviknight
|-resisted|p2a: Corviknight
|-damage|p2a: Corviknight|89/100
|-resisted|p2a: Corviknight
|-damage|p2a: Corviknight|79/100
|-resisted|p2a: Corviknight
|-damage|p2a: Corviknight|68/100
|-hitcount|p2a: Corviknight|3
|-unboost|p1a: Chompy|def|1
|-boost|p1a: Chompy|spe|1
|move|p2a: Corviknight|Body Press|p1a: Chompy
|-damage|p1a: Chompy|0 fnt
|-damage|p2a: Corviknight|56/100|[from] ability: Rough Skin|[of] p1a: Chompy
|faint|p1a: Chompy
|
|-weather|RainDance|[upkeep]
|-heal|p2a: Corviknight|62/100|[from] item: Leftovers
|upkeep
|inactive|ZenSougo has 30 seconds left.
|inactive|ZenSougo has 20 seconds left.
|
|t:|1757831560
|switch|p1a: Cotton|Darkrai|100/100
|turn|21
|inactive|ZenSougo has 30 seconds left this turn.
|
|t:|1757831567
|move|p1a: Cotton|Ice Beam|p2a: Corviknight
|-damage|p2a: Corviknight|29/100
|move|p2a: Corviknight|Body Press|p1a: Cotton
|-supereffective|p1a: Cotton
|-damage|p1a: Cotton|48/100
|
|-weather|none
|-heal|p2a: Corviknight|36/100|[from] item: Leftovers
|upkeep
|turn|22
|
|t:|1757831583
|move|p1a: Cotton|Ice Beam|p2a: Corviknight
|-damage|p2a: Corviknight|5/100
|move|p2a: Corviknight|Body Press|p1a: Cotton
|-supereffective|p1a: Cotton
|-damage|p1a: Cotton|0 fnt
|faint|p1a: Cotton
|
|-heal|p2a: Corviknight|11/100|[from] item: Leftovers
|upkeep
|inactive|ZenSougo has 30 seconds left.
|
|t:|1757831598
|switch|p1a: Arise|Pawmot, M, shiny|100/100
|turn|23
|inactive|ZenSougo has 30 seconds left.
|
|t:|1757831610
|move|p1a: Arise|Ice Punch|p2a: Corviknight
|-damage|p2a: Corviknight|0 fnt
|faint|p2a: Corviknight
|
|upkeep
|
|t:|1757831618
|switch|p2a: Clodsire|Clodsire, F, shiny|99/100
|turn|24
|
|t:|1757831627
|move|p1a: Arise|Ice Punch|p2a: Clodsire
|-supereffective|p2a: Clodsire
|-damage|p2a: Clodsire|49/100
|move|p2a: Clodsire|Earthquake|p1a: Arise
|-supereffective|p1a: Arise
|-damage|p1a: Arise|31/100
|
|-heal|p2a: Clodsire|55/100|[from] item: Leftovers
|upkeep
|turn|25
|
|t:|1757831639
|move|p1a: Arise|Ice Punch|p2a: Clodsire
|-supereffective|p2a: Clodsire
|-damage|p2a: Clodsire|4/100
|move|p2a: Clodsire|Recover|p2a: Clodsire
|-heal|p2a: Clodsire|54/100
|
|-heal|p2a: Clodsire|61/100|[from] item: Leftovers
|upkeep
|turn|26
|
|t:|1757831648
|move|p1a: Arise|Ice Punch|p2a: Clodsire
|-supereffective|p2a: Clodsire
|-damage|p2a: Clodsire|9/100
|move|p2a: Clodsire|Earthquake|p1a: Arise
|-supereffective|p1a: Arise
|-damage|p1a: Arise|0 fnt
|faint|p1a: Arise
|
|-heal|p2a: Clodsire|16/100|[from] item: Leftovers
|upkeep
|
|t:|1757831657
|switch|p1a: Monke|Primeape, M|100/100
|turn|27
|
|t:|1757831666
|move|p1a: Monke|Drain Punch|p2a: Clodsire
|-resisted|p2a: Clodsire
|-damage|p2a: Clodsire|0 fnt
|faint|p2a: Clodsire
|
|upkeep
|
|t:|1757831673
|switch|p2a: Galvantula|Galvantula, M|100/100
|-item|p2a: Galvantula|Air Balloon
|turn|28
|inactive|ZenSougo has 60 seconds left.
|
|t:|1757831687
|move|p2a: Galvantula|Thunder|p1a: Monke
|-damage|p1a: Monke|74/100
|move|p1a: Monke|Taunt|p2a: Galvantula
|-start|p2a: Galvantula|move: Taunt
|
|upkeep
|turn|29
|inactive|ZenSougo has 60 seconds left.
|
|t:|1757831700
|-terastallize|p2a: Galvantula|Bug
|move|p2a: Galvantula|Bug Buzz|p1a: Monke
|-resisted|p1a: Monke
|-damage|p1a: Monke|58/100
|move|p1a: Monke|Bulk Up|p1a: Monke
|-boost|p1a: Monke|atk|1
|-boost|p1a: Monke|def|1
|
|upkeep
|turn|30
|inactive|ZenSougo has 60 seconds left.
|
|t:|1757831712
|move|p2a: Galvantula|Thunder|p1a: Monke
|-damage|p1a: Monke|31/100
|move|p1a: Monke|Rage Fist|p2a: Galvantula
|-damage|p2a: Galvantula|0 fnt
|-enditem|p2a: Galvantula|Air Balloon
|faint|p2a: Galvantula
|
|win|ZenSougo
|raw|ZenSougo's rating: 1133 &rarr; <strong>1155</strong><br />(+22 for winning)
|raw|123hotdog's rating: 1085 &rarr; <strong>1065</strong><br />(-20 for losing)
|l|☆123hotdog
|player|p2|
|l|☆ZenSougo
|player|p1|
