|j|☆Durianelitemandem
|j|☆jessies boyfriend
|t:|1757867369
|gametype|singles
|player|p1|Durianelitemandem|lucas|1364
|player|p2|jessies boyfriend|brock|1307
|gen|9
|tier|[Gen 9] OU
|rated|
|rule|HP Percentage Mod: HP is shown in percentages
|rule|Endless Battle Clause: Forcing endless battles is banned
|rule|Species Clause: Limit one of each Pokémon
|rule|OHKO Clause: OHKO moves are banned
|rule|Evasion Items Clause: Evasion items are banned
|rule|Evasion Moves Clause: Evasion moves are banned
|rule|Evasion Abilities Clause: Evasion abilities are banned
|rule|Sleep Moves Clause: Sleep-inducing moves are banned
|clearpoke
|poke|p1|Raging Bolt|
|poke|p1|Ogerpon-Wellspring, F|
|poke|p1|Hatterene, F|
|poke|p1|Landorus-Therian, M|
|poke|p1|Kingambit, M|
|poke|p1|Zamazenta-*|
|poke|p2|Cinderace, M|
|poke|p2|Tsareena, F|
|poke|p2|Polteageist-Antique|
|poke|p2|Regigigas|
|poke|p2|Slowking, F|
|poke|p2|Incineroar, F|
|teampreview
|inactive|Battle timer is ON: inactive players will automatically lose when time's up. (requested by Durianelitemandem)
|
|t:|1757867377
|teamsize|p1|6
|teamsize|p2|6
|start
|switch|p1a: Landorus|Landorus-Therian, M|100/100
|switch|p2a: Incineroar|Incineroar, F|100/100
|-ability|p1a: Landorus|Intimidate|boost
|-unboost|p2a: Incineroar|atk|1
|-ability|p2a: Incineroar|Intimidate|boost
|-unboost|p1a: Landorus|atk|1
|turn|1
|
|t:|1757867382
|move|p1a: Landorus|Stealth Rock|p2a: Incineroar
|-sidestart|p2: jessies boyfriend|move: Stealth Rock
|move|p2a: Incineroar|Will-O-Wisp|p1a: Landorus
|-status|p1a: Landorus|brn
|
|-damage|p1a: Landorus|94/100 brn|[from] brn
|upkeep
|turn|2
|
|t:|1757867385
|move|p1a: Landorus|Earth Power|p2a: Incineroar
|-supereffective|p2a: Incineroar
|-damage|p2a: Incineroar|46/100
|move|p2a: Incineroar|Knock Off|p1a: Landorus
|-damage|p1a: Landorus|68/100 brn
|-damage|p2a: Incineroar|29/100|[from] item: Rocky Helmet|[of] p1a: Landorus
|-enditem|p1a: Landorus|Rocky Helmet|[from] move: Knock Off|[of] p2a: Incineroar
|
|-heal|p2a: Incineroar|35/100|[from] item: Leftovers
|-damage|p1a: Landorus|62/100 brn|[from] brn
|upkeep
|turn|3
|
|t:|1757867392
|switch|p2a: Tsareena|Tsareena, F, shiny|100/100
|-damage|p2a: Tsareena|88/100|[from] Stealth Rock
|move|p1a: Landorus|U-turn|p2a: Tsareena
|-supereffective|p2a: Tsareena
|-damage|p2a: Tsareena|75/100
|
|t:|1757867405
|switch|p1a: Ogerpon|Ogerpon-Wellspring, F|100/100|[from] U-turn
|
|upkeep
|turn|4
|
|t:|1757867408
|move|p1a: Ogerpon|U-turn|p2a: Tsareena
|-supereffective|p2a: Tsareena
|-damage|p2a: Tsareena|14/100
|
|t:|1757867413
|switch|p1a: Landorus|Landorus-Therian, M|62/100 brn|[from] U-turn
|-ability|p1a: Landorus|Intimidate|boost
|-unboost|p2a: Tsareena|atk|1
|move|p2a: Tsareena|Rapid Spin|p1a: Landorus
|-damage|p1a: Landorus|52/100 brn
|-boost|p2a: Tsareena|spe|1
|-sideend|p2: jessies boyfriend|Stealth Rock|[from] move: Rapid Spin|[of] p2a: Tsareena
|
|-damage|p1a: Landorus|46/100 brn|[from] brn
|upkeep
|turn|5
|
|t:|1757867419
|move|p2a: Tsareena|Play Rough|p1a: Landorus
|-damage|p1a: Landorus|27/100 brn
|move|p1a: Landorus|U-turn|p2a: Tsareena
|-supereffective|p2a: Tsareena
|-damage|p2a: Tsareena|0 fnt
|faint|p2a: Tsareena
|
|t:|1757867426
|switch|p1a: Ogerpon|Ogerpon-Wellspring, F|100/100|[from] U-turn
|
|upkeep
|
|t:|1757867435
|switch|p2a: Polteageist|Polteageist-Antique|100/100
|turn|6
|
|t:|1757867445
|move|p1a: Ogerpon|Ivy Cudgel|p2a: Polteageist|[anim] Ivy Cudgel Water
|-enditem|p2a: Polteageist|Focus Sash
|-damage|p2a: Polteageist|1/100
|-ability|p2a: Polteageist|Weak Armor|boost
|-unboost|p2a: Polteageist|def|1
|-boost|p2a: Polteageist|spe|2
|move|p2a: Polteageist|Shadow Ball|p1a: Ogerpon
|-damage|p1a: Ogerpon|47/100
|
|upkeep
|turn|7
|
|t:|1757867468
|switch|p1a: Kingambit|Kingambit, M|100/100
|move|p2a: Polteageist|Shadow Ball|p1a: Kingambit
|-resisted|p1a: Kingambit
|-damage|p1a: Kingambit|74/100
|
|-heal|p1a: Kingambit|80/100|[from] item: Leftovers
|upkeep
|turn|8
|
|t:|1757867477
|move|p2a: Polteageist|Will-O-Wisp|p1a: Kingambit|[miss]
|-miss|p2a: Polteageist|p1a: Kingambit
|move|p1a: Kingambit|Iron Head|p2a: Polteageist
|-damage|p2a: Polteageist|0 fnt
|faint|p2a: Polteageist
|
|-heal|p1a: Kingambit|86/100|[from] item: Leftovers
|upkeep
|
|t:|1757867482
|switch|p2a: Incineroar|Incineroar, F|35/100
|-ability|p2a: Incineroar|Intimidate|boost
|-unboost|p1a: Kingambit|atk|1
|turn|9
|
|t:|1757867493
|-end|p1a: Kingambit|fallenundefined|[silent]
|switch|p1a: Hatterene|Hatterene, F|100/100
|move|p2a: Incineroar|Drain Punch|p1a: Hatterene
|-resisted|p1a: Hatterene
|-damage|p1a: Hatterene|95/100
|-heal|p2a: Incineroar|38/100|[from] drain|[of] p1a: Hatterene
|
|-heal|p2a: Incineroar|44/100|[from] item: Leftovers
|upkeep
|turn|10
|
|t:|1757867499
|move|p2a: Incineroar|Knock Off|p1a: Hatterene
|-damage|p1a: Hatterene|51/100
|-enditem|p1a: Hatterene|Assault Vest|[from] move: Knock Off|[of] p2a: Incineroar
|move|p1a: Hatterene|Nuzzle|p2a: Incineroar
|-damage|p2a: Incineroar|40/100
|-status|p2a: Incineroar|par
|
|-heal|p2a: Incineroar|46/100 par|[from] item: Leftovers
|upkeep
|turn|11
|
|t:|1757867508
|switch|p2a: Cinderace|Cinderace, M|100/100
|move|p1a: Hatterene|Draining Kiss|p2a: Cinderace
|-resisted|p2a: Cinderace
|-damage|p2a: Cinderace|81/100
|-heal|p1a: Hatterene|65/100|[from] drain|[of] p2a: Cinderace
|
|upkeep
|turn|12
|
|t:|1757867514
|move|p2a: Cinderace|Pyro Ball|p1a: Hatterene|[miss]
|-miss|p2a: Cinderace|p1a: Hatterene
|move|p1a: Hatterene|Nuzzle|p2a: Cinderace
|-damage|p2a: Cinderace|77/100
|-status|p2a: Cinderace|par
|
|upkeep
|turn|13
|
|t:|1757867519
|move|p2a: Cinderace|Pyro Ball|p1a: Hatterene
|-damage|p1a: Hatterene|12/100
|move|p1a: Hatterene|Psyshock|p2a: Cinderace
|-damage|p2a: Cinderace|29/100 par
|
|upkeep
|turn|14
|
|t:|1757867534
|switch|p1a: Ogerpon|Ogerpon-Wellspring, F|47/100
|cant|p2a: Cinderace|par
|
|upkeep
|turn|15
|
|t:|1757867538
|move|p1a: Ogerpon|Ivy Cudgel|p2a: Cinderace|[anim] Ivy Cudgel Water
|-supereffective|p2a: Cinderace
|-damage|p2a: Cinderace|0 fnt
|faint|p2a: Cinderace
|
|upkeep
|
|t:|1757867541
|switch|p2a: Incineroar|Incineroar, F|46/100 par
|-ability|p2a: Incineroar|Intimidate|boost
|-unboost|p1a: Ogerpon|atk|1
|turn|16
|
|t:|1757867545
|move|p1a: Ogerpon|U-turn|p2a: Incineroar
|-damage|p2a: Incineroar|30/100 par
|
|t:|1757867548
|switch|p1a: Landorus|Landorus-Therian, M|27/100 brn|[from] U-turn
|-ability|p1a: Landorus|Intimidate|boost
|-unboost|p2a: Incineroar|atk|1
|move|p2a: Incineroar|Will-O-Wisp|p1a: Landorus
|-fail|p1a: Landorus|brn
|
|-heal|p2a: Incineroar|36/100 par|[from] item: Leftovers
|-damage|p1a: Landorus|21/100 brn|[from] brn
|upkeep
|turn|17
|
|t:|1757867552
|move|p1a: Landorus|Stealth Rock|p2a: Incineroar
|-sidestart|p2: jessies boyfriend|move: Stealth Rock
|cant|p2a: Incineroar|par
|
|-heal|p2a: Incineroar|42/100 par|[from] item: Leftovers
|-damage|p1a: Landorus|15/100 brn|[from] brn
|upkeep
|turn|18
|
|t:|1757867557
|move|p1a: Landorus|Earth Power|p2a: Incineroar
|-supereffective|p2a: Incineroar
|-damage|p2a: Incineroar|0 fnt
|faint|p2a: Incineroar
|
|-damage|p1a: Landorus|9/100 brn|[from] brn
|upkeep
|
|t:|1757867561
|switch|p2a: Slowking|Slowking, F|100/100
|-damage|p2a: Slowking|88/100|[from] Stealth Rock
|turn|19
|
|t:|1757867568
|move|p1a: Landorus|Taunt|p2a: Slowking
|-start|p2a: Slowking|move: Taunt
|move|p2a: Slowking|Future Sight|p1a: Landorus
|-start|p2a: Slowking|move: Future Sight
|
|-heal|p2a: Slowking|94/100|[from] item: Leftovers
|-damage|p1a: Landorus|3/100 brn|[from] brn
|upkeep
|turn|20
|
|t:|1757867574
|move|p1a: Landorus|Earth Power|p2a: Slowking
|-damage|p2a: Slowking|68/100
|move|p2a: Slowking|Scald|p1a: Landorus
|-supereffective|p1a: Landorus
|-damage|p1a: Landorus|0 fnt
|faint|p1a: Landorus
|
|-heal|p2a: Slowking|74/100|[from] item: Leftovers
|upkeep
|
|t:|1757867582
|switch|p1a: Kingambit|Kingambit, M|86/100
|-activate|p1a: Kingambit|ability: Supreme Overlord
|-start|p1a: Kingambit|fallen1|[silent]
|turn|21
|
|t:|1757867591
|move|p1a: Kingambit|Swords Dance|p1a: Kingambit
|-boost|p1a: Kingambit|atk|2
|move|p2a: Slowking|Scald|p1a: Kingambit
|-damage|p1a: Kingambit|47/100
|-status|p1a: Kingambit|brn
|
|-end|p1a: Kingambit|move: Future Sight
|-immune|p1a: Kingambit
|-heal|p1a: Kingambit|53/100 brn|[from] item: Leftovers
|-heal|p2a: Slowking|80/100|[from] item: Leftovers
|-damage|p1a: Kingambit|47/100 brn|[from] brn
|-end|p2a: Slowking|move: Taunt
|upkeep
|turn|22
|
|t:|1757867600
|move|p1a: Kingambit|Iron Head|p2a: Slowking
|-resisted|p2a: Slowking
|-damage|p2a: Slowking|56/100
|cant|p2a: Slowking|flinch
|
|-heal|p1a: Kingambit|53/100 brn|[from] item: Leftovers
|-heal|p2a: Slowking|62/100|[from] item: Leftovers
|-damage|p1a: Kingambit|47/100 brn|[from] brn
|upkeep
|turn|23
|
|t:|1757867606
|move|p1a: Kingambit|Swords Dance|p1a: Kingambit
|-boost|p1a: Kingambit|atk|2
|move|p2a: Slowking|Trick Room|p2a: Slowking
|-fieldstart|move: Trick Room|[of] p2a: Slowking
|
|-heal|p2a: Slowking|68/100|[from] item: Leftovers
|-heal|p1a: Kingambit|53/100 brn|[from] item: Leftovers
|-damage|p1a: Kingambit|47/100 brn|[from] brn
|upkeep
|turn|24
|
|t:|1757867611
|-prepare|p2a: Slowking|Chilly Reception|[premajor]
|move|p2a: Slowking|Chilly Reception|p2a: Slowking
|-weather|Snowscape
|
|t:|1757867614
|switch|p2a: Regigigas|Regigigas|100/100|[from] Chilly Reception
|-damage|p2a: Regigigas|88/100|[from] Stealth Rock
|-start|p2a: Regigigas|ability: Slow Start
|move|p1a: Kingambit|Iron Head|p2a: Regigigas
|-damage|p2a: Regigigas|17/100
|
|-weather|Snowscape|[upkeep]
|-heal|p2a: Regigigas|23/100|[from] item: Leftovers
|-heal|p1a: Kingambit|53/100 brn|[from] item: Leftovers
|-damage|p1a: Kingambit|47/100 brn|[from] brn
|upkeep
|turn|25
|
|t:|1757867622
|-terastallize|p2a: Regigigas|Fighting
|move|p1a: Kingambit|Sucker Punch|p2a: Regigigas
|-resisted|p2a: Regigigas
|-damage|p2a: Regigigas|0 fnt
|faint|p2a: Regigigas
|
|-weather|Snowscape|[upkeep]
|-heal|p1a: Kingambit|53/100 brn|[from] item: Leftovers
|-damage|p1a: Kingambit|47/100 brn|[from] brn
|upkeep
|-message|jessies boyfriend forfeited.
|
|win|Durianelitemandem
|raw|Durianelitemandem's rating: 1364 &rarr; <strong>1381</strong><br />(+17 for winning)
|raw|jessies boyfriend's rating: 1307 &rarr; <strong>1290</strong><br />(-17 for losing)
|l|☆jessies boyfriend
|player|p2|
|l|☆Durianelitemandem
|player|p1|
