|j|☆Kidhub
|j|☆Passerby bye
|t:|1757825668
|gametype|singles
|player|p1|Kidhub|265|1451
|player|p2|Passerby bye|cyclist|1428
|gen|9
|tier|[Gen 9] OU
|rated|
|rule|HP Percentage Mod: HP is shown in percentages
|rule|Endless Battle Clause: Forcing endless battles is banned
|rule|Species Clause: Limit one of each Pokémon
|rule|OHKO Clause: OHKO moves are banned
|rule|Evasion Items Clause: Evasion items are banned
|rule|Evasion Moves Clause: Evasion moves are banned
|rule|Evasion Abilities Clause: Evasion abilities are banned
|rule|Sleep Moves Clause: Sleep-inducing moves are banned
|clearpoke
|poke|p1|Rillaboom, M|
|poke|p1|Okidogi, M|
|poke|p1|Zamazenta-*|
|poke|p1|Iron Treads|
|poke|p1|Clefable, F|
|poke|p1|Walking Wake|
|poke|p2|Magnezone|
|poke|p2|Vileplume, M|
|poke|p2|Gyarados, M|
|poke|p2|Houndoom, M|
|poke|p2|Mamoswine, F|
|poke|p2|Azumarill, F|
|teampreview
|inactive|Battle timer is ON: inactive players will automatically lose when time's up. (requested by Kidhub)
|
|t:|1757825694
|teamsize|p1|6
|teamsize|p2|6
|start
|switch|p1a: Rillaboom|Rillaboom, M|100/100
|switch|p2a: Ordinary Pkmn only|Vileplume, M|100/100
|-fieldstart|move: Grassy Terrain|[from] ability: Grassy Surge|[of] p1a: Rillaboom
|turn|1
|
|t:|1757825707
|switch|p1a: Iron Treads|Iron Treads|100/100
|move|p2a: Ordinary Pkmn only|Leech Seed|p1a: Iron Treads
|-start|p1a: Iron Treads|move: Leech Seed
|
|-damage|p1a: Iron Treads|88/100|[from] Leech Seed|[of] p2a: Ordinary Pkmn only
|upkeep
|turn|2
|
|t:|1757825715
|move|p1a: Iron Treads|Stealth Rock|p2a: Ordinary Pkmn only
|-sidestart|p2: Passerby bye|move: Stealth Rock
|move|p2a: Ordinary Pkmn only|Giga Drain|p1a: Iron Treads
|-damage|p1a: Iron Treads|44/100
|
|-heal|p1a: Iron Treads|50/100|[from] Grassy Terrain
|-heal|p1a: Iron Treads|56/100|[from] item: Leftovers
|-damage|p1a: Iron Treads|44/100|[from] Leech Seed|[of] p2a: Ordinary Pkmn only
|upkeep
|turn|3
|
|t:|1757825729
|-end|p1a: Iron Treads|Quark Drive|[silent]
|switch|p1a: Okidogi|Okidogi, M|100/100
|move|p2a: Ordinary Pkmn only|Giga Drain|p1a: Okidogi
|-resisted|p1a: Okidogi
|-damage|p1a: Okidogi|85/100
|
|-heal|p1a: Okidogi|91/100|[from] Grassy Terrain
|-heal|p1a: Okidogi|97/100|[from] item: Leftovers
|upkeep
|turn|4
|
|t:|1757825739
|move|p1a: Okidogi|Bulk Up|p1a: Okidogi
|-boost|p1a: Okidogi|atk|1
|-boost|p1a: Okidogi|def|1
|move|p2a: Ordinary Pkmn only|Leech Seed|p1a: Okidogi
|-start|p1a: Okidogi|move: Leech Seed
|
|-heal|p1a: Okidogi|100/100|[from] Grassy Terrain
|-damage|p1a: Okidogi|88/100|[from] Leech Seed|[of] p2a: Ordinary Pkmn only
|upkeep
|turn|5
|
|t:|1757825748
|move|p1a: Okidogi|Gunk Shot|p2a: Ordinary Pkmn only
|-damage|p2a: Ordinary Pkmn only|37/100
|move|p2a: Ordinary Pkmn only|Strength Sap|p1a: Okidogi
|-unboost|p1a: Okidogi|atk|1
|-heal|p2a: Ordinary Pkmn only|100/100
|
|-heal|p1a: Okidogi|94/100|[from] Grassy Terrain
|-heal|p1a: Okidogi|99/100|[from] item: Leftovers
|-damage|p1a: Okidogi|88/100|[from] Leech Seed|[of] p2a: Ordinary Pkmn only
|upkeep
|turn|6
|
|t:|1757825760
|move|p1a: Okidogi|Knock Off|p2a: Ordinary Pkmn only
|-damage|p2a: Ordinary Pkmn only|76/100
|-damage|p1a: Okidogi|71/100|[from] item: Rocky Helmet|[of] p2a: Ordinary Pkmn only
|-enditem|p2a: Ordinary Pkmn only|Rocky Helmet|[from] move: Knock Off|[of] p1a: Okidogi
|move|p2a: Ordinary Pkmn only|Strength Sap|p1a: Okidogi
|-unboost|p1a: Okidogi|atk|1
|-heal|p2a: Ordinary Pkmn only|100/100
|
|-heal|p1a: Okidogi|77/100|[from] Grassy Terrain
|-heal|p1a: Okidogi|83/100|[from] item: Leftovers
|-damage|p1a: Okidogi|71/100|[from] Leech Seed|[of] p2a: Ordinary Pkmn only
|upkeep
|turn|7
|
|t:|1757825777
|switch|p1a: Zamazenta|Zamazenta|100/100
|-ability|p1a: Zamazenta|Dauntless Shield|boost
|-boost|p1a: Zamazenta|def|1
|move|p2a: Ordinary Pkmn only|Giga Drain|p1a: Zamazenta
|-damage|p1a: Zamazenta|65/100
|
|-heal|p1a: Zamazenta|71/100|[from] Grassy Terrain
|-heal|p1a: Zamazenta|77/100|[from] item: Leftovers
|upkeep
|turn|8
|
|t:|1757825792
|switch|p1a: Clefable|Clefable, F|100/100
|move|p2a: Ordinary Pkmn only|Leech Seed|p1a: Clefable
|-start|p1a: Clefable|move: Leech Seed
|
|-fieldend|move: Grassy Terrain
|upkeep
|turn|9
|
|t:|1757825800
|move|p1a: Clefable|Thunder Wave|p2a: Ordinary Pkmn only
|-status|p2a: Ordinary Pkmn only|par
|move|p2a: Ordinary Pkmn only|Sludge Wave|p1a: Clefable
|-supereffective|p1a: Clefable
|-damage|p1a: Clefable|37/100
|
|-heal|p1a: Clefable|43/100|[from] item: Leftovers
|upkeep
|turn|10
|
|t:|1757825810
|move|p1a: Clefable|Moonlight|p1a: Clefable
|-heal|p1a: Clefable|93/100
|cant|p2a: Ordinary Pkmn only|par
|
|-heal|p1a: Clefable|99/100|[from] item: Leftovers
|upkeep
|turn|11
|
|t:|1757825818
|switch|p1a: Iron Treads|Iron Treads|44/100
|move|p2a: Ordinary Pkmn only|Sludge Wave|p1a: Iron Treads
|-immune|p1a: Iron Treads
|
|-heal|p1a: Iron Treads|50/100|[from] item: Leftovers
|upkeep
|turn|12
|
|t:|1757825827
|move|p1a: Iron Treads|High Horsepower|p2a: Ordinary Pkmn only|[miss]
|-miss|p1a: Iron Treads|p2a: Ordinary Pkmn only
|move|p2a: Ordinary Pkmn only|Giga Drain|p1a: Iron Treads
|-damage|p1a: Iron Treads|16/100
|
|-heal|p1a: Iron Treads|22/100|[from] item: Leftovers
|upkeep
|turn|13
|
|t:|1757825835
|move|p1a: Iron Treads|High Horsepower|p2a: Ordinary Pkmn only
|-damage|p2a: Ordinary Pkmn only|73/100 par
|move|p2a: Ordinary Pkmn only|Strength Sap|p1a: Iron Treads
|-unboost|p1a: Iron Treads|atk|1
|-heal|p2a: Ordinary Pkmn only|100/100 par
|
|-heal|p1a: Iron Treads|28/100|[from] item: Leftovers
|upkeep
|turn|14
|
|t:|1757825845
|-end|p1a: Iron Treads|Quark Drive|[silent]
|switch|p1a: Walking Wake|Walking Wake|100/100
|cant|p2a: Ordinary Pkmn only|par
|
|upkeep
|turn|15
|
|t:|1757825852
|switch|p2a: Sample Team sucks|Azumarill, F|100/100
|-damage|p2a: Sample Team sucks|88/100|[from] Stealth Rock
|move|p1a: Walking Wake|Flamethrower|p2a: Sample Team sucks
|-resisted|p2a: Sample Team sucks
|-damage|p2a: Sample Team sucks|72/100
|-status|p2a: Sample Team sucks|brn
|
|-damage|p2a: Sample Team sucks|66/100 brn|[from] brn
|upkeep
|turn|16
|
|t:|1757825865
|-end|p1a: Walking Wake|Protosynthesis|[silent]
|switch|p1a: Rillaboom|Rillaboom, M|100/100
|-fieldstart|move: Grassy Terrain|[from] ability: Grassy Surge|[of] p1a: Rillaboom
|move|p2a: Sample Team sucks|Knock Off|p1a: Rillaboom
|-damage|p1a: Rillaboom|82/100
|-enditem|p1a: Rillaboom|Terrain Extender|[from] move: Knock Off|[of] p2a: Sample Team sucks
|
|-heal|p1a: Rillaboom|88/100|[from] Grassy Terrain
|-heal|p2a: Sample Team sucks|72/100 brn|[from] Grassy Terrain
|-damage|p2a: Sample Team sucks|66/100 brn|[from] brn
|upkeep
|turn|17
|
|t:|1757825881
|switch|p1a: Okidogi|Okidogi, M|71/100
|switch|p2a: Ordinary Pkmn only|Vileplume, M|100/100 par
|-damage|p2a: Ordinary Pkmn only|88/100 par|[from] Stealth Rock
|
|-heal|p1a: Okidogi|77/100|[from] Grassy Terrain
|-heal|p1a: Okidogi|83/100|[from] item: Leftovers
|-heal|p2a: Ordinary Pkmn only|94/100 par|[from] Grassy Terrain
|upkeep
|turn|18
|
|t:|1757825892
|move|p1a: Okidogi|Bulk Up|p1a: Okidogi
|-boost|p1a: Okidogi|atk|1
|-boost|p1a: Okidogi|def|1
|move|p2a: Ordinary Pkmn only|Leech Seed|p1a: Okidogi
|-start|p1a: Okidogi|move: Leech Seed
|
|-heal|p1a: Okidogi|89/100|[from] Grassy Terrain
|-heal|p1a: Okidogi|95/100|[from] item: Leftovers
|-heal|p2a: Ordinary Pkmn only|100/100 par|[from] Grassy Terrain
|-damage|p1a: Okidogi|83/100|[from] Leech Seed|[of] p2a: Ordinary Pkmn only
|upkeep
|turn|19
|
|t:|1757825903
|move|p1a: Okidogi|Gunk Shot|p2a: Ordinary Pkmn only
|-damage|p2a: Ordinary Pkmn only|38/100 par
|cant|p2a: Ordinary Pkmn only|par
|
|-heal|p1a: Okidogi|89/100|[from] Grassy Terrain
|-heal|p1a: Okidogi|95/100|[from] item: Leftovers
|-heal|p2a: Ordinary Pkmn only|44/100 par|[from] Grassy Terrain
|-damage|p1a: Okidogi|83/100|[from] Leech Seed|[of] p2a: Ordinary Pkmn only
|-heal|p2a: Ordinary Pkmn only|57/100 par|[silent]
|upkeep
|turn|20
|
|t:|1757825915
|switch|p2a: Legend Pkmn sucks|Magnezone|100/100
|-damage|p2a: Legend Pkmn sucks|94/100|[from] Stealth Rock
|move|p1a: Okidogi|Gunk Shot|p2a: Legend Pkmn sucks
|-immune|p2a: Legend Pkmn sucks
|
|-heal|p1a: Okidogi|89/100|[from] Grassy Terrain
|-heal|p1a: Okidogi|95/100|[from] item: Leftovers
|-heal|p2a: Legend Pkmn sucks|100/100|[from] Grassy Terrain
|-damage|p1a: Okidogi|82/100|[from] Leech Seed|[of] p2a: Legend Pkmn sucks
|upkeep
|turn|21
|
|t:|1757825927
|switch|p2a: BST＞540 Pkmn sucks|Gyarados, M, shiny|100/100
|-ability|p2a: BST＞540 Pkmn sucks|Intimidate|boost
|-unboost|p1a: Okidogi|atk|1
|move|p1a: Okidogi|Drain Punch|p2a: BST＞540 Pkmn sucks
|-resisted|p2a: BST＞540 Pkmn sucks
|-damage|p2a: BST＞540 Pkmn sucks|83/100
|-heal|p1a: Okidogi|90/100|[from] drain|[of] p2a: BST＞540 Pkmn sucks
|
|-heal|p1a: Okidogi|96/100|[from] Grassy Terrain
|-heal|p1a: Okidogi|100/100|[from] item: Leftovers
|-damage|p1a: Okidogi|88/100|[from] Leech Seed|[of] p2a: BST＞540 Pkmn sucks
|-heal|p2a: BST＞540 Pkmn sucks|97/100|[silent]
|upkeep
|turn|22
|
|t:|1757825941
|switch|p2a: Ordinary Pkmn only|Vileplume, M|57/100 par
|-damage|p2a: Ordinary Pkmn only|45/100 par|[from] Stealth Rock
|move|p1a: Okidogi|Bulk Up|p1a: Okidogi
|-boost|p1a: Okidogi|atk|1
|-boost|p1a: Okidogi|def|1
|
|-heal|p1a: Okidogi|94/100|[from] Grassy Terrain
|-heal|p1a: Okidogi|99/100|[from] item: Leftovers
|-heal|p2a: Ordinary Pkmn only|51/100 par|[from] Grassy Terrain
|-damage|p1a: Okidogi|88/100|[from] Leech Seed|[of] p2a: Ordinary Pkmn only
|-heal|p2a: Ordinary Pkmn only|64/100 par|[silent]
|upkeep
|turn|23
|
|t:|1757825954
|move|p1a: Okidogi|Gunk Shot|p2a: Ordinary Pkmn only|[miss]
|-miss|p1a: Okidogi|p2a: Ordinary Pkmn only
|move|p2a: Ordinary Pkmn only|Strength Sap|p1a: Okidogi
|-unboost|p1a: Okidogi|atk|1
|-heal|p2a: Ordinary Pkmn only|100/100 par
|
|-heal|p1a: Okidogi|94/100|[from] Grassy Terrain
|-heal|p1a: Okidogi|99/100|[from] item: Leftovers
|-damage|p1a: Okidogi|88/100|[from] Leech Seed|[of] p2a: Ordinary Pkmn only
|-fieldend|move: Grassy Terrain
|upkeep
|turn|24
|
|t:|1757825970
|move|p1a: Okidogi|Gunk Shot|p2a: Ordinary Pkmn only
|-damage|p2a: Ordinary Pkmn only|56/100 par
|cant|p2a: Ordinary Pkmn only|par
|
|-heal|p1a: Okidogi|94/100|[from] item: Leftovers
|-damage|p1a: Okidogi|81/100|[from] Leech Seed|[of] p2a: Ordinary Pkmn only
|-heal|p2a: Ordinary Pkmn only|70/100 par|[silent]
|upkeep
|turn|25
|
|t:|1757825980
|switch|p1a: Walking Wake|Walking Wake|100/100
|cant|p2a: Ordinary Pkmn only|par
|
|upkeep
|turn|26
|
|t:|1757825986
|switch|p2a: Sample Team sucks|Azumarill, F|66/100 brn
|-damage|p2a: Sample Team sucks|54/100 brn|[from] Stealth Rock
|move|p1a: Walking Wake|Flip Turn|p2a: Sample Team sucks
|-resisted|p2a: Sample Team sucks
|-damage|p2a: Sample Team sucks|46/100 brn
|
|t:|1757825992
|-end|p1a: Walking Wake|Protosynthesis|[silent]
|switch|p1a: Rillaboom|Rillaboom, M|88/100|[from] Flip Turn
|-fieldstart|move: Grassy Terrain|[from] ability: Grassy Surge|[of] p1a: Rillaboom
|
|-heal|p1a: Rillaboom|94/100|[from] Grassy Terrain
|-heal|p2a: Sample Team sucks|52/100 brn|[from] Grassy Terrain
|-damage|p2a: Sample Team sucks|46/100 brn|[from] brn
|upkeep
|turn|27
|
|t:|1757826003
|switch|p2a: Ordinary Pkmn only|Vileplume, M|70/100 par
|-damage|p2a: Ordinary Pkmn only|57/100 par|[from] Stealth Rock
|move|p1a: Rillaboom|Wood Hammer|p2a: Ordinary Pkmn only
|-resisted|p2a: Ordinary Pkmn only
|-damage|p2a: Ordinary Pkmn only|42/100 par
|-damage|p1a: Rillaboom|90/100|[from] Recoil
|
|-heal|p1a: Rillaboom|96/100|[from] Grassy Terrain
|-heal|p2a: Ordinary Pkmn only|48/100 par|[from] Grassy Terrain
|upkeep
|turn|28
|
|t:|1757826019
|switch|p1a: Walking Wake|Walking Wake|100/100
|move|p2a: Ordinary Pkmn only|Strength Sap|p1a: Walking Wake
|-unboost|p1a: Walking Wake|atk|1
|-heal|p2a: Ordinary Pkmn only|99/100 par
|
|-heal|p2a: Ordinary Pkmn only|100/100 par|[from] Grassy Terrain
|upkeep
|turn|29
|
|t:|1757826028
|switch|p2a: Sample Team sucks|Azumarill, F|46/100 brn
|-damage|p2a: Sample Team sucks|34/100 brn|[from] Stealth Rock
|move|p1a: Walking Wake|Draco Meteor|p2a: Sample Team sucks
|-immune|p2a: Sample Team sucks
|
|-heal|p2a: Sample Team sucks|40/100 brn|[from] Grassy Terrain
|-damage|p2a: Sample Team sucks|34/100 brn|[from] brn
|upkeep
|turn|30
|
|t:|1757826039
|-end|p1a: Walking Wake|Protosynthesis|[silent]
|switch|p1a: Okidogi|Okidogi, M|81/100
|move|p2a: Sample Team sucks|Play Rough|p1a: Okidogi
|-damage|p1a: Okidogi|60/100
|
|-heal|p1a: Okidogi|66/100|[from] Grassy Terrain
|-heal|p1a: Okidogi|72/100|[from] item: Leftovers
|-heal|p2a: Sample Team sucks|40/100 brn|[from] Grassy Terrain
|-damage|p2a: Sample Team sucks|34/100 brn|[from] brn
|-fieldend|move: Grassy Terrain
|upkeep
|turn|31
|
|t:|1757826051
|move|p1a: Okidogi|Gunk Shot|p2a: Sample Team sucks
|-supereffective|p2a: Sample Team sucks
|-damage|p2a: Sample Team sucks|0 fnt
|faint|p2a: Sample Team sucks
|
|-heal|p1a: Okidogi|78/100|[from] item: Leftovers
|upkeep
|
|t:|1757826059
|switch|p2a: BST＞540 Pkmn sucks|Gyarados, M, shiny|97/100
|-ability|p2a: BST＞540 Pkmn sucks|Intimidate|boost
|-unboost|p1a: Okidogi|atk|1
|turn|32
|
|t:|1757826067
|move|p1a: Okidogi|Gunk Shot|p2a: BST＞540 Pkmn sucks
|-damage|p2a: BST＞540 Pkmn sucks|60/100
|move|p2a: BST＞540 Pkmn sucks|Thunder Wave|p1a: Okidogi
|-status|p1a: Okidogi|par
|
|-heal|p1a: Okidogi|84/100 par|[from] item: Leftovers
|upkeep
|turn|33
|
|t:|1757826076
|move|p2a: BST＞540 Pkmn sucks|Dragon Dance|p2a: BST＞540 Pkmn sucks
|-boost|p2a: BST＞540 Pkmn sucks|atk|1
|-boost|p2a: BST＞540 Pkmn sucks|spe|1
|cant|p1a: Okidogi|par
|
|-heal|p1a: Okidogi|90/100 par|[from] item: Leftovers
|upkeep
|turn|34
|
|t:|1757826083
|move|p2a: BST＞540 Pkmn sucks|Earthquake|p1a: Okidogi
|-supereffective|p1a: Okidogi
|-damage|p1a: Okidogi|0 fnt
|faint|p1a: Okidogi
|
|upkeep
|
|t:|1757826094
|switch|p1a: Rillaboom|Rillaboom, M|96/100
|-fieldstart|move: Grassy Terrain|[from] ability: Grassy Surge|[of] p1a: Rillaboom
|turn|35
|
|t:|1757826110
|switch|p2a: Ordinary Pkmn only|Vileplume, M|100/100 par
|-damage|p2a: Ordinary Pkmn only|88/100 par|[from] Stealth Rock
|-terastallize|p1a: Rillaboom|Grass
|move|p1a: Rillaboom|Grassy Glide|p2a: Ordinary Pkmn only
|-resisted|p2a: Ordinary Pkmn only
|-damage|p2a: Ordinary Pkmn only|78/100 par
|
|-heal|p1a: Rillaboom|100/100|[from] Grassy Terrain
|-heal|p2a: Ordinary Pkmn only|85/100 par|[from] Grassy Terrain
|upkeep
|turn|36
|
|t:|1757826129
|switch|p1a: Clefable|Clefable, F|99/100
|cant|p2a: Ordinary Pkmn only|par
|
|-heal|p1a: Clefable|100/100|[from] Grassy Terrain
|-heal|p2a: Ordinary Pkmn only|91/100 par|[from] Grassy Terrain
|upkeep
|turn|37
|
|t:|1757826137
|move|p1a: Clefable|Calm Mind|p1a: Clefable
|-boost|p1a: Clefable|spa|1
|-boost|p1a: Clefable|spd|1
|move|p2a: Ordinary Pkmn only|Sludge Wave|p1a: Clefable
|-supereffective|p1a: Clefable
|-damage|p1a: Clefable|57/100
|
|-heal|p1a: Clefable|63/100|[from] Grassy Terrain
|-heal|p1a: Clefable|70/100|[from] item: Leftovers
|-heal|p2a: Ordinary Pkmn only|97/100 par|[from] Grassy Terrain
|upkeep
|turn|38
|
|t:|1757826147
|switch|p2a: Legend Pkmn sucks|Magnezone|100/100
|-damage|p2a: Legend Pkmn sucks|94/100|[from] Stealth Rock
|move|p1a: Clefable|Calm Mind|p1a: Clefable
|-boost|p1a: Clefable|spa|1
|-boost|p1a: Clefable|spd|1
|
|-heal|p1a: Clefable|76/100|[from] Grassy Terrain
|-heal|p1a: Clefable|82/100|[from] item: Leftovers
|-heal|p2a: Legend Pkmn sucks|100/100|[from] Grassy Terrain
|upkeep
|turn|39
|
|t:|1757826159
|move|p1a: Clefable|Calm Mind|p1a: Clefable
|-boost|p1a: Clefable|spa|1
|-boost|p1a: Clefable|spd|1
|move|p2a: Legend Pkmn sucks|Flash Cannon|p1a: Clefable
|-supereffective|p1a: Clefable
|-damage|p1a: Clefable|9/100
|
|-heal|p1a: Clefable|15/100|[from] Grassy Terrain
|-heal|p1a: Clefable|21/100|[from] item: Leftovers
|-fieldend|move: Grassy Terrain
|upkeep
|turn|40
|-message|Kidhub forfeited.
|
|win|Passerby bye
|raw|Kidhub's rating: 1451 &rarr; <strong>1430</strong><br />(-21 for losing)
|raw|Passerby bye's rating: 1428 &rarr; <strong>1449</strong><br />(+21 for winning)
|l|☆Kidhub
|player|p1|
|l|☆Passerby bye
|player|p2|
