|j|☆SamiFawad
|j|☆labeys
|t:|1757910428
|gametype|singles
|player|p1|SamiFawad|101|1565
|player|p2|labeys|sordward|1607
|gen|9
|tier|[Gen 9] OU
|rated|
|rule|HP Percentage Mod: HP is shown in percentages
|rule|Endless Battle Clause: Forcing endless battles is banned
|rule|Species Clause: Limit one of each Pokémon
|rule|OHKO Clause: OHKO moves are banned
|rule|Evasion Items Clause: Evasion items are banned
|rule|Evasion Moves Clause: Evasion moves are banned
|rule|Evasion Abilities Clause: Evasion abilities are banned
|rule|Sleep Moves Clause: Sleep-inducing moves are banned
|clearpoke
|poke|p1|Slowking-Galar, M|
|poke|p1|Pecharunt|
|poke|p1|Zamazenta-*|
|poke|p1|Samurott-Hisui, F|
|poke|p1|Kyurem|
|poke|p1|Great Tusk|
|poke|p2|Samurott-Hisui, F|
|poke|p2|Iron Treads|
|poke|p2|Iron Valiant|
|poke|p2|Zapdos|
|poke|p2|Iron Moth|
|poke|p2|Skeledirge, M|
|teampreview
|inactive|Battle timer is ON: inactive players will automatically lose when time's up. (requested by labeys)
|
|t:|1757910444
|teamsize|p1|6
|teamsize|p2|6
|start
|switch|p1a: Great Tusk|Great Tusk|100/100
|switch|p2a: Iron Moth|Iron Moth|100/100
|turn|1
|
|t:|1757910450
|move|p2a: Iron Moth|Overheat|p1a: Great Tusk
|-damage|p1a: Great Tusk|0 fnt
|-unboost|p2a: Iron Moth|spa|2
|faint|p1a: Great Tusk
|-end|p1a: Great Tusk|Protosynthesis|[silent]
|
|upkeep
|
|t:|1757910453
|switch|p1a: Samurott|Samurott-Hisui, F|100/100
|turn|2
|
|t:|1757910471
|-end|p2a: Iron Moth|Quark Drive|[silent]
|switch|p2a: Iron Valiant|Iron Valiant|100/100
|move|p1a: Samurott|Ceaseless Edge|p2a: Iron Valiant|[miss]
|-miss|p1a: Samurott|p2a: Iron Valiant
|
|upkeep
|turn|3
|
|t:|1757910481
|switch|p1a: Pecharunt|Pecharunt|100/100
|move|p2a: Iron Valiant|Knock Off|p1a: Pecharunt
|-supereffective|p1a: Pecharunt
|-damage|p1a: Pecharunt|50/100
|-damage|p2a: Iron Valiant|84/100|[from] item: Rocky Helmet|[of] p1a: Pecharunt
|-enditem|p1a: Pecharunt|Rocky Helmet|[from] move: Knock Off|[of] p2a: Iron Valiant
|-damage|p2a: Iron Valiant|74/100|[from] item: Life Orb
|
|upkeep
|turn|4
|
|t:|1757910498
|-end|p2a: Iron Valiant|Quark Drive|[silent]
|switch|p2a: Iron Treads|Iron Treads|100/100
|move|p1a: Pecharunt|Recover|p1a: Pecharunt
|-heal|p1a: Pecharunt|100/100
|
|upkeep
|turn|5
|
|t:|1757910502
|move|p2a: Iron Treads|Earthquake|p1a: Pecharunt
|-supereffective|p1a: Pecharunt
|-damage|p1a: Pecharunt|53/100
|move|p1a: Pecharunt|Shadow Ball|p2a: Iron Treads
|-damage|p2a: Iron Treads|62/100
|
|upkeep
|turn|6
|
|t:|1757910507
|move|p2a: Iron Treads|Knock Off|p1a: Pecharunt
|-supereffective|p1a: Pecharunt
|-damage|p1a: Pecharunt|31/100
|move|p1a: Pecharunt|Shadow Ball|p2a: Iron Treads
|-damage|p2a: Iron Treads|21/100
|
|upkeep
|turn|7
|
|t:|1757910514
|move|p2a: Iron Treads|Stealth Rock|p1a: Pecharunt
|-sidestart|p1: SamiFawad|move: Stealth Rock
|move|p1a: Pecharunt|Shadow Ball|p2a: Iron Treads
|-damage|p2a: Iron Treads|0 fnt
|faint|p2a: Iron Treads
|-end|p2a: Iron Treads|Quark Drive|[silent]
|
|upkeep
|
|t:|1757910519
|switch|p2a: Samurott|Samurott-Hisui, F|100/100
|turn|8
|
|t:|1757910529
|switch|p1a: Samurott|Samurott-Hisui, F|100/100
|-damage|p1a: Samurott|88/100|[from] Stealth Rock
|move|p2a: Samurott|Ceaseless Edge|p1a: Samurott
|-resisted|p1a: Samurott
|-damage|p1a: Samurott|49/100
|-sidestart|p1: SamiFawad|Spikes
|
|upkeep
|turn|9
|
|t:|1757910533
|move|p1a: Samurott|Sacred Sword|p2a: Samurott
|-supereffective|p2a: Samurott
|-damage|p2a: Samurott|0 fnt
|faint|p2a: Samurott
|
|upkeep
|
|t:|1757910548
|switch|p2a: Iron Valiant|Iron Valiant|74/100
|turn|10
|
|t:|1757910553
|switch|p1a: Pecharunt|Pecharunt|31/100
|-damage|p1a: Pecharunt|19/100|[from] Stealth Rock
|-damage|p1a: Pecharunt|6/100|[from] Spikes
|move|p2a: Iron Valiant|Close Combat|p1a: Pecharunt
|-immune|p1a: Pecharunt
|
|upkeep
|turn|11
|
|t:|1757910556
|move|p2a: Iron Valiant|Knock Off|p1a: Pecharunt
|-supereffective|p1a: Pecharunt
|-damage|p1a: Pecharunt|0 fnt
|faint|p1a: Pecharunt
|-damage|p2a: Iron Valiant|65/100|[from] item: Life Orb
|
|upkeep
|
|t:|1757910566
|switch|p1a: Kyurem|Kyurem|100/100
|-damage|p1a: Kyurem|76/100|[from] Stealth Rock
|-damage|p1a: Kyurem|63/100|[from] Spikes
|-ability|p1a: Kyurem|Pressure
|turn|12
|
|t:|1757910575
|move|p1a: Kyurem|Ice Beam|p2a: Iron Valiant
|-damage|p2a: Iron Valiant|0 fnt
|faint|p2a: Iron Valiant
|-end|p2a: Iron Valiant|Quark Drive|[silent]
|
|upkeep
|
|t:|1757910577
|switch|p2a: Iron Moth|Iron Moth|100/100
|turn|13
|
|t:|1757910579
|switch|p1a: Slowking|Slowking-Galar, M|100/100
|-damage|p1a: Slowking|88/100|[from] Stealth Rock
|-damage|p1a: Slowking|76/100|[from] Spikes
|move|p2a: Iron Moth|Fiery Dance|p1a: Slowking
|-damage|p1a: Slowking|41/100
|
|upkeep
|turn|14
|
|t:|1757910586
|-end|p2a: Iron Moth|Quark Drive|[silent]
|switch|p2a: Zapdos|Zapdos|100/100
|move|p1a: Slowking|Future Sight|p2a: Zapdos
|-start|p1a: Slowking|move: Future Sight
|
|upkeep
|turn|15
|
|t:|1757910589
|move|p2a: Zapdos|Electric Terrain|p2a: Zapdos
|-fieldstart|move: Electric Terrain
|move|p1a: Slowking|Sludge Bomb|p2a: Zapdos
|-damage|p2a: Zapdos|56/100
|
|upkeep
|turn|16
|
|t:|1757910594
|move|p2a: Zapdos|Volt Switch|p1a: Slowking
|-crit|p1a: Slowking
|-damage|p1a: Slowking|16/100
|
|t:|1757910596
|switch|p2a: Iron Moth|Iron Moth|100/100|[from] Volt Switch
|-activate|p2a: Iron Moth|ability: Quark Drive
|-start|p2a: Iron Moth|quarkdrivespe
|move|p1a: Slowking|Sludge Bomb|p2a: Iron Moth
|-resisted|p2a: Iron Moth
|-crit|p2a: Iron Moth
|-damage|p2a: Iron Moth|67/100
|
|-end|p2a: Iron Moth|move: Future Sight
|-supereffective|p2a: Iron Moth
|-damage|p2a: Iron Moth|0 fnt
|faint|p2a: Iron Moth
|-end|p2a: Iron Moth|Quark Drive|[silent]
|upkeep
|
|t:|1757910598
|switch|p2a: Zapdos|Zapdos|56/100
|turn|17
|
|t:|1757910602
|switch|p1a: Kyurem|Kyurem|63/100
|-damage|p1a: Kyurem|39/100|[from] Stealth Rock
|-damage|p1a: Kyurem|26/100|[from] Spikes
|-ability|p1a: Kyurem|Pressure
|move|p2a: Zapdos|Volt Switch|p1a: Kyurem
|-resisted|p1a: Kyurem
|-crit|p1a: Kyurem
|-damage|p1a: Kyurem|7/100
|
|t:|1757910604
|switch|p2a: Skeledirge|Skeledirge, M|100/100|[from] Volt Switch
|
|upkeep
|turn|18
|
|t:|1757910607
|switch|p2a: Zapdos|Zapdos|56/100
|move|p1a: Kyurem|Ice Beam|p2a: Zapdos
|-supereffective|p2a: Zapdos
|-damage|p2a: Zapdos|0 fnt
|faint|p2a: Zapdos
|
|upkeep
|
|t:|1757910609
|switch|p2a: Skeledirge|Skeledirge, M|100/100
|turn|19
|
|t:|1757910612
|move|p1a: Kyurem|Ice Beam|p2a: Skeledirge
|-resisted|p2a: Skeledirge
|-damage|p2a: Skeledirge|73/100
|move|p2a: Skeledirge|Torch Song|p1a: Kyurem
|-damage|p1a: Kyurem|0 fnt
|-boost|p2a: Skeledirge|spa|1
|faint|p1a: Kyurem
|
|-heal|p2a: Skeledirge|79/100|[from] item: Leftovers
|upkeep
|
|t:|1757910616
|switch|p1a: Samurott|Samurott-Hisui, F|49/100
|-damage|p1a: Samurott|36/100|[from] Stealth Rock
|-damage|p1a: Samurott|24/100|[from] Spikes
|turn|20
|
|t:|1757910621
|-terastallize|p2a: Skeledirge|Water
|move|p1a: Samurott|Ceaseless Edge|p2a: Skeledirge
|-damage|p2a: Skeledirge|52/100
|-sidestart|p2: labeys|Spikes
|move|p2a: Skeledirge|Roar|p1a: Samurott
|drag|p1a: Zamazenta|Zamazenta|100/100
|-damage|p1a: Zamazenta|94/100|[from] Stealth Rock
|-damage|p1a: Zamazenta|82/100|[from] Spikes
|-ability|p1a: Zamazenta|Dauntless Shield|boost
|-boost|p1a: Zamazenta|def|1
|
|-heal|p2a: Skeledirge|58/100|[from] item: Leftovers
|upkeep
|turn|21
|
|t:|1757910629
|move|p1a: Zamazenta|Close Combat|p2a: Skeledirge
|-damage|p2a: Skeledirge|10/100
|-unboost|p1a: Zamazenta|def|1
|-unboost|p1a: Zamazenta|spd|1
|-damage|p1a: Zamazenta|72/100|[from] item: Life Orb
|move|p2a: Skeledirge|Slack Off|p2a: Skeledirge
|-heal|p2a: Skeledirge|60/100
|
|-heal|p2a: Skeledirge|66/100|[from] item: Leftovers
|upkeep
|turn|22
|
|t:|1757910633
|move|p1a: Zamazenta|Crunch|p2a: Skeledirge
|-damage|p2a: Skeledirge|43/100
|-damage|p1a: Zamazenta|62/100|[from] item: Life Orb
|move|p2a: Skeledirge|Slack Off|p2a: Skeledirge
|-heal|p2a: Skeledirge|93/100
|
|-heal|p2a: Skeledirge|99/100|[from] item: Leftovers
|-fieldend|move: Electric Terrain
|upkeep
|turn|23
|
|t:|1757910641
|switch|p1a: Samurott|Samurott-Hisui, F|24/100
|-damage|p1a: Samurott|11/100|[from] Stealth Rock
|-damage|p1a: Samurott|0 fnt|[from] Spikes
|faint|p1a: Samurott
|move|p2a: Skeledirge|Torch Song|p1: Samurott|[notarget]
|-fail|p2a: Skeledirge
|
|-heal|p2a: Skeledirge|100/100|[from] item: Leftovers
|upkeep
|
|t:|1757910643
|switch|p1a: Slowking|Slowking-Galar, M|49/100
|-damage|p1a: Slowking|37/100|[from] Stealth Rock
|-damage|p1a: Slowking|25/100|[from] Spikes
|turn|24
|
|t:|1757910650
|-terastallize|p1a: Slowking|Fire
|move|p2a: Skeledirge|Torch Song|p1a: Slowking
|-resisted|p1a: Slowking
|-damage|p1a: Slowking|12/100
|-boost|p2a: Skeledirge|spa|1
|move|p1a: Slowking|Future Sight|p2a: Skeledirge
|-start|p1a: Slowking|move: Future Sight
|
|upkeep
|turn|25
|
|t:|1757910656
|switch|p1a: Zamazenta|Zamazenta|62/100
|-damage|p1a: Zamazenta|56/100|[from] Stealth Rock
|-damage|p1a: Zamazenta|44/100|[from] Spikes
|move|p2a: Skeledirge|Torch Song|p1a: Zamazenta
|-damage|p1a: Zamazenta|0 fnt
|-boost|p2a: Skeledirge|spa|1
|faint|p1a: Zamazenta
|
|upkeep
|c|☆labeys|?
|
|t:|1757910659
|switch|p1a: Slowking|Slowking-Galar, M, tera:Fire|45/100
|-damage|p1a: Slowking|20/100|[from] Stealth Rock
|-damage|p1a: Slowking|8/100|[from] Spikes
|turn|26
|
|t:|1757910661
|move|p2a: Skeledirge|Torch Song|p1a: Slowking
|-resisted|p1a: Slowking
|-damage|p1a: Slowking|0 fnt
|-boost|p2a: Skeledirge|spa|1
|faint|p1a: Slowking
|
|win|labeys
|raw|SamiFawad's rating: 1565 &rarr; <strong>1547</strong><br />(-18 for losing)
|raw|labeys's rating: 1607 &rarr; <strong>1625</strong><br />(+18 for winning)
|l|☆SamiFawad
|player|p1|
|l|☆labeys
|player|p2|
