|j|☆Rokket2510
|j|‽cacao1
|t:|1757852946
|gametype|singles
|player|p1|Rokket2510|2|1429
|player|p2|cacao1|265|1447
|gen|9
|tier|[Gen 9] OU
|rated|
|rule|HP Percentage Mod: HP is shown in percentages
|rule|Endless Battle Clause: Forcing endless battles is banned
|rule|Species Clause: Limit one of each Pokémon
|rule|OHKO Clause: OHKO moves are banned
|rule|Evasion Items Clause: Evasion items are banned
|rule|Evasion Moves Clause: Evasion moves are banned
|rule|Evasion Abilities Clause: Evasion abilities are banned
|rule|Sleep Moves Clause: Sleep-inducing moves are banned
|clearpoke
|poke|p1|Great Tusk|
|poke|p1|Heatran, F|
|poke|p1|Enamorus, F|
|poke|p1|Latios, M|
|poke|p1|Ogerpon-Wellspring, F|
|poke|p1|Tyranitar, F|
|poke|p2|Cinderace, F|
|poke|p2|Rillaboom, F|
|poke|p2|Greninja-*, M|
|poke|p2|Meowscarada, F|
|poke|p2|Primarina, M|
|poke|p2|Infernape, F|
|teampreview
|inactive|Battle timer is ON: inactive players will automatically lose when time's up. (requested by Rokket2510)
|
|t:|1757852968
|teamsize|p1|6
|teamsize|p2|6
|start
|switch|p1a: Heatran|Heatran, F|100/100
|switch|p2a: Rillaboom|Rillaboom, F|100/100
|-fieldstart|move: Grassy Terrain|[from] ability: Grassy Surge|[of] p2a: Rillaboom
|-item|p1a: Heatran|Air Balloon
|turn|1
|l|‽cacao1
|inactive|cacao1 disconnected and has a minute to reconnect!
|player|p2|
|inactive|cacao1 has 30 seconds to reconnect!
|j|‽cacao1
|inactive|cacao1 reconnected and has 105 seconds left.
|player|p2|cacao1|265|
|n|‽cacao1|cacao1
|
|t:|1757853017
|switch|p2a: Primarina|Primarina, M|100/100
|move|p1a: Heatran|Stealth Rock|p2a: Primarina
|-sidestart|p2: cacao1|move: Stealth Rock
|
|upkeep
|turn|2
|
|t:|1757853026
|switch|p1a: Ogerpon|Ogerpon-Wellspring, F|100/100
|move|p2a: Primarina|Moonblast|p1a: Ogerpon
|-damage|p1a: Ogerpon|43/100
|-unboost|p1a: Ogerpon|spa|1
|
|-heal|p1a: Ogerpon|49/100|[from] Grassy Terrain
|upkeep
|turn|3
|inactive|cacao1 has 120 seconds left.
|
|t:|1757853035
|switch|p2a: Meowscarada|Meowscarada, F|100/100
|-damage|p2a: Meowscarada|88/100|[from] Stealth Rock
|move|p1a: Ogerpon|U-turn|p2a: Meowscarada
|-supereffective|p2a: Meowscarada
|-damage|p2a: Meowscarada|0 fnt
|faint|p2a: Meowscarada
|inactive|Rokket2510 has 120 seconds left.
|
|t:|1757853069
|switch|p1a: Tyranitar|Tyranitar, F|100/100|[from] U-turn
|-weather|Sandstorm|[from] ability: Sand Stream|[of] p1a: Tyranitar
|
|-weather|Sandstorm|[upkeep]
|upkeep
|
|t:|1757853077
|switch|p2a: Infernape|Infernape, F|100/100
|-damage|p2a: Infernape|88/100|[from] Stealth Rock
|turn|4
|
|t:|1757853086
|switch|p1a: Enamorus|Enamorus, F|100/100
|move|p2a: Infernape|Focus Blast|p1a: Enamorus
|-resisted|p1a: Enamorus
|-damage|p1a: Enamorus|77/100
|-damage|p2a: Infernape|78/100|[from] item: Life Orb
|
|-weather|Sandstorm|[upkeep]
|-damage|p1a: Enamorus|70/100|[from] Sandstorm
|-damage|p2a: Infernape|72/100|[from] Sandstorm
|-heal|p2a: Infernape|78/100|[from] Grassy Terrain
|upkeep
|turn|5
|
|t:|1757853099
|move|p1a: Enamorus|Moonblast|p2a: Infernape
|-damage|p2a: Infernape|0 fnt
|faint|p2a: Infernape
|
|-weather|Sandstorm|[upkeep]
|-damage|p1a: Enamorus|64/100|[from] Sandstorm
|-fieldend|move: Grassy Terrain
|upkeep
|
|t:|1757853103
|switch|p2a: Cinderace|Cinderace, F|100/100
|turn|6
|
|t:|1757853110
|switch|p1a: Tyranitar|Tyranitar, F|100/100
|move|p2a: Cinderace|Court Change|p2a: Cinderace
|-start|p2a: Cinderace|typechange|Normal|[from] ability: Libero
|-swapsideconditions
|-activate|p2a: Cinderace|move: Court Change
|
|-weather|Sandstorm|[upkeep]
|-damage|p2a: Cinderace|95/100|[from] Sandstorm
|upkeep
|turn|7
|
|t:|1757853124
|-terastallize|p1a: Tyranitar|Ghost
|move|p2a: Cinderace|High Jump Kick|p1a: Tyranitar
|-immune|p1a: Tyranitar
|-damage|p2a: Cinderace|45/100|[from] highjumpkick
|move|p1a: Tyranitar|Knock Off|p2a: Cinderace
|-damage|p2a: Cinderace|0 fnt
|-enditem|p2a: Cinderace|Heavy-Duty Boots|[from] move: Knock Off|[of] p1a: Tyranitar
|faint|p2a: Cinderace
|
|-weather|none
|upkeep
|
|t:|1757853127
|switch|p2a: Greninja|Greninja, M|100/100
|turn|8
|
|t:|1757853142
|switch|p1a: Enamorus|Enamorus, F|64/100
|-damage|p1a: Enamorus|39/100|[from] Stealth Rock
|move|p2a: Greninja|Dark Pulse|p1a: Enamorus
|-resisted|p1a: Enamorus
|-damage|p1a: Enamorus|0 fnt
|faint|p1a: Enamorus
|-ability|p2a: Greninja|Battle Bond|boost
|-boost|p2a: Greninja|atk|1
|-boost|p2a: Greninja|spa|1
|-boost|p2a: Greninja|spe|1
|-activate|p2a: Greninja|ability: Battle Bond
|
|upkeep
|
|t:|1757853156
|switch|p1a: Tyranitar|Tyranitar, F, tera:Ghost|100/100
|-damage|p1a: Tyranitar|88/100|[from] Stealth Rock
|-weather|Sandstorm|[from] ability: Sand Stream|[of] p1a: Tyranitar
|turn|9
|
|t:|1757853164
|move|p2a: Greninja|Dark Pulse|p1a: Tyranitar
|-supereffective|p1a: Tyranitar
|-damage|p1a: Tyranitar|2/100
|move|p1a: Tyranitar|Dragon Tail|p2a: Greninja
|-damage|p2a: Greninja|62/100
|drag|p2a: Rillaboom|Rillaboom, F|100/100
|-fieldstart|move: Grassy Terrain|[from] ability: Grassy Surge|[of] p2a: Rillaboom
|
|-weather|Sandstorm|[upkeep]
|-damage|p2a: Rillaboom|94/100|[from] Sandstorm
|-damage|p1a: Tyranitar|0 fnt|[from] Sandstorm
|faint|p1a: Tyranitar
|-heal|p2a: Rillaboom|100/100|[from] Grassy Terrain
|upkeep
|
|t:|1757853177
|switch|p1a: Heatran|Heatran, F|100/100
|-damage|p1a: Heatran|88/100|[from] Stealth Rock
|-item|p1a: Heatran|Air Balloon
|turn|10
|
|t:|1757853182
|switch|p2a: Primarina|Primarina, M|100/100
|move|p1a: Heatran|Magma Storm|p2a: Primarina
|-resisted|p2a: Primarina
|-crit|p2a: Primarina
|-damage|p2a: Primarina|79/100
|-activate|p2a: Primarina|move: Magma Storm|[of] p1a: Heatran
|
|-weather|Sandstorm|[upkeep]
|-damage|p2a: Primarina|73/100|[from] Sandstorm
|-heal|p2a: Primarina|79/100|[from] Grassy Terrain
|-damage|p2a: Primarina|66/100|[from] move: Magma Storm|[partiallytrapped]
|upkeep
|turn|11
|
|t:|1757853193
|move|p1a: Heatran|Protect|p1a: Heatran
|-singleturn|p1a: Heatran|Protect
|move|p2a: Primarina|Surf|p1a: Heatran
|-activate|p1a: Heatran|move: Protect
|
|-weather|Sandstorm|[upkeep]
|-damage|p2a: Primarina|60/100|[from] Sandstorm
|-heal|p2a: Primarina|66/100|[from] Grassy Terrain
|-damage|p2a: Primarina|54/100|[from] move: Magma Storm|[partiallytrapped]
|upkeep
|turn|12
|
|t:|1757853204
|move|p1a: Heatran|Flash Cannon|p2a: Primarina
|-damage|p2a: Primarina|30/100
|move|p2a: Primarina|Surf|p1a: Heatran
|-supereffective|p1a: Heatran
|-damage|p1a: Heatran|0 fnt
|-enditem|p1a: Heatran|Air Balloon
|faint|p1a: Heatran
|
|-weather|Sandstorm|[upkeep]
|-damage|p2a: Primarina|24/100|[from] Sandstorm
|-heal|p2a: Primarina|30/100|[from] Grassy Terrain
|-end|p2a: Primarina|Magma Storm|[partiallytrapped]|[silent]
|upkeep
|
|t:|1757853215
|switch|p1a: Ogerpon|Ogerpon-Wellspring, F|49/100
|-damage|p1a: Ogerpon|37/100|[from] Stealth Rock
|turn|13
|
|t:|1757853226
|move|p1a: Ogerpon|Trailblaze|p2a: Primarina
|-supereffective|p2a: Primarina
|-damage|p2a: Primarina|0 fnt
|-boost|p1a: Ogerpon|spe|1
|faint|p2a: Primarina
|
|-weather|none
|-heal|p1a: Ogerpon|43/100|[from] Grassy Terrain
|-fieldend|move: Grassy Terrain
|upkeep
|
|t:|1757853229
|switch|p2a: Rillaboom|Rillaboom, F|100/100
|-fieldstart|move: Grassy Terrain|[from] ability: Grassy Surge|[of] p2a: Rillaboom
|turn|14
|
|t:|1757853241
|move|p1a: Ogerpon|U-turn|p2a: Rillaboom
|-supereffective|p2a: Rillaboom
|-damage|p2a: Rillaboom|42/100
|
|t:|1757853252
|switch|p1a: Great Tusk|Great Tusk|100/100|[from] U-turn
|-damage|p1a: Great Tusk|97/100|[from] Stealth Rock
|move|p2a: Rillaboom|U-turn|p1a: Great Tusk
|-resisted|p1a: Great Tusk
|-damage|p1a: Great Tusk|87/100
|
|t:|1757853258
|switch|p2a: Greninja|Greninja, M|62/100|[from] U-turn
|
|-heal|p2a: Greninja|68/100|[from] Grassy Terrain
|-heal|p1a: Great Tusk|93/100|[from] Grassy Terrain
|-heal|p1a: Great Tusk|99/100|[from] item: Leftovers
|upkeep
|turn|15
|
|t:|1757853266
|move|p2a: Greninja|Ice Beam|p1a: Great Tusk
|-supereffective|p1a: Great Tusk
|-damage|p1a: Great Tusk|0 fnt
|faint|p1a: Great Tusk
|-end|p1a: Great Tusk|Protosynthesis|[silent]
|
|-heal|p2a: Greninja|74/100|[from] Grassy Terrain
|upkeep
|
|t:|1757853276
|switch|p1a: Latios|Latios, M|100/100
|-damage|p1a: Latios|88/100|[from] Stealth Rock
|turn|16
|
|t:|1757853283
|move|p2a: Greninja|Ice Beam|p1a: Latios
|-supereffective|p1a: Latios
|-damage|p1a: Latios|0 fnt
|faint|p1a: Latios
|
|-heal|p2a: Greninja|80/100|[from] Grassy Terrain
|upkeep
|
|t:|1757853289
|switch|p1a: Ogerpon|Ogerpon-Wellspring, F|43/100
|-damage|p1a: Ogerpon|31/100|[from] Stealth Rock
|turn|17
|
|t:|1757853297
|move|p2a: Greninja|Ice Beam|p1a: Ogerpon
|-damage|p1a: Ogerpon|0 fnt
|faint|p1a: Ogerpon
|
|win|cacao1
|raw|Rokket2510's rating: 1429 &rarr; <strong>1410</strong><br />(-19 for losing)
|raw|cacao1's rating: 1447 &rarr; <strong>1466</strong><br />(+19 for winning)
|l|☆Rokket2510
|player|p1|
|l|‽cacao1
|player|p2|
