|j|☆Don Birria
|j|☆electr0lytes
|t:|1757822917
|gametype|singles
|player|p1|Don Birria|101|1312
|player|p2|electr0lytes|pokemaniac|1294
|gen|9
|tier|[Gen 9] OU
|rated|
|rule|HP Percentage Mod: HP is shown in percentages
|rule|Endless Battle Clause: Forcing endless battles is banned
|rule|Species Clause: Limit one of each Pokémon
|rule|OHKO Clause: OHKO moves are banned
|rule|Evasion Items Clause: Evasion items are banned
|rule|Evasion Moves Clause: Evasion moves are banned
|rule|Evasion Abilities Clause: Evasion abilities are banned
|rule|Sleep Moves Clause: Sleep-inducing moves are banned
|clearpoke
|poke|p1|Meowscarada, M|
|poke|p1|Vaporeon, M|
|poke|p1|Muk-Alola, M|
|poke|p1|Cinderace, M|
|poke|p1|Hydrapple, F|
|poke|p1|Grimmsnarl, M|
|poke|p2|Hawlucha, M|
|poke|p2|Dragonite, F|
|poke|p2|Rillaboom, F|
|poke|p2|Hatterene, F|
|poke|p2|Gholdengo|
|poke|p2|Dondozo, M|
|teampreview
|
|t:|1757822941
|teamsize|p1|6
|teamsize|p2|6
|start
|switch|p1a: Galdra|Meowscarada, M|100/100
|switch|p2a: Rillaboom|Rillaboom, F|100/100
|-fieldstart|move: Grassy Terrain|[from] ability: Grassy Surge|[of] p2a: Rillaboom
|turn|1
|inactive|Battle timer is ON: inactive players will automatically lose when time's up. (requested by Don Birria)
|
|t:|1757822949
|move|p1a: Galdra|Triple Axel|p2a: Rillaboom
|-supereffective|p2a: Rillaboom
|-damage|p2a: Rillaboom|90/100
|-supereffective|p2a: Rillaboom
|-damage|p2a: Rillaboom|67/100
|-supereffective|p2a: Rillaboom
|-damage|p2a: Rillaboom|30/100
|-hitcount|p2a: Rillaboom|3
|move|p2a: Rillaboom|U-turn|p1a: Galdra
|-supereffective|p1a: Galdra
|-enditem|p1a: Galdra|Focus Sash
|-damage|p1a: Galdra|1/100
|
|t:|1757822959
|switch|p2a: Hawlucha|Hawlucha, M|100/100|[from] U-turn
|-enditem|p2a: Hawlucha|Grassy Seed
|-boost|p2a: Hawlucha|def|1|[from] item: Grassy Seed
|
|-heal|p1a: Galdra|7/100|[from] Grassy Terrain
|upkeep
|turn|2
|
|t:|1757822966
|switch|p1a: Greegno|Grimmsnarl, M|100/100
|move|p2a: Hawlucha|Acrobatics|p1a: Greegno
|-damage|p1a: Greegno|43/100
|
|-heal|p1a: Greegno|49/100|[from] Grassy Terrain
|upkeep
|turn|3
|
|t:|1757822972
|move|p1a: Greegno|Reflect|p1a: Greegno
|-sidestart|p1: Don Birria|Reflect
|move|p2a: Hawlucha|Swords Dance|p2a: Hawlucha
|-boost|p2a: Hawlucha|atk|2
|
|-heal|p1a: Greegno|55/100|[from] Grassy Terrain
|upkeep
|turn|4
|
|t:|1757822978
|move|p1a: Greegno|Parting Shot|p2a: Hawlucha
|-unboost|p2a: Hawlucha|atk|1
|-unboost|p2a: Hawlucha|spa|1
|
|t:|1757822984
|switch|p1a: Luceroi|Muk-Alola, M|100/100|[from] Parting Shot
|move|p2a: Hawlucha|Acrobatics|p1a: Luceroi
|-damage|p1a: Luceroi|62/100
|
|-heal|p1a: Luceroi|68/100|[from] Grassy Terrain
|-heal|p1a: Luceroi|74/100|[from] item: Black Sludge
|upkeep
|turn|5
|
|t:|1757822995
|move|p2a: Hawlucha|Swords Dance|p2a: Hawlucha
|-boost|p2a: Hawlucha|atk|2
|move|p1a: Luceroi|Drain Punch|p2a: Hawlucha
|-resisted|p2a: Hawlucha
|-crit|p2a: Hawlucha
|-damage|p2a: Hawlucha|72/100
|-heal|p1a: Luceroi|85/100|[from] drain|[of] p2a: Hawlucha
|
|-heal|p1a: Luceroi|91/100|[from] Grassy Terrain
|-heal|p1a: Luceroi|97/100|[from] item: Black Sludge
|-fieldend|move: Grassy Terrain
|upkeep
|turn|6
|
|t:|1757823005
|move|p2a: Hawlucha|Swords Dance|p2a: Hawlucha
|-boost|p2a: Hawlucha|atk|2
|move|p1a: Luceroi|Drain Punch|p2a: Hawlucha
|-resisted|p2a: Hawlucha
|-damage|p2a: Hawlucha|60/100
|-heal|p1a: Luceroi|100/100|[from] drain|[of] p2a: Hawlucha
|
|upkeep
|turn|7
|
|t:|1757823013
|move|p2a: Hawlucha|Acrobatics|p1a: Luceroi
|-damage|p1a: Luceroi|16/100
|move|p1a: Luceroi|Knock Off|p2a: Hawlucha
|-resisted|p2a: Hawlucha
|-damage|p2a: Hawlucha|44/100
|
|-heal|p1a: Luceroi|22/100|[from] item: Black Sludge
|-sideend|p1: Don Birria|Reflect
|upkeep
|turn|8
|
|t:|1757823021
|move|p1a: Luceroi|Shadow Sneak|p2a: Hawlucha
|-damage|p2a: Hawlucha|32/100
|-status|p2a: Hawlucha|psn|[from] ability: Poison Touch|[of] p1a: Luceroi
|move|p2a: Hawlucha|Acrobatics|p1a: Luceroi
|-damage|p1a: Luceroi|0 fnt
|faint|p1a: Luceroi
|
|-damage|p2a: Hawlucha|19/100 psn|[from] psn
|upkeep
|
|t:|1757823030
|switch|p1a: Greegno|Grimmsnarl, M|55/100
|turn|9
|
|t:|1757823032
|move|p1a: Greegno|Reflect|p1a: Greegno
|-sidestart|p1: Don Birria|Reflect
|move|p2a: Hawlucha|Acrobatics|p1a: Greegno
|-damage|p1a: Greegno|0 fnt
|faint|p1a: Greegno
|
|-damage|p2a: Hawlucha|7/100 psn|[from] psn
|upkeep
|
|t:|1757823039
|switch|p1a: Vaporwave|Vaporeon, M, shiny|100/100
|turn|10
|
|t:|1757823042
|move|p2a: Hawlucha|Thunder Punch|p1a: Vaporwave
|-supereffective|p1a: Vaporwave
|-damage|p1a: Vaporwave|40/100
|move|p1a: Vaporwave|Aqua Ring|p1a: Vaporwave
|-start|p1a: Vaporwave|Aqua Ring
|
|-heal|p1a: Vaporwave|46/100|[from] item: Leftovers
|-heal|p1a: Vaporwave|52/100|[from] Aqua Ring
|-damage|p2a: Hawlucha|0 fnt|[from] psn
|faint|p2a: Hawlucha
|upkeep
|
|t:|1757823047
|switch|p2a: Rillaboom|Rillaboom, F|30/100
|-fieldstart|move: Grassy Terrain|[from] ability: Grassy Surge|[of] p2a: Rillaboom
|turn|11
|
|t:|1757823055
|-terastallize|p1a: Vaporwave|Steel
|move|p2a: Rillaboom|Grassy Glide|p1a: Vaporwave
|-resisted|p1a: Vaporwave
|-damage|p1a: Vaporwave|45/100
|move|p1a: Vaporwave|Ice Beam|p2a: Rillaboom
|-supereffective|p2a: Rillaboom
|-damage|p2a: Rillaboom|0 fnt
|faint|p2a: Rillaboom
|
|-heal|p1a: Vaporwave|51/100|[from] Grassy Terrain
|-heal|p1a: Vaporwave|58/100|[from] item: Leftovers
|-heal|p1a: Vaporwave|64/100|[from] Aqua Ring
|upkeep
|
|t:|1757823068
|switch|p2a: Hatterene|Hatterene, F|100/100
|turn|12
|
|t:|1757823078
|move|p1a: Vaporwave|Calm Mind|p1a: Vaporwave
|-boost|p1a: Vaporwave|spa|1
|-boost|p1a: Vaporwave|spd|1
|move|p2a: Hatterene|Mystical Fire|p1a: Vaporwave
|-supereffective|p1a: Vaporwave
|-damage|p1a: Vaporwave|32/100
|-unboost|p1a: Vaporwave|spa|1
|
|-heal|p1a: Vaporwave|38/100|[from] Grassy Terrain
|-heal|p1a: Vaporwave|44/100|[from] item: Leftovers
|-heal|p1a: Vaporwave|50/100|[from] Aqua Ring
|upkeep
|turn|13
|
|t:|1757823089
|switch|p1a: Migg|Cinderace, M|100/100
|move|p2a: Hatterene|Calm Mind|p2a: Hatterene
|-boost|p2a: Hatterene|spa|1
|-boost|p2a: Hatterene|spd|1
|
|-sideend|p1: Don Birria|Reflect
|upkeep
|turn|14
|
|t:|1757823094
|move|p1a: Migg|Iron Head|p2a: Hatterene
|-start|p1a: Migg|typechange|Steel|[from] ability: Libero
|-supereffective|p2a: Hatterene
|-damage|p2a: Hatterene|6/100
|cant|p2a: Hatterene|flinch
|
|-heal|p2a: Hatterene|12/100|[from] Grassy Terrain
|-heal|p2a: Hatterene|18/100|[from] item: Leftovers
|upkeep
|turn|15
|
|t:|1757823103
|move|p1a: Migg|Iron Head|p2a: Hatterene
|-supereffective|p2a: Hatterene
|-damage|p2a: Hatterene|0 fnt
|faint|p2a: Hatterene
|
|-fieldend|move: Grassy Terrain
|upkeep
|
|t:|1757823107
|switch|p2a: Dondozo|Dondozo, M|100/100
|turn|16
|
|t:|1757823109
|move|p1a: Migg|Will-O-Wisp|p2a: Dondozo
|-status|p2a: Dondozo|brn
|move|p2a: Dondozo|Body Press|p1a: Migg
|-supereffective|p1a: Migg
|-damage|p1a: Migg|60/100
|
|-damage|p2a: Dondozo|94/100 brn|[from] brn
|upkeep
|turn|17
|
|t:|1757823118
|switch|p1a: Sidra|Hydrapple, F, shiny|100/100
|move|p2a: Dondozo|Body Press|p1a: Sidra
|-damage|p1a: Sidra|92/100
|
|-heal|p1a: Sidra|98/100|[from] item: Leftovers
|-heal|p2a: Dondozo|100/100 brn|[from] item: Leftovers
|-damage|p2a: Dondozo|94/100 brn|[from] brn
|upkeep
|turn|18
|
|t:|1757823128
|move|p1a: Sidra|Giga Drain|p2a: Dondozo
|-supereffective|p2a: Dondozo
|-damage|p2a: Dondozo|26/100 brn
|-heal|p1a: Sidra|100/100|[from] drain|[of] p2a: Dondozo
|move|p2a: Dondozo|Avalanche|p1a: Sidra
|-supereffective|p1a: Sidra
|-damage|p1a: Sidra|67/100
|
|-heal|p1a: Sidra|73/100|[from] item: Leftovers
|-heal|p2a: Dondozo|32/100 brn|[from] item: Leftovers
|-damage|p2a: Dondozo|26/100 brn|[from] brn
|upkeep
|turn|19
|inactive|electr0lytes has 120 seconds left.
|
|t:|1757823159
|move|p1a: Sidra|Giga Drain|p2a: Dondozo
|-supereffective|p2a: Dondozo
|-damage|p2a: Dondozo|0 fnt
|-heal|p1a: Sidra|92/100|[from] drain|[of] p2a: Dondozo
|faint|p2a: Dondozo
|
|-heal|p1a: Sidra|98/100|[from] item: Leftovers
|upkeep
|
|t:|1757823161
|switch|p2a: Dragonite|Dragonite, F|100/100
|turn|20
|
|t:|1757823167
|move|p2a: Dragonite|Dragon Dance|p2a: Dragonite
|-boost|p2a: Dragonite|atk|1
|-boost|p2a: Dragonite|spe|1
|move|p1a: Sidra|Fickle Beam|p2a: Dragonite
|-supereffective|p2a: Dragonite
|-damage|p2a: Dragonite|63/100
|
|-heal|p1a: Sidra|100/100|[from] item: Leftovers
|upkeep
|turn|21
|
|t:|1757823175
|move|p2a: Dragonite|Ice Spinner|p1a: Sidra
|-supereffective|p1a: Sidra
|-damage|p1a: Sidra|0 fnt
|faint|p1a: Sidra
|
|upkeep
|
|t:|1757823180
|switch|p1a: Vaporwave|Vaporeon, M, shiny, tera:Steel|50/100
|turn|22
|
|t:|1757823183
|move|p2a: Dragonite|Earthquake|p1a: Vaporwave
|-supereffective|p1a: Vaporwave
|-damage|p1a: Vaporwave|0 fnt
|faint|p1a: Vaporwave
|
|upkeep
|l|☆Don Birria
|inactive|Don Birria disconnected and has a minute to reconnect!
|player|p1|
|inactive|Don Birria has 30 seconds to reconnect!
|inactive|Don Birria has 20 seconds to reconnect!
|inactive|Don Birria has 15 seconds to reconnect!
|inactive|Don Birria has 10 seconds to reconnect!
|inactive|Don Birria has 5 seconds to reconnect!
|-message|Don Birria lost due to inactivity.
|
|win|electr0lytes
|raw|Don Birria's rating: 1312 &rarr; <strong>1291</strong><br />(-21 for losing)
|raw|electr0lytes's rating: 1294 &rarr; <strong>1320</strong><br />(+26 for winning)
|l|☆electr0lytes
|player|p2|
