|j|☆nitrif
|j|☆king gimmick
|t:|1757836074
|gametype|singles
|player|p1|nitrif|102|1153
|player|p2|king gimmick|265|1071
|gen|9
|tier|[Gen 9] OU
|rated|
|rule|HP Percentage Mod: HP is shown in percentages
|rule|Endless Battle Clause: Forcing endless battles is banned
|rule|Species Clause: Limit one of each Pokémon
|rule|OHKO Clause: OHKO moves are banned
|rule|Evasion Items Clause: Evasion items are banned
|rule|Evasion Moves Clause: Evasion moves are banned
|rule|Evasion Abilities Clause: Evasion abilities are banned
|rule|Sleep Moves Clause: Sleep-inducing moves are banned
|clearpoke
|poke|p1|Maushold-Four|
|poke|p1|Salamence, M|
|poke|p1|Araquanid, M|
|poke|p1|Gholdengo|
|poke|p1|Glimmora, M|
|poke|p1|Corviknight, F|
|poke|p2|Inkay, M|
|poke|p2|Malamar, M|
|poke|p2|Serperior, F|
|poke|p2|Servine, M|
|poke|p2|Enamorus, F|
|poke|p2|Galvantula, M|
|teampreview
|inactive|Battle timer is ON: inactive players will automatically lose when time's up. (requested by nitrif)
|
|t:|1757836086
|teamsize|p1|6
|teamsize|p2|6
|start
|switch|p1a: Araquanid|Araquanid, M|100/100
|switch|p2a: Galvantula|Galvantula, M|100/100
|turn|1
|
|t:|1757836093
|move|p2a: Galvantula|Thunder Wave|p1a: Araquanid
|-status|p1a: Araquanid|par
|move|p1a: Araquanid|Sticky Web|p2a: Galvantula
|-sidestart|p2: king gimmick|move: Sticky Web
|
|upkeep
|turn|2
|
|t:|1757836102
|move|p2a: Galvantula|Sticky Web|p1a: Araquanid
|-sidestart|p1: nitrif|move: Sticky Web
|cant|p1a: Araquanid|par
|
|upkeep
|turn|3
|
|t:|1757836107
|move|p2a: Galvantula|Thunder|p1a: Araquanid
|-supereffective|p1a: Araquanid
|-damage|p1a: Araquanid|41/100 par
|cant|p1a: Araquanid|par
|
|upkeep
|turn|4
|inactive|nitrif has 120 seconds left.
|
|t:|1757836141
|move|p2a: Galvantula|Thunder|p1a: Araquanid
|-supereffective|p1a: Araquanid
|-damage|p1a: Araquanid|0 fnt
|faint|p1a: Araquanid
|
|upkeep
|inactive|nitrif has 120 seconds left.
|
|t:|1757836147
|switch|p1a: Glimmora|Glimmora, M|100/100
|-item|p1a: Glimmora|Air Balloon
|turn|5
|
|t:|1757836153
|move|p1a: Glimmora|Protect|p1a: Glimmora
|-singleturn|p1a: Glimmora|Protect
|move|p2a: Galvantula|Thunder Wave|p1a: Glimmora
|-activate|p1a: Glimmora|move: Protect
|
|upkeep
|turn|6
|
|t:|1757836159
|move|p2a: Galvantula|Thunder Wave|p1a: Glimmora
|-status|p1a: Glimmora|par
|cant|p1a: Glimmora|par
|
|upkeep
|turn|7
|
|t:|1757836171
|move|p2a: Galvantula|Thunder|p1a: Glimmora
|-damage|p1a: Glimmora|60/100 par
|-enditem|p1a: Glimmora|Air Balloon
|move|p1a: Glimmora|Toxic Spikes|p2a: Galvantula
|-sidestart|p2: king gimmick|move: Toxic Spikes
|
|upkeep
|turn|8
|
|t:|1757836181
|move|p2a: Galvantula|Thunder|p1a: Glimmora
|-damage|p1a: Glimmora|18/100 par
|cant|p1a: Glimmora|par
|
|upkeep
|turn|9
|c|☆nitrif|wtf
|
|t:|1757836190
|move|p1a: Glimmora|Protect|p1a: Glimmora
|-singleturn|p1a: Glimmora|Protect
|move|p2a: Galvantula|Thunder|p1a: Glimmora
|-activate|p1a: Glimmora|move: Protect
|
|upkeep
|turn|10
|
|t:|1757836197
|move|p2a: Galvantula|Thunder|p1a: Glimmora
|-damage|p1a: Glimmora|0 fnt
|faint|p1a: Glimmora
|
|upkeep
|
|t:|1757836216
|switch|p1a: Gholdengo|Gholdengo|100/100
|-activate|p1a: Gholdengo|move: Sticky Web
|-unboost|p1a: Gholdengo|spe|1
|turn|11
|
|t:|1757836225
|move|p2a: Galvantula|Skitter Smack|p1a: Gholdengo
|-resisted|p1a: Gholdengo
|-damage|p1a: Gholdengo|95/100
|-unboost|p1a: Gholdengo|spa|1
|move|p1a: Gholdengo|Shadow Ball|p2a: Galvantula
|-damage|p2a: Galvantula|45/100
|-unboost|p2a: Galvantula|spd|1
|-damage|p1a: Gholdengo|86/100|[from] item: Life Orb
|
|upkeep
|turn|12
|
|t:|1757836236
|move|p2a: Galvantula|Skitter Smack|p1a: Gholdengo
|-resisted|p1a: Gholdengo
|-damage|p1a: Gholdengo|80/100
|-unboost|p1a: Gholdengo|spa|1
|move|p1a: Gholdengo|Shadow Ball|p2a: Galvantula
|-damage|p2a: Galvantula|0 fnt
|faint|p2a: Galvantula
|-damage|p1a: Gholdengo|70/100|[from] item: Life Orb
|
|upkeep
|
|t:|1757836256
|switch|p2a: Enamorus|Enamorus, F|100/100
|turn|13
|
|t:|1757836262
|switch|p1a: Corviknight|Corviknight, F|100/100
|-terastallize|p2a: Enamorus|Stellar
|move|p2a: Enamorus|Tera Blast|p1a: Corviknight|[anim] Tera Blast Stellar
|-damage|p1a: Corviknight|65/100
|-boost|p2a: Enamorus|atk|1
|-boost|p2a: Enamorus|spa|1
|
|-heal|p1a: Corviknight|71/100|[from] item: Leftovers
|upkeep
|turn|14
|
|t:|1757836275
|move|p2a: Enamorus|Superpower|p1a: Corviknight
|-damage|p1a: Corviknight|41/100
|-boost|p2a: Enamorus|atk|1
|-boost|p2a: Enamorus|def|1
|move|p1a: Corviknight|Body Press|p2a: Enamorus
|-resisted|p2a: Enamorus
|-damage|p2a: Enamorus|94/100
|
|-heal|p2a: Enamorus|99/100|[from] item: Leftovers
|-heal|p1a: Corviknight|47/100|[from] item: Leftovers
|upkeep
|turn|15
|
|t:|1757836286
|move|p2a: Enamorus|Superpower|p1a: Corviknight
|-damage|p1a: Corviknight|17/100
|-boost|p2a: Enamorus|atk|1
|-boost|p2a: Enamorus|def|1
|move|p1a: Corviknight|Iron Head|p2a: Enamorus
|-supereffective|p2a: Enamorus
|-damage|p2a: Enamorus|60/100
|
|-heal|p2a: Enamorus|66/100|[from] item: Leftovers
|-heal|p1a: Corviknight|23/100|[from] item: Leftovers
|upkeep
|turn|16
|
|t:|1757836298
|move|p2a: Enamorus|Tera Blast|p1a: Corviknight|[anim] Tera Blast Stellar
|-damage|p1a: Corviknight|0 fnt
|-boost|p2a: Enamorus|atk|1
|-boost|p2a: Enamorus|spa|1
|faint|p1a: Corviknight
|
|-heal|p2a: Enamorus|72/100|[from] item: Leftovers
|upkeep
|
|t:|1757836307
|switch|p1a: Gholdengo|Gholdengo|70/100
|-activate|p1a: Gholdengo|move: Sticky Web
|-unboost|p1a: Gholdengo|spe|1
|turn|17
|
|t:|1757836311
|move|p2a: Enamorus|Tera Blast|p1a: Gholdengo|[anim] Tera Blast Stellar
|-damage|p1a: Gholdengo|0 fnt
|-boost|p2a: Enamorus|atk|1
|-boost|p2a: Enamorus|spa|1
|faint|p1a: Gholdengo
|
|-heal|p2a: Enamorus|78/100|[from] item: Leftovers
|upkeep
|
|t:|1757836315
|switch|p1a: Salamence|Salamence, M|100/100
|turn|18
|
|t:|1757836322
|-terastallize|p1a: Salamence|Dragon
|move|p2a: Enamorus|Tera Blast|p1a: Salamence|[anim] Tera Blast Stellar
|-supereffective|p1a: Salamence
|-damage|p1a: Salamence|0 fnt
|-boost|p2a: Enamorus|atk|1
|-boost|p2a: Enamorus|spa|1
|faint|p1a: Salamence
|
|-heal|p2a: Enamorus|85/100|[from] item: Leftovers
|upkeep
|
|t:|1757836327
|switch|p1a: Maushold|Maushold-Four|100/100
|-activate|p1a: Maushold|move: Sticky Web
|-unboost|p1a: Maushold|spe|1
|turn|19
|
|t:|1757836336
|move|p2a: Enamorus|Superpower|p1a: Maushold
|-supereffective|p1a: Maushold
|-damage|p1a: Maushold|0 fnt
|-boost|p2a: Enamorus|def|1
|faint|p1a: Maushold
|
|win|king gimmick
|raw|nitrif's rating: 1153 &rarr; <strong>1122</strong><br />(-31 for losing)
|raw|king gimmick's rating: 1071 &rarr; <strong>1107</strong><br />(+36 for winning)
|l|☆nitrif
|player|p1|
