|j|☆Mew3334
|j|☆Kxkcjzjxjjdid
|t:|1757891881
|gametype|singles
|player|p1|Mew3334|brock|1062
|player|p2|Kxkcjzjxjjdid|266|1047
|gen|9
|tier|[Gen 9] OU
|rated|
|rule|HP Percentage Mod: HP is shown in percentages
|rule|Endless Battle Clause: Forcing endless battles is banned
|rule|Species Clause: Limit one of each Pokémon
|rule|OHKO Clause: OHKO moves are banned
|rule|Evasion Items Clause: Evasion items are banned
|rule|Evasion Moves Clause: Evasion moves are banned
|rule|Evasion Abilities Clause: Evasion abilities are banned
|rule|Sleep Moves Clause: Sleep-inducing moves are banned
|clearpoke
|poke|p1|Ting-Lu|
|poke|p1|Iron Crown|
|poke|p1|Pelipper, F|
|poke|p1|Darkrai|
|poke|p1|Zoroark-Hisui, F|
|poke|p1|Hatterene, F|
|poke|p2|Blissey, F|
|poke|p2|Garganacl, M|
|poke|p2|Clefable, F|
|poke|p2|Snorlax, F|
|poke|p2|Ogerpon-Wellspring, F|
|poke|p2|Gliscor, F|
|teampreview
|
|t:|1757891900
|teamsize|p1|6
|teamsize|p2|6
|start
|switch|p1a: nae nae|Hatterene, F|100/100
|switch|p2a: Ogerpon|Ogerpon-Wellspring, F|100/100
|turn|1
|
|t:|1757891908
|move|p2a: Ogerpon|Ivy Cudgel|p1a: nae nae|[anim] Ivy Cudgel Water
|-damage|p1a: nae nae|45/100
|-enditem|p1a: nae nae|Red Card|[of] p2a: Ogerpon
|drag|p2a: Blissey|Blissey, F|100/100
|move|p1a: nae nae|Giga Drain|p2a: Blissey
|-damage|p2a: Blissey|91/100
|-heal|p1a: nae nae|55/100|[from] drain|[of] p2a: Blissey
|
|upkeep
|turn|2
|
|t:|1757891916
|move|p2a: Blissey|Seismic Toss|p1a: nae nae
|-damage|p1a: nae nae|24/100
|move|p1a: nae nae|Calm Mind|p1a: nae nae
|-boost|p1a: nae nae|spa|1
|-boost|p1a: nae nae|spd|1
|
|upkeep
|turn|3
|
|t:|1757891927
|move|p2a: Blissey|Seismic Toss|p1a: nae nae
|-damage|p1a: nae nae|0 fnt
|faint|p1a: nae nae
|
|upkeep
|
|t:|1757891934
|switch|p1a: U ain't ready 4 Lu|Ting-Lu, shiny|100/100
|-ability|p1a: U ain't ready 4 Lu|Vessel of Ruin
|turn|4
|
|t:|1757891938
|move|p2a: Blissey|Stealth Rock|p1a: U ain't ready 4 Lu
|-sidestart|p1: Mew3334|move: Stealth Rock
|move|p1a: U ain't ready 4 Lu|Earthquake|p2a: Blissey
|-damage|p2a: Blissey|41/100
|
|upkeep
|turn|5
|
|t:|1757891943
|switch|p2a: Ogerpon|Ogerpon-Wellspring, F|100/100
|move|p1a: U ain't ready 4 Lu|Stealth Rock|p2a: Ogerpon
|-sidestart|p2: Kxkcjzjxjjdid|move: Stealth Rock
|
|upkeep
|turn|6
|
|t:|1757891952
|switch|p1a: Pelipper|Pelipper, F|100/100
|-weather|RainDance|[from] ability: Drizzle|[of] p1a: Pelipper
|move|p2a: Ogerpon|Encore||[still]
|-fail|p2a: Ogerpon
|
|-weather|RainDance|[upkeep]
|upkeep
|turn|7
|
|t:|1757891963
|switch|p2a: Garganacl|Garganacl, M, shiny|100/100
|-damage|p2a: Garganacl|88/100|[from] Stealth Rock
|move|p1a: Pelipper|U-turn|p2a: Garganacl
|-damage|p2a: Garganacl|82/100
|
|t:|1757891972
|switch|p1a: Iron Crown|Iron Crown|100/100|[from] U-turn
|-damage|p1a: Iron Crown|94/100|[from] Stealth Rock
|-enditem|p1a: Iron Crown|Booster Energy
|-activate|p1a: Iron Crown|ability: Quark Drive|[fromitem]
|-start|p1a: Iron Crown|quarkdrivespa
|
|-weather|RainDance|[upkeep]
|upkeep
|turn|8
|
|t:|1757891979
|-terastallize|p2a: Garganacl|Flying
|move|p1a: Iron Crown|Tachyon Cutter|p2a: Garganacl
|-damage|p2a: Garganacl|56/100
|-damage|p2a: Garganacl|33/100
|-hitcount|p2a: Garganacl|2
|move|p2a: Garganacl|Salt Cure|p1a: Iron Crown
|-resisted|p1a: Iron Crown
|-crit|p1a: Iron Crown
|-damage|p1a: Iron Crown|84/100
|-start|p1a: Iron Crown|Salt Cure
|
|-weather|RainDance|[upkeep]
|-damage|p1a: Iron Crown|59/100|[from] Salt Cure
|upkeep
|turn|9
|
|t:|1757891989
|move|p2a: Garganacl|Protect|p2a: Garganacl
|-singleturn|p2a: Garganacl|Protect
|move|p1a: Iron Crown|Volt Switch|p2a: Garganacl
|-activate|p2a: Garganacl|move: Protect
|
|-weather|RainDance|[upkeep]
|-damage|p1a: Iron Crown|34/100|[from] Salt Cure
|upkeep
|turn|10
|
|t:|1757892000
|switch|p2a: Gliscor|Gliscor, F, shiny|100/100
|-damage|p2a: Gliscor|88/100|[from] Stealth Rock
|move|p1a: Iron Crown|Psychic Noise|p2a: Gliscor
|-damage|p2a: Gliscor|32/100
|-start|p2a: Gliscor|move: Heal Block
|
|-weather|none
|-damage|p1a: Iron Crown|9/100|[from] Salt Cure
|-status|p2a: Gliscor|tox|[from] item: Toxic Orb
|upkeep
|turn|11
|
|t:|1757892014
|move|p2a: Gliscor|Protect|p2a: Gliscor
|-singleturn|p2a: Gliscor|Protect
|move|p1a: Iron Crown|Tachyon Cutter|p2a: Gliscor
|-activate|p2a: Gliscor|move: Protect
|
|-damage|p1a: Iron Crown|0 fnt|[from] Salt Cure
|faint|p1a: Iron Crown
|-end|p1a: Iron Crown|Quark Drive|[silent]
|-end|p2a: Gliscor|move: Heal Block
|upkeep
|
|t:|1757892018
|switch|p1a: Pelipper|Pelipper, F|100/100
|-weather|RainDance|[from] ability: Drizzle|[of] p1a: Pelipper
|turn|12
|
|t:|1757892027
|switch|p2a: Ogerpon|Ogerpon-Wellspring, F|100/100
|-damage|p2a: Ogerpon|88/100|[from] Stealth Rock
|move|p1a: Pelipper|Surf|p2a: Ogerpon
|-heal|p2a: Ogerpon|100/100|[from] ability: Water Absorb|[of] p1a: Pelipper
|
|-weather|RainDance|[upkeep]
|upkeep
|turn|13
|
|t:|1757892035
|move|p2a: Ogerpon|Encore|p1a: Pelipper
|-start|p1a: Pelipper|Encore
|move|p1a: Pelipper|Surf|p2a: Ogerpon
|-immune|p2a: Ogerpon|[from] ability: Water Absorb
|
|-weather|RainDance|[upkeep]
|upkeep
|turn|14
|
|t:|1757892044
|switch|p1a: Evil Porygon|Darkrai|100/100
|-damage|p1a: Evil Porygon|88/100|[from] Stealth Rock
|move|p2a: Ogerpon|Spikes|p1a: Evil Porygon
|-sidestart|p1: Mew3334|Spikes
|
|-weather|RainDance|[upkeep]
|upkeep
|turn|15
|
|t:|1757892049
|-terastallize|p1a: Evil Porygon|Electric
|move|p1a: Evil Porygon|Thunder|p2a: Ogerpon
|-damage|p2a: Ogerpon|0 fnt
|faint|p2a: Ogerpon
|
|-weather|RainDance|[upkeep]
|upkeep
|
|t:|1757892059
|switch|p2a: Gliscor|Gliscor, F, shiny|32/100 tox
|-damage|p2a: Gliscor|20/100 tox|[from] Stealth Rock
|turn|16
|
|t:|1757892063
|switch|p1a: Pelipper|Pelipper, F|100/100
|move|p2a: Gliscor|Protect||[still]
|-fail|p2a: Gliscor
|
|-weather|none
|-heal|p2a: Gliscor|32/100 tox|[from] ability: Poison Heal
|upkeep
|turn|17
|
|t:|1757892073
|move|p2a: Gliscor|Toxic|p1a: Pelipper
|-status|p1a: Pelipper|tox
|move|p1a: Pelipper|Tailwind|p1a: Pelipper
|-sidestart|p1: Mew3334|move: Tailwind
|
|-damage|p1a: Pelipper|94/100 tox|[from] psn
|-heal|p2a: Gliscor|45/100 tox|[from] ability: Poison Heal
|upkeep
|turn|18
|
|t:|1757892082
|move|p2a: Gliscor|Protect|p2a: Gliscor
|-singleturn|p2a: Gliscor|Protect
|move|p1a: Pelipper|U-turn|p2a: Gliscor
|-activate|p2a: Gliscor|move: Protect
|
|-damage|p1a: Pelipper|82/100 tox|[from] psn
|-heal|p2a: Gliscor|57/100 tox|[from] ability: Poison Heal
|upkeep
|turn|19
|
|t:|1757892086
|move|p1a: Pelipper|U-turn|p2a: Gliscor
|-resisted|p2a: Gliscor
|-damage|p2a: Gliscor|54/100 tox
|
|t:|1757892098
|switch|p1a: Evil Porygon|Darkrai, tera:Electric|88/100|[from] U-turn
|-damage|p1a: Evil Porygon|76/100|[from] Stealth Rock
|-damage|p1a: Evil Porygon|63/100|[from] Spikes
|move|p2a: Gliscor|Toxic Spikes|p1a: Evil Porygon
|-sidestart|p1: Mew3334|move: Toxic Spikes
|
|-heal|p2a: Gliscor|66/100 tox|[from] ability: Poison Heal
|upkeep
|turn|20
|
|t:|1757892109
|move|p1a: Evil Porygon|Ice Beam|p2a: Gliscor
|-supereffective|p2a: Gliscor
|-damage|p2a: Gliscor|0 fnt
|faint|p2a: Gliscor
|
|-sideend|p1: Mew3334|move: Tailwind
|upkeep
|
|t:|1757892117
|switch|p2a: Snorlax|Snorlax, F|100/100
|-damage|p2a: Snorlax|88/100|[from] Stealth Rock
|turn|21
|
|t:|1757892123
|switch|p1a: Pelipper|Pelipper, F|100/100
|-damage|p1a: Pelipper|88/100|[from] Stealth Rock
|-damage|p1a: Pelipper|76/100|[from] Spikes
|-status|p1a: Pelipper|psn
|move|p2a: Snorlax|Outrage|p1a: Pelipper
|-damage|p1a: Pelipper|8/100 psn
|replace|p1a: Zoroark|Zoroark-Hisui, F
|-end|p1a: Zoroark|Illusion
|
|-damage|p1a: Zoroark|0 fnt|[from] psn
|faint|p1a: Zoroark
|upkeep
|
|t:|1757892136
|switch|p1a: U ain't ready 4 Lu|Ting-Lu, shiny|100/100
|-damage|p1a: U ain't ready 4 Lu|94/100|[from] Stealth Rock
|-damage|p1a: U ain't ready 4 Lu|82/100|[from] Spikes
|-status|p1a: U ain't ready 4 Lu|psn
|-ability|p1a: U ain't ready 4 Lu|Vessel of Ruin
|turn|22
|
|t:|1757892140
|move|p1a: U ain't ready 4 Lu|Earthquake|p2a: Snorlax
|-damage|p2a: Snorlax|49/100
|move|p2a: Snorlax|Outrage|p1a: U ain't ready 4 Lu|[from] lockedmove
|-damage|p1a: U ain't ready 4 Lu|67/100 psn
|
|-heal|p1a: U ain't ready 4 Lu|73/100 psn|[from] item: Leftovers
|-damage|p1a: U ain't ready 4 Lu|61/100 psn|[from] psn
|upkeep
|turn|23
|
|t:|1757892145
|move|p1a: U ain't ready 4 Lu|Earthquake|p2a: Snorlax
|-damage|p2a: Snorlax|9/100
|-enditem|p2a: Snorlax|Apicot Berry|[eat]
|-boost|p2a: Snorlax|spd|1|[from] item: Apicot Berry
|move|p2a: Snorlax|Outrage|p1a: U ain't ready 4 Lu|[from] lockedmove
|-damage|p1a: U ain't ready 4 Lu|44/100 psn
|-start|p2a: Snorlax|confusion|[fatigue]
|
|-heal|p1a: U ain't ready 4 Lu|51/100 psn|[from] item: Leftovers
|-damage|p1a: U ain't ready 4 Lu|38/100 psn|[from] psn
|upkeep
|turn|24
|
|t:|1757892150
|move|p1a: U ain't ready 4 Lu|Earthquake|p2a: Snorlax
|-crit|p2a: Snorlax
|-damage|p2a: Snorlax|0 fnt
|faint|p2a: Snorlax
|
|-heal|p1a: U ain't ready 4 Lu|44/100 psn|[from] item: Leftovers
|-damage|p1a: U ain't ready 4 Lu|32/100 psn|[from] psn
|upkeep
|
|t:|1757892156
|switch|p2a: Clefable|Clefable, F|100/100
|turn|25
|
|t:|1757892161
|switch|p2a: Garganacl|Garganacl, M, shiny, tera:Flying|33/100
|-damage|p2a: Garganacl|9/100|[from] Stealth Rock
|-enditem|p2a: Garganacl|Apicot Berry|[eat]
|-boost|p2a: Garganacl|spd|1|[from] item: Apicot Berry
|move|p1a: U ain't ready 4 Lu|Heavy Slam|p2a: Garganacl
|-damage|p2a: Garganacl|0 fnt
|faint|p2a: Garganacl
|
|-heal|p1a: U ain't ready 4 Lu|38/100 psn|[from] item: Leftovers
|-damage|p1a: U ain't ready 4 Lu|26/100 psn|[from] psn
|upkeep
|
|t:|1757892170
|switch|p2a: Blissey|Blissey, F|41/100
|turn|26
|
|t:|1757892176
|move|p2a: Blissey|Protect|p2a: Blissey
|-singleturn|p2a: Blissey|Protect
|move|p1a: U ain't ready 4 Lu|Earthquake|p2a: Blissey
|-activate|p2a: Blissey|move: Protect
|
|-heal|p1a: U ain't ready 4 Lu|32/100 psn|[from] item: Leftovers
|-damage|p1a: U ain't ready 4 Lu|20/100 psn|[from] psn
|upkeep
|turn|27
|
|t:|1757892183
|move|p2a: Blissey|Soft-Boiled|p2a: Blissey
|-heal|p2a: Blissey|91/100
|move|p1a: U ain't ready 4 Lu|Earthquake|p2a: Blissey
|-damage|p2a: Blissey|37/100
|
|-heal|p1a: U ain't ready 4 Lu|26/100 psn|[from] item: Leftovers
|-damage|p1a: U ain't ready 4 Lu|13/100 psn|[from] psn
|upkeep
|turn|28
|
|t:|1757892188
|move|p2a: Blissey|Soft-Boiled|p2a: Blissey
|-heal|p2a: Blissey|87/100
|move|p1a: U ain't ready 4 Lu|Earthquake|p2a: Blissey
|-damage|p2a: Blissey|31/100
|
|-heal|p1a: U ain't ready 4 Lu|20/100 psn|[from] item: Leftovers
|-damage|p1a: U ain't ready 4 Lu|7/100 psn|[from] psn
|upkeep
|turn|29
|
|t:|1757892196
|move|p2a: Blissey|Soft-Boiled|p2a: Blissey
|-heal|p2a: Blissey|81/100
|move|p1a: U ain't ready 4 Lu|Earthquake|p2a: Blissey
|-damage|p2a: Blissey|33/100
|
|-heal|p1a: U ain't ready 4 Lu|13/100 psn|[from] item: Leftovers
|-damage|p1a: U ain't ready 4 Lu|1/100 psn|[from] psn
|upkeep
|turn|30
|
|t:|1757892204
|move|p2a: Blissey|Soft-Boiled|p2a: Blissey
|-heal|p2a: Blissey|83/100
|move|p1a: U ain't ready 4 Lu|Earthquake|p2a: Blissey
|-damage|p2a: Blissey|32/100
|
|-heal|p1a: U ain't ready 4 Lu|7/100 psn|[from] item: Leftovers
|-damage|p1a: U ain't ready 4 Lu|0 fnt|[from] psn
|faint|p1a: U ain't ready 4 Lu
|upkeep
|
|t:|1757892214
|switch|p1a: Evil Porygon|Darkrai, tera:Electric|63/100
|-damage|p1a: Evil Porygon|51/100|[from] Stealth Rock
|-damage|p1a: Evil Porygon|38/100|[from] Spikes
|-status|p1a: Evil Porygon|psn
|turn|31
|
|t:|1757892220
|move|p1a: Evil Porygon|Thunder|p2a: Blissey
|-crit|p2a: Blissey
|-damage|p2a: Blissey|0 fnt
|faint|p2a: Blissey
|
|-damage|p1a: Evil Porygon|26/100 psn|[from] psn
|upkeep
|
|t:|1757892224
|switch|p2a: Clefable|Clefable, F|100/100
|turn|32
|
|t:|1757892229
|move|p1a: Evil Porygon|Thunder|p2a: Clefable
|-damage|p2a: Clefable|17/100
|-status|p2a: Clefable|par
|cant|p2a: Clefable|par
|
|-damage|p1a: Evil Porygon|13/100 psn|[from] psn
|upkeep
|turn|33
|-message|Kxkcjzjxjjdid forfeited.
|
|win|Mew3334
|raw|Mew3334's rating: 1062 &rarr; <strong>1091</strong><br />(+29 for winning)
|raw|Kxkcjzjxjjdid's rating: 1047 &rarr; <strong>1031</strong><br />(-16 for losing)
|l|☆Kxkcjzjxjjdid
|player|p2|
