|j|☆prakshep
|j|☆JBLspeakerfetty
|t:|1757875081
|gametype|singles
|player|p1|prakshep|nate|1374
|player|p2|JBLspeakerfetty|red|1423
|gen|9
|tier|[Gen 9] OU
|rated|
|rule|HP Percentage Mod: HP is shown in percentages
|rule|Endless Battle Clause: Forcing endless battles is banned
|rule|Species Clause: Limit one of each Pokémon
|rule|OHKO Clause: OHKO moves are banned
|rule|Evasion Items Clause: Evasion items are banned
|rule|Evasion Moves Clause: Evasion moves are banned
|rule|Evasion Abilities Clause: Evasion abilities are banned
|rule|Sleep Moves Clause: Sleep-inducing moves are banned
|clearpoke
|poke|p1|Iron Boulder|
|poke|p1|Zapdos|
|poke|p1|Hatterene, F|
|poke|p1|Dragonite, M|
|poke|p1|Zamazenta-*|
|poke|p1|Iron Moth|
|poke|p2|Pikachu, M|
|poke|p2|Mimikyu, M|
|poke|p2|Hatterene, F|
|poke|p2|Ursaluna, M|
|poke|p2|Manaphy|
|poke|p2|Honchkrow, F|
|teampreview
|inactive|Battle timer is ON: inactive players will automatically lose when time's up. (requested by prakshep)
|
|t:|1757875104
|teamsize|p1|6
|teamsize|p2|6
|start
|switch|p1a: Iron Boulder|Iron Boulder|100/100
|switch|p2a: Hatterene|Hatterene, F|100/100
|-enditem|p1a: Iron Boulder|Booster Energy
|-activate|p1a: Iron Boulder|ability: Quark Drive|[fromitem]
|-start|p1a: Iron Boulder|quarkdrivespe
|turn|1
|
|t:|1757875112
|move|p1a: Iron Boulder|Swords Dance|p1a: Iron Boulder
|-boost|p1a: Iron Boulder|atk|2
|move|p2a: Hatterene|Trick Room|p2a: Hatterene
|-fieldstart|move: Trick Room|[of] p2a: Hatterene
|
|upkeep
|turn|2
|
|t:|1757875116
|move|p2a: Hatterene|Nuzzle|p1a: Iron Boulder
|-damage|p1a: Iron Boulder|95/100
|-status|p1a: Iron Boulder|par
|move|p1a: Iron Boulder|Mighty Cleave|p2a: Hatterene
|-enditem|p2a: Hatterene|Focus Sash
|-damage|p2a: Hatterene|1/100
|
|upkeep
|turn|3
|
|t:|1757875134
|move|p2a: Hatterene|Misty Explosion|p1a: Iron Boulder
|-damage|p1a: Iron Boulder|51/100 par
|faint|p2a: Hatterene
|cant|p1a: Iron Boulder|par
|
|upkeep
|
|t:|1757875148
|switch|p2a: Ursaluna|Ursaluna, M|100/100
|turn|4
|
|t:|1757875153
|move|p2a: Ursaluna|Headlong Rush|p1a: Iron Boulder
|-supereffective|p1a: Iron Boulder
|-damage|p1a: Iron Boulder|0 fnt
|-unboost|p2a: Ursaluna|def|1
|-unboost|p2a: Ursaluna|spd|1
|faint|p1a: Iron Boulder
|-end|p1a: Iron Boulder|Quark Drive|[silent]
|
|-status|p2a: Ursaluna|brn|[from] item: Flame Orb
|upkeep
|
|t:|1757875164
|switch|p1a: Hatterene|Hatterene, F|100/100
|turn|5
|
|t:|1757875173
|move|p1a: Hatterene|Psychic|p2a: Ursaluna
|-damage|p2a: Ursaluna|35/100 brn
|move|p2a: Ursaluna|Facade|p1a: Hatterene
|-damage|p1a: Hatterene|0 fnt
|faint|p1a: Hatterene
|
|-damage|p2a: Ursaluna|29/100 brn|[from] brn
|-fieldend|move: Trick Room
|upkeep
|
|t:|1757875177
|switch|p1a: Iron Moth|Iron Moth|100/100
|-enditem|p1a: Iron Moth|Booster Energy
|-activate|p1a: Iron Moth|ability: Quark Drive|[fromitem]
|-start|p1a: Iron Moth|quarkdrivespe
|turn|6
|
|t:|1757875179
|move|p1a: Iron Moth|Fiery Dance|p2a: Ursaluna
|-damage|p2a: Ursaluna|0 fnt
|-boost|p1a: Iron Moth|spa|1
|faint|p2a: Ursaluna
|
|upkeep
|
|t:|1757875180
|switch|p2a: Mimikyu|Mimikyu, M|100/100
|turn|7
|inactive|prakshep has 120 seconds left.
|
|t:|1757875240
|move|p1a: Iron Moth|Fiery Dance|p2a: Mimikyu
|-activate|p2a: Mimikyu|ability: Disguise
|-damage|p2a: Mimikyu|100/100
|-boost|p1a: Iron Moth|spa|1
|detailschange|p2a: Mimikyu|Mimikyu-Busted, M
|-damage|p2a: Mimikyu|88/100|[from] pokemon: Mimikyu-Busted
|-enditem|p2a: Mimikyu|Red Card|[of] p1a: Iron Moth
|-end|p1a: Iron Moth|Quark Drive|[silent]
|drag|p1a: Zamazenta|Zamazenta|100/100
|-ability|p1a: Zamazenta|Dauntless Shield|boost
|-boost|p1a: Zamazenta|def|1
|move|p2a: Mimikyu|Trick Room|p2a: Mimikyu
|-fieldstart|move: Trick Room|[of] p2a: Mimikyu
|
|upkeep
|turn|8
|
|t:|1757875257
|switch|p2a: Manaphy|Manaphy|100/100
|move|p1a: Zamazenta|Heavy Slam|p2a: Manaphy
|-resisted|p2a: Manaphy
|-damage|p2a: Manaphy|88/100
|
|-heal|p2a: Manaphy|95/100|[from] item: Leftovers
|upkeep
|turn|9
|
|t:|1757875265
|switch|p1a: Zapdos|Zapdos|100/100
|move|p2a: Manaphy|Take Heart|p2a: Manaphy
|-boost|p2a: Manaphy|spa|1
|-boost|p2a: Manaphy|spd|1
|
|-heal|p2a: Manaphy|100/100|[from] item: Leftovers
|upkeep
|turn|10
|
|t:|1757875272
|move|p2a: Manaphy|Ice Beam|p1a: Zapdos
|-supereffective|p1a: Zapdos
|-damage|p1a: Zapdos|32/100
|move|p1a: Zapdos|Thunder Wave|p2a: Manaphy
|-status|p2a: Manaphy|par
|
|upkeep
|turn|11
|
|t:|1757875280
|cant|p2a: Manaphy|par
|move|p1a: Zapdos|Roost|p1a: Zapdos
|-heal|p1a: Zapdos|82/100
|-singleturn|p1a: Zapdos|move: Roost
|
|-fieldend|move: Trick Room
|upkeep
|turn|12
|
|t:|1757875288
|move|p1a: Zapdos|Thunderbolt|p2a: Manaphy
|-supereffective|p2a: Manaphy
|-damage|p2a: Manaphy|29/100 par
|-damage|p1a: Zapdos|72/100|[from] item: Life Orb
|cant|p2a: Manaphy|par
|
|-heal|p2a: Manaphy|35/100 par|[from] item: Leftovers
|upkeep
|turn|13
|
|t:|1757875300
|-terastallize|p2a: Manaphy|Grass
|move|p1a: Zapdos|Thunderbolt|p2a: Manaphy
|-resisted|p2a: Manaphy
|-damage|p2a: Manaphy|18/100 par
|-damage|p1a: Zapdos|62/100|[from] item: Life Orb
|move|p2a: Manaphy|Ice Beam|p1a: Zapdos
|-supereffective|p1a: Zapdos
|-damage|p1a: Zapdos|0 fnt
|faint|p1a: Zapdos
|
|-heal|p2a: Manaphy|24/100 par|[from] item: Leftovers
|upkeep
|inactive|prakshep has 120 seconds left.
|
|t:|1757875325
|switch|p1a: Iron Moth|Iron Moth|100/100
|turn|14
|
|t:|1757875336
|move|p1a: Iron Moth|Fiery Dance|p2a: Manaphy
|-supereffective|p2a: Manaphy
|-damage|p2a: Manaphy|0 fnt
|faint|p2a: Manaphy
|
|upkeep
|
|t:|1757875340
|switch|p2a: Mimikyu|Mimikyu-Busted, M|88/100
|turn|15
|
|t:|1757875347
|move|p1a: Iron Moth|Sludge Wave|p2a: Mimikyu
|-damage|p2a: Mimikyu|46/100
|move|p2a: Mimikyu|Trick Room|p2a: Mimikyu
|-fieldstart|move: Trick Room|[of] p2a: Mimikyu
|
|upkeep
|turn|16
|l|☆prakshep
|inactive|prakshep disconnected and has a minute to reconnect!
|player|p1|
|
|t:|1757875364
|move|p2a: Mimikyu|Curse|p1a: Iron Moth
|-start|p1a: Iron Moth|Curse|[of] p2a: Mimikyu
|-damage|p2a: Mimikyu|0 fnt
|faint|p2a: Mimikyu
|move|p1a: Iron Moth|Fiery Dance|p2: Mimikyu|[notarget]
|-fail|p1a: Iron Moth
|
|-damage|p1a: Iron Moth|76/100|[from] Curse
|upkeep
|
|t:|1757875372
|switch|p2a: Pikachu|Pikachu, M|100/100
|turn|17
|inactive|prakshep has 30 seconds to reconnect!
|j|☆prakshep
|inactive|prakshep reconnected and has 120 seconds left.
|player|p1|prakshep|nate|
|
|t:|1757875408
|move|p2a: Pikachu|Volt Tackle|p1a: Iron Moth
|-damage|p1a: Iron Moth|0 fnt
|faint|p1a: Iron Moth
|-end|p1a: Iron Moth|Quark Drive|[silent]
|-damage|p2a: Pikachu|65/100|[from] Recoil
|
|upkeep
|
|t:|1757875415
|switch|p1a: Zamazenta|Zamazenta|100/100
|turn|18
|
|t:|1757875418
|move|p2a: Pikachu|Volt Tackle|p1a: Zamazenta
|-crit|p1a: Zamazenta
|-damage|p1a: Zamazenta|0 fnt
|faint|p1a: Zamazenta
|-damage|p2a: Pikachu|14/100|[from] Recoil
|
|upkeep
|
|t:|1757875421
|switch|p1a: Dragonite|Dragonite, M|100/100
|turn|19
|
|t:|1757875426
|move|p2a: Pikachu|Volt Tackle|p1a: Dragonite
|-damage|p1a: Dragonite|54/100
|-damage|p2a: Pikachu|0 fnt|[from] Recoil
|faint|p2a: Pikachu
|move|p1a: Dragonite|Dragon Dance|p1a: Dragonite
|-boost|p1a: Dragonite|atk|1
|-boost|p1a: Dragonite|spe|1
|
|-fieldend|move: Trick Room
|upkeep
|
|t:|1757875427
|switch|p2a: Honchkrow|Honchkrow, F|100/100
|turn|20
|
|t:|1757875431
|move|p2a: Honchkrow|Sucker Punch|p1a: Dragonite
|-damage|p1a: Dragonite|4/100
|move|p1a: Dragonite|Thunder Punch|p2a: Honchkrow
|-supereffective|p2a: Honchkrow
|-damage|p2a: Honchkrow|0 fnt
|faint|p2a: Honchkrow
|
|win|prakshep
|raw|prakshep's rating: 1374 &rarr; <strong>1397</strong><br />(+23 for winning)
|raw|JBLspeakerfetty's rating: 1423 &rarr; <strong>1400</strong><br />(-23 for losing)
|l|☆prakshep
|player|p1|
|l|☆JBLspeakerfetty
|player|p2|
