|j|☆Shampoogini
|j|☆Permanultimatum
|t:|1757941674
|gametype|singles
|player|p1|Shampoogini|hilda|1343
|player|p2|Permanultimatum|scientist-gen4|1359
|gen|9
|tier|[Gen 9] OU
|rated|
|rule|HP Percentage Mod: HP is shown in percentages
|rule|Endless Battle Clause: Forcing endless battles is banned
|rule|Species Clause: Limit one of each Pokémon
|rule|OHKO Clause: OHKO moves are banned
|rule|Evasion Items Clause: Evasion items are banned
|rule|Evasion Moves Clause: Evasion moves are banned
|rule|Evasion Abilities Clause: Evasion abilities are banned
|rule|Sleep Moves Clause: Sleep-inducing moves are banned
|clearpoke
|poke|p1|Skeledirge, M|
|poke|p1|Clodsire, M|
|poke|p1|Dondozo, F|
|poke|p1|Serperior, F|
|poke|p1|Corviknight, M|
|poke|p1|Grimmsnarl, M|
|poke|p2|Porygon-Z|
|poke|p2|Dragonite, F|
|poke|p2|Lokix, M|
|poke|p2|Alomomola, F|
|poke|p2|Deoxys-Defense|
|poke|p2|Samurott-Hisui, M|
|teampreview
|inactive|Battle timer is ON: inactive players will automatically lose when time's up. (requested by Shampoogini)
|j| helpmeplznoname
|
|t:|1757941686
|teamsize|p1|6
|teamsize|p2|6
|start
|switch|p1a: Grimmsnarl|Grimmsnarl, M|100/100
|switch|p2a: Lokix|Lokix, M|100/100
|turn|1
|
|t:|1757941694
|move|p1a: Grimmsnarl|Reflect|p1a: Grimmsnarl
|-sidestart|p1: Shampoogini|Reflect
|move|p2a: Lokix|Knock Off|p1a: Grimmsnarl
|-resisted|p1a: Grimmsnarl
|-damage|p1a: Grimmsnarl|92/100
|-enditem|p1a: Grimmsnarl|Light Clay|[from] move: Knock Off|[of] p2a: Lokix
|
|upkeep
|turn|2
|
|t:|1757941701
|move|p1a: Grimmsnarl|Light Screen|p1a: Grimmsnarl
|-sidestart|p1: Shampoogini|move: Light Screen
|move|p2a: Lokix|U-turn|p1a: Grimmsnarl
|-damage|p1a: Grimmsnarl|78/100
|
|t:|1757941704
|switch|p2a: Samurott|Samurott-Hisui, M|100/100|[from] U-turn
|
|upkeep
|turn|3
|
|t:|1757941705
|move|p2a: Samurott|Ceaseless Edge|p1a: Grimmsnarl
|-resisted|p1a: Grimmsnarl
|-damage|p1a: Grimmsnarl|74/100
|-sidestart|p1: Shampoogini|Spikes
|move|p1a: Grimmsnarl|Play Rough|p2a: Samurott
|-supereffective|p2a: Samurott
|-damage|p2a: Samurott|7/100
|
|upkeep
|turn|4
|
|t:|1757941712
|switch|p2a: Alomomola|Alomomola, F|100/100
|switch|p1a: Corviknight|Corviknight, M|100/100
|
|upkeep
|turn|5
|
|t:|1757941715
|move|p1a: Corviknight|Defog|p2a: Alomomola
|-unboost|p2a: Alomomola|evasion|1
|-sideend|p1: Shampoogini|Spikes|[from] move: Defog|[of] p1a: Corviknight
|move|p2a: Alomomola|Wish|p2a: Alomomola
|
|upkeep
|turn|6
|
|t:|1757941722
|move|p1a: Corviknight|Bulk Up|p1a: Corviknight
|-boost|p1a: Corviknight|atk|1
|-boost|p1a: Corviknight|def|1
|move|p2a: Alomomola|Flip Turn|p1a: Corviknight
|-damage|p1a: Corviknight|96/100
|-damage|p2a: Alomomola|84/100|[from] item: Rocky Helmet|[of] p1a: Corviknight
|
|t:|1757941727
|switch|p2a: Dragonite|Dragonite, F|100/100|[from] Flip Turn
|
|-sideend|p1: Shampoogini|move: Light Screen
|upkeep
|turn|7
|
|t:|1757941732
|move|p2a: Dragonite|Encore|p1a: Corviknight
|-start|p1a: Corviknight|Encore
|move|p1a: Corviknight|Bulk Up|p1a: Corviknight
|-boost|p1a: Corviknight|atk|1
|-boost|p1a: Corviknight|def|1
|
|upkeep
|turn|8
|
|t:|1757941742
|move|p2a: Dragonite|Dragon Dance|p2a: Dragonite
|-boost|p2a: Dragonite|atk|1
|-boost|p2a: Dragonite|spe|1
|move|p1a: Corviknight|Bulk Up|p1a: Corviknight
|-boost|p1a: Corviknight|atk|1
|-boost|p1a: Corviknight|def|1
|
|-sideend|p1: Shampoogini|Reflect
|upkeep
|turn|9
|
|t:|1757941747
|move|p2a: Dragonite|Dragon Dance|p2a: Dragonite
|-boost|p2a: Dragonite|atk|1
|-boost|p2a: Dragonite|spe|1
|move|p1a: Corviknight|Bulk Up|p1a: Corviknight
|-boost|p1a: Corviknight|atk|1
|-boost|p1a: Corviknight|def|1
|
|-end|p1a: Corviknight|Encore
|upkeep
|turn|10
|
|t:|1757941751
|move|p2a: Dragonite|Encore|p1a: Corviknight
|-start|p1a: Corviknight|Encore
|move|p1a: Corviknight|Bulk Up|p1a: Corviknight
|-boost|p1a: Corviknight|atk|1
|-boost|p1a: Corviknight|def|1
|
|upkeep
|turn|11
|
|t:|1757941755
|move|p2a: Dragonite|Dragon Dance|p2a: Dragonite
|-boost|p2a: Dragonite|atk|1
|-boost|p2a: Dragonite|spe|1
|move|p1a: Corviknight|Bulk Up|p1a: Corviknight
|-boost|p1a: Corviknight|atk|1
|-boost|p1a: Corviknight|def|1
|
|upkeep
|turn|12
|
|t:|1757941760
|move|p2a: Dragonite|Dragon Dance|p2a: Dragonite
|-boost|p2a: Dragonite|atk|1
|-boost|p2a: Dragonite|spe|1
|move|p1a: Corviknight|Bulk Up|p1a: Corviknight
|-boost|p1a: Corviknight|atk|0
|-boost|p1a: Corviknight|def|0
|
|-end|p1a: Corviknight|Encore
|upkeep
|turn|13
|
|t:|1757941764
|move|p2a: Dragonite|Encore|p1a: Corviknight
|-start|p1a: Corviknight|Encore
|move|p1a: Corviknight|Bulk Up|p1a: Corviknight
|-boost|p1a: Corviknight|atk|0
|-boost|p1a: Corviknight|def|0
|
|upkeep
|turn|14
|
|t:|1757941765
|move|p2a: Dragonite|Fire Punch|p1a: Corviknight
|-supereffective|p1a: Corviknight
|-damage|p1a: Corviknight|62/100
|-damage|p2a: Dragonite|84/100|[from] item: Rocky Helmet|[of] p1a: Corviknight
|move|p1a: Corviknight|Bulk Up|p1a: Corviknight
|-boost|p1a: Corviknight|atk|0
|-boost|p1a: Corviknight|def|0
|
|upkeep
|turn|15
|
|t:|1757941770
|switch|p1a: Dondozo|Dondozo, F|100/100
|move|p2a: Dragonite|Fire Punch|p1a: Dondozo
|-resisted|p1a: Dondozo
|-crit|p1a: Dondozo
|-damage|p1a: Dondozo|89/100
|
|-heal|p1a: Dondozo|95/100|[from] item: Leftovers
|upkeep
|turn|16
|
|t:|1757941782
|switch|p2a: Alomomola|Alomomola, F|100/100
|move|p1a: Dondozo|Waterfall|p2a: Alomomola
|-resisted|p2a: Alomomola
|-damage|p2a: Alomomola|94/100
|
|-heal|p1a: Dondozo|100/100|[from] item: Leftovers
|upkeep
|turn|17
|
|t:|1757941786
|switch|p1a: Corviknight|Corviknight, M|62/100
|move|p2a: Alomomola|Flip Turn|p1a: Corviknight
|-damage|p1a: Corviknight|49/100
|-damage|p2a: Alomomola|77/100|[from] item: Rocky Helmet|[of] p1a: Corviknight
|
|t:|1757941790
|switch|p2a: Porygon-Z|Porygon-Z|100/100|[from] Flip Turn
|-ability|p2a: Porygon-Z|Download|boost
|-boost|p2a: Porygon-Z|atk|1
|
|upkeep
|turn|18
|
|t:|1757941796
|move|p2a: Porygon-Z|Thunderbolt|p1a: Corviknight
|-supereffective|p1a: Corviknight
|-damage|p1a: Corviknight|7/100
|move|p1a: Corviknight|Roost|p1a: Corviknight
|-heal|p1a: Corviknight|57/100
|-singleturn|p1a: Corviknight|move: Roost
|
|upkeep
|turn|19
|
|t:|1757941801
|switch|p1a: Clodsire|Clodsire, M|100/100
|move|p2a: Porygon-Z|Thunderbolt|p1a: Clodsire
|-immune|p1a: Clodsire
|
|upkeep
|turn|20
|
|t:|1757941808
|switch|p2a: Deoxys|Deoxys-Defense|100/100
|-ability|p2a: Deoxys|Pressure
|move|p1a: Clodsire|Toxic|p2a: Deoxys
|-status|p2a: Deoxys|tox
|
|-damage|p2a: Deoxys|94/100 tox|[from] psn
|upkeep
|turn|21
|
|t:|1757941812
|switch|p1a: Corviknight|Corviknight, M|57/100
|move|p2a: Deoxys|Psychic Noise|p1a: Corviknight
|-resisted|p1a: Corviknight
|-damage|p1a: Corviknight|50/100
|-start|p1a: Corviknight|move: Heal Block
|
|-damage|p2a: Deoxys|82/100 tox|[from] psn
|upkeep
|turn|22
|
|t:|1757941816
|switch|p1a: Grimmsnarl|Grimmsnarl, M|74/100
|move|p2a: Deoxys|Night Shade|p1a: Grimmsnarl
|-damage|p1a: Grimmsnarl|48/100
|
|-damage|p2a: Deoxys|63/100 tox|[from] psn
|upkeep
|turn|23
|
|t:|1757941820
|move|p1a: Grimmsnarl|Parting Shot|p2a: Deoxys
|-unboost|p2a: Deoxys|atk|1
|-unboost|p2a: Deoxys|spa|1
|
|t:|1757941823
|switch|p1a: Skeledirge|Skeledirge, M|100/100|[from] Parting Shot
|move|p2a: Deoxys|Night Shade|p1a: Skeledirge
|-damage|p1a: Skeledirge|76/100
|
|-heal|p1a: Skeledirge|82/100|[from] item: Leftovers
|-damage|p2a: Deoxys|38/100 tox|[from] psn
|upkeep
|turn|24
|
|t:|1757941830
|switch|p2a: Alomomola|Alomomola, F|100/100
|move|p1a: Skeledirge|Torch Song|p2a: Alomomola
|-resisted|p2a: Alomomola
|-damage|p2a: Alomomola|82/100
|-boost|p1a: Skeledirge|spa|1
|
|-heal|p1a: Skeledirge|88/100|[from] item: Leftovers
|upkeep
|turn|25
|
|t:|1757941834
|move|p1a: Skeledirge|Torch Song|p2a: Alomomola
|-resisted|p2a: Alomomola
|-damage|p2a: Alomomola|57/100
|-boost|p1a: Skeledirge|spa|1
|move|p2a: Alomomola|Flip Turn|p1a: Skeledirge
|-supereffective|p1a: Skeledirge
|-damage|p1a: Skeledirge|63/100
|
|t:|1757941836
|switch|p2a: Lokix|Lokix, M|100/100|[from] Flip Turn
|
|-heal|p1a: Skeledirge|69/100|[from] item: Leftovers
|upkeep
|turn|26
|
|t:|1757941846
|switch|p1a: Dondozo|Dondozo, F|100/100
|move|p2a: Lokix|U-turn|p1a: Dondozo
|-damage|p1a: Dondozo|81/100
|
|t:|1757941855
|switch|p2a: Porygon-Z|Porygon-Z|100/100|[from] U-turn
|-ability|p2a: Porygon-Z|Download|boost
|-boost|p2a: Porygon-Z|spa|1
|
|-heal|p1a: Dondozo|87/100|[from] item: Leftovers
|upkeep
|turn|27
|l| helpmeplznoname
|
|t:|1757941859
|switch|p1a: Clodsire|Clodsire, M|100/100
|move|p2a: Porygon-Z|Thunderbolt|p1a: Clodsire
|-immune|p1a: Clodsire
|
|upkeep
|turn|28
|
|t:|1757941863
|switch|p2a: Alomomola|Alomomola, F|90/100
|move|p1a: Clodsire|Spikes|p2a: Alomomola
|-sidestart|p2: Permanultimatum|Spikes
|
|upkeep
|turn|29
|
|t:|1757941867
|move|p2a: Alomomola|Wish|p2a: Alomomola
|move|p1a: Clodsire|Toxic|p2a: Alomomola
|-status|p2a: Alomomola|tox
|
|-damage|p2a: Alomomola|84/100 tox|[from] psn
|upkeep
|turn|30
|
|t:|1757941874
|move|p2a: Alomomola|Scald|p1a: Clodsire
|-supereffective|p1a: Clodsire
|-damage|p1a: Clodsire|83/100
|move|p1a: Clodsire|Earthquake|p2a: Alomomola
|-damage|p2a: Alomomola|71/100 tox
|
|-heal|p2a: Alomomola|100/100 tox|[from] move: Wish|[wisher] Alomomola
|-heal|p1a: Clodsire|90/100|[from] item: Leftovers
|-damage|p2a: Alomomola|88/100 tox|[from] psn
|upkeep
|turn|31
|
|t:|1757941882
|switch|p1a: Snek|Serperior, F|100/100
|move|p2a: Alomomola|Scald|p1a: Snek
|-resisted|p1a: Snek
|-damage|p1a: Snek|94/100
|
|-heal|p1a: Snek|99/100|[from] item: Leftovers
|-damage|p2a: Alomomola|70/100 tox|[from] psn
|upkeep
|turn|32
|
|t:|1757941890
|switch|p2a: Lokix|Lokix, M|100/100
|move|p1a: Snek|Leaf Storm|p2a: Lokix
|-resisted|p2a: Lokix
|-damage|p2a: Lokix|68/100
|-boost|p1a: Snek|spa|2
|
|-heal|p1a: Snek|100/100|[from] item: Leftovers
|upkeep
|turn|33
|
|t:|1757941895
|switch|p1a: Dondozo|Dondozo, F|87/100
|move|p2a: Lokix|First Impression|p1a: Dondozo
|-damage|p1a: Dondozo|61/100
|
|-heal|p1a: Dondozo|67/100|[from] item: Leftovers
|upkeep
|turn|34
|
|t:|1757941902
|move|p2a: Lokix|U-turn|p1a: Dondozo
|-damage|p1a: Dondozo|47/100
|
|t:|1757941904
|switch|p2a: Alomomola|Alomomola, F|100/100 tox|[from] U-turn
|move|p1a: Dondozo|Rest|p1a: Dondozo
|-status|p1a: Dondozo|slp|[from] move: Rest
|-heal|p1a: Dondozo|100/100 slp|[silent]
|
|-damage|p2a: Alomomola|94/100 tox|[from] psn
|upkeep
|turn|35
|
|t:|1757941908
|move|p2a: Alomomola|Wish|p2a: Alomomola
|cant|p1a: Dondozo|slp
|
|-damage|p2a: Alomomola|82/100 tox|[from] psn
|upkeep
|turn|36
|
|t:|1757941915
|switch|p2a: Deoxys|Deoxys-Defense|38/100 tox
|-ability|p2a: Deoxys|Pressure
|switch|p1a: Grimmsnarl|Grimmsnarl, M|48/100
|
|-heal|p2a: Deoxys|100/100 tox|[from] move: Wish|[wisher] Alomomola
|-damage|p2a: Deoxys|94/100 tox|[from] psn
|upkeep
|turn|37
|
|t:|1757941919
|move|p1a: Grimmsnarl|Parting Shot|p2a: Deoxys
|-unboost|p2a: Deoxys|atk|1
|-unboost|p2a: Deoxys|spa|1
|
|t:|1757941924
|switch|p1a: Skeledirge|Skeledirge, M|69/100|[from] Parting Shot
|move|p2a: Deoxys|Night Shade|p1a: Skeledirge
|-damage|p1a: Skeledirge|45/100
|
|-heal|p1a: Skeledirge|51/100|[from] item: Leftovers
|-damage|p2a: Deoxys|82/100 tox|[from] psn
|upkeep
|turn|38
|
|t:|1757941934
|move|p2a: Deoxys|Psychic Noise|p1a: Skeledirge
|-damage|p1a: Skeledirge|37/100
|-start|p1a: Skeledirge|move: Heal Block
|cant|p1a: Skeledirge|move: Heal Block|Slack Off
|
|-damage|p2a: Deoxys|63/100 tox|[from] psn
|upkeep
|turn|39
|
|t:|1757941943
|switch|p1a: Grimmsnarl|Grimmsnarl, M|48/100
|move|p2a: Deoxys|Teleport|p2a: Deoxys
|
|t:|1757941951
|switch|p2a: Lokix|Lokix, M|68/100|[from] Teleport
|
|upkeep
|turn|40
|
|t:|1757941954
|move|p1a: Grimmsnarl|Reflect|p1a: Grimmsnarl
|-sidestart|p1: Shampoogini|Reflect
|move|p2a: Lokix|U-turn|p1a: Grimmsnarl
|-damage|p1a: Grimmsnarl|34/100
|
|t:|1757941958
|switch|p2a: Porygon-Z|Porygon-Z|100/100|[from] U-turn
|-ability|p2a: Porygon-Z|Download|boost
|-boost|p2a: Porygon-Z|spa|1
|
|upkeep
|turn|41
|
|t:|1757941962
|move|p1a: Grimmsnarl|Parting Shot|p2a: Porygon-Z
|-unboost|p2a: Porygon-Z|atk|1
|-unboost|p2a: Porygon-Z|spa|1
|
|t:|1757941966
|switch|p1a: Clodsire|Clodsire, M|90/100|[from] Parting Shot
|move|p2a: Porygon-Z|Tera Blast|p1a: Clodsire
|-damage|p1a: Clodsire|62/100
|
|-heal|p1a: Clodsire|68/100|[from] item: Leftovers
|upkeep
|turn|42
|
|t:|1757941971
|switch|p2a: Deoxys|Deoxys-Defense|63/100 tox
|-ability|p2a: Deoxys|Pressure
|move|p1a: Clodsire|Recover|p1a: Clodsire
|-heal|p1a: Clodsire|100/100
|
|-damage|p2a: Deoxys|57/100 tox|[from] psn
|upkeep
|turn|43
|
|t:|1757941976
|move|p2a: Deoxys|Recover|p2a: Deoxys
|-heal|p2a: Deoxys|100/100 tox
|move|p1a: Clodsire|Spikes|p2a: Deoxys
|-sidestart|p2: Permanultimatum|Spikes
|
|-damage|p2a: Deoxys|88/100 tox|[from] psn
|upkeep
|turn|44
|
|t:|1757941981
|switch|p1a: Dondozo|Dondozo, F|100/100 slp
|move|p2a: Deoxys|Teleport|p2a: Deoxys
|
|t:|1757941988
|switch|p2a: Porygon-Z|Porygon-Z|100/100|[from] Teleport
|-ability|p2a: Porygon-Z|Download|boost
|-boost|p2a: Porygon-Z|spa|1
|
|-sideend|p1: Shampoogini|Reflect
|upkeep
|turn|45
|
|t:|1757941993
|switch|p1a: Clodsire|Clodsire, M|100/100
|move|p2a: Porygon-Z|Thunderbolt|p1a: Clodsire
|-immune|p1a: Clodsire
|
|upkeep
|turn|46
|
|t:|1757941998
|switch|p2a: Deoxys|Deoxys-Defense|88/100 tox
|-ability|p2a: Deoxys|Pressure
|move|p1a: Clodsire|Toxic|p2a: Deoxys
|-fail|p2a: Deoxys|tox
|
|-damage|p2a: Deoxys|82/100 tox|[from] psn
|upkeep
|turn|47
|
|t:|1757942002
|move|p2a: Deoxys|Night Shade|p1a: Clodsire
|-damage|p1a: Clodsire|79/100
|move|p1a: Clodsire|Earthquake|p2a: Deoxys
|-damage|p2a: Deoxys|60/100 tox
|
|-heal|p1a: Clodsire|85/100|[from] item: Leftovers
|-damage|p2a: Deoxys|47/100 tox|[from] psn
|upkeep
|turn|48
|
|t:|1757942007
|move|p2a: Deoxys|Recover|p2a: Deoxys
|-heal|p2a: Deoxys|97/100 tox
|move|p1a: Clodsire|Earthquake|p2a: Deoxys
|-damage|p2a: Deoxys|78/100 tox
|
|-heal|p1a: Clodsire|91/100|[from] item: Leftovers
|-damage|p2a: Deoxys|60/100 tox|[from] psn
|upkeep
|turn|49
|
|t:|1757942010
|move|p1a: Clodsire|Earthquake|p2a: Deoxys
|-damage|p2a: Deoxys|40/100 tox
|move|p2a: Deoxys|Teleport|p2a: Deoxys
|
|t:|1757942012
|switch|p2a: Alomomola|Alomomola, F|100/100 tox|[from] Teleport
|
|-heal|p1a: Clodsire|98/100|[from] item: Leftovers
|-damage|p2a: Alomomola|94/100 tox|[from] psn
|upkeep
|turn|50
|
|t:|1757942016
|move|p2a: Alomomola|Wish|p2a: Alomomola
|move|p1a: Clodsire|Spikes|p2a: Alomomola
|-sidestart|p2: Permanultimatum|Spikes
|
|-heal|p1a: Clodsire|100/100|[from] item: Leftovers
|-damage|p2a: Alomomola|82/100 tox|[from] psn
|upkeep
|turn|51
|
|t:|1757942021
|move|p2a: Alomomola|Flip Turn|p1a: Clodsire
|-supereffective|p1a: Clodsire
|-damage|p1a: Clodsire|73/100
|
|t:|1757942024
|switch|p2a: Deoxys|Deoxys-Defense|40/100 tox|[from] Flip Turn
|-ability|p2a: Deoxys|Pressure
|move|p1a: Clodsire|Earthquake|p2a: Deoxys
|-damage|p2a: Deoxys|21/100 tox
|
|-heal|p2a: Deoxys|100/100 tox|[from] move: Wish|[wisher] Alomomola
|-heal|p1a: Clodsire|80/100|[from] item: Leftovers
|-damage|p2a: Deoxys|94/100 tox|[from] psn
|upkeep
|turn|52
|l|☆Shampoogini
|inactive|Shampoogini disconnected and has a minute to reconnect!
|player|p1|
|j|☆Shampoogini
|inactive|Shampoogini reconnected and has 110 seconds left.
|player|p1|Shampoogini|hilda|
|
|t:|1757942076
|switch|p1a: Dondozo|Dondozo, F|100/100 slp
|move|p2a: Deoxys|Teleport|p2a: Deoxys
|
|t:|1757942090
|switch|p2a: Porygon-Z|Porygon-Z|100/100|[from] Teleport
|-ability|p2a: Porygon-Z|Download|boost
|-boost|p2a: Porygon-Z|spa|1
|
|upkeep
|turn|53
|
|t:|1757942098
|switch|p1a: Clodsire|Clodsire, M|80/100
|-terastallize|p2a: Porygon-Z|Ground
|move|p2a: Porygon-Z|Tera Blast|p1a: Clodsire|[anim] Tera Blast Ground
|-supereffective|p1a: Clodsire
|-damage|p1a: Clodsire|20/100
|
|-heal|p1a: Clodsire|26/100|[from] item: Leftovers
|upkeep
|turn|54
|inactive|Shampoogini has 120 seconds left.
|
|t:|1757942129
|switch|p1a: Snek|Serperior, F|100/100
|move|p2a: Porygon-Z|Agility|p2a: Porygon-Z
|-boost|p2a: Porygon-Z|spe|2
|
|upkeep
|turn|55
|inactive|Shampoogini has 90 seconds left.
|
|t:|1757942150
|move|p2a: Porygon-Z|Ice Beam|p1a: Snek
|-supereffective|p1a: Snek
|-damage|p1a: Snek|7/100
|move|p1a: Snek|Glare|p2a: Porygon-Z
|-status|p2a: Porygon-Z|par
|
|-heal|p1a: Snek|13/100|[from] item: Leftovers
|upkeep
|turn|56
|inactive|Shampoogini has 90 seconds left.
|
|t:|1757942160
|switch|p2a: Deoxys|Deoxys-Defense|94/100 tox
|-ability|p2a: Deoxys|Pressure
|move|p1a: Snek|Leaf Storm|p2a: Deoxys
|-damage|p2a: Deoxys|75/100 tox
|-boost|p1a: Snek|spa|2
|
|-heal|p1a: Snek|20/100|[from] item: Leftovers
|-damage|p2a: Deoxys|69/100 tox|[from] psn
|upkeep
|turn|57
|inactive|Shampoogini has 90 seconds left.
|
|t:|1757942168
|move|p1a: Snek|Synthesis|p1a: Snek
|-heal|p1a: Snek|70/100
|move|p2a: Deoxys|Night Shade|p1a: Snek
|-damage|p1a: Snek|41/100
|
|-heal|p1a: Snek|48/100|[from] item: Leftovers
|-damage|p2a: Deoxys|56/100 tox|[from] psn
|upkeep
|turn|58
|
|t:|1757942172
|switch|p2a: Lokix|Lokix, M|68/100
|move|p1a: Snek|Synthesis|p1a: Snek
|-heal|p1a: Snek|98/100
|
|-heal|p1a: Snek|100/100|[from] item: Leftovers
|upkeep
|turn|59
|
|t:|1757942178
|switch|p1a: Dondozo|Dondozo, F|100/100 slp
|move|p2a: Lokix|Sucker Punch||[still]
|-fail|p2a: Lokix
|
|upkeep
|turn|60
|
|t:|1757942202
|move|p2a: Lokix|Knock Off|p1a: Dondozo
|-damage|p1a: Dondozo|74/100 slp
|-enditem|p1a: Dondozo|Leftovers|[from] move: Knock Off|[of] p2a: Lokix
|cant|p1a: Dondozo|slp
|
|upkeep
|turn|61
|
|t:|1757942208
|move|p2a: Lokix|U-turn|p1a: Dondozo
|-damage|p1a: Dondozo|53/100 slp
|
|t:|1757942210
|switch|p2a: Alomomola|Alomomola, F|100/100 tox|[from] U-turn
|-curestatus|p1a: Dondozo|slp|[msg]
|move|p1a: Dondozo|Waterfall|p2a: Alomomola
|-resisted|p2a: Alomomola
|-damage|p2a: Alomomola|93/100 tox
|
|-damage|p2a: Alomomola|87/100 tox|[from] psn
|upkeep
|turn|62
|inactive|Shampoogini has 120 seconds left.
|l|☆Shampoogini
|inactive|Shampoogini disconnected and has a minute to reconnect!
|player|p1|
|j|☆Shampoogini
|inactive|Shampoogini reconnected and has 100 seconds left.
|player|p1|Shampoogini|hilda|
|
|t:|1757942242
|switch|p1a: Corviknight|Corviknight, M|50/100
|move|p2a: Alomomola|Wish|p2a: Alomomola
|
|-damage|p2a: Alomomola|75/100 tox|[from] psn
|upkeep
|turn|63
|inactive|Shampoogini has 90 seconds left.
|
|t:|1757942271
|switch|p2a: Deoxys|Deoxys-Defense|56/100 tox
|-ability|p2a: Deoxys|Pressure
|move|p1a: Corviknight|Roost|p1a: Corviknight
|-heal|p1a: Corviknight|100/100
|-singleturn|p1a: Corviknight|move: Roost
|
|-heal|p2a: Deoxys|100/100 tox|[from] move: Wish|[wisher] Alomomola
|-damage|p2a: Deoxys|94/100 tox|[from] psn
|upkeep
|turn|64
|
|t:|1757942280
|move|p1a: Corviknight|Bulk Up|p1a: Corviknight
|-boost|p1a: Corviknight|atk|1
|-boost|p1a: Corviknight|def|1
|move|p2a: Deoxys|Teleport|p2a: Deoxys
|
|t:|1757942287
|switch|p2a: Porygon-Z|Porygon-Z, tera:Ground|100/100 par|[from] Teleport
|-ability|p2a: Porygon-Z|Download|boost
|-boost|p2a: Porygon-Z|spa|1
|
|upkeep
|turn|65
|inactive|Shampoogini has 90 seconds left.
|
|t:|1757942310
|switch|p1a: Snek|Serperior, F|100/100
|move|p2a: Porygon-Z|Ice Beam|p1a: Snek
|-supereffective|p1a: Snek
|-damage|p1a: Snek|2/100
|
|-heal|p1a: Snek|8/100|[from] item: Leftovers
|upkeep
|turn|66
|
|t:|1757942316
|switch|p2a: Lokix|Lokix, M|68/100
|move|p1a: Snek|Leaf Storm|p2a: Lokix
|-resisted|p2a: Lokix
|-damage|p2a: Lokix|32/100
|-boost|p1a: Snek|spa|2
|
|-heal|p1a: Snek|15/100|[from] item: Leftovers
|upkeep
|turn|67
|inactive|Shampoogini has 90 seconds left.
|
|t:|1757942323
|switch|p1a: Corviknight|Corviknight, M|100/100
|move|p2a: Lokix|First Impression|p1a: Corviknight
|-resisted|p1a: Corviknight
|-damage|p1a: Corviknight|83/100
|-damage|p2a: Lokix|15/100|[from] item: Rocky Helmet|[of] p1a: Corviknight
|
|upkeep
|turn|68
|
|t:|1757942327
|switch|p2a: Alomomola|Alomomola, F|100/100 tox
|move|p1a: Corviknight|Bulk Up|p1a: Corviknight
|-boost|p1a: Corviknight|atk|1
|-boost|p1a: Corviknight|def|1
|
|-damage|p2a: Alomomola|94/100 tox|[from] psn
|upkeep
|turn|69
|
|t:|1757942329
|move|p1a: Corviknight|Bulk Up|p1a: Corviknight
|-boost|p1a: Corviknight|atk|1
|-boost|p1a: Corviknight|def|1
|move|p2a: Alomomola|Scald|p1a: Corviknight
|-damage|p1a: Corviknight|74/100
|
|-damage|p2a: Alomomola|82/100 tox|[from] psn
|upkeep
|turn|70
|
|t:|1757942332
|move|p1a: Corviknight|Bulk Up|p1a: Corviknight
|-boost|p1a: Corviknight|atk|1
|-boost|p1a: Corviknight|def|1
|move|p2a: Alomomola|Wish|p2a: Alomomola
|
|-damage|p2a: Alomomola|63/100 tox|[from] psn
|upkeep
|turn|71
|
|t:|1757942337
|move|p1a: Corviknight|Power Trip|p2a: Alomomola
|-damage|p2a: Alomomola|26/100 tox
|move|p2a: Alomomola|Scald|p1a: Corviknight
|-damage|p1a: Corviknight|64/100
|-status|p1a: Corviknight|brn
|
|-heal|p2a: Alomomola|76/100 tox|[from] move: Wish|[wisher] Alomomola
|-damage|p2a: Alomomola|51/100 tox|[from] psn
|-damage|p1a: Corviknight|58/100 brn|[from] brn
|upkeep
|turn|72
|
|t:|1757942345
|switch|p2a: Samurott|Samurott-Hisui, M|7/100
|-damage|p2a: Samurott|0 fnt|[from] Spikes
|faint|p2a: Samurott
|move|p1a: Corviknight|Bulk Up|p1a: Corviknight
|-boost|p1a: Corviknight|atk|1
|-boost|p1a: Corviknight|def|1
|
|-damage|p1a: Corviknight|51/100 brn|[from] brn
|upkeep
|
|t:|1757942348
|switch|p2a: Dragonite|Dragonite, F|84/100
|turn|73
|
|t:|1757942350
|move|p2a: Dragonite|Encore|p1a: Corviknight
|-start|p1a: Corviknight|Encore
|move|p1a: Corviknight|Bulk Up|p1a: Corviknight
|-boost|p1a: Corviknight|atk|1
|-boost|p1a: Corviknight|def|1
|
|-damage|p1a: Corviknight|45/100 brn|[from] brn
|upkeep
|turn|74
|
|t:|1757942361
|switch|p2a: Porygon-Z|Porygon-Z, tera:Ground|100/100 par
|-ability|p2a: Porygon-Z|Download|boost
|-boost|p2a: Porygon-Z|spa|1
|switch|p1a: Dondozo|Dondozo, F|53/100
|
|upkeep
|turn|75
|
|t:|1757942372
|cant|p2a: Porygon-Z|par
|move|p1a: Dondozo|Waterfall|p2a: Porygon-Z
|-supereffective|p2a: Porygon-Z
|-damage|p2a: Porygon-Z|13/100 par
|
|upkeep
|turn|76
|
|t:|1757942381
|switch|p2a: Alomomola|Alomomola, F|85/100 tox
|move|p1a: Dondozo|Waterfall|p2a: Alomomola
|-resisted|p2a: Alomomola
|-crit|p2a: Alomomola
|-damage|p2a: Alomomola|73/100 tox
|
|-damage|p2a: Alomomola|67/100 tox|[from] psn
|upkeep
|turn|77
|
|t:|1757942384
|move|p2a: Alomomola|Wish|p2a: Alomomola
|move|p1a: Dondozo|Rest|p1a: Dondozo
|-status|p1a: Dondozo|slp|[from] move: Rest
|-heal|p1a: Dondozo|100/100 slp|[silent]
|
|-damage|p2a: Alomomola|55/100 tox|[from] psn
|upkeep
|turn|78
|
|t:|1757942388
|switch|p1a: Snek|Serperior, F|15/100
|move|p2a: Alomomola|Flip Turn|p1a: Snek
|-resisted|p1a: Snek
|-damage|p1a: Snek|6/100
|
|t:|1757942399
|switch|p2a: Lokix|Lokix, M|15/100|[from] Flip Turn
|
|-heal|p2a: Lokix|100/100|[from] move: Wish|[wisher] Alomomola
|-heal|p1a: Snek|13/100|[from] item: Leftovers
|upkeep
|turn|79
|
|t:|1757942407
|switch|p1a: Corviknight|Corviknight, M|45/100 brn
|move|p2a: Lokix|Knock Off|p1a: Corviknight
|-damage|p1a: Corviknight|12/100 brn
|-damage|p2a: Lokix|84/100|[from] item: Rocky Helmet|[of] p1a: Corviknight
|-enditem|p1a: Corviknight|Rocky Helmet|[from] move: Knock Off|[of] p2a: Lokix
|
|-damage|p1a: Corviknight|6/100 brn|[from] brn
|upkeep
|turn|80
|
|t:|1757942412
|move|p2a: Lokix|U-turn|p1a: Corviknight
|-resisted|p1a: Corviknight
|-damage|p1a: Corviknight|0 fnt
|faint|p1a: Corviknight
|
|t:|1757942419
|switch|p2a: Deoxys|Deoxys-Defense|94/100 tox|[from] U-turn
|-ability|p2a: Deoxys|Pressure
|
|-damage|p2a: Deoxys|88/100 tox|[from] psn
|upkeep
|
|t:|1757942428
|switch|p1a: Snek|Serperior, F|13/100
|turn|81
|
|t:|1757942431
|move|p1a: Snek|Synthesis|p1a: Snek
|-heal|p1a: Snek|63/100
|move|p2a: Deoxys|Night Shade|p1a: Snek
|-damage|p1a: Snek|34/100
|
|-heal|p1a: Snek|41/100|[from] item: Leftovers
|-damage|p2a: Deoxys|75/100 tox|[from] psn
|upkeep
|turn|82
|
|t:|1757942434
|move|p1a: Snek|Synthesis|p1a: Snek
|-heal|p1a: Snek|91/100
|move|p2a: Deoxys|Teleport|p2a: Deoxys
|
|t:|1757942437
|switch|p2a: Lokix|Lokix, M|84/100|[from] Teleport
|
|-heal|p1a: Snek|97/100|[from] item: Leftovers
|upkeep
|turn|83
|
|t:|1757942441
|switch|p1a: Dondozo|Dondozo, F|100/100 slp
|move|p2a: Lokix|First Impression|p1a: Dondozo
|-damage|p1a: Dondozo|75/100 slp
|
|upkeep
|turn|84
|
|t:|1757942444
|move|p2a: Lokix|U-turn|p1a: Dondozo
|-damage|p1a: Dondozo|56/100 slp
|
|t:|1757942454
|switch|p2a: Porygon-Z|Porygon-Z, tera:Ground|13/100 par|[from] U-turn
|-ability|p2a: Porygon-Z|Download|boost
|-boost|p2a: Porygon-Z|spa|1
|cant|p1a: Dondozo|slp
|
|upkeep
|turn|85
|
|t:|1757942458
|cant|p2a: Porygon-Z|par
|cant|p1a: Dondozo|slp
|
|upkeep
|turn|86
|
|t:|1757942462
|cant|p2a: Porygon-Z|par
|-curestatus|p1a: Dondozo|slp|[msg]
|move|p1a: Dondozo|Waterfall|p2a: Porygon-Z
|-supereffective|p2a: Porygon-Z
|-damage|p2a: Porygon-Z|0 fnt
|faint|p2a: Porygon-Z
|
|upkeep
|
|t:|1757942470
|switch|p2a: Deoxys|Deoxys-Defense|75/100 tox
|-ability|p2a: Deoxys|Pressure
|turn|87
|
|t:|1757942475
|move|p2a: Deoxys|Psychic Noise|p1a: Dondozo
|-damage|p1a: Dondozo|44/100
|-start|p1a: Dondozo|move: Heal Block
|move|p1a: Dondozo|Waterfall|p2a: Deoxys
|-damage|p2a: Deoxys|56/100 tox
|
|-damage|p2a: Deoxys|50/100 tox|[from] psn
|upkeep
|turn|88
|
|t:|1757942480
|move|p2a: Deoxys|Recover|p2a: Deoxys
|-heal|p2a: Deoxys|99/100 tox
|move|p1a: Dondozo|Waterfall|p2a: Deoxys
|-damage|p2a: Deoxys|79/100 tox
|
|-damage|p2a: Deoxys|67/100 tox|[from] psn
|-end|p1a: Dondozo|move: Heal Block
|upkeep
|turn|89
|
|t:|1757942485
|switch|p1a: Grimmsnarl|Grimmsnarl, M|34/100
|move|p2a: Deoxys|Psychic Noise|p1a: Grimmsnarl
|-immune|p1a: Grimmsnarl
|
|-damage|p2a: Deoxys|48/100 tox|[from] psn
|upkeep
|turn|90
|
|t:|1757942490
|switch|p2a: Alomomola|Alomomola, F|88/100 tox
|move|p1a: Grimmsnarl|Reflect|p1a: Grimmsnarl
|-sidestart|p1: Shampoogini|Reflect
|
|-damage|p2a: Alomomola|82/100 tox|[from] psn
|upkeep
|turn|91
|
|t:|1757942493
|move|p1a: Grimmsnarl|Parting Shot|p2a: Alomomola
|-unboost|p2a: Alomomola|atk|1
|-unboost|p2a: Alomomola|spa|1
|
|t:|1757942497
|switch|p1a: Skeledirge|Skeledirge, M|37/100|[from] Parting Shot
|move|p2a: Alomomola|Wish|p2a: Alomomola
|
|-heal|p1a: Skeledirge|43/100|[from] item: Leftovers
|-damage|p2a: Alomomola|70/100 tox|[from] psn
|upkeep
|turn|92
|
|t:|1757942500
|move|p1a: Skeledirge|Slack Off|p1a: Skeledirge
|-heal|p1a: Skeledirge|93/100
|move|p2a: Alomomola|Flip Turn|p1a: Skeledirge
|-supereffective|p1a: Skeledirge
|-damage|p1a: Skeledirge|81/100
|
|t:|1757942503
|switch|p2a: Deoxys|Deoxys-Defense|48/100 tox|[from] Flip Turn
|-ability|p2a: Deoxys|Pressure
|
|-heal|p2a: Deoxys|100/100 tox|[from] move: Wish|[wisher] Alomomola
|-heal|p1a: Skeledirge|87/100|[from] item: Leftovers
|-damage|p2a: Deoxys|94/100 tox|[from] psn
|upkeep
|turn|93
|
|t:|1757942507
|move|p2a: Deoxys|Night Shade|p1a: Skeledirge
|-damage|p1a: Skeledirge|63/100
|move|p1a: Skeledirge|Torch Song|p2a: Deoxys
|-damage|p2a: Deoxys|77/100 tox
|-boost|p1a: Skeledirge|spa|1
|
|-heal|p1a: Skeledirge|69/100|[from] item: Leftovers
|-damage|p2a: Deoxys|65/100 tox|[from] psn
|upkeep
|turn|94
|
|t:|1757942510
|move|p2a: Deoxys|Psychic Noise|p1a: Skeledirge
|-damage|p1a: Skeledirge|54/100
|-start|p1a: Skeledirge|move: Heal Block
|move|p1a: Skeledirge|Shadow Ball|p2a: Deoxys
|-supereffective|p2a: Deoxys
|-damage|p2a: Deoxys|8/100 tox
|
|-damage|p2a: Deoxys|0 fnt|[from] psn
|faint|p2a: Deoxys
|-sideend|p1: Shampoogini|Reflect
|upkeep
|
|t:|1757942514
|switch|p2a: Lokix|Lokix, M|84/100
|turn|95
|
|t:|1757942520
|switch|p1a: Dondozo|Dondozo, F|44/100
|move|p2a: Lokix|U-turn|p1a: Dondozo
|-damage|p1a: Dondozo|25/100
|
|t:|1757942530
|switch|p2a: Dragonite|Dragonite, F|84/100|[from] U-turn
|
|upkeep
|turn|96
|
|t:|1757942533
|move|p2a: Dragonite|Dragon Claw|p1a: Dondozo
|-damage|p1a: Dondozo|0 fnt
|faint|p1a: Dondozo
|
|upkeep
|
|t:|1757942540
|switch|p1a: Snek|Serperior, F|97/100
|turn|97
|
|t:|1757942551
|move|p1a: Snek|Glare|p2a: Dragonite
|-status|p2a: Dragonite|par
|cant|p2a: Dragonite|par
|
|-heal|p1a: Snek|100/100|[from] item: Leftovers
|upkeep
|turn|98
|
|t:|1757942558
|switch|p1a: Clodsire|Clodsire, M|26/100
|move|p2a: Dragonite|Dragon Dance|p2a: Dragonite
|-boost|p2a: Dragonite|atk|1
|-boost|p2a: Dragonite|spe|1
|
|-heal|p1a: Clodsire|33/100|[from] item: Leftovers
|upkeep
|turn|99
|
|t:|1757942563
|cant|p2a: Dragonite|par
|move|p1a: Clodsire|Recover|p1a: Clodsire
|-heal|p1a: Clodsire|83/100
|
|-heal|p1a: Clodsire|89/100|[from] item: Leftovers
|upkeep
|turn|100
|
|t:|1757942570
|switch|p1a: Grimmsnarl|Grimmsnarl, M|34/100
|cant|p2a: Dragonite|par
|
|upkeep
|turn|101
|
|t:|1757942576
|move|p1a: Grimmsnarl|Reflect|p1a: Grimmsnarl
|-sidestart|p1: Shampoogini|Reflect
|move|p2a: Dragonite|Dragon Dance|p2a: Dragonite
|-boost|p2a: Dragonite|atk|1
|-boost|p2a: Dragonite|spe|1
|
|upkeep
|turn|102
|
|t:|1757942583
|move|p1a: Grimmsnarl|Parting Shot|p2a: Dragonite
|-unboost|p2a: Dragonite|atk|1
|-unboost|p2a: Dragonite|spa|1
|
|t:|1757942585
|switch|p1a: Skeledirge|Skeledirge, M|54/100|[from] Parting Shot
|move|p2a: Dragonite|Fire Punch|p1a: Skeledirge
|-resisted|p1a: Skeledirge
|-damage|p1a: Skeledirge|49/100
|
|-heal|p1a: Skeledirge|55/100|[from] item: Leftovers
|upkeep
|turn|103
|
|t:|1757942596
|switch|p2a: Alomomola|Alomomola, F|100/100 tox
|move|p1a: Skeledirge|Slack Off|p1a: Skeledirge
|-heal|p1a: Skeledirge|100/100
|
|-damage|p2a: Alomomola|94/100 tox|[from] psn
|upkeep
|turn|104
|
|t:|1757942601
|switch|p1a: Snek|Serperior, F|100/100
|move|p2a: Alomomola|Flip Turn|p1a: Snek
|-resisted|p1a: Snek
|-damage|p1a: Snek|97/100
|
|t:|1757942603
|switch|p2a: Lokix|Lokix, M|84/100|[from] Flip Turn
|
|-heal|p1a: Snek|100/100|[from] item: Leftovers
|upkeep
|turn|105
|
|t:|1757942607
|switch|p2a: Dragonite|Dragonite, F|84/100 par
|-terastallize|p1a: Snek|Fire
|move|p1a: Snek|Glare|p2a: Dragonite
|-fail|p2a: Dragonite|par
|
|-sideend|p1: Shampoogini|Reflect
|upkeep
|turn|106
|
|t:|1757942615
|move|p1a: Snek|Leaf Storm|p2a: Dragonite
|-resisted|p2a: Dragonite
|-damage|p2a: Dragonite|74/100 par
|-boost|p1a: Snek|spa|2
|move|p2a: Dragonite|Dragon Claw|p1a: Snek
|-damage|p1a: Snek|55/100
|
|-heal|p1a: Snek|61/100|[from] item: Leftovers
|upkeep
|turn|107
|
|t:|1757942623
|move|p1a: Snek|Leaf Storm|p2a: Dragonite|[miss]
|-miss|p1a: Snek|p2a: Dragonite
|cant|p2a: Dragonite|par
|
|-heal|p1a: Snek|67/100|[from] item: Leftovers
|upkeep
|turn|108
|
|t:|1757942625
|move|p1a: Snek|Leaf Storm|p2a: Dragonite
|-resisted|p2a: Dragonite
|-damage|p2a: Dragonite|55/100 par
|-boost|p1a: Snek|spa|2
|cant|p2a: Dragonite|par
|
|-heal|p1a: Snek|73/100|[from] item: Leftovers
|upkeep
|turn|109
|
|t:|1757942629
|move|p1a: Snek|Leaf Storm|p2a: Dragonite
|-resisted|p2a: Dragonite
|-damage|p2a: Dragonite|27/100 par
|-boost|p1a: Snek|spa|2
|move|p2a: Dragonite|Dragon Claw|p1a: Snek
|-damage|p1a: Snek|26/100
|
|-heal|p1a: Snek|33/100|[from] item: Leftovers
|upkeep
|turn|110
|
|t:|1757942634
|move|p1a: Snek|Tera Blast|p2a: Dragonite|[anim] Tera Blast Fire
|-resisted|p2a: Dragonite
|-damage|p2a: Dragonite|0 fnt
|faint|p2a: Dragonite
|
|-heal|p1a: Snek|39/100|[from] item: Leftovers
|upkeep
|
|t:|1757942636
|switch|p2a: Lokix|Lokix, M|84/100
|turn|111
|
|t:|1757942643
|move|p2a: Lokix|First Impression|p1a: Snek
|-resisted|p1a: Snek
|-damage|p1a: Snek|0 fnt
|faint|p1a: Snek
|
|upkeep
|
|t:|1757942647
|switch|p1a: Grimmsnarl|Grimmsnarl, M|34/100
|turn|112
|
|t:|1757942653
|move|p1a: Grimmsnarl|Reflect|p1a: Grimmsnarl
|-sidestart|p1: Shampoogini|Reflect
|move|p2a: Lokix|U-turn|p1a: Grimmsnarl
|-damage|p1a: Grimmsnarl|20/100
|
|t:|1757942655
|switch|p2a: Alomomola|Alomomola, F|100/100 tox|[from] U-turn
|
|-damage|p2a: Alomomola|94/100 tox|[from] psn
|upkeep
|turn|113
|
|t:|1757942663
|move|p1a: Grimmsnarl|Parting Shot|p2a: Alomomola
|-unboost|p2a: Alomomola|atk|1
|-unboost|p2a: Alomomola|spa|1
|
|t:|1757942667
|switch|p1a: Skeledirge|Skeledirge, M|100/100|[from] Parting Shot
|move|p2a: Alomomola|Scald|p1a: Skeledirge
|-supereffective|p1a: Skeledirge
|-damage|p1a: Skeledirge|79/100
|
|-heal|p1a: Skeledirge|85/100|[from] item: Leftovers
|-damage|p2a: Alomomola|82/100 tox|[from] psn
|upkeep
|turn|114
|
|t:|1757942678
|move|p1a: Skeledirge|Torch Song|p2a: Alomomola
|-resisted|p2a: Alomomola
|-damage|p2a: Alomomola|66/100 tox
|-boost|p1a: Skeledirge|spa|1
|move|p2a: Alomomola|Flip Turn|p1a: Skeledirge
|-supereffective|p1a: Skeledirge
|-damage|p1a: Skeledirge|71/100
|
|t:|1757942680
|switch|p2a: Lokix|Lokix, M|84/100|[from] Flip Turn
|
|-heal|p1a: Skeledirge|77/100|[from] item: Leftovers
|upkeep
|turn|115
|
|t:|1757942683
|move|p2a: Lokix|U-turn|p1a: Skeledirge
|-resisted|p1a: Skeledirge
|-damage|p1a: Skeledirge|71/100
|
|t:|1757942686
|switch|p2a: Alomomola|Alomomola, F|99/100 tox|[from] U-turn
|move|p1a: Skeledirge|Torch Song|p2a: Alomomola
|-resisted|p2a: Alomomola
|-damage|p2a: Alomomola|75/100 tox
|-boost|p1a: Skeledirge|spa|1
|
|-heal|p1a: Skeledirge|77/100|[from] item: Leftovers
|-damage|p2a: Alomomola|68/100 tox|[from] psn
|upkeep
|turn|116
|
|t:|1757942689
|move|p1a: Skeledirge|Slack Off|p1a: Skeledirge
|-heal|p1a: Skeledirge|100/100
|move|p2a: Alomomola|Flip Turn|p1a: Skeledirge
|-supereffective|p1a: Skeledirge
|-damage|p1a: Skeledirge|88/100
|
|t:|1757942691
|switch|p2a: Lokix|Lokix, M|84/100|[from] Flip Turn
|
|-heal|p1a: Skeledirge|94/100|[from] item: Leftovers
|-sideend|p1: Shampoogini|Reflect
|upkeep
|turn|117
|
|t:|1757942696
|move|p2a: Lokix|Knock Off|p1a: Skeledirge
|-supereffective|p1a: Skeledirge
|-damage|p1a: Skeledirge|25/100
|-enditem|p1a: Skeledirge|Leftovers|[from] move: Knock Off|[of] p2a: Lokix
|move|p1a: Skeledirge|Torch Song|p2a: Lokix
|-supereffective|p2a: Lokix
|-damage|p2a: Lokix|0 fnt
|-boost|p1a: Skeledirge|spa|1
|faint|p2a: Lokix
|
|upkeep
|
|t:|1757942699
|switch|p2a: Alomomola|Alomomola, F|100/100 tox
|turn|118
|
|t:|1757942701
|move|p1a: Skeledirge|Shadow Ball|p2a: Alomomola
|-damage|p2a: Alomomola|11/100 tox
|move|p2a: Alomomola|Flip Turn|p1a: Skeledirge
|-supereffective|p1a: Skeledirge
|-damage|p1a: Skeledirge|1/100
|
|-damage|p2a: Alomomola|5/100 tox|[from] psn
|upkeep
|turn|119
|-message|Permanultimatum forfeited.
|
|win|Shampoogini
|raw|Shampoogini's rating: 1343 &rarr; <strong>1364</strong><br />(+21 for winning)
|raw|Permanultimatum's rating: 1359 &rarr; <strong>1338</strong><br />(-21 for losing)
|l|☆Permanultimatum
|player|p2|
|c|☆Shampoogini|Gg
|l|☆Shampoogini
|player|p1|
