|j|☆luca1996
|j|☆Dariokemontraining
|t:|1757955007
|gametype|singles
|player|p1|luca1996|boarder|1429
|player|p2|Dariokemontraining|169|1534
|gen|9
|tier|[Gen 9] OU
|rated|
|rule|HP Percentage Mod: HP is shown in percentages
|rule|Endless Battle Clause: Forcing endless battles is banned
|rule|Species Clause: Limit one of each Pokémon
|rule|OHKO Clause: OHKO moves are banned
|rule|Evasion Items Clause: Evasion items are banned
|rule|Evasion Moves Clause: Evasion moves are banned
|rule|Evasion Abilities Clause: Evasion abilities are banned
|rule|Sleep Moves Clause: Sleep-inducing moves are banned
|clearpoke
|poke|p1|Goodra, M|
|poke|p1|Snorlax, M|
|poke|p1|Primarina, F|
|poke|p1|Cinderace, M|
|poke|p1|Primeape, M|
|poke|p1|Iron Jugulis|
|poke|p2|Darkrai|
|poke|p2|Iron Treads|
|poke|p2|Latias, F|
|poke|p2|Dragonite, M|
|poke|p2|Dragapult, F|
|poke|p2|Ogerpon-Wellspring, F|
|teampreview
|inactive|Battle timer is ON: inactive players will automatically lose when time's up. (requested by luca1996)
|
|t:|1757955016
|teamsize|p1|6
|teamsize|p2|6
|start
|switch|p1a: Iron Jugulis|Iron Jugulis|100/100
|switch|p2a: Darkrai|Darkrai|100/100
|turn|1
|
|t:|1757955023
|move|p2a: Darkrai|Ice Beam|p1a: Iron Jugulis
|-supereffective|p1a: Iron Jugulis
|-damage|p1a: Iron Jugulis|23/100
|move|p1a: Iron Jugulis|Tailwind|p1a: Iron Jugulis
|-sidestart|p1: luca1996|move: Tailwind
|
|upkeep
|turn|2
|
|t:|1757955031
|move|p1a: Iron Jugulis|Meteor Beam||[still]
|-prepare|p1a: Iron Jugulis|Meteor Beam
|-boost|p1a: Iron Jugulis|spa|1
|-enditem|p1a: Iron Jugulis|Power Herb
|-anim|p1a: Iron Jugulis|Meteor Beam|p2a: Darkrai
|-damage|p2a: Darkrai|17/100
|move|p2a: Darkrai|Ice Beam|p1a: Iron Jugulis
|-supereffective|p1a: Iron Jugulis
|-damage|p1a: Iron Jugulis|0 fnt
|faint|p1a: Iron Jugulis
|-end|p1a: Iron Jugulis|Quark Drive|[silent]
|
|upkeep
|
|t:|1757955040
|switch|p1a: Goodra|Goodra, M|100/100
|turn|3
|
|t:|1757955044
|move|p1a: Goodra|Dragon Pulse|p2a: Darkrai
|-damage|p2a: Darkrai|0 fnt
|faint|p2a: Darkrai
|
|upkeep
|
|t:|1757955050
|switch|p2a: Iron Treads|Iron Treads|100/100
|-enditem|p2a: Iron Treads|Booster Energy
|-activate|p2a: Iron Treads|ability: Quark Drive|[fromitem]
|-start|p2a: Iron Treads|quarkdrivespe
|turn|4
|
|t:|1757955055
|move|p2a: Iron Treads|Earthquake|p1a: Goodra
|-damage|p1a: Goodra|39/100
|move|p1a: Goodra|Fire Blast|p2a: Iron Treads
|-supereffective|p2a: Iron Treads
|-damage|p2a: Iron Treads|0 fnt
|faint|p2a: Iron Treads
|-end|p2a: Iron Treads|Quark Drive|[silent]
|
|-sideend|p1: luca1996|move: Tailwind
|upkeep
|
|t:|1757955065
|switch|p2a: Ogerpon|Ogerpon-Wellspring, F|100/100
|turn|5
|
|t:|1757955069
|move|p2a: Ogerpon|Swords Dance|p2a: Ogerpon
|-boost|p2a: Ogerpon|atk|2
|move|p1a: Goodra|Sludge Wave|p2a: Ogerpon
|-supereffective|p2a: Ogerpon
|-damage|p2a: Ogerpon|26/100
|
|upkeep
|turn|6
|
|t:|1757955076
|move|p2a: Ogerpon|Ivy Cudgel|p1a: Goodra|[anim] Ivy Cudgel Water
|-resisted|p1a: Goodra
|-crit|p1a: Goodra
|-damage|p1a: Goodra|0 fnt
|faint|p1a: Goodra
|
|upkeep
|
|t:|1757955080
|switch|p1a: Cinderace|Cinderace, M|100/100
|turn|7
|
|t:|1757955084
|move|p1a: Cinderace|Pyro Ball|p2a: Ogerpon
|-damage|p2a: Ogerpon|0 fnt
|faint|p2a: Ogerpon
|-damage|p1a: Cinderace|91/100|[from] item: Life Orb
|
|upkeep
|
|t:|1757955090
|switch|p2a: Dragapult|Dragapult, F|100/100
|turn|8
|
|t:|1757955097
|move|p1a: Cinderace|Sucker Punch||[still]
|-fail|p1a: Cinderace
|move|p2a: Dragapult|Reflect|p2a: Dragapult
|-sidestart|p2: Dariokemontraining|Reflect
|
|upkeep
|turn|9
|
|t:|1757955102
|switch|p1a: Snorlax|Snorlax, M|100/100
|move|p2a: Dragapult|Light Screen|p2a: Dragapult
|-sidestart|p2: Dariokemontraining|move: Light Screen
|
|upkeep
|turn|10
|
|t:|1757955108
|switch|p2a: Latias|Latias, F|100/100
|move|p1a: Snorlax|Curse|p1a: Snorlax
|-unboost|p1a: Snorlax|spe|1
|-boost|p1a: Snorlax|atk|1
|-boost|p1a: Snorlax|def|1
|
|upkeep
|turn|11
|
|t:|1757955115
|move|p2a: Latias|Calm Mind|p2a: Latias
|-boost|p2a: Latias|spa|1
|-boost|p2a: Latias|spd|1
|move|p1a: Snorlax|Body Slam|p2a: Latias
|-damage|p2a: Latias|79/100
|
|upkeep
|turn|12
|
|t:|1757955122
|move|p2a: Latias|Calm Mind|p2a: Latias
|-boost|p2a: Latias|spa|1
|-boost|p2a: Latias|spd|1
|move|p1a: Snorlax|Curse|p1a: Snorlax
|-unboost|p1a: Snorlax|spe|1
|-boost|p1a: Snorlax|atk|1
|-boost|p1a: Snorlax|def|1
|
|upkeep
|turn|13
|
|t:|1757955130
|move|p2a: Latias|Calm Mind|p2a: Latias
|-boost|p2a: Latias|spa|1
|-boost|p2a: Latias|spd|1
|move|p1a: Snorlax|Body Slam|p2a: Latias
|-damage|p2a: Latias|45/100
|
|upkeep
|turn|14
|
|t:|1757955137
|move|p2a: Latias|Stored Power|p1a: Snorlax
|-damage|p1a: Snorlax|16/100
|move|p1a: Snorlax|Body Slam|p2a: Latias
|-damage|p2a: Latias|16/100
|
|-heal|p1a: Snorlax|22/100|[from] item: Leftovers
|upkeep
|turn|15
|
|t:|1757955147
|move|p2a: Latias|Agility|p2a: Latias
|-boost|p2a: Latias|spe|2
|move|p1a: Snorlax|Body Slam|p2a: Latias
|-damage|p2a: Latias|0 fnt
|faint|p2a: Latias
|
|-heal|p1a: Snorlax|29/100|[from] item: Leftovers
|-sideend|p2: Dariokemontraining|Reflect
|upkeep
|c|☆luca1996|??
|
|t:|1757955158
|switch|p2a: Dragonite|Dragonite, M|100/100
|turn|16
|
|t:|1757955163
|-terastallize|p2a: Dragonite|Flying
|move|p2a: Dragonite|Tera Blast|p1a: Snorlax|[anim] Tera Blast Flying
|-damage|p1a: Snorlax|0 fnt
|faint|p1a: Snorlax
|
|-sideend|p2: Dariokemontraining|move: Light Screen
|upkeep
|
|t:|1757955174
|switch|p1a: Primarina|Primarina, F|100/100
|turn|17
|
|t:|1757955178
|move|p2a: Dragonite|Dragon Dance|p2a: Dragonite
|-boost|p2a: Dragonite|atk|1
|-boost|p2a: Dragonite|spe|1
|move|p1a: Primarina|Moonblast|p2a: Dragonite
|-damage|p2a: Dragonite|72/100
|
|upkeep
|turn|18
|
|t:|1757955187
|-terastallize|p1a: Primarina|Steel
|move|p2a: Dragonite|Dragon Dance|p2a: Dragonite
|-boost|p2a: Dragonite|atk|1
|-boost|p2a: Dragonite|spe|1
|move|p1a: Primarina|Surf|p2a: Dragonite
|-damage|p2a: Dragonite|18/100
|
|upkeep
|turn|19
|
|t:|1757955199
|move|p2a: Dragonite|Tera Blast|p1a: Primarina|[anim] Tera Blast Flying
|-resisted|p1a: Primarina
|-damage|p1a: Primarina|19/100
|move|p1a: Primarina|Moonblast|p2a: Dragonite
|-damage|p2a: Dragonite|0 fnt
|faint|p2a: Dragonite
|
|-heal|p1a: Primarina|25/100|[from] item: Leftovers
|upkeep
|
|t:|1757955209
|switch|p2a: Dragapult|Dragapult, F|100/100
|turn|20
|
|t:|1757955213
|move|p2a: Dragapult|Hex|p1a: Primarina
|-damage|p1a: Primarina|0 fnt
|faint|p1a: Primarina
|
|upkeep
|
|t:|1757955217
|switch|p1a: Primeape|Primeape, M|100/100
|turn|21
|
|t:|1757955223
|move|p2a: Dragapult|Reflect|p2a: Dragapult
|-sidestart|p2: Dariokemontraining|Reflect
|move|p1a: Primeape|Bulk Up|p1a: Primeape
|-boost|p1a: Primeape|atk|1
|-boost|p1a: Primeape|def|1
|
|upkeep
|turn|22
|
|t:|1757955229
|move|p2a: Dragapult|Will-O-Wisp|p1a: Primeape
|-status|p1a: Primeape|brn
|move|p1a: Primeape|Rage Fist|p2a: Dragapult
|-supereffective|p2a: Dragapult
|-damage|p2a: Dragapult|88/100
|
|-damage|p1a: Primeape|95/100 brn|[from] brn
|upkeep
|turn|23
|
|t:|1757955240
|move|p2a: Dragapult|Hex|p1a: Primeape
|-damage|p1a: Primeape|54/100 brn
|move|p1a: Primeape|Rage Fist|p2a: Dragapult
|-supereffective|p2a: Dragapult
|-damage|p2a: Dragapult|62/100
|
|-damage|p1a: Primeape|48/100 brn|[from] brn
|upkeep
|turn|24
|c|☆luca1996|gg
|
|t:|1757955249
|move|p2a: Dragapult|Hex|p1a: Primeape
|-damage|p1a: Primeape|11/100 brn
|move|p1a: Primeape|Taunt|p2a: Dragapult
|-start|p2a: Dragapult|move: Taunt
|
|-damage|p1a: Primeape|5/100 brn|[from] brn
|upkeep
|turn|25
|
|t:|1757955258
|move|p2a: Dragapult|Hex|p1a: Primeape
|-damage|p1a: Primeape|0 fnt
|faint|p1a: Primeape
|
|upkeep
|
|t:|1757955259
|switch|p1a: Cinderace|Cinderace, M|91/100
|turn|26
|
|t:|1757955265
|move|p1a: Cinderace|Sucker Punch|p2a: Dragapult
|-start|p1a: Cinderace|typechange|Dark|[from] ability: Libero
|-supereffective|p2a: Dragapult
|-damage|p2a: Dragapult|3/100
|-damage|p1a: Cinderace|81/100|[from] item: Life Orb
|move|p2a: Dragapult|Hex|p1a: Cinderace
|-resisted|p1a: Cinderace
|-damage|p1a: Cinderace|60/100
|
|upkeep
|turn|27
|
|t:|1757955275
|move|p1a: Cinderace|Sucker Punch|p2a: Dragapult
|-supereffective|p2a: Dragapult
|-damage|p2a: Dragapult|0 fnt
|faint|p2a: Dragapult
|-damage|p1a: Cinderace|50/100|[from] item: Life Orb
|
|win|luca1996
|raw|luca1996's rating: 1429 &rarr; <strong>1455</strong><br />(+26 for winning)
|raw|Dariokemontraining's rating: 1534 &rarr; <strong>1508</strong><br />(-26 for losing)
|c|☆luca1996|gg
|l|☆luca1996
|player|p1|
|l|☆Dariokemontraining
|player|p2|
