|j|☆calacadura
|j|☆tsj1234
|t:|1757945856
|gametype|singles
|player|p1|calacadura|101|1311
|player|p2|tsj1234|2|1256
|gen|9
|tier|[Gen 9] OU
|rated|
|rule|HP Percentage Mod: HP is shown in percentages
|rule|Endless Battle Clause: Forcing endless battles is banned
|rule|Species Clause: Limit one of each Pokémon
|rule|OHKO Clause: OHKO moves are banned
|rule|Evasion Items Clause: Evasion items are banned
|rule|Evasion Moves Clause: Evasion moves are banned
|rule|Evasion Abilities Clause: Evasion abilities are banned
|rule|Sleep Moves Clause: Sleep-inducing moves are banned
|clearpoke
|poke|p1|Dondozo, M|
|poke|p1|Heatran, M|
|poke|p1|Araquanid, F|
|poke|p1|Mandibuzz, F|
|poke|p1|Malamar, M|
|poke|p1|Gholdengo|
|poke|p2|Kingambit, M|
|poke|p2|Cinderace, F|
|poke|p2|Sinistcha-Masterpiece|
|poke|p2|Zapdos|
|poke|p2|Kyurem|
|poke|p2|Ribombee, M|
|teampreview
|
|t:|1757945872
|teamsize|p1|6
|teamsize|p2|6
|start
|switch|p1a: Araquanid|Araquanid, F|100/100
|switch|p2a: Ribombee|Ribombee, M|100/100
|turn|1
|
|t:|1757945882
|move|p2a: Ribombee|Stun Spore|p1a: Araquanid
|-status|p1a: Araquanid|par
|cant|p1a: Araquanid|par
|
|upkeep
|turn|2
|
|t:|1757945889
|move|p2a: Ribombee|Sticky Web|p1a: Araquanid
|-sidestart|p1: calacadura|move: Sticky Web
|cant|p1a: Araquanid|par
|
|upkeep
|turn|3
|
|t:|1757945900
|switch|p2a: Zapdos|Zapdos|100/100
|move|p1a: Araquanid|Sticky Web|p2a: Zapdos
|-sidestart|p2: tsj1234|move: Sticky Web
|
|upkeep
|turn|4
|
|t:|1757945910
|switch|p1a: Heatran|Heatran, M|100/100
|-activate|p1a: Heatran|move: Sticky Web
|-unboost|p1a: Heatran|spe|1
|move|p2a: Zapdos|Volt Switch|p1a: Heatran
|-damage|p1a: Heatran|77/100
|
|t:|1757945922
|switch|p2a: Cinderace|Cinderace, F|100/100|[from] Volt Switch
|
|-heal|p1a: Heatran|83/100|[from] item: Leftovers
|upkeep
|turn|5
|
|t:|1757945957
|move|p2a: Cinderace|High Jump Kick|p1a: Heatran
|-start|p2a: Cinderace|typechange|Fighting|[from] ability: Libero
|-supereffective|p1a: Heatran
|-damage|p1a: Heatran|0 fnt
|faint|p1a: Heatran
|
|upkeep
|
|t:|1757945969
|switch|p1a: Better Hoopa U|Malamar, M, shiny|100/100
|-activate|p1a: Better Hoopa U|move: Sticky Web
|-boost|p1a: Better Hoopa U|spe|1
|turn|6
|
|t:|1757945987
|-terastallize|p1a: Better Hoopa U|Fighting
|move|p1a: Better Hoopa U|Superpower|p2a: Cinderace
|-damage|p2a: Cinderace|25/100
|-boost|p1a: Better Hoopa U|atk|1
|-boost|p1a: Better Hoopa U|def|1
|move|p2a: Cinderace|U-turn|p1a: Better Hoopa U
|-resisted|p1a: Better Hoopa U
|-damage|p1a: Better Hoopa U|92/100
|
|t:|1757946004
|switch|p2a: Sinistcha|Sinistcha-Masterpiece, shiny|100/100|[from] U-turn
|-activate|p2a: Sinistcha|move: Sticky Web
|-unboost|p2a: Sinistcha|spe|1
|
|upkeep
|turn|7
|
|t:|1757946015
|move|p1a: Better Hoopa U|Knock Off|p2a: Sinistcha
|-supereffective|p2a: Sinistcha
|-enditem|p2a: Sinistcha|Focus Sash
|-damage|p2a: Sinistcha|1/100
|move|p2a: Sinistcha|Matcha Gotcha|p1a: Better Hoopa U
|-damage|p1a: Better Hoopa U|58/100
|-heal|p2a: Sinistcha|20/100|[from] drain|[of] p1a: Better Hoopa U
|
|upkeep
|turn|8
|
|t:|1757946035
|switch|p2a: Ribombee|Ribombee, M|100/100
|-activate|p2a: Ribombee|move: Sticky Web
|-unboost|p2a: Ribombee|spe|1
|move|p1a: Better Hoopa U|Knock Off|p2a: Ribombee
|-resisted|p2a: Ribombee
|-damage|p2a: Ribombee|43/100
|-enditem|p2a: Ribombee|Focus Sash|[from] move: Knock Off|[of] p1a: Better Hoopa U
|
|upkeep
|turn|9
|
|t:|1757946055
|move|p1a: Better Hoopa U|Psycho Cut|p2a: Ribombee
|-damage|p2a: Ribombee|0 fnt
|faint|p2a: Ribombee
|
|upkeep
|
|t:|1757946061
|switch|p2a: Zapdos|Zapdos|100/100
|turn|10
|
|t:|1757946065
|move|p1a: Better Hoopa U|Knock Off|p2a: Zapdos
|-damage|p2a: Zapdos|28/100
|-enditem|p2a: Zapdos|Wise Glasses|[from] move: Knock Off|[of] p1a: Better Hoopa U
|move|p2a: Zapdos|Hurricane|p1a: Better Hoopa U|[miss]
|-miss|p2a: Zapdos|p1a: Better Hoopa U
|
|upkeep
|turn|11
|-message|tsj1234 forfeited.
|
|win|calacadura
|raw|calacadura's rating: 1311 &rarr; <strong>1328</strong><br />(+17 for winning)
|raw|tsj1234's rating: 1256 &rarr; <strong>1235</strong><br />(-21 for losing)
|l|☆tsj1234
|player|p2|
