|j|☆114514lhy
|j|☆Charle_phate
|t:|1757822317
|gametype|singles
|player|p1|114514lhy|dawn-gen4pt|1498
|player|p2|Charle_phate|blue|1484
|gen|9
|tier|[Gen 9] OU
|rated|
|rule|HP Percentage Mod: HP is shown in percentages
|rule|Endless Battle Clause: Forcing endless battles is banned
|rule|Species Clause: Limit one of each Pokémon
|rule|OHKO Clause: OHKO moves are banned
|rule|Evasion Items Clause: Evasion items are banned
|rule|Evasion Moves Clause: Evasion moves are banned
|rule|Evasion Abilities Clause: Evasion abilities are banned
|rule|Sleep Moves Clause: Sleep-inducing moves are banned
|clearpoke
|poke|p1|Pecharunt|
|poke|p1|Great Tusk|
|poke|p1|Ogerpon-Wellspring, F|
|poke|p1|Iron Crown|
|poke|p1|Landorus-Therian, M|
|poke|p1|Samurott-Hisui, F|
|poke|p2|Serperior, M|
|poke|p2|Rotom-Wash|
|poke|p2|Zapdos|
|poke|p2|Heatran, M|
|poke|p2|Clefable, F|
|poke|p2|Landorus-Therian, M|
|teampreview
|inactive|Battle timer is ON: inactive players will automatically lose when time's up. (requested by 114514lhy)
|
|t:|1757822330
|teamsize|p1|6
|teamsize|p2|6
|start
|switch|p1a: Landorus|Landorus-Therian, M|100/100
|switch|p2a: Rotom|Rotom-Wash|100/100
|-ability|p1a: Landorus|Intimidate|boost
|-unboost|p2a: Rotom|atk|1
|turn|1
|
|t:|1757822350
|switch|p2a: Heatran|Heatran, M|100/100
|move|p1a: Landorus|U-turn|p2a: Heatran
|-resisted|p2a: Heatran
|-damage|p2a: Heatran|95/100
|-status|p1a: Landorus|brn|[from] ability: Flame Body|[of] p2a: Heatran
|
|t:|1757822358
|switch|p1a: Great Tusk|Great Tusk|100/100|[from] U-turn
|-enditem|p1a: Great Tusk|Booster Energy
|-activate|p1a: Great Tusk|ability: Protosynthesis|[fromitem]
|-start|p1a: Great Tusk|protosynthesisspe
|
|-heal|p2a: Heatran|100/100|[from] item: Leftovers
|upkeep
|turn|2
|
|t:|1757822367
|switch|p2a: Landorus|Landorus-Therian, M|100/100
|-ability|p2a: Landorus|Intimidate|boost
|-unboost|p1a: Great Tusk|atk|1
|move|p1a: Great Tusk|Stealth Rock|p2a: Landorus
|-sidestart|p2: Charle_phate|move: Stealth Rock
|
|upkeep
|turn|3
|
|t:|1757822375
|switch|p2a: Heatran|Heatran, M|100/100
|-damage|p2a: Heatran|88/100|[from] Stealth Rock
|move|p1a: Great Tusk|Knock Off|p2a: Heatran
|-damage|p2a: Heatran|73/100
|-enditem|p2a: Heatran|Leftovers|[from] move: Knock Off|[of] p1a: Great Tusk
|
|upkeep
|turn|4
|
|t:|1757822384
|switch|p2a: Zapdos|Zapdos|100/100
|-damage|p2a: Zapdos|76/100|[from] Stealth Rock
|move|p1a: Great Tusk|Headlong Rush|p2a: Zapdos
|-immune|p2a: Zapdos
|
|-heal|p2a: Zapdos|82/100|[from] item: Leftovers
|upkeep
|turn|5
|
|t:|1757822401
|move|p1a: Great Tusk|Knock Off|p2a: Zapdos
|-crit|p2a: Zapdos
|-damage|p2a: Zapdos|45/100
|-enditem|p2a: Zapdos|Leftovers|[from] move: Knock Off|[of] p1a: Great Tusk
|move|p2a: Zapdos|Heat Wave|p1a: Great Tusk
|-damage|p1a: Great Tusk|66/100
|
|upkeep
|turn|6
|
|t:|1757822410
|move|p1a: Great Tusk|Rapid Spin|p2a: Zapdos
|-damage|p2a: Zapdos|37/100
|-boost|p1a: Great Tusk|spe|1
|move|p2a: Zapdos|Roost|p2a: Zapdos
|-heal|p2a: Zapdos|87/100
|-singleturn|p2a: Zapdos|move: Roost
|
|upkeep
|turn|7
|
|t:|1757822419
|move|p1a: Great Tusk|Rapid Spin|p2a: Zapdos
|-damage|p2a: Zapdos|78/100
|-boost|p1a: Great Tusk|spe|1
|-status|p1a: Great Tusk|par|[from] ability: Static|[of] p2a: Zapdos
|move|p2a: Zapdos|Heat Wave|p1a: Great Tusk
|-damage|p1a: Great Tusk|31/100 par
|
|upkeep
|turn|8
|
|t:|1757822428
|cant|p1a: Great Tusk|par
|move|p2a: Zapdos|Ancient Power|p1a: Great Tusk
|-resisted|p1a: Great Tusk
|-damage|p1a: Great Tusk|24/100 par
|
|upkeep
|turn|9
|
|t:|1757822438
|-end|p1a: Great Tusk|Protosynthesis|[silent]
|switch|p1a: Iron Crown|Iron Crown|100/100
|move|p2a: Zapdos|Ancient Power|p1a: Iron Crown
|-resisted|p1a: Iron Crown
|-damage|p1a: Iron Crown|92/100
|
|upkeep
|turn|10
|
|t:|1757822445
|move|p1a: Iron Crown|Psyshock|p2a: Zapdos
|-damage|p2a: Zapdos|18/100
|move|p2a: Zapdos|Heat Wave|p1a: Iron Crown
|-supereffective|p1a: Iron Crown
|-crit|p1a: Iron Crown
|-damage|p1a: Iron Crown|0 fnt
|faint|p1a: Iron Crown
|-end|p1a: Iron Crown|Quark Drive|[silent]
|
|upkeep
|
|t:|1757822452
|switch|p1a: Samurott|Samurott-Hisui, F|100/100
|turn|11
|
|t:|1757822456
|move|p1a: Samurott|Ceaseless Edge|p2a: Zapdos
|-damage|p2a: Zapdos|0 fnt
|-sidestart|p2: Charle_phate|Spikes
|faint|p2a: Zapdos
|
|upkeep
|
|t:|1757822483
|switch|p2a: Rotom|Rotom-Wash|100/100
|-damage|p2a: Rotom|88/100|[from] Stealth Rock
|turn|12
|
|t:|1757822490
|move|p1a: Samurott|Ceaseless Edge|p2a: Rotom|[miss]
|-miss|p1a: Samurott|p2a: Rotom
|move|p2a: Rotom|Thunder Wave|p1a: Samurott
|-status|p1a: Samurott|par
|
|-heal|p2a: Rotom|94/100|[from] item: Leftovers
|upkeep
|turn|13
|
|t:|1757822500
|move|p2a: Rotom|Charge Beam|p1a: Samurott
|-supereffective|p1a: Samurott
|-damage|p1a: Samurott|43/100 par
|-boost|p2a: Rotom|spa|1
|move|p1a: Samurott|Ceaseless Edge|p2a: Rotom
|-damage|p2a: Rotom|20/100
|-sidestart|p2: Charle_phate|Spikes
|
|-heal|p2a: Rotom|26/100|[from] item: Leftovers
|upkeep
|turn|14
|
|t:|1757822511
|switch|p1a: Great Tusk|Great Tusk|24/100 par
|move|p2a: Rotom|Pain Split|p1a: Great Tusk
|-sethp|p1a: Great Tusk|19/100 par|[from] move: Pain Split|[silent]
|-sethp|p2a: Rotom|35/100|[from] move: Pain Split
|
|-heal|p2a: Rotom|41/100|[from] item: Leftovers
|upkeep
|turn|15
|
|t:|1757822521
|move|p2a: Rotom|Thunder Wave|p1a: Great Tusk
|-immune|p1a: Great Tusk
|move|p1a: Great Tusk|Knock Off|p2a: Rotom
|-damage|p2a: Rotom|8/100
|-enditem|p2a: Rotom|Leftovers|[from] move: Knock Off|[of] p1a: Great Tusk
|
|upkeep
|turn|16
|
|t:|1757822530
|move|p2a: Rotom|Hydro Pump|p1a: Great Tusk|[miss]
|-miss|p2a: Rotom|p1a: Great Tusk
|move|p1a: Great Tusk|Rapid Spin|p2a: Rotom
|-damage|p2a: Rotom|0 fnt
|-boost|p1a: Great Tusk|spe|1
|faint|p2a: Rotom
|
|upkeep
|
|t:|1757822542
|switch|p2a: Serperior|Serperior, M|100/100
|-damage|p2a: Serperior|88/100|[from] Stealth Rock
|-damage|p2a: Serperior|72/100|[from] Spikes
|turn|17
|
|t:|1757822549
|move|p2a: Serperior|Substitute|p2a: Serperior
|-start|p2a: Serperior|Substitute
|-damage|p2a: Serperior|47/100
|cant|p1a: Great Tusk|par
|
|-heal|p2a: Serperior|53/100|[from] item: Leftovers
|upkeep
|turn|18
|
|t:|1757822557
|move|p2a: Serperior|Leaf Storm|p1a: Great Tusk
|-supereffective|p1a: Great Tusk
|-damage|p1a: Great Tusk|0 fnt
|-boost|p2a: Serperior|spa|2
|faint|p1a: Great Tusk
|-end|p1a: Great Tusk|Protosynthesis|[silent]
|
|-heal|p2a: Serperior|59/100|[from] item: Leftovers
|upkeep
|
|t:|1757822562
|switch|p1a: Samurott|Samurott-Hisui, F|43/100 par
|turn|19
|
|t:|1757822586
|move|p1a: Samurott|Sucker Punch|p2a: Serperior
|-end|p2a: Serperior|Substitute
|move|p2a: Serperior|Leaf Storm|p1a: Samurott
|-supereffective|p1a: Samurott
|-damage|p1a: Samurott|0 fnt
|-boost|p2a: Serperior|spa|2
|faint|p1a: Samurott
|
|-heal|p2a: Serperior|65/100|[from] item: Leftovers
|upkeep
|
|t:|1757822591
|switch|p1a: Landorus|Landorus-Therian, M|100/100 brn
|-ability|p1a: Landorus|Intimidate|boost
|-boost|p2a: Serperior|atk|1
|turn|20
|
|t:|1757822604
|-terastallize|p1a: Landorus|Flying
|move|p1a: Landorus|Tera Blast|p2a: Serperior|[anim] Tera Blast Flying
|-supereffective|p2a: Serperior
|-damage|p2a: Serperior|0 fnt
|faint|p2a: Serperior
|
|-damage|p1a: Landorus|95/100 brn|[from] brn
|upkeep
|
|t:|1757822623
|switch|p2a: Landorus|Landorus-Therian, M|100/100
|-damage|p2a: Landorus|88/100|[from] Stealth Rock
|-ability|p2a: Landorus|Intimidate|boost
|-unboost|p1a: Landorus|atk|1
|turn|21
|
|t:|1757822631
|switch|p1a: Pecharunt|Pecharunt|100/100
|move|p2a: Landorus|Stone Edge|p1a: Pecharunt
|-damage|p1a: Pecharunt|77/100
|-damage|p2a: Landorus|78/100|[from] item: Life Orb
|
|upkeep
|turn|22
|
|t:|1757822643
|move|p2a: Landorus|Earthquake|p1a: Pecharunt
|-supereffective|p1a: Pecharunt
|-damage|p1a: Pecharunt|4/100
|-damage|p2a: Landorus|68/100|[from] item: Life Orb
|move|p1a: Pecharunt|Foul Play|p2a: Landorus
|-damage|p2a: Landorus|24/100
|
|upkeep
|turn|23
|
|t:|1757822652
|move|p2a: Landorus|Stone Edge|p1a: Pecharunt
|-damage|p1a: Pecharunt|0 fnt
|faint|p1a: Pecharunt
|-damage|p2a: Landorus|14/100|[from] item: Life Orb
|
|upkeep
|
|t:|1757822655
|switch|p1a: Ogerpon|Ogerpon-Wellspring, F|100/100
|turn|24
|
|t:|1757822662
|move|p2a: Landorus|Outrage|p1a: Ogerpon
|-damage|p1a: Ogerpon|50/100
|-damage|p2a: Landorus|4/100|[from] item: Life Orb
|move|p1a: Ogerpon|Trailblaze|p2a: Landorus
|-damage|p2a: Landorus|0 fnt
|-boost|p1a: Ogerpon|spe|1
|faint|p2a: Landorus
|
|upkeep
|
|t:|1757822691
|switch|p2a: Heatran|Heatran, M|73/100
|-damage|p2a: Heatran|61/100|[from] Stealth Rock
|-damage|p2a: Heatran|44/100|[from] Spikes
|turn|25
|
|t:|1757822698
|-terastallize|p2a: Heatran|Flying
|move|p1a: Ogerpon|Ivy Cudgel|p2a: Heatran|[anim] Ivy Cudgel Water
|-damage|p2a: Heatran|0 fnt
|faint|p2a: Heatran
|
|upkeep
|
|t:|1757822705
|switch|p2a: Clefable|Clefable, F|100/100
|turn|26
|
|t:|1757822709
|move|p1a: Ogerpon|Synthesis|p1a: Ogerpon
|-heal|p1a: Ogerpon|99/100
|move|p2a: Clefable|Cosmic Power|p2a: Clefable
|-boost|p2a: Clefable|def|1
|-boost|p2a: Clefable|spd|1
|
|upkeep
|turn|27
|
|t:|1757822717
|move|p1a: Ogerpon|Swords Dance|p1a: Ogerpon
|-boost|p1a: Ogerpon|atk|2
|move|p2a: Clefable|Cosmic Power|p2a: Clefable
|-boost|p2a: Clefable|def|1
|-boost|p2a: Clefable|spd|1
|
|upkeep
|turn|28
|
|t:|1757822725
|move|p1a: Ogerpon|Ivy Cudgel|p2a: Clefable|[anim] Ivy Cudgel Water
|-damage|p2a: Clefable|56/100
|move|p2a: Clefable|Draining Kiss|p1a: Ogerpon
|-damage|p1a: Ogerpon|84/100
|-heal|p2a: Clefable|68/100|[from] drain|[of] p1a: Ogerpon
|
|-heal|p2a: Clefable|74/100|[from] item: Leftovers
|upkeep
|turn|29
|
|t:|1757822746
|move|p1a: Ogerpon|Ivy Cudgel|p2a: Clefable|[anim] Ivy Cudgel Water
|-damage|p2a: Clefable|26/100
|move|p2a: Clefable|Charge Beam|p1a: Ogerpon
|-damage|p1a: Ogerpon|74/100
|-boost|p2a: Clefable|spa|1
|
|-heal|p2a: Clefable|32/100|[from] item: Leftovers
|upkeep
|turn|30
|-message|Charle_phate forfeited.
|
|win|114514lhy
|raw|114514lhy's rating: 1498 &rarr; <strong>1517</strong><br />(+19 for winning)
|raw|Charle_phate's rating: 1484 &rarr; <strong>1465</strong><br />(-19 for losing)
|l|☆Charle_phate
|player|p2|
|l|☆114514lhy
|player|p1|
