|j|☆mega gender
|j|☆ABraviousTinkaton
|t:|1757872250
|gametype|singles
|player|p1|mega gender|depotagent|1545
|player|p2|ABraviousTinkaton|miku-ice|1560
|gen|9
|tier|[Gen 9] OU
|rated|
|rule|HP Percentage Mod: HP is shown in percentages
|rule|Endless Battle Clause: Forcing endless battles is banned
|rule|Species Clause: Limit one of each Pokémon
|rule|OHKO Clause: OHKO moves are banned
|rule|Evasion Items Clause: Evasion items are banned
|rule|Evasion Moves Clause: Evasion moves are banned
|rule|Evasion Abilities Clause: Evasion abilities are banned
|rule|Sleep Moves Clause: Sleep-inducing moves are banned
|clearpoke
|poke|p1|Blissey, F|
|poke|p1|Amoonguss, M|
|poke|p1|Gliscor, M|
|poke|p1|Dondozo, F|
|poke|p1|Alomomola, M|
|poke|p1|Bronzong|
|poke|p2|Kyurem|
|poke|p2|Corviknight, F|
|poke|p2|Ting-Lu|
|poke|p2|Dondozo, M|
|poke|p2|Slowking-Galar, L99, M|
|poke|p2|Cinderace, F|
|teampreview
|
|t:|1757872290
|teamsize|p1|6
|teamsize|p2|6
|start
|switch|p1a: Amoonguss|Amoonguss, M|100/100
|switch|p2a: Kyurem|Kyurem|100/100
|-ability|p2a: Kyurem|Pressure
|turn|1
|inactive|Battle timer is ON: inactive players will automatically lose when time's up. (requested by mega gender)
|inactive|ABraviousTinkaton has 120 seconds left.
|
|t:|1757872335
|switch|p1a: Bronzong|Bronzong|100/100
|move|p2a: Kyurem|Substitute|p2a: Kyurem
|-start|p2a: Kyurem|Substitute
|-damage|p2a: Kyurem|75/100
|
|-heal|p2a: Kyurem|82/100|[from] item: Leftovers
|upkeep
|turn|2
|
|t:|1757872342
|move|p2a: Kyurem|Freeze-Dry|p1a: Bronzong
|-resisted|p1a: Bronzong
|-damage|p1a: Bronzong|90/100
|move|p1a: Bronzong|Body Press|p2a: Kyurem
|-supereffective|p2a: Kyurem
|-end|p2a: Kyurem|Substitute
|
|-heal|p2a: Kyurem|88/100|[from] item: Leftovers
|-heal|p1a: Bronzong|96/100|[from] item: Leftovers
|upkeep
|turn|3
|
|t:|1757872344
|switch|p2a: Cinderace|Cinderace, F|100/100
|move|p1a: Bronzong|Psychic Noise|p2a: Cinderace
|-damage|p2a: Cinderace|75/100
|-start|p2a: Cinderace|move: Heal Block
|
|-heal|p1a: Bronzong|100/100|[from] item: Leftovers
|upkeep
|turn|4
|
|t:|1757872350
|switch|p1a: Dondozo|Dondozo, F|100/100
|move|p2a: Cinderace|Will-O-Wisp|p1a: Dondozo
|-status|p1a: Dondozo|brn
|
|-damage|p1a: Dondozo|94/100 brn|[from] brn
|-end|p2a: Cinderace|move: Heal Block
|upkeep
|turn|5
|
|t:|1757872352
|move|p2a: Cinderace|U-turn|p1a: Dondozo
|-damage|p1a: Dondozo|86/100 brn
|
|t:|1757872354
|switch|p2a: Slowking|Slowking-Galar, L99, M|100/100|[from] U-turn
|move|p1a: Dondozo|Avalanche|p2a: Slowking
|-damage|p2a: Slowking|94/100
|
|-damage|p1a: Dondozo|80/100 brn|[from] brn
|upkeep
|turn|6
|
|t:|1757872357
|switch|p1a: Gliscor|Gliscor, M|100/100
|move|p2a: Slowking|Future Sight|p1a: Gliscor
|-start|p2a: Slowking|move: Future Sight
|
|-status|p1a: Gliscor|tox|[from] item: Toxic Orb
|upkeep
|turn|7
|
|t:|1757872360
|move|p1a: Gliscor|Knock Off|p2a: Slowking
|-supereffective|p2a: Slowking
|-damage|p2a: Slowking|52/100
|-enditem|p2a: Slowking|Heavy-Duty Boots|[from] move: Knock Off|[of] p1a: Gliscor
|-prepare|p2a: Slowking|Chilly Reception|[premajor]
|move|p2a: Slowking|Chilly Reception|p2a: Slowking
|-weather|Snowscape
|
|t:|1757872362
|switch|p2a: Kyurem|Kyurem|88/100|[from] Chilly Reception
|-ability|p2a: Kyurem|Pressure
|
|-weather|Snowscape|[upkeep]
|-heal|p2a: Kyurem|94/100|[from] item: Leftovers
|upkeep
|turn|8
|
|t:|1757872366
|switch|p2a: Corviknight|Corviknight, F|100/100
|-ability|p2a: Corviknight|Pressure
|switch|p1a: Bronzong|Bronzong|100/100
|
|-weather|Snowscape|[upkeep]
|-end|p1a: Bronzong|move: Future Sight
|-resisted|p1a: Bronzong
|-damage|p1a: Bronzong|93/100
|-heal|p1a: Bronzong|99/100|[from] item: Leftovers
|upkeep
|turn|9
|
|t:|1757872368
|switch|p2a: Cinderace|Cinderace, F|75/100
|move|p1a: Bronzong|Stealth Rock|p2a: Cinderace
|-sidestart|p2: ABraviousTinkaton|move: Stealth Rock
|
|-weather|Snowscape|[upkeep]
|-heal|p1a: Bronzong|100/100|[from] item: Leftovers
|upkeep
|turn|10
|
|t:|1757872370
|switch|p1a: Dondozo|Dondozo, F|80/100 brn
|move|p2a: Cinderace|Court Change|p2a: Cinderace
|-swapsideconditions
|-activate|p2a: Cinderace|move: Court Change
|
|-weather|Snowscape|[upkeep]
|-damage|p1a: Dondozo|74/100 brn|[from] brn
|upkeep
|turn|11
|
|t:|1757872374
|move|p2a: Cinderace|U-turn|p1a: Dondozo
|-crit|p1a: Dondozo
|-damage|p1a: Dondozo|62/100 brn
|
|t:|1757872376
|switch|p2a: Slowking|Slowking-Galar, L99, M|85/100|[from] U-turn
|move|p1a: Dondozo|Avalanche|p2a: Slowking
|-damage|p2a: Slowking|78/100
|
|-weather|none
|-damage|p1a: Dondozo|55/100 brn|[from] brn
|upkeep
|turn|12
|
|t:|1757872378
|switch|p1a: Gliscor|Gliscor, M|100/100 tox
|-damage|p1a: Gliscor|88/100 tox|[from] Stealth Rock
|move|p2a: Slowking|Future Sight|p1a: Gliscor
|-start|p2a: Slowking|move: Future Sight
|
|-heal|p1a: Gliscor|100/100 tox|[from] ability: Poison Heal
|upkeep
|turn|13
|
|t:|1757872382
|move|p1a: Gliscor|Spikes|p2a: Slowking
|-sidestart|p2: ABraviousTinkaton|Spikes
|-prepare|p2a: Slowking|Chilly Reception|[premajor]
|move|p2a: Slowking|Chilly Reception|p2a: Slowking
|-weather|Snowscape
|
|t:|1757872384
|switch|p2a: Kyurem|Kyurem|94/100|[from] Chilly Reception
|-damage|p2a: Kyurem|82/100|[from] Spikes
|-ability|p2a: Kyurem|Pressure
|
|-weather|Snowscape|[upkeep]
|-heal|p2a: Kyurem|88/100|[from] item: Leftovers
|upkeep
|turn|14
|
|t:|1757872386
|switch|p1a: Bronzong|Bronzong|100/100
|-damage|p1a: Bronzong|94/100|[from] Stealth Rock
|move|p2a: Kyurem|Freeze-Dry|p1a: Bronzong
|-resisted|p1a: Bronzong
|-crit|p1a: Bronzong
|-damage|p1a: Bronzong|76/100
|
|-weather|Snowscape|[upkeep]
|-end|p1a: Bronzong|move: Future Sight
|-resisted|p1a: Bronzong
|-damage|p1a: Bronzong|68/100
|-heal|p2a: Kyurem|94/100|[from] item: Leftovers
|-heal|p1a: Bronzong|74/100|[from] item: Leftovers
|upkeep
|turn|15
|-message|ABraviousTinkaton forfeited.
|
|win|mega gender
|raw|mega gender's rating: 1545 &rarr; <strong>1567</strong><br />(+22 for winning)
|raw|ABraviousTinkaton's rating: 1580 &rarr; <strong>1558</strong><br />(-22 for losing)
|l|☆ABraviousTinkaton
|player|p2|
|l|☆mega gender
|player|p1|
