|j|☆chechebuubuu
|j|☆TaeKwonJoe
|t:|1757948053
|gametype|singles
|player|p1|chechebuubuu|roughneck|1139
|player|p2|TaeKwonJoe|pokemonrangerf|1125
|gen|9
|tier|[Gen 9] OU
|rated|
|rule|HP Percentage Mod: HP is shown in percentages
|rule|Endless Battle Clause: Forcing endless battles is banned
|rule|Species Clause: Limit one of each Pokémon
|rule|OHKO Clause: OHKO moves are banned
|rule|Evasion Items Clause: Evasion items are banned
|rule|Evasion Moves Clause: Evasion moves are banned
|rule|Evasion Abilities Clause: Evasion abilities are banned
|rule|Sleep Moves Clause: Sleep-inducing moves are banned
|clearpoke
|poke|p1|Arbok, M|
|poke|p1|Scrafty, M|
|poke|p1|Incineroar, F|
|poke|p1|Slowking-Galar, M|
|poke|p1|Mandibuzz, F|
|poke|p1|Grafaiai, F|
|poke|p2|Iron Valiant|
|poke|p2|Ogerpon-Wellspring, F|
|poke|p2|Dragapult, F|
|poke|p2|Zamazenta-*|
|poke|p2|Garganacl, F|
|poke|p2|Iron Moth|
|teampreview
|inactive|Battle timer is ON: inactive players will automatically lose when time's up. (requested by chechebuubuu)
|inactive|TaeKwonJoe has 120 seconds left.
|
|t:|1757948098
|teamsize|p1|6
|teamsize|p2|6
|start
|switch|p1a: Grafaiai|Grafaiai, F|100/100
|switch|p2a: Dragapult|Dragapult, F|100/100
|turn|1
|
|t:|1757948106
|move|p1a: Grafaiai|Parting Shot|p2a: Dragapult
|-fail|p2a: Dragapult|unboost|[from] ability: Clear Body|[of] p2a: Dragapult
|move|p2a: Dragapult|Dragon Darts|p1a: Grafaiai
|-damage|p1a: Grafaiai|25/100
|-anim|p2a: Dragapult|Dragon Darts|p1a: Grafaiai
|-damage|p1a: Grafaiai|0 fnt
|faint|p1a: Grafaiai
|
|upkeep
|
|t:|1757948113
|switch|p1a: Mandibuzz|Mandibuzz, F, shiny|100/100
|turn|2
|
|t:|1757948119
|move|p2a: Dragapult|Dragon Darts|p1a: Mandibuzz
|-damage|p1a: Mandibuzz|76/100
|-anim|p2a: Dragapult|Dragon Darts|p1a: Mandibuzz
|-damage|p1a: Mandibuzz|53/100
|move|p1a: Mandibuzz|Foul Play|p2a: Dragapult
|-supereffective|p2a: Dragapult
|-damage|p2a: Dragapult|0 fnt
|faint|p2a: Dragapult
|
|upkeep
|
|t:|1757948128
|switch|p2a: Iron Valiant|Iron Valiant|100/100
|-enditem|p2a: Iron Valiant|Booster Energy
|-activate|p2a: Iron Valiant|ability: Quark Drive|[fromitem]
|-start|p2a: Iron Valiant|quarkdrivespe
|turn|3
|
|t:|1757948137
|switch|p1a: Slowking|Slowking-Galar, M|100/100
|move|p2a: Iron Valiant|Thunderbolt|p1a: Slowking
|-damage|p1a: Slowking|88/100
|
|upkeep
|turn|4
|
|t:|1757948146
|move|p2a: Iron Valiant|Calm Mind|p2a: Iron Valiant
|-boost|p2a: Iron Valiant|spa|1
|-boost|p2a: Iron Valiant|spd|1
|move|p1a: Slowking|Sludge Bomb|p2a: Iron Valiant
|-supereffective|p2a: Iron Valiant
|-damage|p2a: Iron Valiant|5/100
|
|upkeep
|turn|5
|inactive|TaeKwonJoe has 120 seconds left.
|
|t:|1757948182
|move|p2a: Iron Valiant|Thunderbolt|p1a: Slowking
|-crit|p1a: Slowking
|-damage|p1a: Slowking|60/100
|move|p1a: Slowking|Psychic Noise|p2a: Iron Valiant
|-supereffective|p2a: Iron Valiant
|-damage|p2a: Iron Valiant|0 fnt
|faint|p2a: Iron Valiant
|-end|p2a: Iron Valiant|Quark Drive|[silent]
|
|upkeep
|
|t:|1757948188
|switch|p2a: Garganacl|Garganacl, F|100/100
|turn|6
|
|t:|1757948196
|move|p2a: Garganacl|Salt Cure|p1a: Slowking
|-damage|p1a: Slowking|45/100
|-start|p1a: Slowking|Salt Cure
|move|p1a: Slowking|Grass Knot|p2a: Garganacl
|-supereffective|p2a: Garganacl
|-damage|p2a: Garganacl|57/100
|
|-damage|p1a: Slowking|33/100|[from] Salt Cure
|upkeep
|turn|7
|
|t:|1757948206
|switch|p1a: Mandibuzz|Mandibuzz, F, shiny|53/100
|move|p2a: Garganacl|Recover|p2a: Garganacl
|-heal|p2a: Garganacl|100/100
|
|upkeep
|turn|8
|
|t:|1757948211
|move|p1a: Mandibuzz|Roost|p1a: Mandibuzz
|-heal|p1a: Mandibuzz|100/100
|-singleturn|p1a: Mandibuzz|move: Roost
|move|p2a: Garganacl|Salt Cure|p1a: Mandibuzz
|-damage|p1a: Mandibuzz|92/100
|-start|p1a: Mandibuzz|Salt Cure
|
|-damage|p1a: Mandibuzz|79/100|[from] Salt Cure
|upkeep
|turn|9
|
|t:|1757948217
|move|p1a: Mandibuzz|U-turn|p2a: Garganacl
|-damage|p2a: Garganacl|93/100
|
|t:|1757948220
|switch|p1a: Slowking|Slowking-Galar, M|66/100|[from] U-turn
|move|p2a: Garganacl|Iron Defense|p2a: Garganacl
|-boost|p2a: Garganacl|def|2
|
|upkeep
|turn|10
|
|t:|1757948224
|move|p2a: Garganacl|Salt Cure|p1a: Slowking
|-damage|p1a: Slowking|50/100
|-start|p1a: Slowking|Salt Cure
|move|p1a: Slowking|Grass Knot|p2a: Garganacl
|-supereffective|p2a: Garganacl
|-damage|p2a: Garganacl|46/100
|
|-damage|p1a: Slowking|38/100|[from] Salt Cure
|upkeep
|turn|11
|
|t:|1757948231
|switch|p1a: Mandibuzz|Mandibuzz, F, shiny|79/100
|move|p2a: Garganacl|Recover|p2a: Garganacl
|-heal|p2a: Garganacl|96/100
|
|upkeep
|turn|12
|
|t:|1757948234
|move|p1a: Mandibuzz|U-turn|p2a: Garganacl
|-damage|p2a: Garganacl|92/100
|
|t:|1757948239
|switch|p1a: Slowking|Slowking-Galar, M|71/100|[from] U-turn
|move|p2a: Garganacl|Body Press|p1a: Slowking
|-resisted|p1a: Slowking
|-damage|p1a: Slowking|58/100
|
|upkeep
|turn|13
|
|t:|1757948242
|switch|p1a: Mandibuzz|Mandibuzz, F, shiny|79/100
|move|p2a: Garganacl|Salt Cure|p1a: Mandibuzz
|-supereffective|p1a: Mandibuzz
|-damage|p1a: Mandibuzz|63/100
|-start|p1a: Mandibuzz|Salt Cure
|
|-damage|p1a: Mandibuzz|51/100|[from] Salt Cure
|upkeep
|turn|14
|
|t:|1757948251
|move|p1a: Mandibuzz|U-turn|p2a: Garganacl
|-damage|p2a: Garganacl|88/100
|
|t:|1757948254
|switch|p1a: Slowking|Slowking-Galar, M|92/100|[from] U-turn
|move|p2a: Garganacl|Body Press|p1a: Slowking
|-resisted|p1a: Slowking
|-damage|p1a: Slowking|80/100
|
|upkeep
|turn|15
|
|t:|1757948261
|move|p2a: Garganacl|Salt Cure|p1a: Slowking
|-damage|p1a: Slowking|64/100
|-start|p1a: Slowking|Salt Cure
|move|p1a: Slowking|Psychic Noise|p2a: Garganacl
|-damage|p2a: Garganacl|69/100
|
|-damage|p1a: Slowking|52/100|[from] Salt Cure
|upkeep
|turn|16
|
|t:|1757948272
|move|p2a: Garganacl|Recover|p2a: Garganacl
|-heal|p2a: Garganacl|100/100
|move|p1a: Slowking|Grass Knot|p2a: Garganacl
|-supereffective|p2a: Garganacl
|-damage|p2a: Garganacl|55/100
|
|-damage|p1a: Slowking|39/100|[from] Salt Cure
|upkeep
|turn|17
|
|t:|1757948280
|switch|p1a: Mandibuzz|Mandibuzz, F, shiny|51/100
|move|p2a: Garganacl|Salt Cure|p1a: Mandibuzz
|-supereffective|p1a: Mandibuzz
|-damage|p1a: Mandibuzz|36/100
|-start|p1a: Mandibuzz|Salt Cure
|
|-damage|p1a: Mandibuzz|24/100|[from] Salt Cure
|upkeep
|turn|18
|
|t:|1757948285
|move|p1a: Mandibuzz|Roost|p1a: Mandibuzz
|-heal|p1a: Mandibuzz|74/100
|-singleturn|p1a: Mandibuzz|move: Roost
|move|p2a: Garganacl|Recover|p2a: Garganacl
|-heal|p2a: Garganacl|100/100
|
|-damage|p1a: Mandibuzz|61/100|[from] Salt Cure
|upkeep
|turn|19
|
|t:|1757948289
|move|p1a: Mandibuzz|U-turn|p2a: Garganacl
|-damage|p2a: Garganacl|96/100
|
|t:|1757948290
|switch|p1a: Slowking|Slowking-Galar, M|73/100|[from] U-turn
|move|p2a: Garganacl|Body Press|p1a: Slowking
|-resisted|p1a: Slowking
|-damage|p1a: Slowking|61/100
|
|upkeep
|turn|20
|
|t:|1757948293
|move|p2a: Garganacl|Salt Cure|p1a: Slowking
|-damage|p1a: Slowking|45/100
|-start|p1a: Slowking|Salt Cure
|move|p1a: Slowking|Grass Knot|p2a: Garganacl
|-supereffective|p2a: Garganacl
|-damage|p2a: Garganacl|55/100
|
|-damage|p1a: Slowking|32/100|[from] Salt Cure
|upkeep
|turn|21
|
|t:|1757948299
|switch|p1a: Mandibuzz|Mandibuzz, F, shiny|61/100
|move|p2a: Garganacl|Salt Cure|p1a: Mandibuzz
|-supereffective|p1a: Mandibuzz
|-damage|p1a: Mandibuzz|45/100
|-start|p1a: Mandibuzz|Salt Cure
|
|-damage|p1a: Mandibuzz|33/100|[from] Salt Cure
|upkeep
|turn|22
|
|t:|1757948311
|move|p1a: Mandibuzz|Roost|p1a: Mandibuzz
|-heal|p1a: Mandibuzz|83/100
|-singleturn|p1a: Mandibuzz|move: Roost
|move|p2a: Garganacl|Salt Cure|p1a: Mandibuzz
|-damage|p1a: Mandibuzz|75/100
|
|-damage|p1a: Mandibuzz|62/100|[from] Salt Cure
|upkeep
|turn|23
|
|t:|1757948317
|switch|p1a: Slowking|Slowking-Galar, M|66/100
|move|p2a: Garganacl|Body Press|p1a: Slowking
|-resisted|p1a: Slowking
|-damage|p1a: Slowking|54/100
|
|upkeep
|turn|24
|
|t:|1757948321
|move|p2a: Garganacl|Salt Cure|p1a: Slowking
|-damage|p1a: Slowking|41/100
|-start|p1a: Slowking|Salt Cure
|move|p1a: Slowking|Grass Knot|p2a: Garganacl
|-supereffective|p2a: Garganacl
|-damage|p2a: Garganacl|13/100
|
|-damage|p1a: Slowking|28/100|[from] Salt Cure
|upkeep
|turn|25
|
|t:|1757948324
|switch|p1a: Mandibuzz|Mandibuzz, F, shiny|62/100
|move|p2a: Garganacl|Recover|p2a: Garganacl
|-heal|p2a: Garganacl|63/100
|
|upkeep
|turn|26
|
|t:|1757948327
|move|p1a: Mandibuzz|Roost|p1a: Mandibuzz
|-heal|p1a: Mandibuzz|100/100
|-singleturn|p1a: Mandibuzz|move: Roost
|move|p2a: Garganacl|Recover|p2a: Garganacl
|-heal|p2a: Garganacl|100/100
|
|upkeep
|turn|27
|
|t:|1757948331
|move|p1a: Mandibuzz|U-turn|p2a: Garganacl
|-damage|p2a: Garganacl|97/100
|
|t:|1757948332
|switch|p1a: Slowking|Slowking-Galar, M|61/100|[from] U-turn
|move|p2a: Garganacl|Body Press|p1a: Slowking
|-resisted|p1a: Slowking
|-damage|p1a: Slowking|50/100
|
|upkeep
|turn|28
|
|t:|1757948335
|move|p2a: Garganacl|Salt Cure|p1a: Slowking
|-damage|p1a: Slowking|37/100
|-start|p1a: Slowking|Salt Cure
|move|p1a: Slowking|Grass Knot|p2a: Garganacl
|-supereffective|p2a: Garganacl
|-damage|p2a: Garganacl|54/100
|
|-damage|p1a: Slowking|24/100|[from] Salt Cure
|upkeep
|turn|29
|
|t:|1757948342
|switch|p1a: Mandibuzz|Mandibuzz, F, shiny|100/100
|move|p2a: Garganacl|Recover|p2a: Garganacl
|-heal|p2a: Garganacl|100/100
|
|upkeep
|turn|30
|
|t:|1757948348
|move|p1a: Mandibuzz|U-turn|p2a: Garganacl
|-damage|p2a: Garganacl|96/100
|
|t:|1757948351
|switch|p1a: Slowking|Slowking-Galar, M|58/100|[from] U-turn
|move|p2a: Garganacl|Salt Cure|p1a: Slowking
|-damage|p1a: Slowking|44/100
|-start|p1a: Slowking|Salt Cure
|
|-damage|p1a: Slowking|31/100|[from] Salt Cure
|upkeep
|turn|31
|
|t:|1757948356
|switch|p1a: Mandibuzz|Mandibuzz, F, shiny|100/100
|move|p2a: Garganacl|Salt Cure|p1a: Mandibuzz
|-supereffective|p1a: Mandibuzz
|-damage|p1a: Mandibuzz|86/100
|-start|p1a: Mandibuzz|Salt Cure
|
|-damage|p1a: Mandibuzz|73/100|[from] Salt Cure
|upkeep
|turn|32
|
|t:|1757948359
|move|p1a: Mandibuzz|Roost|p1a: Mandibuzz
|-heal|p1a: Mandibuzz|100/100
|-singleturn|p1a: Mandibuzz|move: Roost
|move|p2a: Garganacl|Body Press|p1a: Mandibuzz
|-supereffective|p1a: Mandibuzz
|-damage|p1a: Mandibuzz|47/100
|
|-damage|p1a: Mandibuzz|34/100|[from] Salt Cure
|upkeep
|turn|33
|
|t:|1757948376
|move|p1a: Mandibuzz|U-turn|p2a: Garganacl
|-damage|p2a: Garganacl|92/100
|
|t:|1757948378
|switch|p1a: Slowking|Slowking-Galar, M|65/100|[from] U-turn
|move|p2a: Garganacl|Body Press|p1a: Slowking
|-resisted|p1a: Slowking
|-damage|p1a: Slowking|54/100
|
|upkeep
|turn|34
|
|t:|1757948381
|move|p2a: Garganacl|Salt Cure|p1a: Slowking
|-damage|p1a: Slowking|40/100
|-start|p1a: Slowking|Salt Cure
|move|p1a: Slowking|Grass Knot|p2a: Garganacl
|-supereffective|p2a: Garganacl
|-damage|p2a: Garganacl|45/100
|
|-damage|p1a: Slowking|27/100|[from] Salt Cure
|upkeep
|turn|35
|
|t:|1757948391
|move|p2a: Garganacl|Salt Cure|p1a: Slowking
|-damage|p1a: Slowking|13/100
|move|p1a: Slowking|Grass Knot|p2a: Garganacl
|-supereffective|p2a: Garganacl
|-damage|p2a: Garganacl|1/100
|
|-damage|p1a: Slowking|1/100|[from] Salt Cure
|upkeep
|turn|36
|
|t:|1757948396
|switch|p1a: Mandibuzz|Mandibuzz, F, shiny|34/100
|move|p2a: Garganacl|Recover|p2a: Garganacl
|-heal|p2a: Garganacl|51/100
|
|upkeep
|turn|37
|
|t:|1757948401
|move|p1a: Mandibuzz|Roost|p1a: Mandibuzz
|-heal|p1a: Mandibuzz|84/100
|-singleturn|p1a: Mandibuzz|move: Roost
|move|p2a: Garganacl|Body Press|p1a: Mandibuzz
|-supereffective|p1a: Mandibuzz
|-damage|p1a: Mandibuzz|35/100
|
|upkeep
|turn|38
|
|t:|1757948406
|move|p1a: Mandibuzz|U-turn|p2a: Garganacl
|-damage|p2a: Garganacl|47/100
|
|t:|1757948407
|switch|p1a: Slowking|Slowking-Galar, M|34/100|[from] U-turn
|move|p2a: Garganacl|Iron Defense|p2a: Garganacl
|-boost|p2a: Garganacl|def|2
|
|upkeep
|turn|39
|
|t:|1757948413
|move|p2a: Garganacl|Salt Cure|p1a: Slowking
|-damage|p1a: Slowking|20/100
|-start|p1a: Slowking|Salt Cure
|move|p1a: Slowking|Grass Knot|p2a: Garganacl
|-supereffective|p2a: Garganacl
|-damage|p2a: Garganacl|0 fnt
|faint|p2a: Garganacl
|
|-damage|p1a: Slowking|8/100|[from] Salt Cure
|upkeep
|
|t:|1757948418
|switch|p2a: Iron Moth|Iron Moth|100/100
|-enditem|p2a: Iron Moth|Booster Energy
|-activate|p2a: Iron Moth|ability: Quark Drive|[fromitem]
|-start|p2a: Iron Moth|quarkdrivespe
|turn|40
|
|t:|1757948422
|switch|p1a: Mandibuzz|Mandibuzz, F, shiny|35/100
|move|p2a: Iron Moth|Fiery Dance|p1a: Mandibuzz
|-damage|p1a: Mandibuzz|0 fnt
|-boost|p2a: Iron Moth|spa|1
|faint|p1a: Mandibuzz
|
|upkeep
|
|t:|1757948427
|switch|p1a: Incineroar|Incineroar, F|100/100
|-ability|p1a: Incineroar|Intimidate|boost
|-unboost|p2a: Iron Moth|atk|1
|turn|41
|
|t:|1757948430
|move|p2a: Iron Moth|Sludge Wave|p1a: Incineroar
|-damage|p1a: Incineroar|33/100
|move|p1a: Incineroar|Earthquake|p2a: Iron Moth
|-supereffective|p2a: Iron Moth
|-damage|p2a: Iron Moth|0 fnt
|faint|p2a: Iron Moth
|-end|p2a: Iron Moth|Quark Drive|[silent]
|
|upkeep
|
|t:|1757948434
|switch|p2a: Ogerpon|Ogerpon-Wellspring, F|100/100
|turn|42
|
|t:|1757948444
|switch|p1a: Slowking|Slowking-Galar, M|41/100
|-terastallize|p2a: Ogerpon|Water
|detailschange|p2a: Ogerpon|Ogerpon-Wellspring-Tera, F, tera:Water
|-ability|p2a: Ogerpon|Embody Aspect (Wellspring)|boost
|-boost|p2a: Ogerpon|spd|1
|move|p2a: Ogerpon|Swords Dance|p2a: Ogerpon
|-boost|p2a: Ogerpon|atk|2
|
|upkeep
|turn|43
|
|t:|1757948453
|move|p2a: Ogerpon|Knock Off|p1a: Slowking
|-supereffective|p1a: Slowking
|-crit|p1a: Slowking
|-damage|p1a: Slowking|0 fnt
|-enditem|p1a: Slowking|Assault Vest|[from] move: Knock Off|[of] p2a: Ogerpon
|faint|p1a: Slowking
|
|upkeep
|
|t:|1757948461
|switch|p1a: Incineroar|Incineroar, F|33/100
|-ability|p1a: Incineroar|Intimidate|boost
|-unboost|p2a: Ogerpon|atk|1
|turn|44
|
|t:|1757948466
|move|p2a: Ogerpon|Ivy Cudgel|p1a: Incineroar|[anim] Ivy Cudgel Water
|-supereffective|p1a: Incineroar
|-damage|p1a: Incineroar|0 fnt
|faint|p1a: Incineroar
|
|upkeep
|
|t:|1757948468
|switch|p1a: Arbok|Arbok, M|100/100
|-ability|p1a: Arbok|Intimidate|boost
|-unboost|p2a: Ogerpon|atk|1
|turn|45
|
|t:|1757948473
|move|p2a: Ogerpon|Ivy Cudgel|p1a: Arbok|[anim] Ivy Cudgel Water
|-damage|p1a: Arbok|0 fnt
|faint|p1a: Arbok
|
|upkeep
|
|t:|1757948476
|switch|p1a: Scrafty|Scrafty, M|100/100
|turn|46
|
|t:|1757948481
|-terastallize|p1a: Scrafty|Poison
|move|p2a: Ogerpon|Ivy Cudgel|p1a: Scrafty|[anim] Ivy Cudgel Water
|-damage|p1a: Scrafty|19/100
|move|p1a: Scrafty|Dragon Dance|p1a: Scrafty
|-boost|p1a: Scrafty|atk|1
|-boost|p1a: Scrafty|spe|1
|
|-heal|p1a: Scrafty|25/100|[from] item: Leftovers
|upkeep
|turn|47
|
|t:|1757948484
|move|p1a: Scrafty|Drain Punch|p2a: Ogerpon
|-damage|p2a: Ogerpon|38/100
|-heal|p1a: Scrafty|60/100|[from] drain|[of] p2a: Ogerpon
|move|p2a: Ogerpon|Ivy Cudgel|p1a: Scrafty|[anim] Ivy Cudgel Water
|-crit|p1a: Scrafty
|-damage|p1a: Scrafty|0 fnt
|faint|p1a: Scrafty
|
|win|TaeKwonJoe
|raw|chechebuubuu's rating: 1139 &rarr; <strong>1113</strong><br />(-26 for losing)
|raw|TaeKwonJoe's rating: 1125 &rarr; <strong>1151</strong><br />(+26 for winning)
|l|☆TaeKwonJoe
|player|p2|
|l|☆chechebuubuu
|player|p1|
