|j|☆moron tester
|j|☆mathismathin
|t:|1757900130
|gametype|singles
|player|p1|moron tester|101|1436
|player|p2|mathismathin|hilbert|1498
|gen|9
|tier|[Gen 9] OU
|rated|
|rule|HP Percentage Mod: HP is shown in percentages
|rule|Endless Battle Clause: Forcing endless battles is banned
|rule|Species Clause: Limit one of each Pokémon
|rule|OHKO Clause: OHKO moves are banned
|rule|Evasion Items Clause: Evasion items are banned
|rule|Evasion Moves Clause: Evasion moves are banned
|rule|Evasion Abilities Clause: Evasion abilities are banned
|rule|Sleep Moves Clause: Sleep-inducing moves are banned
|clearpoke
|poke|p1|Quaquaval, M|
|poke|p1|Tornadus-Therian, M|
|poke|p1|Pecharunt|
|poke|p1|Great Tusk|
|poke|p1|Heatran, F|
|poke|p1|Ting-Lu|
|poke|p2|Politoed, F|
|poke|p2|Kingdra, M|
|poke|p2|Scizor, M|
|poke|p2|Rillaboom, M|
|poke|p2|Incineroar, M|
|poke|p2|Raging Bolt|
|teampreview
|
|t:|1757900145
|teamsize|p1|6
|teamsize|p2|6
|start
|switch|p1a: Tornadus|Tornadus-Therian, M|100/100
|switch|p2a: タケルどの|Raging Bolt|100/100
|turn|1
|
|t:|1757900148
|switch|p1a: Ting-Lu|Ting-Lu|100/100
|-ability|p1a: Ting-Lu|Vessel of Ruin
|move|p2a: タケルどの|Draco Meteor|p1a: Ting-Lu
|-damage|p1a: Ting-Lu|49/100
|-unboost|p2a: タケルどの|spa|2
|
|-heal|p1a: Ting-Lu|55/100|[from] item: Leftovers
|upkeep
|turn|2
|
|t:|1757900155
|-end|p2a: タケルどの|Protosynthesis|[silent]
|switch|p2a: じゅんいく|Politoed, F|100/100
|-weather|RainDance|[from] ability: Drizzle|[of] p2a: じゅんいく
|switch|p1a: Tornadus|Tornadus-Therian, M|100/100
|
|-weather|RainDance|[upkeep]
|upkeep
|turn|3
|
|t:|1757900210
|switch|p2a: Incineroar|Incineroar, M|100/100
|-ability|p2a: Incineroar|Intimidate|boost
|-unboost|p1a: Tornadus|atk|1
|move|p1a: Tornadus|Bleakwind Storm|p2a: Incineroar
|-damage|p2a: Incineroar|54/100
|-damage|p1a: Tornadus|91/100|[from] item: Life Orb
|
|-weather|RainDance|[upkeep]
|upkeep
|turn|4
|
|t:|1757900217
|switch|p1a: Heatran|Heatran, F|100/100
|move|p2a: Incineroar|Parting Shot|p1a: Heatran
|-unboost|p1a: Heatran|atk|1
|-unboost|p1a: Heatran|spa|1
|
|t:|1757900226
|switch|p2a: かこうとん|Kingdra, M, shiny|100/100|[from] Parting Shot
|
|-weather|RainDance|[upkeep]
|upkeep
|turn|5
|
|t:|1757900229
|move|p2a: かこうとん|Muddy Water|p1a: Heatran
|-supereffective|p1a: Heatran
|-damage|p1a: Heatran|0 fnt
|faint|p1a: Heatran
|-damage|p2a: かこうとん|91/100|[from] item: Life Orb
|
|-weather|RainDance|[upkeep]
|upkeep
|
|t:|1757900242
|switch|p1a: Quaquaval|Quaquaval, M|100/100
|turn|6
|
|t:|1757900248
|switch|p1a: Ting-Lu|Ting-Lu|55/100
|-ability|p1a: Ting-Lu|Vessel of Ruin
|move|p2a: かこうとん|Hurricane|p1a: Ting-Lu
|-damage|p1a: Ting-Lu|37/100
|-damage|p2a: かこうとん|81/100|[from] item: Life Orb
|
|-weather|none
|-heal|p1a: Ting-Lu|43/100|[from] item: Leftovers
|upkeep
|turn|7
|
|t:|1757900254
|switch|p1a: Quaquaval|Quaquaval, M|100/100
|move|p2a: かこうとん|Muddy Water|p1a: Quaquaval
|-resisted|p1a: Quaquaval
|-damage|p1a: Quaquaval|63/100
|-damage|p2a: かこうとん|71/100|[from] item: Life Orb
|
|upkeep
|turn|8
|
|t:|1757900258
|move|p1a: Quaquaval|Close Combat|p2a: かこうとん
|-damage|p2a: かこうとん|0 fnt
|-unboost|p1a: Quaquaval|def|1
|-unboost|p1a: Quaquaval|spd|1
|faint|p2a: かこうとん
|-ability|p1a: Quaquaval|Moxie|boost
|-boost|p1a: Quaquaval|atk|1
|
|upkeep
|
|t:|1757900268
|switch|p2a: Rillaboom|Rillaboom, M|100/100
|-fieldstart|move: Grassy Terrain|[from] ability: Grassy Surge|[of] p2a: Rillaboom
|turn|9
|
|t:|1757900271
|switch|p1a: Pecharunt|Pecharunt|100/100
|move|p2a: Rillaboom|Grassy Glide|p1a: Pecharunt
|-resisted|p1a: Pecharunt
|-damage|p1a: Pecharunt|92/100
|
|-heal|p1a: Pecharunt|98/100|[from] Grassy Terrain
|upkeep
|turn|10
|
|t:|1757900284
|move|p1a: Pecharunt|Parting Shot|p2a: Rillaboom
|-unboost|p2a: Rillaboom|atk|1
|-unboost|p2a: Rillaboom|spa|1
|
|t:|1757900290
|switch|p1a: Tornadus|Tornadus-Therian, M|100/100|[from] Parting Shot
|move|p2a: Rillaboom|U-turn|p1a: Tornadus
|-resisted|p1a: Tornadus
|-damage|p1a: Tornadus|92/100
|
|t:|1757900303
|switch|p2a: タケルどの|Raging Bolt|100/100|[from] U-turn
|
|upkeep
|turn|11
|
|t:|1757900306
|switch|p1a: Ting-Lu|Ting-Lu|43/100
|-ability|p1a: Ting-Lu|Vessel of Ruin
|move|p2a: タケルどの|Draco Meteor|p1a: Ting-Lu
|-damage|p1a: Ting-Lu|0 fnt
|-unboost|p2a: タケルどの|spa|2
|faint|p1a: Ting-Lu
|
|upkeep
|
|t:|1757900320
|switch|p1a: Pecharunt|Pecharunt|98/100
|turn|12
|
|t:|1757900324
|-end|p2a: タケルどの|Protosynthesis|[silent]
|switch|p2a: Scizor|Scizor, M|100/100
|move|p1a: Pecharunt|Parting Shot|p2a: Scizor
|-unboost|p2a: Scizor|atk|1
|-unboost|p2a: Scizor|spa|1
|
|t:|1757900326
|switch|p1a: Tornadus|Tornadus-Therian, M|100/100|[from] Parting Shot
|
|upkeep
|turn|13
|
|t:|1757900332
|switch|p2a: じゅんいく|Politoed, F|100/100
|-weather|RainDance|[from] ability: Drizzle|[of] p2a: じゅんいく
|move|p1a: Tornadus|Heat Wave|p2a: じゅんいく
|-resisted|p2a: じゅんいく
|-damage|p2a: じゅんいく|95/100
|-damage|p1a: Tornadus|91/100|[from] item: Life Orb
|
|-weather|RainDance|[upkeep]
|-heal|p2a: じゅんいく|100/100|[from] Grassy Terrain
|-fieldend|move: Grassy Terrain
|upkeep
|turn|14
|
|t:|1757900336
|move|p1a: Tornadus|Bleakwind Storm|p2a: じゅんいく
|-damage|p2a: じゅんいく|58/100
|-damage|p1a: Tornadus|81/100|[from] item: Life Orb
|move|p2a: じゅんいく|Whirlpool|p1a: Tornadus
|-damage|p1a: Tornadus|60/100
|-activate|p1a: Tornadus|move: Whirlpool|[of] p2a: じゅんいく
|
|-weather|RainDance|[upkeep]
|-damage|p1a: Tornadus|48/100|[from] move: Whirlpool|[partiallytrapped]
|upkeep
|turn|15
|
|t:|1757900341
|move|p1a: Tornadus|Taunt|p2a: じゅんいく
|-start|p2a: じゅんいく|move: Taunt
|move|p2a: じゅんいく|Muddy Water|p1a: Tornadus
|-damage|p1a: Tornadus|0 fnt
|faint|p1a: Tornadus
|
|-weather|RainDance|[upkeep]
|upkeep
|
|t:|1757900346
|switch|p1a: Quaquaval|Quaquaval, M|63/100
|turn|16
|
|t:|1757900361
|switch|p2a: Incineroar|Incineroar, M|54/100
|-ability|p2a: Incineroar|Intimidate|boost
|-unboost|p1a: Quaquaval|atk|1
|move|p1a: Quaquaval|Close Combat|p2a: Incineroar
|-supereffective|p2a: Incineroar
|-damage|p2a: Incineroar|0 fnt
|-unboost|p1a: Quaquaval|def|1
|-unboost|p1a: Quaquaval|spd|1
|faint|p2a: Incineroar
|-ability|p1a: Quaquaval|Moxie|boost
|-boost|p1a: Quaquaval|atk|1
|
|-weather|RainDance|[upkeep]
|upkeep
|
|t:|1757900369
|switch|p2a: タケルどの|Raging Bolt|100/100
|turn|17
|
|t:|1757900371
|move|p1a: Quaquaval|Close Combat|p2a: タケルどの
|-damage|p2a: タケルどの|14/100
|-unboost|p1a: Quaquaval|def|1
|-unboost|p1a: Quaquaval|spd|1
|move|p2a: タケルどの|Draco Meteor|p1a: Quaquaval|[miss]
|-miss|p2a: タケルどの|p1a: Quaquaval
|
|-weather|none
|upkeep
|turn|18
|c|☆moron tester|Ah
|c|☆moron tester|Sry
|
|t:|1757900380
|-end|p2a: タケルどの|Protosynthesis|[silent]
|switch|p2a: じゅんいく|Politoed, F|58/100
|-weather|RainDance|[from] ability: Drizzle|[of] p2a: じゅんいく
|move|p1a: Quaquaval|Close Combat|p2a: じゅんいく
|-damage|p2a: じゅんいく|0 fnt
|-unboost|p1a: Quaquaval|def|1
|-unboost|p1a: Quaquaval|spd|1
|faint|p2a: じゅんいく
|-ability|p1a: Quaquaval|Moxie|boost
|-boost|p1a: Quaquaval|atk|1
|
|-weather|RainDance|[upkeep]
|upkeep
|
|t:|1757900383
|switch|p2a: Rillaboom|Rillaboom, M|100/100
|-fieldstart|move: Grassy Terrain|[from] ability: Grassy Surge|[of] p2a: Rillaboom
|turn|19
|
|t:|1757900386
|switch|p1a: Pecharunt|Pecharunt|98/100
|move|p2a: Rillaboom|U-turn|p1a: Pecharunt
|-resisted|p1a: Pecharunt
|-damage|p1a: Pecharunt|95/100
|
|t:|1757900388
|switch|p2a: Scizor|Scizor, M|100/100|[from] U-turn
|
|-weather|RainDance|[upkeep]
|-heal|p1a: Pecharunt|100/100|[from] Grassy Terrain
|upkeep
|turn|20
|
|t:|1757900394
|move|p1a: Pecharunt|Parting Shot|p2a: Scizor
|-unboost|p2a: Scizor|atk|1
|-unboost|p2a: Scizor|spa|1
|
|t:|1757900396
|switch|p1a: Great Tusk|Great Tusk|100/100|[from] Parting Shot
|move|p2a: Scizor|Iron Head|p1a: Great Tusk
|-damage|p1a: Great Tusk|76/100
|-damage|p2a: Scizor|84/100|[from] item: Rocky Helmet|[of] p1a: Great Tusk
|
|-weather|RainDance|[upkeep]
|-heal|p1a: Great Tusk|82/100|[from] Grassy Terrain
|-heal|p2a: Scizor|90/100|[from] Grassy Terrain
|upkeep
|turn|21
|
|t:|1757900403
|move|p1a: Great Tusk|Ice Spinner|p2a: Scizor
|-resisted|p2a: Scizor
|-damage|p2a: Scizor|79/100
|-fieldend|move: Grassy Terrain
|move|p2a: Scizor|Iron Head|p1a: Great Tusk
|-damage|p1a: Great Tusk|59/100
|-damage|p2a: Scizor|63/100|[from] item: Rocky Helmet|[of] p1a: Great Tusk
|
|-weather|RainDance|[upkeep]
|upkeep
|turn|22
|-message|mathismathin forfeited.
|
|win|moron tester
|raw|moron tester's rating: 1436 &rarr; <strong>1461</strong><br />(+25 for winning)
|raw|mathismathin's rating: 1521 &rarr; <strong>1496</strong><br />(-25 for losing)
|l|☆mathismathin
|player|p2|
|l|☆moron tester
|player|p1|
