|j|☆Reishiramx
|j|☆aehro7_
|t:|1757913334
|gametype|singles
|player|p1|Reishiramx|101|1105
|player|p2|aehro7_|266|1119
|gen|9
|tier|[Gen 9] OU
|rated|
|rule|HP Percentage Mod: HP is shown in percentages
|rule|Endless Battle Clause: Forcing endless battles is banned
|rule|Species Clause: Limit one of each Pokémon
|rule|OHKO Clause: OHKO moves are banned
|rule|Evasion Items Clause: Evasion items are banned
|rule|Evasion Moves Clause: Evasion moves are banned
|rule|Evasion Abilities Clause: Evasion abilities are banned
|rule|Sleep Moves Clause: Sleep-inducing moves are banned
|clearpoke
|poke|p1|Toxapex, F|
|poke|p1|Gliscor, M|
|poke|p1|Dragapult, F|
|poke|p1|Hitmontop, M|
|poke|p1|Gyarados, M|
|poke|p1|Ogerpon-Wellspring, F|
|poke|p2|Gengar, M|
|poke|p2|Samurott-Hisui, M|
|poke|p2|Dragapult, M|
|poke|p2|Great Tusk|
|poke|p2|Heracross, F|
|poke|p2|Cinderace, M|
|teampreview
|
|t:|1757913343
|teamsize|p1|6
|teamsize|p2|6
|start
|switch|p1a: Ogerpon|Ogerpon-Wellspring, F|100/100
|switch|p2a: 777+|Great Tusk|100/100
|turn|1
|
|t:|1757913351
|move|p1a: Ogerpon|Ivy Cudgel|p2a: 777+|[anim] Ivy Cudgel Water
|-supereffective|p2a: 777+
|-crit|p2a: 777+
|-damage|p2a: 777+|0 fnt
|faint|p2a: 777+
|-end|p2a: 777+|Protosynthesis|[silent]
|
|upkeep
|
|t:|1757913357
|switch|p2a: The answer|Gengar, M, shiny|100/100
|turn|2
|
|t:|1757913362
|move|p1a: Ogerpon|Knock Off|p2a: The answer
|-supereffective|p2a: The answer
|-enditem|p2a: The answer|Focus Sash
|-damage|p2a: The answer|1/100
|-start|p1a: Ogerpon|Disable|Knock Off|[from] ability: Cursed Body|[of] p2a: The answer
|move|p2a: The answer|Sludge Wave|p1a: Ogerpon
|-supereffective|p1a: Ogerpon
|-damage|p1a: Ogerpon|0 fnt
|faint|p1a: Ogerpon
|
|upkeep
|
|t:|1757913373
|switch|p1a: Dragapult|Dragapult, F|100/100
|turn|3
|
|t:|1757913378
|move|p1a: Dragapult|Sucker Punch|p2a: The answer
|-supereffective|p2a: The answer
|-damage|p2a: The answer|0 fnt
|-start|p1a: Dragapult|Disable|Sucker Punch|[from] ability: Cursed Body|[of] p2a: The answer
|faint|p2a: The answer
|
|upkeep
|
|t:|1757913384
|switch|p2a: JUICE|Samurott-Hisui, M|100/100
|turn|4
|
|t:|1757913387
|move|p1a: Dragapult|U-turn|p2a: JUICE
|-supereffective|p2a: JUICE
|-damage|p2a: JUICE|38/100
|
|t:|1757913391
|switch|p1a: Gyarados|Gyarados, M|100/100|[from] U-turn
|move|p2a: JUICE|Ceaseless Edge|p1a: Gyarados
|-crit|p1a: Gyarados
|-damage|p1a: Gyarados|16/100
|-sidestart|p1: Reishiramx|Spikes
|
|-heal|p1a: Gyarados|22/100|[from] item: Leftovers
|upkeep
|turn|5
|
|t:|1757913412
|move|p2a: JUICE|Ceaseless Edge|p1a: Gyarados
|-damage|p1a: Gyarados|0 fnt
|-sidestart|p1: Reishiramx|Spikes
|faint|p1a: Gyarados
|
|upkeep
|
|t:|1757913416
|switch|p1a: Hitmontop|Hitmontop, M|100/100
|-damage|p1a: Hitmontop|84/100|[from] Spikes
|-ability|p1a: Hitmontop|Intimidate|boost
|-unboost|p2a: JUICE|atk|1
|turn|6
|
|t:|1757913422
|move|p1a: Hitmontop|Fake Out|p2a: JUICE
|-damage|p2a: JUICE|28/100
|cant|p2a: JUICE|flinch
|
|-heal|p1a: Hitmontop|90/100|[from] item: Leftovers
|upkeep
|turn|7
|
|t:|1757913428
|move|p2a: JUICE|Razor Shell|p1a: Hitmontop
|-damage|p1a: Hitmontop|50/100
|move|p1a: Hitmontop|Rapid Spin|p2a: JUICE
|-damage|p2a: JUICE|14/100
|-boost|p1a: Hitmontop|spe|1
|-sideend|p1: Reishiramx|Spikes|[from] move: Rapid Spin|[of] p1a: Hitmontop
|
|-heal|p1a: Hitmontop|56/100|[from] item: Leftovers
|upkeep
|turn|8
|
|t:|1757913437
|move|p1a: Hitmontop|Mach Punch|p2a: JUICE
|-supereffective|p2a: JUICE
|-crit|p2a: JUICE
|-damage|p2a: JUICE|0 fnt
|faint|p2a: JUICE
|
|-heal|p1a: Hitmontop|62/100|[from] item: Leftovers
|upkeep
|
|t:|1757913442
|switch|p2a: The Process|Dragapult, M, shiny|100/100
|turn|9
|
|t:|1757913450
|switch|p1a: Gliscor|Gliscor, M|100/100
|move|p2a: The Process|Dragon Darts|p1a: Gliscor
|-damage|p1a: Gliscor|85/100
|-anim|p2a: The Process|Dragon Darts|p1a: Gliscor
|-damage|p1a: Gliscor|69/100
|
|-status|p1a: Gliscor|tox|[from] item: Toxic Orb
|upkeep
|turn|10
|
|t:|1757913461
|switch|p2a: STEELO🗣|Heracross, F|100/100
|move|p1a: Gliscor|Toxic|p2a: STEELO🗣
|-status|p2a: STEELO🗣|tox
|
|-heal|p1a: Gliscor|82/100 tox|[from] ability: Poison Heal
|-damage|p2a: STEELO🗣|95/100 tox|[from] psn
|upkeep
|turn|11
|
|t:|1757913470
|switch|p1a: Toxapex|Toxapex, F|100/100
|move|p2a: STEELO🗣|Knock Off|p1a: Toxapex
|-damage|p1a: Toxapex|75/100
|-enditem|p1a: Toxapex|Black Sludge|[from] move: Knock Off|[of] p2a: STEELO🗣
|-damage|p2a: STEELO🗣|85/100 tox|[from] item: Life Orb
|
|-damage|p2a: STEELO🗣|73/100 tox|[from] psn
|upkeep
|turn|12
|
|t:|1757913487
|move|p2a: STEELO🗣|Megahorn|p1a: Toxapex
|-resisted|p1a: Toxapex
|-damage|p1a: Toxapex|51/100
|-damage|p2a: STEELO🗣|63/100 tox|[from] item: Life Orb
|move|p1a: Toxapex|Toxic Spikes|p2a: STEELO🗣
|-sidestart|p2: aehro7_|move: Toxic Spikes
|
|-damage|p2a: STEELO🗣|45/100 tox|[from] psn
|upkeep
|turn|13
|
|t:|1757913494
|move|p1a: Toxapex|Baneful Bunker|p1a: Toxapex
|-singleturn|p1a: Toxapex|move: Protect
|move|p2a: STEELO🗣|Brick Break|p1a: Toxapex
|-activate|p1a: Toxapex|move: Protect
|
|-damage|p2a: STEELO🗣|21/100 tox|[from] psn
|upkeep
|turn|14
|
|t:|1757913501
|move|p2a: STEELO🗣|Brick Break|p1a: Toxapex
|-resisted|p1a: Toxapex
|-crit|p1a: Toxapex
|-damage|p1a: Toxapex|28/100
|-damage|p2a: STEELO🗣|11/100 tox|[from] item: Life Orb
|move|p1a: Toxapex|Toxic Spikes|p2a: STEELO🗣
|-sidestart|p2: aehro7_|move: Toxic Spikes
|
|-damage|p2a: STEELO🗣|0 fnt|[from] psn
|faint|p2a: STEELO🗣
|upkeep
|
|t:|1757913505
|switch|p2a: The Prophecy|Cinderace, M|100/100
|turn|15
|
|t:|1757913515
|switch|p1a: Gliscor|Gliscor, M|82/100 tox
|move|p2a: The Prophecy|Bulk Up|p2a: The Prophecy
|-start|p2a: The Prophecy|typechange|Fighting|[from] ability: Libero
|-boost|p2a: The Prophecy|atk|1
|-boost|p2a: The Prophecy|def|1
|
|-heal|p1a: Gliscor|94/100 tox|[from] ability: Poison Heal
|upkeep
|turn|16
|
|t:|1757913531
|move|p2a: The Prophecy|High Jump Kick|p1a: Gliscor
|-resisted|p1a: Gliscor
|-damage|p1a: Gliscor|57/100 tox
|move|p1a: Gliscor|Toxic|p2a: The Prophecy
|-status|p2a: The Prophecy|tox
|
|-damage|p2a: The Prophecy|95/100 tox|[from] psn
|-heal|p1a: Gliscor|70/100 tox|[from] ability: Poison Heal
|upkeep
|turn|17
|
|t:|1757913540
|move|p1a: Gliscor|Protect|p1a: Gliscor
|-singleturn|p1a: Gliscor|Protect
|move|p2a: The Prophecy|Bulk Up|p2a: The Prophecy
|-boost|p2a: The Prophecy|atk|1
|-boost|p2a: The Prophecy|def|1
|
|-damage|p2a: The Prophecy|83/100 tox|[from] psn
|-heal|p1a: Gliscor|82/100 tox|[from] ability: Poison Heal
|upkeep
|turn|18
|
|t:|1757913550
|switch|p1a: Dragapult|Dragapult, F|100/100
|move|p2a: The Prophecy|Pyro Ball|p1a: Dragapult
|-resisted|p1a: Dragapult
|-damage|p1a: Dragapult|55/100
|
|-damage|p2a: The Prophecy|65/100 tox|[from] psn
|upkeep
|turn|19
|
|t:|1757913564
|move|p2a: The Prophecy|Sucker Punch|p1a: Dragapult
|-supereffective|p1a: Dragapult
|-damage|p1a: Dragapult|0 fnt
|faint|p1a: Dragapult
|
|-damage|p2a: The Prophecy|41/100 tox|[from] psn
|upkeep
|
|t:|1757913570
|switch|p1a: Toxapex|Toxapex, F|62/100
|turn|20
|
|t:|1757913576
|move|p2a: The Prophecy|Bulk Up|p2a: The Prophecy
|-boost|p2a: The Prophecy|atk|1
|-boost|p2a: The Prophecy|def|1
|move|p1a: Toxapex|Recover|p1a: Toxapex
|-heal|p1a: Toxapex|100/100
|
|-damage|p2a: The Prophecy|11/100 tox|[from] psn
|upkeep
|turn|21
|
|t:|1757913583
|move|p1a: Toxapex|Baneful Bunker|p1a: Toxapex
|-singleturn|p1a: Toxapex|move: Protect
|move|p2a: The Prophecy|High Jump Kick|p1a: Toxapex
|-activate|p1a: Toxapex|move: Protect
|-damage|p2a: The Prophecy|0 fnt|[from] highjumpkick
|faint|p2a: The Prophecy
|
|upkeep
|
|t:|1757913586
|switch|p2a: The Process|Dragapult, M, shiny|100/100
|-status|p2a: The Process|tox
|turn|22
|
|t:|1757913595
|move|p2a: The Process|Thunderbolt|p1a: Toxapex
|-supereffective|p1a: Toxapex
|-damage|p1a: Toxapex|60/100
|move|p1a: Toxapex|Infestation|p2a: The Process
|-resisted|p2a: The Process
|-damage|p2a: The Process|99/100 tox
|-activate|p2a: The Process|move: Infestation|[of] p1a: Toxapex
|
|-damage|p2a: The Process|93/100 tox|[from] psn
|-damage|p2a: The Process|81/100 tox|[from] move: Infestation|[partiallytrapped]
|upkeep
|turn|23
|
|t:|1757913604
|move|p1a: Toxapex|Baneful Bunker|p1a: Toxapex
|-singleturn|p1a: Toxapex|move: Protect
|move|p2a: The Process|Thunderbolt|p1a: Toxapex
|-activate|p1a: Toxapex|move: Protect
|
|-damage|p2a: The Process|69/100 tox|[from] psn
|-damage|p2a: The Process|57/100 tox|[from] move: Infestation|[partiallytrapped]
|upkeep
|turn|24
|
|t:|1757913612
|move|p2a: The Process|Thunderbolt|p1a: Toxapex
|-supereffective|p1a: Toxapex
|-damage|p1a: Toxapex|14/100
|move|p1a: Toxapex|Recover|p1a: Toxapex
|-heal|p1a: Toxapex|64/100
|
|-damage|p2a: The Process|39/100 tox|[from] psn
|-damage|p2a: The Process|26/100 tox|[from] move: Infestation|[partiallytrapped]
|upkeep
|turn|25
|
|t:|1757913620
|move|p1a: Toxapex|Baneful Bunker|p1a: Toxapex
|-singleturn|p1a: Toxapex|move: Protect
|move|p2a: The Process|Thunderbolt|p1a: Toxapex
|-activate|p1a: Toxapex|move: Protect
|
|-damage|p2a: The Process|2/100 tox|[from] psn
|-damage|p2a: The Process|0 fnt|[from] move: Infestation|[partiallytrapped]
|faint|p2a: The Process
|
|win|Reishiramx
|raw|Reishiramx's rating: 1105 &rarr; <strong>1131</strong><br />(+26 for winning)
|raw|aehro7_'s rating: 1119 &rarr; <strong>1093</strong><br />(-26 for losing)
|l|☆aehro7_
|player|p2|
|c|☆Reishiramx|weakass
|l|☆Reishiramx
|player|p1|
