|j|☆RighteousHideous
|j|☆doombot682
|t:|1757898419
|gametype|singles
|player|p1|RighteousHideous|170|1344
|player|p2|doombot682|larry|1366
|gen|9
|tier|[Gen 9] OU
|rated|
|rule|HP Percentage Mod: HP is shown in percentages
|rule|Endless Battle Clause: Forcing endless battles is banned
|rule|Species Clause: Limit one of each Pokémon
|rule|OHKO Clause: OHKO moves are banned
|rule|Evasion Items Clause: Evasion items are banned
|rule|Evasion Moves Clause: Evasion moves are banned
|rule|Evasion Abilities Clause: Evasion abilities are banned
|rule|Sleep Moves Clause: Sleep-inducing moves are banned
|clearpoke
|poke|p1|Corviknight, M|
|poke|p1|Lycanroc-Dusk, F|
|poke|p1|Slowking-Galar, M|
|poke|p1|Samurott-Hisui, M|
|poke|p1|Comfey, F|
|poke|p1|Walking Wake|
|poke|p2|Indeedee, M|
|poke|p2|Hatterene, F|
|poke|p2|Ursaluna, F|
|poke|p2|Iron Hands|
|poke|p2|Hoopa-Unbound|
|poke|p2|Mimikyu, F|
|teampreview
|inactive|Battle timer is ON: inactive players will automatically lose when time's up. (requested by doombot682)
|
|t:|1757898430
|teamsize|p1|6
|teamsize|p2|6
|start
|switch|p1a: Lycanroc|Lycanroc-Dusk, F|100/100
|switch|p2a: Iron Hands|Iron Hands, shiny|100/100
|-enditem|p2a: Iron Hands|Booster Energy
|-activate|p2a: Iron Hands|ability: Quark Drive|[fromitem]
|-start|p2a: Iron Hands|quarkdriveatk
|turn|1
|inactive|RighteousHideous has 120 seconds left.
|inactive|doombot682 has 120 seconds left.
|
|t:|1757898476
|switch|p1a: Comfey|Comfey, F|100/100
|move|p2a: Iron Hands|Close Combat|p1a: Comfey
|-resisted|p1a: Comfey
|-damage|p1a: Comfey|29/100
|-unboost|p2a: Iron Hands|def|1
|-unboost|p2a: Iron Hands|spd|1
|
|upkeep
|turn|2
|
|t:|1757898483
|move|p1a: Comfey|Draining Kiss|p2a: Iron Hands
|-supereffective|p2a: Iron Hands
|-damage|p2a: Iron Hands|41/100
|-heal|p1a: Comfey|100/100|[from] drain|[of] p2a: Iron Hands
|-damage|p1a: Comfey|91/100|[from] item: Life Orb
|move|p2a: Iron Hands|Heavy Slam|p1a: Comfey
|-supereffective|p1a: Comfey
|-damage|p1a: Comfey|0 fnt
|faint|p1a: Comfey
|
|upkeep
|inactive|RighteousHideous has 120 seconds left.
|
|t:|1757898515
|switch|p1a: Samurott|Samurott-Hisui, M|100/100
|turn|3
|inactive|doombot682 has 120 seconds left.
|
|t:|1757898533
|move|p1a: Samurott|Razor Shell|p2a: Iron Hands
|-damage|p2a: Iron Hands|0 fnt
|faint|p2a: Iron Hands
|-end|p2a: Iron Hands|Quark Drive|[silent]
|
|upkeep
|
|t:|1757898552
|switch|p2a: Mimikyu|Mimikyu, F|100/100
|turn|4
|
|t:|1757898561
|move|p1a: Samurott|Ceaseless Edge|p2a: Mimikyu
|-activate|p2a: Mimikyu|ability: Disguise
|-damage|p2a: Mimikyu|100/100
|-sidestart|p2: doombot682|Spikes
|detailschange|p2a: Mimikyu|Mimikyu-Busted, F
|-damage|p2a: Mimikyu|88/100|[from] pokemon: Mimikyu-Busted
|-enditem|p2a: Mimikyu|Red Card|[of] p1a: Samurott
|drag|p1a: Walking Wake|Walking Wake|100/100
|move|p2a: Mimikyu|Trick Room|p2a: Mimikyu
|-fieldstart|move: Trick Room|[of] p2a: Mimikyu
|
|upkeep
|turn|5
|
|t:|1757898571
|-end|p1a: Walking Wake|Protosynthesis|[silent]
|switch|p1a: Slowking|Slowking-Galar, M|100/100
|move|p2a: Mimikyu|Curse|p1a: Slowking
|-start|p1a: Slowking|Curse|[of] p2a: Mimikyu
|-damage|p2a: Mimikyu|38/100
|
|-damage|p1a: Slowking|76/100|[from] Curse
|upkeep
|turn|6
|
|t:|1757898579
|switch|p2a: Ursaluna|Ursaluna, F|100/100
|-damage|p2a: Ursaluna|88/100|[from] Spikes
|-prepare|p1a: Slowking|Chilly Reception|[premajor]
|move|p1a: Slowking|Chilly Reception|p1a: Slowking
|-weather|Snowscape
|inactive|RighteousHideous has 120 seconds left.
|
|t:|1757898621
|switch|p1a: Corviknight|Corviknight, M|100/100|[from] Chilly Reception
|-ability|p1a: Corviknight|Pressure
|
|-weather|Snowscape|[upkeep]
|-status|p2a: Ursaluna|brn|[from] item: Flame Orb
|upkeep
|turn|7
|
|t:|1757898641
|move|p2a: Ursaluna|Supercell Slam|p1a: Corviknight
|-supereffective|p1a: Corviknight
|-damage|p1a: Corviknight|34/100
|-damage|p2a: Ursaluna|72/100 brn|[from] item: Rocky Helmet|[of] p1a: Corviknight
|move|p1a: Corviknight|U-turn|p2a: Ursaluna
|-damage|p2a: Ursaluna|61/100 brn
|
|t:|1757898655
|switch|p1a: Slowking|Slowking-Galar, M|100/100|[from] U-turn
|
|-weather|Snowscape|[upkeep]
|-damage|p2a: Ursaluna|55/100 brn|[from] brn
|upkeep
|turn|8
|
|t:|1757898663
|switch|p1a: Corviknight|Corviknight, M|34/100
|-ability|p1a: Corviknight|Pressure
|move|p2a: Ursaluna|Facade|p1a: Corviknight
|-resisted|p1a: Corviknight
|-damage|p1a: Corviknight|0 fnt
|-damage|p2a: Ursaluna|39/100 brn|[from] item: Rocky Helmet|[of] p1a: Corviknight
|faint|p1a: Corviknight
|
|-weather|Snowscape|[upkeep]
|-damage|p2a: Ursaluna|33/100 brn|[from] brn
|-fieldend|move: Trick Room
|upkeep
|
|t:|1757898671
|switch|p1a: Lycanroc|Lycanroc-Dusk, F|100/100
|turn|9
|
|t:|1757898681
|move|p1a: Lycanroc|Crunch|p2a: Ursaluna
|-damage|p2a: Ursaluna|0 fnt
|faint|p2a: Ursaluna
|
|-weather|Snowscape|[upkeep]
|upkeep
|
|t:|1757898685
|switch|p2a: Mimikyu|Mimikyu-Busted, F|38/100
|-damage|p2a: Mimikyu|26/100|[from] Spikes
|turn|10
|
|t:|1757898692
|move|p1a: Lycanroc|Crunch|p2a: Mimikyu
|-damage|p2a: Mimikyu|0 fnt
|faint|p2a: Mimikyu
|
|-weather|none
|upkeep
|
|t:|1757898694
|switch|p2a: Indeedee|Indeedee, M|100/100
|-damage|p2a: Indeedee|88/100|[from] Spikes
|-fieldstart|move: Psychic Terrain|[from] ability: Psychic Surge|[of] p2a: Indeedee
|turn|11
|
|t:|1757898702
|-terastallize|p2a: Indeedee|Fairy
|move|p1a: Lycanroc|Crunch|p2a: Indeedee
|-resisted|p2a: Indeedee
|-damage|p2a: Indeedee|61/100
|-unboost|p2a: Indeedee|def|1
|move|p2a: Indeedee|Trick Room|p2a: Indeedee
|-fieldstart|move: Trick Room|[of] p2a: Indeedee
|
|upkeep
|turn|12
|
|t:|1757898710
|switch|p1a: Slowking|Slowking-Galar, M|100/100
|move|p2a: Indeedee|Healing Wish|p2a: Indeedee
|faint|p2a: Indeedee
|
|upkeep
|
|t:|1757898713
|switch|p2a: Hoopa|Hoopa-Unbound|100/100
|-damage|p2a: Hoopa|88/100|[from] Spikes
|-enditem|p2a: Hoopa|Psychic Seed
|-boost|p2a: Hoopa|spd|1|[from] item: Psychic Seed
|turn|13
|
|t:|1757898735
|move|p1a: Slowking|Thunder Wave|p2a: Hoopa
|-status|p2a: Hoopa|par
|cant|p2a: Hoopa|par
|
|upkeep
|turn|14
|
|t:|1757898760
|move|p1a: Slowking|Sludge Bomb|p2a: Hoopa
|-damage|p2a: Hoopa|72/100 par
|move|p2a: Hoopa|Hyperspace Fury|p1a: Slowking
|-supereffective|p1a: Slowking
|-crit|p1a: Slowking
|-damage|p1a: Slowking|0 fnt
|-unboost|p2a: Hoopa|def|1
|faint|p1a: Slowking
|-item|p2a: Hoopa|Heavy-Duty Boots|[from] ability: Magician|[of] p1: Slowking
|
|upkeep
|
|t:|1757898772
|switch|p1a: Samurott|Samurott-Hisui, M|100/100
|turn|15
|
|t:|1757898786
|move|p2a: Hoopa|Focus Blast|p1a: Samurott
|-supereffective|p1a: Samurott
|-damage|p1a: Samurott|29/100
|move|p1a: Samurott|Razor Shell|p2a: Hoopa
|-damage|p2a: Hoopa|0 fnt
|faint|p2a: Hoopa
|
|-fieldend|move: Trick Room
|upkeep
|
|t:|1757898792
|switch|p2a: Hatterene|Hatterene, F, shiny|100/100
|-damage|p2a: Hatterene|88/100|[from] Spikes
|turn|16
|
|t:|1757898802
|move|p1a: Samurott|Knock Off|p2a: Hatterene
|-damage|p2a: Hatterene|44/100
|-enditem|p2a: Hatterene|Life Orb|[from] move: Knock Off|[of] p1a: Samurott
|move|p2a: Hatterene|Trick Room|p2a: Hatterene
|-fieldstart|move: Trick Room|[of] p2a: Hatterene
|
|upkeep
|turn|17
|
|t:|1757898811
|move|p2a: Hatterene|Draining Kiss|p1a: Samurott
|-supereffective|p1a: Samurott
|-damage|p1a: Samurott|0 fnt
|-heal|p2a: Hatterene|70/100|[from] drain|[of] p1a: Samurott
|faint|p1a: Samurott
|
|upkeep
|
|t:|1757898819
|switch|p1a: Walking Wake|Walking Wake|100/100
|turn|18
|
|t:|1757898829
|-terastallize|p1a: Walking Wake|Water
|move|p2a: Hatterene|Expanding Force|p1a: Walking Wake
|-damage|p1a: Walking Wake|0 fnt
|faint|p1a: Walking Wake
|-end|p1a: Walking Wake|Protosynthesis|[silent]
|
|-fieldend|move: Psychic Terrain
|upkeep
|
|t:|1757898837
|switch|p1a: Lycanroc|Lycanroc-Dusk, F|100/100
|turn|19
|
|t:|1757898843
|move|p2a: Hatterene|Expanding Force|p1a: Lycanroc
|-damage|p1a: Lycanroc|17/100
|move|p1a: Lycanroc|Crunch|p2a: Hatterene
|-damage|p2a: Hatterene|10/100
|
|upkeep
|turn|20
|-message|RighteousHideous forfeited.
|
|win|doombot682
|raw|RighteousHideous's rating: 1344 &rarr; <strong>1325</strong><br />(-19 for losing)
|raw|doombot682's rating: 1366 &rarr; <strong>1385</strong><br />(+19 for winning)
|l|☆RighteousHideous
|player|p1|
|l|☆doombot682
|player|p2|
