|j|☆Jmds900
|j|☆whitertin
|t:|1757944694
|gametype|singles
|player|p1|Jmds900|102|1084
|player|p2|whitertin|170|1123
|gen|9
|tier|[Gen 9] OU
|rated|
|rule|HP Percentage Mod: HP is shown in percentages
|rule|Endless Battle Clause: Forcing endless battles is banned
|rule|Species Clause: Limit one of each Pokémon
|rule|OHKO Clause: OHKO moves are banned
|rule|Evasion Items Clause: Evasion items are banned
|rule|Evasion Moves Clause: Evasion moves are banned
|rule|Evasion Abilities Clause: Evasion abilities are banned
|rule|Sleep Moves Clause: Sleep-inducing moves are banned
|clearpoke
|poke|p1|Pelipper, M|
|poke|p1|Poliwrath, F|
|poke|p1|Umbreon, F|
|poke|p1|Weezing, M|
|poke|p1|Persian, M|
|poke|p1|Rotom-Wash|
|poke|p2|Tyranitar, M|
|poke|p2|Lokix, M|
|poke|p2|Alomomola, F|
|poke|p2|Gliscor, F|
|poke|p2|Excadrill, M|
|poke|p2|Magmortar, M|
|teampreview
|
|t:|1757944732
|teamsize|p1|6
|teamsize|p2|6
|start
|switch|p1a: Persian|Persian, M|100/100
|switch|p2a: Lokix|Lokix, M|100/100
|turn|1
|
|t:|1757944760
|move|p1a: Persian|Fake Out|p2a: Lokix
|-damage|p2a: Lokix|59/100
|-damage|p1a: Persian|91/100|[from] item: Life Orb
|cant|p2a: Lokix|flinch
|
|upkeep
|turn|2
|
|t:|1757944779
|switch|p2a: Alomomola|Alomomola, F|100/100
|move|p1a: Persian|U-turn|p2a: Alomomola
|-damage|p2a: Alomomola|89/100
|-damage|p1a: Persian|74/100|[from] item: Rocky Helmet|[of] p2a: Alomomola
|-damage|p1a: Persian|64/100|[from] item: Life Orb
|
|t:|1757944787
|switch|p1a: Umbreon|Umbreon, F|100/100|[from] U-turn
|
|upkeep
|turn|3
|
|t:|1757944798
|move|p2a: Alomomola|Wish|p2a: Alomomola
|move|p1a: Umbreon|Toxic|p2a: Alomomola
|-status|p2a: Alomomola|tox
|
|-damage|p2a: Alomomola|83/100 tox|[from] psn
|upkeep
|turn|4
|
|t:|1757944822
|switch|p1a: Persian|Persian, M|64/100
|move|p2a: Alomomola|Flip Turn|p1a: Persian
|-damage|p1a: Persian|36/100
|inactive|Battle timer is ON: inactive players will automatically lose when time's up. (requested by Jmds900)
|inactive|whitertin has 120 seconds left.
|inactive|whitertin has 90 seconds left.
|inactive|whitertin has 60 seconds left.
|inactive|whitertin has 30 seconds left.
|inactive|whitertin has 20 seconds left.
|inactive|whitertin has 15 seconds left.
|inactive|whitertin has 10 seconds left.
|inactive|whitertin has 5 seconds left.
|
|t:|1757945021
|switch|p2a: Lokix|Lokix, M|59/100|[from] Flip Turn
|
|-heal|p2a: Lokix|100/100|[from] move: Wish|[wisher] Alomomola
|upkeep
|turn|5
|
|t:|1757945033
|move|p1a: Persian|Fake Out|p2a: Lokix
|-damage|p2a: Lokix|62/100
|-damage|p1a: Persian|26/100|[from] item: Life Orb
|cant|p2a: Lokix|flinch
|
|upkeep
|turn|6
|
|t:|1757945045
|switch|p2a: Alomomola|Alomomola, F|100/100 tox
|move|p1a: Persian|Knock Off|p2a: Alomomola
|-damage|p2a: Alomomola|84/100 tox
|-damage|p1a: Persian|10/100|[from] item: Rocky Helmet|[of] p2a: Alomomola
|-enditem|p2a: Alomomola|Rocky Helmet|[from] move: Knock Off|[of] p1a: Persian
|-damage|p1a: Persian|0 fnt|[from] item: Life Orb
|faint|p1a: Persian
|
|-damage|p2a: Alomomola|78/100 tox|[from] psn
|upkeep
|
|t:|1757945067
|switch|p1a: Rotom|Rotom-Wash|100/100
|turn|7
|
|t:|1757945071
|move|p1a: Rotom|Volt Switch|p2a: Alomomola
|-supereffective|p2a: Alomomola
|-damage|p2a: Alomomola|16/100 tox
|
|t:|1757945084
|switch|p1a: Pelipper|Pelipper, M|100/100|[from] Volt Switch
|-weather|RainDance|[from] ability: Drizzle|[of] p1a: Pelipper
|move|p2a: Alomomola|Wish|p2a: Alomomola
|
|-weather|RainDance|[upkeep]
|-damage|p2a: Alomomola|3/100 tox|[from] psn
|upkeep
|turn|8
|
|t:|1757945102
|switch|p2a: Tyranitar|Tyranitar, M|100/100
|-weather|Sandstorm|[from] ability: Sand Stream|[of] p2a: Tyranitar
|move|p1a: Pelipper|U-turn|p2a: Tyranitar
|-supereffective|p2a: Tyranitar
|-damage|p2a: Tyranitar|86/100
|inactive|Jmds900 has 120 seconds left.
|
|t:|1757945122
|switch|p1a: Rotom|Rotom-Wash|100/100|[from] U-turn
|
|-weather|Sandstorm|[upkeep]
|-damage|p1a: Rotom|94/100|[from] Sandstorm
|-heal|p2a: Tyranitar|100/100|[from] move: Wish|[wisher] Alomomola
|-heal|p1a: Rotom|100/100|[from] item: Leftovers
|upkeep
|turn|9
|inactive|Jmds900 has 120 seconds left.
|
|t:|1757945142
|move|p1a: Rotom|Will-O-Wisp|p2a: Tyranitar
|-status|p2a: Tyranitar|brn
|move|p2a: Tyranitar|Stealth Rock|p1a: Rotom
|-sidestart|p1: Jmds900|move: Stealth Rock
|
|-weather|Sandstorm|[upkeep]
|-damage|p1a: Rotom|94/100|[from] Sandstorm
|-heal|p1a: Rotom|100/100|[from] item: Leftovers
|-damage|p2a: Tyranitar|94/100 brn|[from] brn
|upkeep
|turn|10
|inactive|Jmds900 has 120 seconds left.
|
|t:|1757945170
|move|p1a: Rotom|Hydro Pump|p2a: Tyranitar|[miss]
|-miss|p1a: Rotom|p2a: Tyranitar
|move|p2a: Tyranitar|Taunt|p1a: Rotom
|-start|p1a: Rotom|move: Taunt
|
|-weather|Sandstorm|[upkeep]
|-damage|p1a: Rotom|94/100|[from] Sandstorm
|-heal|p1a: Rotom|100/100|[from] item: Leftovers
|-heal|p2a: Tyranitar|100/100 brn|[from] item: Leftovers
|-damage|p2a: Tyranitar|94/100 brn|[from] brn
|upkeep
|turn|11
|inactive|whitertin has 90 seconds left.
|
|t:|1757945207
|move|p1a: Rotom|Hydro Pump|p2a: Tyranitar|[miss]
|-miss|p1a: Rotom|p2a: Tyranitar
|move|p2a: Tyranitar|Stone Edge|p1a: Rotom
|-damage|p1a: Rotom|77/100
|
|-weather|Sandstorm|[upkeep]
|-damage|p1a: Rotom|71/100|[from] Sandstorm
|-heal|p1a: Rotom|77/100|[from] item: Leftovers
|-heal|p2a: Tyranitar|100/100 brn|[from] item: Leftovers
|-damage|p2a: Tyranitar|94/100 brn|[from] brn
|upkeep
|turn|12
|inactive|Jmds900 has 90 seconds left.
|
|t:|1757945236
|move|p1a: Rotom|Volt Switch|p2a: Tyranitar
|-damage|p2a: Tyranitar|84/100 brn
|
|t:|1757945243
|switch|p1a: Umbreon|Umbreon, F|100/100|[from] Volt Switch
|-damage|p1a: Umbreon|88/100|[from] Stealth Rock
|move|p2a: Tyranitar|Stone Edge|p1a: Umbreon
|-crit|p1a: Umbreon
|-damage|p1a: Umbreon|60/100
|
|-weather|none
|-heal|p1a: Umbreon|66/100|[from] item: Leftovers
|-heal|p2a: Tyranitar|91/100 brn|[from] item: Leftovers
|-damage|p2a: Tyranitar|84/100 brn|[from] brn
|upkeep
|turn|13
|inactive|Jmds900 has 90 seconds left.
|
|t:|1757945262
|move|p1a: Umbreon|Foul Play|p2a: Tyranitar
|-resisted|p2a: Tyranitar
|-damage|p2a: Tyranitar|68/100 brn
|move|p2a: Tyranitar|Taunt|p1a: Umbreon
|-start|p1a: Umbreon|move: Taunt
|
|-heal|p1a: Umbreon|73/100|[from] item: Leftovers
|-heal|p2a: Tyranitar|74/100 brn|[from] item: Leftovers
|-damage|p2a: Tyranitar|68/100 brn|[from] brn
|upkeep
|turn|14
|
|t:|1757945280
|switch|p2a: Alomomola|Alomomola, F|37/100 tox
|move|p1a: Umbreon|Foul Play|p2a: Alomomola
|-damage|p2a: Alomomola|24/100 tox
|
|-heal|p1a: Umbreon|79/100|[from] item: Leftovers
|-damage|p2a: Alomomola|18/100 tox|[from] psn
|upkeep
|turn|15
|inactive|Jmds900 has 60 seconds left.
|
|t:|1757945309
|switch|p1a: Pelipper|Pelipper, M|100/100
|-damage|p1a: Pelipper|76/100|[from] Stealth Rock
|-weather|RainDance|[from] ability: Drizzle|[of] p1a: Pelipper
|move|p2a: Alomomola|Wish|p2a: Alomomola
|
|-weather|RainDance|[upkeep]
|-damage|p2a: Alomomola|6/100 tox|[from] psn
|upkeep
|turn|16
|inactive|Jmds900 has 60 seconds left.
|inactive|whitertin has 90 seconds left.
|inactive|whitertin has 60 seconds left.
|
|t:|1757945383
|switch|p2a: Tyranitar|Tyranitar, M|68/100 brn
|-weather|Sandstorm|[from] ability: Sand Stream|[of] p2a: Tyranitar
|move|p1a: Pelipper|U-turn|p2a: Tyranitar
|-supereffective|p2a: Tyranitar
|-damage|p2a: Tyranitar|53/100 brn
|inactive|Jmds900 has 60 seconds left.
|inactive|Jmds900 has 30 seconds left.
|inactive|Jmds900 has 20 seconds left.
|
|t:|1757945432
|switch|p1a: Poliwrath|Poliwrath, F|100/100|[from] U-turn
|-damage|p1a: Poliwrath|94/100|[from] Stealth Rock
|
|-weather|Sandstorm|[upkeep]
|-damage|p1a: Poliwrath|88/100|[from] Sandstorm
|-heal|p2a: Tyranitar|100/100 brn|[from] move: Wish|[wisher] Alomomola
|-damage|p2a: Tyranitar|94/100 brn|[from] brn
|upkeep
|turn|17
|inactive|Jmds900 has 30 seconds left this turn.
|inactive|Jmds900 has 20 seconds left.
|
|t:|1757945446
|move|p1a: Poliwrath|Drain Punch|p2a: Tyranitar
|-supereffective|p2a: Tyranitar
|-damage|p2a: Tyranitar|0 fnt
|-heal|p1a: Poliwrath|100/100|[from] drain|[of] p2a: Tyranitar
|faint|p2a: Tyranitar
|
|-weather|Sandstorm|[upkeep]
|-damage|p1a: Poliwrath|94/100|[from] Sandstorm
|upkeep
|
|t:|1757945455
|switch|p2a: Magmortar|Magmortar, M|100/100
|turn|18
|
|t:|1757945459
|switch|p1a: Pelipper|Pelipper, M|76/100
|-damage|p1a: Pelipper|51/100|[from] Stealth Rock
|-weather|RainDance|[from] ability: Drizzle|[of] p1a: Pelipper
|move|p2a: Magmortar|Thunderbolt|p1a: Pelipper
|-supereffective|p1a: Pelipper
|-crit|p1a: Pelipper
|-damage|p1a: Pelipper|0 fnt
|faint|p1a: Pelipper
|
|-weather|RainDance|[upkeep]
|upkeep
|inactive|Jmds900 has 30 seconds left.
|
|t:|1757945472
|switch|p1a: Poliwrath|Poliwrath, F|94/100
|-damage|p1a: Poliwrath|88/100|[from] Stealth Rock
|turn|19
|
|t:|1757945486
|switch|p2a: Alomomola|Alomomola, F|39/100 tox
|-terastallize|p1a: Poliwrath|Water
|move|p1a: Poliwrath|Liquidation|p2a: Alomomola
|-resisted|p2a: Alomomola
|-damage|p2a: Alomomola|20/100 tox
|
|-weather|RainDance|[upkeep]
|-damage|p2a: Alomomola|14/100 tox|[from] psn
|upkeep
|turn|20
|inactive|whitertin has 60 seconds left.
|
|t:|1757945504
|move|p1a: Poliwrath|Belly Drum|p1a: Poliwrath
|-damage|p1a: Poliwrath|38/100
|-setboost|p1a: Poliwrath|atk|6|[from] move: Belly Drum
|-enditem|p1a: Poliwrath|Sitrus Berry|[eat]
|-heal|p1a: Poliwrath|63/100|[from] item: Sitrus Berry
|move|p2a: Alomomola|Wish|p2a: Alomomola
|
|-weather|RainDance|[upkeep]
|-damage|p2a: Alomomola|2/100 tox|[from] psn
|upkeep
|turn|21
|
|t:|1757945516
|move|p2a: Alomomola|Protect|p2a: Alomomola
|-singleturn|p2a: Alomomola|Protect
|move|p1a: Poliwrath|Liquidation|p2a: Alomomola
|-activate|p2a: Alomomola|move: Protect
|
|-weather|RainDance|[upkeep]
|-heal|p2a: Alomomola|52/100 tox|[from] move: Wish|[wisher] Alomomola
|-damage|p2a: Alomomola|33/100 tox|[from] psn
|upkeep
|turn|22
|
|t:|1757945528
|move|p1a: Poliwrath|Drain Punch|p2a: Alomomola
|-damage|p2a: Alomomola|0 fnt
|-heal|p1a: Poliwrath|90/100|[from] drain|[of] p2a: Alomomola
|faint|p2a: Alomomola
|
|-weather|RainDance|[upkeep]
|upkeep
|
|t:|1757945543
|switch|p2a: Lokix|Lokix, M|62/100
|turn|23
|
|t:|1757945549
|move|p2a: Lokix|First Impression|p1a: Poliwrath
|-damage|p1a: Poliwrath|49/100
|move|p1a: Poliwrath|Drain Punch|p2a: Lokix
|-damage|p2a: Lokix|0 fnt
|-heal|p1a: Poliwrath|76/100|[from] drain|[of] p2a: Lokix
|faint|p2a: Lokix
|
|-weather|RainDance|[upkeep]
|upkeep
|
|t:|1757945557
|switch|p2a: Gliscor|Gliscor, F|100/100
|turn|24
|inactive|Jmds900 has 60 seconds left.
|
|t:|1757945563
|move|p1a: Poliwrath|Liquidation|p2a: Gliscor
|-supereffective|p2a: Gliscor
|-damage|p2a: Gliscor|0 fnt
|faint|p2a: Gliscor
|
|-weather|RainDance|[upkeep]
|upkeep
|
|t:|1757945567
|switch|p2a: Excadrill|Excadrill, M|100/100
|turn|25
|
|t:|1757945572
|move|p1a: Poliwrath|Liquidation|p2a: Excadrill
|-supereffective|p2a: Excadrill
|-damage|p2a: Excadrill|0 fnt
|faint|p2a: Excadrill
|
|-weather|none
|upkeep
|
|t:|1757945574
|switch|p2a: Magmortar|Magmortar, M|100/100
|turn|26
|
|t:|1757945582
|move|p2a: Magmortar|Thunderbolt|p1a: Poliwrath
|-supereffective|p1a: Poliwrath
|-damage|p1a: Poliwrath|2/100
|move|p1a: Poliwrath|Liquidation|p2a: Magmortar
|-supereffective|p2a: Magmortar
|-damage|p2a: Magmortar|0 fnt
|faint|p2a: Magmortar
|
|win|Jmds900
|raw|Jmds900's rating: 1084 &rarr; <strong>1114</strong><br />(+30 for winning)
|raw|whitertin's rating: 1123 &rarr; <strong>1095</strong><br />(-28 for losing)
|l|☆whitertin
|player|p2|
|l|☆Jmds900
|player|p1|
