|j|☆Dan D Monkey
|j|☆Ab0LI1sh
|t:|1757964452
|gametype|singles
|player|p1|Dan D Monkey|265|1110
|player|p2|Ab0LI1sh|cynthia|1136
|gen|9
|tier|[Gen 9] OU
|rated|
|rule|HP Percentage Mod: HP is shown in percentages
|rule|Endless Battle Clause: Forcing endless battles is banned
|rule|Species Clause: Limit one of each Pokémon
|rule|OHKO Clause: OHKO moves are banned
|rule|Evasion Items Clause: Evasion items are banned
|rule|Evasion Moves Clause: Evasion moves are banned
|rule|Evasion Abilities Clause: Evasion abilities are banned
|rule|Sleep Moves Clause: Sleep-inducing moves are banned
|clearpoke
|poke|p1|Garchomp, F|
|poke|p1|Iron Valiant|
|poke|p1|Weavile, M|
|poke|p1|Zapdos|
|poke|p1|Blaziken, M|
|poke|p1|Great Tusk|
|poke|p2|Tyranitar, M|
|poke|p2|Gholdengo|
|poke|p2|Zamazenta-*|
|poke|p2|Rillaboom, F|
|poke|p2|Garchomp, M|
|poke|p2|Zapdos|
|teampreview
|
|t:|1757964461
|teamsize|p1|6
|teamsize|p2|6
|start
|switch|p1a: Cleave|Weavile, M|100/100
|switch|p2a: Gholdengo|Gholdengo|100/100
|-ability|p1a: Cleave|Pressure
|-item|p2a: Gholdengo|Air Balloon
|turn|1
|inactive|Battle timer is ON: inactive players will automatically lose when time's up. (requested by Ab0LI1sh)
|
|t:|1757964470
|switch|p1a: Ken|Blaziken, M|100/100
|move|p2a: Gholdengo|Thunder Wave|p1a: Ken
|-status|p1a: Ken|par
|
|upkeep
|turn|2
|
|t:|1757964477
|move|p1a: Ken|Protect|p1a: Ken
|-singleturn|p1a: Ken|Protect
|move|p2a: Gholdengo|Hex|p1a: Ken
|-activate|p1a: Ken|move: Protect
|
|-ability|p1a: Ken|Speed Boost|boost
|-boost|p1a: Ken|spe|1
|upkeep
|turn|3
|
|t:|1757964485
|move|p1a: Ken|Flare Blitz|p2a: Gholdengo
|-supereffective|p2a: Gholdengo
|-damage|p2a: Gholdengo|24/100
|-enditem|p2a: Gholdengo|Air Balloon
|-damage|p1a: Ken|69/100 par|[from] Recoil
|move|p2a: Gholdengo|Hex|p1a: Ken
|-damage|p1a: Ken|0 fnt
|faint|p1a: Ken
|
|upkeep
|
|t:|1757964497
|switch|p1a: Cleave|Weavile, M|100/100
|-ability|p1a: Cleave|Pressure
|turn|4
|
|t:|1757964502
|move|p1a: Cleave|Knock Off|p2a: Gholdengo
|-supereffective|p2a: Gholdengo
|-damage|p2a: Gholdengo|0 fnt
|faint|p2a: Gholdengo
|
|upkeep
|
|t:|1757964508
|switch|p2a: Zamazenta|Zamazenta|100/100
|-ability|p2a: Zamazenta|Dauntless Shield|boost
|-boost|p2a: Zamazenta|def|1
|turn|5
|
|t:|1757964513
|switch|p1a: Lancer|Iron Valiant|100/100
|-enditem|p1a: Lancer|Booster Energy
|-activate|p1a: Lancer|ability: Quark Drive|[fromitem]
|-start|p1a: Lancer|quarkdrivespe
|move|p2a: Zamazenta|Roar|p1a: Lancer
|-end|p1a: Lancer|Quark Drive|[silent]
|drag|p1a: Teraflop|Garchomp, F|100/100
|
|upkeep
|turn|6
|
|t:|1757964527
|move|p2a: Zamazenta|Close Combat|p1a: Teraflop
|-damage|p1a: Teraflop|46/100
|-unboost|p2a: Zamazenta|def|1
|-unboost|p2a: Zamazenta|spd|1
|-damage|p2a: Zamazenta|88/100|[from] ability: Rough Skin|[of] p1a: Teraflop
|move|p1a: Teraflop|Stealth Rock|p2a: Zamazenta
|-sidestart|p2: Ab0LI1sh|move: Stealth Rock
|
|-heal|p1a: Teraflop|52/100|[from] item: Leftovers
|upkeep
|turn|7
|
|t:|1757964538
|move|p2a: Zamazenta|Close Combat|p1a: Teraflop
|-crit|p1a: Teraflop
|-damage|p1a: Teraflop|0 fnt
|-unboost|p2a: Zamazenta|def|1
|-unboost|p2a: Zamazenta|spd|1
|-damage|p2a: Zamazenta|76/100|[from] ability: Rough Skin|[of] p1a: Teraflop
|faint|p1a: Teraflop
|
|upkeep
|
|t:|1757964547
|switch|p1a: Lancer|Iron Valiant|100/100
|turn|8
|
|t:|1757964558
|switch|p2a: Rillaboom|Rillaboom, F|100/100
|-fieldstart|move: Grassy Terrain|[from] ability: Grassy Surge|[of] p2a: Rillaboom
|move|p1a: Lancer|Moonblast|p2a: Rillaboom
|-damage|p2a: Rillaboom|37/100
|-unboost|p2a: Rillaboom|spa|1
|
|-heal|p2a: Rillaboom|43/100|[from] Grassy Terrain
|upkeep
|turn|9
|
|t:|1757964569
|move|p2a: Rillaboom|Grassy Glide|p1a: Lancer
|-damage|p1a: Lancer|51/100
|move|p1a: Lancer|Moonblast|p2a: Rillaboom
|-damage|p2a: Rillaboom|0 fnt
|faint|p2a: Rillaboom
|
|-heal|p1a: Lancer|58/100|[from] Grassy Terrain
|upkeep
|
|t:|1757964579
|switch|p2a: Zapdos|Zapdos, shiny|100/100
|turn|10
|
|t:|1757964585
|-end|p1a: Lancer|Quark Drive|[silent]
|switch|p1a: Tucker|Great Tusk|100/100
|-enditem|p1a: Tucker|Booster Energy
|-activate|p1a: Tucker|ability: Protosynthesis|[fromitem]
|-start|p1a: Tucker|protosynthesisatk
|move|p2a: Zapdos|Hurricane|p1a: Tucker
|-supereffective|p1a: Tucker
|-damage|p1a: Tucker|0 fnt
|faint|p1a: Tucker
|-end|p1a: Tucker|Protosynthesis|[silent]
|
|upkeep
|
|t:|1757964595
|switch|p1a: Cleave|Weavile, M|100/100
|-ability|p1a: Cleave|Pressure
|turn|11
|
|t:|1757964601
|switch|p2a: Zamazenta|Zamazenta|76/100
|move|p1a: Cleave|Ice Shard|p2a: Zamazenta
|-damage|p2a: Zamazenta|59/100
|
|-heal|p2a: Zamazenta|65/100|[from] Grassy Terrain
|upkeep
|turn|12
|
|t:|1757964609
|switch|p1a: Zoopy|Zapdos|100/100
|move|p2a: Zamazenta|Roar|p1a: Zoopy
|drag|p1a: Lancer|Iron Valiant|58/100
|
|-heal|p2a: Zamazenta|71/100|[from] Grassy Terrain
|-heal|p1a: Lancer|64/100|[from] Grassy Terrain
|-fieldend|move: Grassy Terrain
|upkeep
|turn|13
|
|t:|1757964619
|move|p2a: Zamazenta|Close Combat|p1a: Lancer
|-resisted|p1a: Lancer
|-crit|p1a: Lancer
|-damage|p1a: Lancer|9/100
|-unboost|p2a: Zamazenta|def|1
|-unboost|p2a: Zamazenta|spd|1
|move|p1a: Lancer|Moonblast|p2a: Zamazenta
|-supereffective|p2a: Zamazenta
|-damage|p2a: Zamazenta|0 fnt
|faint|p2a: Zamazenta
|
|upkeep
|
|t:|1757964624
|switch|p2a: Zapdos|Zapdos, shiny|100/100
|turn|14
|
|t:|1757964646
|move|p1a: Lancer|Moonblast|p2a: Zapdos
|-damage|p2a: Zapdos|47/100
|move|p2a: Zapdos|Volt Switch|p1a: Lancer
|-damage|p1a: Lancer|0 fnt
|faint|p1a: Lancer
|-end|p1a: Lancer|Quark Drive|[silent]
|
|t:|1757964652
|switch|p2a: Tyranitar|Tyranitar, M|100/100|[from] Volt Switch
|-weather|Sandstorm|[from] ability: Sand Stream|[of] p2a: Tyranitar
|
|-weather|Sandstorm|[upkeep]
|upkeep
|
|t:|1757964659
|switch|p1a: Cleave|Weavile, M|100/100
|-ability|p1a: Cleave|Pressure
|turn|15
|
|t:|1757964664
|-terastallize|p2a: Tyranitar|Fighting
|move|p1a: Cleave|Ice Shard|p2a: Tyranitar
|-damage|p2a: Tyranitar|82/100
|move|p2a: Tyranitar|Low Kick|p1a: Cleave
|-supereffective|p1a: Cleave
|-damage|p1a: Cleave|0 fnt
|faint|p1a: Cleave
|
|-weather|Sandstorm|[upkeep]
|-damage|p2a: Tyranitar|76/100|[from] Sandstorm
|upkeep
|
|t:|1757964675
|switch|p1a: Zoopy|Zapdos|100/100
|turn|16
|
|t:|1757964679
|move|p1a: Zoopy|Hurricane|p2a: Tyranitar|[miss]
|-miss|p1a: Zoopy|p2a: Tyranitar
|move|p2a: Tyranitar|Stone Edge|p1a: Zoopy|[miss]
|-miss|p2a: Tyranitar|p1a: Zoopy
|
|-weather|Sandstorm|[upkeep]
|-damage|p1a: Zoopy|94/100|[from] Sandstorm
|-damage|p2a: Tyranitar|70/100|[from] Sandstorm
|upkeep
|turn|17
|
|t:|1757964689
|move|p1a: Zoopy|Hurricane|p2a: Tyranitar
|-supereffective|p2a: Tyranitar
|-damage|p2a: Tyranitar|0 fnt
|faint|p2a: Tyranitar
|
|-weather|Sandstorm|[upkeep]
|-damage|p1a: Zoopy|88/100|[from] Sandstorm
|upkeep
|
|t:|1757964692
|switch|p2a: Zapdos|Zapdos, shiny|47/100
|turn|18
|
|t:|1757964702
|move|p1a: Zoopy|Thunderbolt|p2a: Zapdos
|-damage|p2a: Zapdos|0 fnt
|faint|p2a: Zapdos
|
|-weather|none
|upkeep
|
|t:|1757964704
|switch|p2a: Garchomp|Garchomp, M|100/100
|-damage|p2a: Garchomp|94/100|[from] Stealth Rock
|turn|19
|
|t:|1757964711
|move|p1a: Zoopy|Hurricane|p2a: Garchomp
|-damage|p2a: Garchomp|38/100
|move|p2a: Garchomp|Dragon Tail|p1a: Zoopy
|-damage|p1a: Zoopy|54/100
|
|upkeep
|turn|20
|
|t:|1757964718
|move|p1a: Zoopy|Hurricane|p2a: Garchomp
|-damage|p2a: Garchomp|0 fnt
|faint|p2a: Garchomp
|
|win|Dan D Monkey
|raw|Dan D Monkey's rating: 1110 &rarr; <strong>1137</strong><br />(+27 for winning)
|raw|Ab0LI1sh's rating: 1136 &rarr; <strong>1109</strong><br />(-27 for losing)
|l|☆Ab0LI1sh
|player|p2|
