|j|☆kshuaib734
|j|☆lzc123456
|t:|1757855358
|gametype|singles
|player|p1|kshuaib734|steven|1585
|player|p2|lzc123456|cynthia-gen4|1618
|gen|9
|tier|[Gen 9] OU
|rated|
|rule|HP Percentage Mod: HP is shown in percentages
|rule|Endless Battle Clause: Forcing endless battles is banned
|rule|Species Clause: Limit one of each Pokémon
|rule|OHKO Clause: OHKO moves are banned
|rule|Evasion Items Clause: Evasion items are banned
|rule|Evasion Moves Clause: Evasion moves are banned
|rule|Evasion Abilities Clause: Evasion abilities are banned
|rule|Sleep Moves Clause: Sleep-inducing moves are banned
|clearpoke
|poke|p1|Tyranitar, M|
|poke|p1|Overqwil, M|
|poke|p1|Pelipper, M|
|poke|p1|Quaquaval, M|
|poke|p1|Kingdra, F|
|poke|p1|Excadrill, M|
|poke|p2|Alomomola, F|
|poke|p2|Serperior, F|
|poke|p2|Garchomp, M|
|poke|p2|Iron Treads|
|poke|p2|Pelipper, M|
|poke|p2|Zamazenta-*|
|teampreview
|inactive|Battle timer is ON: inactive players will automatically lose when time's up. (requested by kshuaib734)
|
|t:|1757855373
|teamsize|p1|6
|teamsize|p2|6
|start
|switch|p1a: Tyrant's Vengeance|Kingdra, F|100/100
|switch|p2a: 盖鸥卡|Pelipper, M, shiny|100/100
|-weather|RainDance|[from] ability: Drizzle|[of] p2a: 盖鸥卡
|turn|1
|
|t:|1757855380
|switch|p2a: 脏活累活|Alomomola, F|100/100
|move|p1a: Tyrant's Vengeance|Weather Ball|p2a: 脏活累活
|-resisted|p2a: 脏活累活
|-damage|p2a: 脏活累活|70/100
|
|-weather|RainDance|[upkeep]
|upkeep
|turn|2
|
|t:|1757855395
|move|p1a: Tyrant's Vengeance|Weather Ball|p2a: 脏活累活
|-resisted|p2a: 脏活累活
|-damage|p2a: 脏活累活|42/100
|move|p2a: 脏活累活|Flip Turn|p1a: Tyrant's Vengeance
|-resisted|p1a: Tyrant's Vengeance
|-damage|p1a: Tyrant's Vengeance|94/100
|
|t:|1757855404
|switch|p2a: 蛇姐|Serperior, F, shiny|100/100|[from] Flip Turn
|
|-weather|RainDance|[upkeep]
|upkeep
|turn|3
|
|t:|1757855408
|move|p1a: Tyrant's Vengeance|Weather Ball|p2a: 蛇姐
|-resisted|p2a: 蛇姐
|-damage|p2a: 蛇姐|47/100
|move|p2a: 蛇姐|Glare|p1a: Tyrant's Vengeance
|-status|p1a: Tyrant's Vengeance|par
|
|-weather|RainDance|[upkeep]
|-heal|p2a: 蛇姐|53/100|[from] item: Leftovers
|upkeep
|turn|4
|
|t:|1757855420
|switch|p1a: Tyrant's Enforcer|Overqwil, M|100/100
|move|p2a: 蛇姐|Substitute|p2a: 蛇姐
|-start|p2a: 蛇姐|Substitute
|-damage|p2a: 蛇姐|29/100
|
|-weather|RainDance|[upkeep]
|-heal|p2a: 蛇姐|35/100|[from] item: Leftovers
|upkeep
|turn|5
|
|t:|1757855431
|switch|p1a: Tyrant's Legacy|Excadrill, M|100/100
|move|p2a: 蛇姐|Glare|p1a: Tyrant's Legacy
|-status|p1a: Tyrant's Legacy|par
|
|-weather|none
|-heal|p2a: 蛇姐|41/100|[from] item: Leftovers
|upkeep
|turn|6
|
|t:|1757855439
|move|p2a: 蛇姐|Leech Seed|p1a: Tyrant's Legacy
|-start|p1a: Tyrant's Legacy|move: Leech Seed
|cant|p1a: Tyrant's Legacy|par
|
|-heal|p2a: 蛇姐|47/100|[from] item: Leftovers
|-damage|p1a: Tyrant's Legacy|88/100 par|[from] Leech Seed|[of] p2a: 蛇姐
|-heal|p2a: 蛇姐|61/100|[silent]
|upkeep
|turn|7
|
|t:|1757855446
|move|p2a: 蛇姐|Leaf Storm|p1a: Tyrant's Legacy|[miss]
|-miss|p2a: 蛇姐|p1a: Tyrant's Legacy
|move|p1a: Tyrant's Legacy|Iron Head|p2a: 蛇姐
|-end|p2a: 蛇姐|Substitute
|-damage|p1a: Tyrant's Legacy|78/100 par|[from] item: Life Orb
|
|-heal|p2a: 蛇姐|67/100|[from] item: Leftovers
|-damage|p1a: Tyrant's Legacy|66/100 par|[from] Leech Seed|[of] p2a: 蛇姐
|-heal|p2a: 蛇姐|81/100|[silent]
|upkeep
|turn|8
|
|t:|1757855461
|switch|p1a: Tyrant's Downpour|Pelipper, M|100/100
|-weather|RainDance|[from] ability: Drizzle|[of] p1a: Tyrant's Downpour
|move|p2a: 蛇姐|Substitute|p2a: 蛇姐
|-start|p2a: 蛇姐|Substitute
|-damage|p2a: 蛇姐|57/100
|
|-weather|RainDance|[upkeep]
|-heal|p2a: 蛇姐|63/100|[from] item: Leftovers
|upkeep
|turn|9
|
|t:|1757855469
|move|p2a: 蛇姐|Glare|p1a: Tyrant's Downpour
|-status|p1a: Tyrant's Downpour|par
|move|p1a: Tyrant's Downpour|U-turn|p2a: 蛇姐
|-supereffective|p2a: 蛇姐
|-crit|p2a: 蛇姐
|-end|p2a: 蛇姐|Substitute
|
|t:|1757855476
|switch|p1a: Tyrant's Enforcer|Overqwil, M|100/100|[from] U-turn
|
|-weather|RainDance|[upkeep]
|-heal|p2a: 蛇姐|69/100|[from] item: Leftovers
|upkeep
|turn|10
|
|t:|1757855487
|switch|p2a: 减10大王|Garchomp, M, shiny|100/100
|move|p1a: Tyrant's Enforcer|Crunch|p2a: 减10大王
|-crit|p2a: 减10大王
|-damage|p2a: 减10大王|48/100
|-damage|p1a: Tyrant's Enforcer|88/100|[from] ability: Rough Skin|[of] p2a: 减10大王
|-damage|p1a: Tyrant's Enforcer|71/100|[from] item: Rocky Helmet|[of] p2a: 减10大王
|-damage|p1a: Tyrant's Enforcer|61/100|[from] item: Life Orb
|
|-weather|RainDance|[upkeep]
|upkeep
|turn|11
|
|t:|1757855497
|move|p1a: Tyrant's Enforcer|Spikes|p2a: 减10大王
|-sidestart|p2: lzc123456|Spikes
|move|p2a: 减10大王|Stealth Rock|p1a: Tyrant's Enforcer
|-sidestart|p1: kshuaib734|move: Stealth Rock
|
|-weather|RainDance|[upkeep]
|upkeep
|turn|12
|
|t:|1757855506
|-terastallize|p1a: Tyrant's Enforcer|Water
|move|p1a: Tyrant's Enforcer|Liquidation|p2a: 减10大王
|-damage|p2a: 减10大王|0 fnt
|-damage|p1a: Tyrant's Enforcer|49/100|[from] ability: Rough Skin|[of] p2a: 减10大王
|-damage|p1a: Tyrant's Enforcer|32/100|[from] item: Rocky Helmet|[of] p2a: 减10大王
|faint|p2a: 减10大王
|-damage|p1a: Tyrant's Enforcer|22/100|[from] item: Life Orb
|
|-weather|RainDance|[upkeep]
|upkeep
|inactive|lzc123456 has 120 seconds left.
|
|t:|1757855539
|switch|p2a: 小铁|Iron Treads|100/100
|-damage|p2a: 小铁|88/100|[from] Spikes
|turn|13
|
|t:|1757855543
|-terastallize|p2a: 小铁|Ghost
|move|p1a: Tyrant's Enforcer|Liquidation|p2a: 小铁
|-damage|p2a: 小铁|21/100
|-unboost|p2a: 小铁|def|1
|-damage|p1a: Tyrant's Enforcer|12/100|[from] item: Life Orb
|move|p2a: 小铁|Earthquake|p1a: Tyrant's Enforcer
|-damage|p1a: Tyrant's Enforcer|0 fnt
|faint|p1a: Tyrant's Enforcer
|
|-weather|RainDance|[upkeep]
|upkeep
|j| Nikator98
|l| Nikator98
|
|t:|1757855557
|switch|p1a: Tyrant's Endgame|Quaquaval, M|100/100
|-damage|p1a: Tyrant's Endgame|94/100|[from] Stealth Rock
|turn|14
|
|t:|1757855569
|move|p1a: Tyrant's Endgame|Aqua Step|p2a: 小铁
|-damage|p2a: 小铁|0 fnt
|-boost|p1a: Tyrant's Endgame|spe|1
|faint|p2a: 小铁
|-end|p2a: 小铁|Quark Drive|[silent]
|-ability|p1a: Tyrant's Endgame|Moxie|boost
|-boost|p1a: Tyrant's Endgame|atk|1
|-damage|p1a: Tyrant's Endgame|84/100|[from] item: Life Orb
|
|-weather|RainDance|[upkeep]
|upkeep
|
|t:|1757855572
|switch|p2a: 盾盾小狗|Zamazenta|100/100
|-damage|p2a: 盾盾小狗|88/100|[from] Spikes
|-ability|p2a: 盾盾小狗|Dauntless Shield|boost
|-boost|p2a: 盾盾小狗|def|1
|turn|15
|
|t:|1757855581
|move|p2a: 盾盾小狗|Close Combat|p1a: Tyrant's Endgame
|-crit|p1a: Tyrant's Endgame
|-damage|p1a: Tyrant's Endgame|0 fnt
|-unboost|p2a: 盾盾小狗|def|1
|-unboost|p2a: 盾盾小狗|spd|1
|faint|p1a: Tyrant's Endgame
|
|-weather|none
|upkeep
|
|t:|1757855592
|switch|p1a: Tyrant's Downpour|Pelipper, M|100/100 par
|-damage|p1a: Tyrant's Downpour|75/100 par|[from] Stealth Rock
|-weather|RainDance|[from] ability: Drizzle|[of] p1a: Tyrant's Downpour
|turn|16
|
|t:|1757855610
|switch|p2a: 脏活累活|Alomomola, F|75/100
|-damage|p2a: 脏活累活|62/100|[from] Spikes
|move|p1a: Tyrant's Downpour|Knock Off|p2a: 脏活累活
|-damage|p2a: 脏活累活|54/100
|-enditem|p2a: 脏活累活|Assault Vest|[from] move: Knock Off|[of] p1a: Tyrant's Downpour
|
|-weather|RainDance|[upkeep]
|upkeep
|turn|17
|
|t:|1757855619
|move|p2a: 脏活累活|Body Slam|p1a: Tyrant's Downpour
|-damage|p1a: Tyrant's Downpour|63/100 par
|move|p1a: Tyrant's Downpour|Hurricane|p2a: 脏活累活
|-damage|p2a: 脏活累活|23/100
|-start|p2a: 脏活累活|confusion
|
|-weather|RainDance|[upkeep]
|upkeep
|turn|18
|
|t:|1757855626
|-activate|p2a: 脏活累活|confusion
|move|p2a: 脏活累活|Flip Turn|p1a: Tyrant's Downpour
|-resisted|p1a: Tyrant's Downpour
|-damage|p1a: Tyrant's Downpour|52/100 par
|
|t:|1757855629
|switch|p2a: 盖鸥卡|Pelipper, M, shiny|100/100|[from] Flip Turn
|move|p1a: Tyrant's Downpour|U-turn|p2a: 盖鸥卡
|-resisted|p2a: 盖鸥卡
|-damage|p2a: 盖鸥卡|94/100
|
|t:|1757855637
|switch|p1a: Tyrant's Vengeance|Kingdra, F|94/100 par|[from] U-turn
|-damage|p1a: Tyrant's Vengeance|81/100 par|[from] Stealth Rock
|
|-weather|RainDance|[upkeep]
|upkeep
|turn|19
|
|t:|1757855657
|switch|p2a: 脏活累活|Alomomola, F|56/100
|-damage|p2a: 脏活累活|43/100|[from] Spikes
|move|p1a: Tyrant's Vengeance|Weather Ball|p2a: 脏活累活
|-resisted|p2a: 脏活累活
|-damage|p2a: 脏活累活|2/100
|
|-weather|RainDance|[upkeep]
|upkeep
|turn|20
|
|t:|1757855665
|cant|p1a: Tyrant's Vengeance|par
|move|p2a: 脏活累活|Flip Turn|p1a: Tyrant's Vengeance
|-resisted|p1a: Tyrant's Vengeance
|-damage|p1a: Tyrant's Vengeance|73/100 par
|
|t:|1757855667
|switch|p2a: 盾盾小狗|Zamazenta|88/100|[from] Flip Turn
|-damage|p2a: 盾盾小狗|76/100|[from] Spikes
|
|-weather|RainDance|[upkeep]
|upkeep
|turn|21
|
|t:|1757855674
|move|p2a: 盾盾小狗|Close Combat|p1a: Tyrant's Vengeance
|-damage|p1a: Tyrant's Vengeance|0 fnt
|-unboost|p2a: 盾盾小狗|def|1
|-unboost|p2a: 盾盾小狗|spd|1
|faint|p1a: Tyrant's Vengeance
|
|-weather|RainDance|[upkeep]
|upkeep
|
|t:|1757855691
|switch|p1a: Tyrant's Downpour|Pelipper, M|52/100 par
|-damage|p1a: Tyrant's Downpour|27/100 par|[from] Stealth Rock
|turn|22
|
|t:|1757855695
|move|p2a: 盾盾小狗|Close Combat|p1a: Tyrant's Downpour
|-resisted|p1a: Tyrant's Downpour
|-damage|p1a: Tyrant's Downpour|0 fnt
|-unboost|p2a: 盾盾小狗|def|1
|-unboost|p2a: 盾盾小狗|spd|1
|faint|p1a: Tyrant's Downpour
|
|-weather|RainDance|[upkeep]
|upkeep
|-message|kshuaib734 forfeited.
|
|win|lzc123456
|raw|kshuaib734's rating: 1585 &rarr; <strong>1567</strong><br />(-18 for losing)
|raw|lzc123456's rating: 1618 &rarr; <strong>1636</strong><br />(+18 for winning)
|l|☆kshuaib734
|player|p1|
|l|☆lzc123456
|player|p2|
