|j|☆luca1996
|j|☆GuiKim
|t:|1757954829
|gametype|singles
|player|p1|luca1996|boarder|1411
|player|p2|GuiKim|101|1379
|gen|9
|tier|[Gen 9] OU
|rated|
|rule|HP Percentage Mod: HP is shown in percentages
|rule|Endless Battle Clause: Forcing endless battles is banned
|rule|Species Clause: Limit one of each Pokémon
|rule|OHKO Clause: OHKO moves are banned
|rule|Evasion Items Clause: Evasion items are banned
|rule|Evasion Moves Clause: Evasion moves are banned
|rule|Evasion Abilities Clause: Evasion abilities are banned
|rule|Sleep Moves Clause: Sleep-inducing moves are banned
|clearpoke
|poke|p1|Goodra, M|
|poke|p1|Snorlax, M|
|poke|p1|Primarina, F|
|poke|p1|Cinderace, M|
|poke|p1|Primeape, M|
|poke|p1|Iron Jugulis|
|poke|p2|Toucannon, M|
|poke|p2|Gliscor, F|
|poke|p2|Dragapult, F|
|poke|p2|Zapdos|
|poke|p2|Pelipper, F|
|poke|p2|Barraskewda, F|
|teampreview
|inactive|Battle timer is ON: inactive players will automatically lose when time's up. (requested by luca1996)
|
|t:|1757954838
|teamsize|p1|6
|teamsize|p2|6
|start
|switch|p1a: Iron Jugulis|Iron Jugulis|100/100
|switch|p2a: Toucannon|Toucannon, M|100/100
|turn|1
|inactive|luca1996 has 120 seconds left.
|
|t:|1757954898
|move|p1a: Iron Jugulis|Meteor Beam||[still]
|-prepare|p1a: Iron Jugulis|Meteor Beam
|-boost|p1a: Iron Jugulis|spa|1
|-enditem|p1a: Iron Jugulis|Power Herb
|-anim|p1a: Iron Jugulis|Meteor Beam|p2a: Toucannon
|-supereffective|p2a: Toucannon
|-damage|p2a: Toucannon|22/100
|move|p2a: Toucannon|Rock Blast|p1a: Iron Jugulis
|-supereffective|p1a: Iron Jugulis
|-damage|p1a: Iron Jugulis|85/100
|-supereffective|p1a: Iron Jugulis
|-damage|p1a: Iron Jugulis|69/100
|-supereffective|p1a: Iron Jugulis
|-damage|p1a: Iron Jugulis|54/100
|-supereffective|p1a: Iron Jugulis
|-damage|p1a: Iron Jugulis|37/100
|-supereffective|p1a: Iron Jugulis
|-damage|p1a: Iron Jugulis|21/100
|-hitcount|p1a: Iron Jugulis|5
|
|upkeep
|turn|2
|
|t:|1757954904
|-singleturn|p2a: Toucannon|move: Beak Blast
|move|p1a: Iron Jugulis|Dark Pulse|p2a: Toucannon
|-damage|p2a: Toucannon|0 fnt
|faint|p2a: Toucannon
|
|upkeep
|
|t:|1757954912
|switch|p2a: Dragapult|Dragapult, F|100/100
|turn|3
|
|t:|1757954917
|move|p2a: Dragapult|Psychic Fangs|p1a: Iron Jugulis
|-immune|p1a: Iron Jugulis
|move|p1a: Iron Jugulis|Tailwind|p1a: Iron Jugulis
|-sidestart|p1: luca1996|move: Tailwind
|
|upkeep
|turn|4
|
|t:|1757954922
|switch|p2a: Pelipper|Pelipper, F|100/100
|-weather|RainDance|[from] ability: Drizzle|[of] p2a: Pelipper
|move|p1a: Iron Jugulis|Dark Pulse|p2a: Pelipper
|-damage|p2a: Pelipper|12/100
|
|-weather|RainDance|[upkeep]
|upkeep
|turn|5
|
|t:|1757954930
|move|p1a: Iron Jugulis|Dark Pulse|p2a: Pelipper
|-damage|p2a: Pelipper|0 fnt
|faint|p2a: Pelipper
|
|-weather|RainDance|[upkeep]
|upkeep
|
|t:|1757954932
|switch|p2a: Zapdos|Zapdos|100/100
|turn|6
|
|t:|1757954937
|move|p1a: Iron Jugulis|Dark Pulse|p2a: Zapdos
|-damage|p2a: Zapdos|41/100
|move|p2a: Zapdos|Weather Ball|p1a: Iron Jugulis
|-damage|p1a: Iron Jugulis|0 fnt
|faint|p1a: Iron Jugulis
|-end|p1a: Iron Jugulis|Quark Drive|[silent]
|
|-weather|RainDance|[upkeep]
|-sideend|p1: luca1996|move: Tailwind
|upkeep
|
|t:|1757954943
|switch|p1a: Goodra|Goodra, M|100/100
|turn|7
|
|t:|1757954950
|move|p2a: Zapdos|Hurricane|p1a: Goodra
|-damage|p1a: Goodra|76/100
|move|p1a: Goodra|Dragon Pulse|p2a: Zapdos
|-damage|p2a: Zapdos|0 fnt
|faint|p2a: Zapdos
|
|-weather|RainDance|[upkeep]
|upkeep
|
|t:|1757954961
|switch|p2a: Gliscor|Gliscor, F|100/100
|turn|8
|
|t:|1757954964
|-terastallize|p2a: Gliscor|Fairy
|move|p2a: Gliscor|Swords Dance|p2a: Gliscor
|-boost|p2a: Gliscor|atk|2
|move|p1a: Goodra|Ice Beam|p2a: Gliscor
|-damage|p2a: Gliscor|53/100
|-status|p2a: Gliscor|frz
|
|-weather|RainDance|[upkeep]
|upkeep
|turn|9
|
|t:|1757954970
|-curestatus|p2a: Gliscor|frz|[msg]
|move|p2a: Gliscor|Fling|p1a: Goodra
|-damage|p1a: Goodra|55/100
|-status|p1a: Goodra|tox
|-enditem|p2a: Gliscor|Toxic Orb|[from] move: Fling
|move|p1a: Goodra|Sludge Wave|p2a: Gliscor
|-supereffective|p2a: Gliscor
|-damage|p2a: Gliscor|0 fnt
|faint|p2a: Gliscor
|
|-weather|RainDance|[upkeep]
|-damage|p1a: Goodra|49/100 tox|[from] psn
|upkeep
|
|t:|1757954976
|switch|p2a: Barraskewda|Barraskewda, F|100/100
|turn|10
|
|t:|1757954986
|move|p2a: Barraskewda|Drill Run|p1a: Goodra
|-damage|p1a: Goodra|0 fnt
|-ability|p1a: Goodra|Gooey
|-unboost|p2a: Barraskewda|spe|1
|faint|p1a: Goodra
|
|-weather|RainDance|[upkeep]
|upkeep
|
|t:|1757954990
|switch|p1a: Primarina|Primarina, F|100/100
|turn|11
|
|t:|1757954992
|move|p2a: Barraskewda|Drill Run|p1a: Primarina
|-damage|p1a: Primarina|47/100
|move|p1a: Primarina|Moonblast|p2a: Barraskewda
|-damage|p2a: Barraskewda|0 fnt
|faint|p2a: Barraskewda
|
|-weather|none
|-heal|p1a: Primarina|53/100|[from] item: Leftovers
|upkeep
|
|t:|1757954997
|switch|p2a: Dragapult|Dragapult, F|100/100
|turn|12
|c|☆luca1996|gg
|
|t:|1757955000
|move|p2a: Dragapult|Psychic Fangs|p1a: Primarina
|-damage|p1a: Primarina|4/100
|move|p1a: Primarina|Moonblast|p2a: Dragapult
|-supereffective|p2a: Dragapult
|-damage|p2a: Dragapult|0 fnt
|faint|p2a: Dragapult
|
|win|luca1996
|raw|luca1996's rating: 1411 &rarr; <strong>1429</strong><br />(+18 for winning)
|raw|GuiKim's rating: 1379 &rarr; <strong>1361</strong><br />(-18 for losing)
|l|☆luca1996
|player|p1|
|l|☆GuiKim
|player|p2|
