|j|☆jchamp101
|j|☆Ncjdjcjfjcu
|t:|1757902468
|gametype|singles
|player|p1|jchamp101|101|1000
|player|p2|Ncjdjcjfjcu|scientist-gen4|1047
|gen|9
|tier|[Gen 9] OU
|rated|
|rule|HP Percentage Mod: HP is shown in percentages
|rule|Endless Battle Clause: Forcing endless battles is banned
|rule|Species Clause: Limit one of each Pokémon
|rule|OHKO Clause: OHKO moves are banned
|rule|Evasion Items Clause: Evasion items are banned
|rule|Evasion Moves Clause: Evasion moves are banned
|rule|Evasion Abilities Clause: Evasion abilities are banned
|rule|Sleep Moves Clause: Sleep-inducing moves are banned
|clearpoke
|poke|p1|Ogerpon-Wellspring, F|
|poke|p1|Kingambit, F|
|poke|p1|Landorus-Therian, M|
|poke|p1|Glimmora, M|
|poke|p1|Dragapult, F|
|poke|p1|Iron Valiant|
|poke|p2|Gliscor, F|
|poke|p2|Blissey, F|
|poke|p2|Toxapex, F|
|poke|p2|Alomomola, M|
|poke|p2|Clodsire, M|
|poke|p2|Dondozo, M|
|teampreview
|c|☆Ncjdjcjfjcu|Yay…this team for the millionth time today
|
|t:|1757902498
|teamsize|p1|6
|teamsize|p2|6
|start
|switch|p1a: Glimmora|Glimmora, M|100/100
|switch|p2a: You tried|Gliscor, F, shiny|100/100
|turn|1
|c|☆jchamp101|lol
|c|☆jchamp101|its stolen
|
|t:|1757902513
|move|p1a: Glimmora|Meteor Beam||[still]
|-prepare|p1a: Glimmora|Meteor Beam
|-boost|p1a: Glimmora|spa|1
|-enditem|p1a: Glimmora|Power Herb
|-anim|p1a: Glimmora|Meteor Beam|p2a: You tried
|-damage|p2a: You tried|0 fnt
|faint|p2a: You tried
|
|upkeep
|c|☆Ncjdjcjfjcu|No shit
|c|☆jchamp101|):
|
|t:|1757902523
|switch|p2a: mud bug|Clodsire, M, shiny|100/100
|turn|2
|inactive|Battle timer is ON: inactive players will automatically lose when time's up. (requested by Ncjdjcjfjcu)
|
|t:|1757902555
|move|p1a: Glimmora|Earth Power|p2a: mud bug
|-supereffective|p2a: mud bug
|-damage|p2a: mud bug|64/100
|move|p2a: mud bug|Earthquake|p1a: Glimmora
|-supereffective|p1a: Glimmora
|-damage|p1a: Glimmora|0 fnt
|-activate|p1a: Glimmora|ability: Toxic Debris
|-sidestart|p2: Ncjdjcjfjcu|move: Toxic Spikes
|faint|p1a: Glimmora
|
|upkeep
|
|t:|1757902565
|switch|p1a: Ogerpon|Ogerpon-Wellspring, F|100/100
|turn|3
|
|t:|1757902571
|switch|p2a: Cancer|Toxapex, F|100/100
|-sideend|p2: Ncjdjcjfjcu|move: Toxic Spikes|[of] p2a: Cancer
|move|p1a: Ogerpon|Ivy Cudgel|p2a: Cancer|[anim] Ivy Cudgel Water
|-resisted|p2a: Cancer
|-damage|p2a: Cancer|81/100
|
|upkeep
|turn|4
|
|t:|1757902581
|switch|p1a: Landorus|Landorus-Therian, M|100/100
|-ability|p1a: Landorus|Intimidate|boost
|-unboost|p2a: Cancer|atk|1
|move|p2a: Cancer|Toxic|p1a: Landorus
|-status|p1a: Landorus|tox
|
|-damage|p1a: Landorus|94/100 tox|[from] psn
|upkeep
|turn|5
|inactive|jchamp101 has 120 seconds left.
|c|☆Ncjdjcjfjcu|Are you thinking about your moves or quitting
|inactive|jchamp101 has 90 seconds left.
|
|t:|1757902644
|switch|p2a: Little fish|Alomomola, M, shiny|100/100
|move|p1a: Landorus|Stealth Rock|p2a: Little fish
|-sidestart|p2: Ncjdjcjfjcu|move: Stealth Rock
|
|-damage|p1a: Landorus|82/100 tox|[from] psn
|upkeep
|turn|6
|c|☆jchamp101|mb doing homwero
|c|☆jchamp101|homework
|inactive|jchamp101 has 90 seconds left.
|
|t:|1757902663
|move|p1a: Landorus|U-turn|p2a: Little fish
|-damage|p2a: Little fish|88/100
|
|t:|1757902666
|switch|p1a: Ogerpon|Ogerpon-Wellspring, F|100/100|[from] U-turn
|move|p2a: Little fish|Wish|p2a: Little fish
|
|upkeep
|turn|7
|inactive|jchamp101 has 90 seconds left.
|
|t:|1757902676
|switch|p2a: Cancer|Toxapex, F|100/100
|move|p1a: Ogerpon|Horn Leech|p2a: Cancer
|-damage|p2a: Cancer|75/100
|
|-heal|p2a: Cancer|100/100|[from] move: Wish|[wisher] Little fish
|upkeep
|turn|8
|inactive|jchamp101 has 90 seconds left.
|
|t:|1757902688
|switch|p1a: Landorus|Landorus-Therian, M|82/100 tox
|-ability|p1a: Landorus|Intimidate|boost
|-unboost|p2a: Cancer|atk|1
|move|p2a: Cancer|Toxic|p1a: Landorus
|-fail|p1a: Landorus|tox
|
|-damage|p1a: Landorus|76/100 tox|[from] psn
|upkeep
|turn|9
|
|t:|1757902696
|move|p2a: Cancer|Baneful Bunker|p2a: Cancer
|-singleturn|p2a: Cancer|move: Protect
|move|p1a: Landorus|Earthquake|p2a: Cancer
|-activate|p2a: Cancer|move: Protect
|
|-damage|p1a: Landorus|64/100 tox|[from] psn
|upkeep
|turn|10
|
|t:|1757902706
|switch|p2a: Little fish|Alomomola, M, shiny|100/100
|move|p1a: Landorus|Earthquake|p2a: Little fish
|-damage|p2a: Little fish|74/100
|
|-damage|p1a: Landorus|46/100 tox|[from] psn
|upkeep
|turn|11
|
|t:|1757902713
|move|p2a: Little fish|Protect|p2a: Little fish
|-singleturn|p2a: Little fish|Protect
|move|p1a: Landorus|Taunt|p2a: Little fish
|-activate|p2a: Little fish|move: Protect
|
|-damage|p1a: Landorus|22/100 tox|[from] psn
|upkeep
|turn|12
|
|t:|1757902723
|switch|p1a: Iron Valiant|Iron Valiant|100/100
|-enditem|p1a: Iron Valiant|Booster Energy
|-activate|p1a: Iron Valiant|ability: Quark Drive|[fromitem]
|-start|p1a: Iron Valiant|quarkdrivespe
|move|p2a: Little fish|Flip Turn|p1a: Iron Valiant
|-damage|p1a: Iron Valiant|81/100
|
|t:|1757902726
|switch|p2a: Cancer|Toxapex, F|100/100|[from] Flip Turn
|
|upkeep
|turn|13
|inactive|jchamp101 has 120 seconds left.
|
|t:|1757902733
|-terastallize|p1a: Iron Valiant|Steel
|move|p1a: Iron Valiant|Swords Dance|p1a: Iron Valiant
|-boost|p1a: Iron Valiant|atk|2
|move|p2a: Cancer|Toxic|p1a: Iron Valiant
|-immune|p1a: Iron Valiant
|
|upkeep
|turn|14
|
|t:|1757902740
|switch|p2a: Big fish|Dondozo, M|100/100
|move|p1a: Iron Valiant|Knock Off|p2a: Big fish
|-damage|p2a: Big fish|85/100
|-enditem|p2a: Big fish|Heavy-Duty Boots|[from] move: Knock Off|[of] p1a: Iron Valiant
|
|upkeep
|turn|15
|
|t:|1757902748
|move|p1a: Iron Valiant|Spirit Break|p2a: Big fish
|-damage|p2a: Big fish|67/100
|-unboost|p2a: Big fish|spa|1
|move|p2a: Big fish|Body Press|p1a: Iron Valiant
|-supereffective|p1a: Iron Valiant
|-damage|p1a: Iron Valiant|15/100
|
|upkeep
|turn|16
|
|t:|1757902758
|-end|p1a: Iron Valiant|Quark Drive|[silent]
|switch|p1a: Dragapult|Dragapult, F|100/100
|move|p2a: Big fish|Waterfall|p1a: Dragapult
|-resisted|p1a: Dragapult
|-damage|p1a: Dragapult|80/100
|
|upkeep
|turn|17
|
|t:|1757902776
|switch|p2a: Cancer|Toxapex, F|100/100
|move|p1a: Dragapult|Shadow Ball|p2a: Cancer
|-damage|p2a: Cancer|55/100
|-unboost|p2a: Cancer|spd|1
|
|upkeep
|turn|18
|
|t:|1757902789
|switch|p2a: Thiccccc|Blissey, F, shiny|100/100
|move|p1a: Dragapult|Shadow Ball|p2a: Thiccccc
|-immune|p2a: Thiccccc
|
|upkeep
|turn|19
|
|t:|1757902798
|switch|p1a: Landorus|Landorus-Therian, M|22/100 tox
|-ability|p1a: Landorus|Intimidate|boost
|-unboost|p2a: Thiccccc|atk|1
|move|p2a: Thiccccc|Stealth Rock|p1a: Landorus
|-sidestart|p1: jchamp101|move: Stealth Rock
|
|-damage|p1a: Landorus|16/100 tox|[from] psn
|upkeep
|turn|20
|
|t:|1757902807
|move|p2a: Thiccccc|Protect|p2a: Thiccccc
|-singleturn|p2a: Thiccccc|Protect
|move|p1a: Landorus|U-turn|p2a: Thiccccc
|-activate|p2a: Thiccccc|move: Protect
|
|-damage|p1a: Landorus|4/100 tox|[from] psn
|upkeep
|turn|21
|
|t:|1757902814
|switch|p2a: Little fish|Alomomola, M, shiny|100/100
|move|p1a: Landorus|U-turn|p2a: Little fish
|-damage|p2a: Little fish|89/100
|
|t:|1757902823
|switch|p1a: Ogerpon|Ogerpon-Wellspring, F|100/100|[from] U-turn
|-damage|p1a: Ogerpon|88/100|[from] Stealth Rock
|
|upkeep
|turn|22
|
|t:|1757902830
|switch|p2a: Cancer|Toxapex, F|88/100
|move|p1a: Ogerpon|Horn Leech|p2a: Cancer
|-damage|p2a: Cancer|64/100
|-heal|p1a: Ogerpon|100/100|[from] drain|[of] p2a: Cancer
|
|upkeep
|turn|23
|
|t:|1757902838
|move|p1a: Ogerpon|Horn Leech|p2a: Cancer
|-damage|p2a: Cancer|37/100
|move|p2a: Cancer|Toxic|p1a: Ogerpon
|-status|p1a: Ogerpon|tox
|
|-damage|p1a: Ogerpon|95/100 tox|[from] psn
|upkeep
|turn|24
|
|t:|1757902849
|move|p1a: Ogerpon|Horn Leech|p2a: Cancer
|-damage|p2a: Cancer|8/100
|-heal|p1a: Ogerpon|100/100 tox|[from] drain|[of] p2a: Cancer
|move|p2a: Cancer|Recover|p2a: Cancer
|-heal|p2a: Cancer|58/100
|
|-damage|p1a: Ogerpon|89/100 tox|[from] psn
|upkeep
|turn|25
|-message|jchamp101 forfeited.
|
|win|Ncjdjcjfjcu
