|badge|p2|silver|gen9ou|30-6
|uhtml|medal-msg|<div class="broadcast-blue">Curious what those medals under the avatar are? PS now has Ladder Seasons! For more information, check out the <a href="https://www.smogon.com/forums/threads/3740067/">thread on Smogon.</a></div>
|j|☆sdgkjshdkf
|j|☆justoffu
|t:|1757846311
|gametype|singles
|player|p1|sdgkjshdkf|101|1642
|player|p2|justoffu|bugcatcher-gen4dp|1942
|gen|9
|tier|[Gen 9] OU
|rated|
|rule|HP Percentage Mod: HP is shown in percentages
|rule|Endless Battle Clause: Forcing endless battles is banned
|rule|Species Clause: Limit one of each Pokémon
|rule|OHKO Clause: OHKO moves are banned
|rule|Evasion Items Clause: Evasion items are banned
|rule|Evasion Moves Clause: Evasion moves are banned
|rule|Evasion Abilities Clause: Evasion abilities are banned
|rule|Sleep Moves Clause: Sleep-inducing moves are banned
|clearpoke
|poke|p1|Ribombee, F|
|poke|p1|Gholdengo|
|poke|p1|Dragonite, F|
|poke|p1|Ceruledge, M|
|poke|p1|Great Tusk|
|poke|p1|Kingambit, M|
|poke|p2|Dondozo, F|
|poke|p2|Blissey, F|
|poke|p2|Corviknight, M|
|poke|p2|Weezing-Galar, F|
|poke|p2|Gliscor, M|
|poke|p2|Toxapex, M|
|teampreview
|j| amgodzchild
|inactive|Battle timer is ON: inactive players will automatically lose when time's up. (requested by justoffu)
|
|t:|1757846332
|teamsize|p1|6
|teamsize|p2|6
|start
|switch|p1a: Ribombee|Ribombee, F|100/100
|switch|p2a: Gliscor|Gliscor, M|100/100
|turn|1
|
|t:|1757846337
|move|p2a: Gliscor|Protect|p2a: Gliscor
|-singleturn|p2a: Gliscor|Protect
|move|p1a: Ribombee|Sticky Web|p2a: Gliscor
|-sidestart|p2: justoffu|move: Sticky Web
|
|-status|p2a: Gliscor|tox|[from] item: Toxic Orb
|upkeep
|turn|2
|
|t:|1757846346
|move|p1a: Ribombee|Skill Swap|p2a: Gliscor
|-activate|p1a: Ribombee|move: Skill Swap|Poison Heal|Shield Dust|[of] p2a: Gliscor
|move|p2a: Gliscor|Knock Off|p1a: Ribombee
|-resisted|p1a: Ribombee
|-crit|p1a: Ribombee
|-damage|p1a: Ribombee|75/100
|-enditem|p1a: Ribombee|Focus Sash|[from] move: Knock Off|[of] p2a: Gliscor
|
|-damage|p2a: Gliscor|94/100 tox|[from] psn
|upkeep
|turn|3
|
|t:|1757846351
|move|p1a: Ribombee|Stun Spore||[still]
|-fail|p1a: Ribombee
|move|p2a: Gliscor|Spikes|p1a: Ribombee
|-sidestart|p1: sdgkjshdkf|Spikes
|
|-damage|p2a: Gliscor|82/100 tox|[from] psn
|upkeep
|turn|4
|
|t:|1757846357
|switch|p2a: Toxapex|Toxapex, M|100/100
|-activate|p2a: Toxapex|move: Sticky Web
|-unboost|p2a: Toxapex|spe|1
|move|p1a: Ribombee|Stun Spore|p2a: Toxapex|[miss]
|-miss|p1a: Ribombee|p2a: Toxapex
|
|upkeep
|turn|5
|
|t:|1757846360
|switch|p2a: Gliscor|Gliscor, M|82/100 tox
|move|p1a: Ribombee|Psychic Noise|p2a: Gliscor
|-damage|p2a: Gliscor|68/100 tox
|-start|p2a: Gliscor|move: Heal Block
|
|upkeep
|turn|6
|
|t:|1757846364
|move|p2a: Gliscor|Protect|p2a: Gliscor
|-singleturn|p2a: Gliscor|Protect
|move|p1a: Ribombee|Psychic Noise|p2a: Gliscor
|-activate|p2a: Gliscor|move: Protect
|
|-end|p2a: Gliscor|move: Heal Block
|upkeep
|turn|7
|
|t:|1757846370
|move|p1a: Ribombee|Psychic Noise|p2a: Gliscor
|-damage|p2a: Gliscor|54/100 tox
|-start|p2a: Gliscor|move: Heal Block
|move|p2a: Gliscor|Spikes|p1a: Ribombee
|-sidestart|p1: sdgkjshdkf|Spikes
|
|upkeep
|turn|8
|
|t:|1757846373
|move|p2a: Gliscor|Protect|p2a: Gliscor
|-singleturn|p2a: Gliscor|Protect
|move|p1a: Ribombee|Psychic Noise|p2a: Gliscor
|-activate|p2a: Gliscor|move: Protect
|
|-end|p2a: Gliscor|move: Heal Block
|upkeep
|turn|9
|
|t:|1757846375
|switch|p2a: Toxapex|Toxapex, M|100/100
|-activate|p2a: Toxapex|move: Sticky Web
|-unboost|p2a: Toxapex|spe|1
|move|p1a: Ribombee|Psychic Noise|p2a: Toxapex
|-supereffective|p2a: Toxapex
|-damage|p2a: Toxapex|79/100
|-start|p2a: Toxapex|move: Heal Block
|
|upkeep
|turn|10
|
|t:|1757846377
|move|p1a: Ribombee|Psychic Noise|p2a: Toxapex
|-supereffective|p2a: Toxapex
|-damage|p2a: Toxapex|54/100
|move|p2a: Toxapex|Toxic|p1a: Ribombee
|-status|p1a: Ribombee|tox
|
|-heal|p1a: Ribombee|88/100 tox|[from] ability: Poison Heal
|-end|p2a: Toxapex|move: Heal Block
|upkeep
|turn|11
|
|t:|1757846380
|move|p1a: Ribombee|Stun Spore|p2a: Toxapex
|-status|p2a: Toxapex|par
|move|p2a: Toxapex|Toxic Spikes|p1a: Ribombee
|-sidestart|p1: sdgkjshdkf|move: Toxic Spikes
|
|-heal|p2a: Toxapex|61/100 par|[from] item: Leftovers
|-heal|p1a: Ribombee|99/100 tox|[from] ability: Poison Heal
|upkeep
|turn|12
|
|t:|1757846387
|move|p1a: Ribombee|Psychic Noise|p2a: Toxapex
|-supereffective|p2a: Toxapex
|-damage|p2a: Toxapex|36/100 par
|-start|p2a: Toxapex|move: Heal Block
|cant|p2a: Toxapex|move: Heal Block|Recover
|
|-heal|p1a: Ribombee|100/100 tox|[from] ability: Poison Heal
|upkeep
|turn|13
|
|t:|1757846395
|switch|p2a: Blissey|Blissey, F|100/100
|-activate|p2a: Blissey|move: Sticky Web
|-unboost|p2a: Blissey|spe|1
|move|p1a: Ribombee|Psychic Noise|p2a: Blissey
|-damage|p2a: Blissey|95/100
|-start|p2a: Blissey|move: Heal Block
|
|upkeep
|turn|14
|
|t:|1757846398
|switch|p2a: Toxapex|Toxapex, M|69/100 par
|-activate|p2a: Toxapex|move: Sticky Web
|-unboost|p2a: Toxapex|spe|1
|move|p1a: Ribombee|Stun Spore|p2a: Toxapex|[miss]
|-miss|p1a: Ribombee|p2a: Toxapex
|
|-heal|p2a: Toxapex|75/100 par|[from] item: Leftovers
|upkeep
|turn|15
|
|t:|1757846400
|switch|p2a: Blissey|Blissey, F|95/100
|-activate|p2a: Blissey|move: Sticky Web
|-unboost|p2a: Blissey|spe|1
|move|p1a: Ribombee|Psychic Noise|p2a: Blissey
|-damage|p2a: Blissey|90/100
|-start|p2a: Blissey|move: Heal Block
|
|upkeep
|turn|16
|
|t:|1757846402
|switch|p2a: Toxapex|Toxapex, M|100/100 par
|-activate|p2a: Toxapex|move: Sticky Web
|-unboost|p2a: Toxapex|spe|1
|move|p1a: Ribombee|Psychic Noise|p2a: Toxapex
|-supereffective|p2a: Toxapex
|-damage|p2a: Toxapex|79/100 par
|-start|p2a: Toxapex|move: Heal Block
|
|upkeep
|turn|17
|
|t:|1757846405
|switch|p2a: Blissey|Blissey, F|90/100
|-activate|p2a: Blissey|move: Sticky Web
|-unboost|p2a: Blissey|spe|1
|move|p1a: Ribombee|Psychic Noise|p2a: Blissey
|-damage|p2a: Blissey|85/100
|-start|p2a: Blissey|move: Heal Block
|
|upkeep
|turn|18
|
|t:|1757846408
|switch|p2a: Toxapex|Toxapex, M|100/100 par
|-activate|p2a: Toxapex|move: Sticky Web
|-unboost|p2a: Toxapex|spe|1
|move|p1a: Ribombee|Psychic Noise|p2a: Toxapex
|-supereffective|p2a: Toxapex
|-damage|p2a: Toxapex|78/100 par
|-start|p2a: Toxapex|move: Heal Block
|
|upkeep
|turn|19
|
|t:|1757846415
|switch|p2a: Corviknight|Corviknight, M|100/100
|-ability|p2a: Corviknight|Pressure
|move|p1a: Ribombee|Psychic Noise|p2a: Corviknight
|-resisted|p2a: Corviknight
|-damage|p2a: Corviknight|92/100
|-start|p2a: Corviknight|move: Heal Block
|
|upkeep
|turn|20
|
|t:|1757846418
|switch|p2a: Toxapex|Toxapex, M|100/100 par
|-activate|p2a: Toxapex|move: Sticky Web
|-unboost|p2a: Toxapex|spe|1
|move|p1a: Ribombee|Stun Spore|p2a: Toxapex
|-fail|p2a: Toxapex|par
|
|upkeep
|turn|21
|
|t:|1757846421
|move|p1a: Ribombee|Psychic Noise|p2a: Toxapex
|-supereffective|p2a: Toxapex
|-damage|p2a: Toxapex|77/100 par
|-start|p2a: Toxapex|move: Heal Block
|cant|p2a: Toxapex|par
|
|upkeep
|turn|22
|
|t:|1757846429
|switch|p1a: Gholdengo|Gholdengo|100/100
|-item|p1a: Gholdengo|Air Balloon
|cant|p2a: Toxapex|par
|
|-end|p2a: Toxapex|move: Heal Block
|upkeep
|turn|23
|
|t:|1757846432
|switch|p2a: Blissey|Blissey, F|85/100
|-activate|p2a: Blissey|move: Sticky Web
|-unboost|p2a: Blissey|spe|1
|move|p1a: Gholdengo|Nasty Plot|p1a: Gholdengo
|-boost|p1a: Gholdengo|spa|2
|
|-heal|p2a: Blissey|91/100|[from] item: Leftovers
|upkeep
|turn|24
|
|t:|1757846435
|move|p1a: Gholdengo|Nasty Plot|p1a: Gholdengo
|-boost|p1a: Gholdengo|spa|2
|move|p2a: Blissey|Calm Mind|p2a: Blissey
|-boost|p2a: Blissey|spa|1
|-boost|p2a: Blissey|spd|1
|
|-heal|p2a: Blissey|98/100|[from] item: Leftovers
|upkeep
|turn|25
|
|t:|1757846438
|move|p1a: Gholdengo|Psyshock|p2a: Blissey
|-damage|p2a: Blissey|14/100
|move|p2a: Blissey|Calm Mind|p2a: Blissey
|-boost|p2a: Blissey|spa|1
|-boost|p2a: Blissey|spd|1
|
|-heal|p2a: Blissey|20/100|[from] item: Leftovers
|upkeep
|turn|26
|
|t:|1757846442
|-terastallize|p2a: Blissey|Dark
|move|p1a: Gholdengo|Dazzling Gleam|p2a: Blissey
|-supereffective|p2a: Blissey
|-damage|p2a: Blissey|0 fnt
|faint|p2a: Blissey
|
|upkeep
|
|t:|1757846450
|switch|p2a: Toxapex|Toxapex, M|100/100 par
|-activate|p2a: Toxapex|move: Sticky Web
|-unboost|p2a: Toxapex|spe|1
|turn|27
|
|t:|1757846452
|move|p1a: Gholdengo|Psyshock|p2a: Toxapex
|-supereffective|p2a: Toxapex
|-damage|p2a: Toxapex|0 fnt
|faint|p2a: Toxapex
|
|upkeep
|-message|justoffu forfeited.
|
|win|sdgkjshdkf
|raw|sdgkjshdkf's rating: 1620 &rarr; <strong>1655</strong><br />(+35 for winning)
|raw|justoffu's rating: 1942 &rarr; <strong>1907</strong><br />(-35 for losing)
|l|☆justoffu
|player|p2|
|l|☆sdgkjshdkf
|player|p1|
