|j|☆Yobour
|j|☆Ashurabocchi
|t:|1757798940
|gametype|singles
|player|p1|Yobour|dancer|1348
|player|p2|Ashurabocchi|dawn-gen4pt|1331
|gen|9
|tier|[Gen 9] OU
|rated|
|rule|HP Percentage Mod: HP is shown in percentages
|rule|Endless Battle Clause: Forcing endless battles is banned
|rule|Species Clause: Limit one of each Pokémon
|rule|OHKO Clause: OHKO moves are banned
|rule|Evasion Items Clause: Evasion items are banned
|rule|Evasion Moves Clause: Evasion moves are banned
|rule|Evasion Abilities Clause: Evasion abilities are banned
|rule|Sleep Moves Clause: Sleep-inducing moves are banned
|clearpoke
|poke|p1|Iron Valiant|
|poke|p1|Dragonite, M|
|poke|p1|Walking Wake|
|poke|p1|Slowking-Galar, F|
|poke|p1|Garganacl, F|
|poke|p1|Ting-Lu|
|poke|p2|Glimmora, M|
|poke|p2|Samurott-Hisui, M|
|poke|p2|Hydrapple, F|
|poke|p2|Scream Tail|
|poke|p2|Mismagius, F|
|poke|p2|Tinkaton, F|
|teampreview
|
|t:|1757798956
|teamsize|p1|6
|teamsize|p2|6
|start
|switch|p1a: Iron Valiant|Iron Valiant|100/100
|switch|p2a: Samurott|Samurott-Hisui, M, shiny|100/100
|turn|1
|inactive|Battle timer is ON: inactive players will automatically lose when time's up. (requested by Ashurabocchi)
|
|t:|1757798963
|move|p2a: Samurott|Flip Turn|p1a: Iron Valiant
|-damage|p1a: Iron Valiant|64/100
|
|t:|1757798967
|switch|p2a: Glimmora|Glimmora, M|100/100|[from] Flip Turn
|move|p1a: Iron Valiant|Moonblast|p2a: Glimmora
|-resisted|p2a: Glimmora
|-damage|p2a: Glimmora|61/100
|
|-heal|p2a: Glimmora|67/100|[from] item: Leftovers
|upkeep
|turn|2
|
|t:|1757798979
|-end|p1a: Iron Valiant|Quark Drive|[silent]
|switch|p1a: Garganacl|Garganacl, F|100/100
|move|p2a: Glimmora|Stealth Rock|p1a: Garganacl
|-sidestart|p1: Yobour|move: Stealth Rock
|
|-heal|p2a: Glimmora|73/100|[from] item: Leftovers
|upkeep
|turn|3
|
|t:|1757798987
|switch|p2a: Mismagius|Mismagius, F, shiny|100/100
|move|p1a: Garganacl|Salt Cure|p2a: Mismagius
|-damage|p2a: Mismagius|73/100
|-start|p2a: Mismagius|Salt Cure
|
|-damage|p2a: Mismagius|61/100|[from] Salt Cure
|upkeep
|turn|4
|
|t:|1757799008
|move|p2a: Mismagius|Trick|p1a: Garganacl
|-activate|p2a: Mismagius|move: Trick|[of] p1a: Garganacl
|-item|p1a: Garganacl|Choice Specs|[from] move: Trick
|-item|p2a: Mismagius|Leftovers|[from] move: Trick
|move|p1a: Garganacl|Salt Cure|p2a: Mismagius
|-damage|p2a: Mismagius|33/100
|
|-heal|p2a: Mismagius|39/100|[from] item: Leftovers
|-damage|p2a: Mismagius|27/100|[from] Salt Cure
|upkeep
|turn|5
|
|t:|1757799021
|move|p2a: Mismagius|Shadow Ball|p1a: Garganacl
|-damage|p1a: Garganacl|85/100
|move|p1a: Garganacl|Salt Cure|p2a: Mismagius
|-damage|p2a: Mismagius|2/100
|
|-heal|p2a: Mismagius|8/100|[from] item: Leftovers
|-damage|p2a: Mismagius|0 fnt|[from] Salt Cure
|faint|p2a: Mismagius
|upkeep
|
|t:|1757799025
|switch|p2a: Hydrapple|Hydrapple, F, shiny|100/100
|turn|6
|
|t:|1757799035
|switch|p1a: Slowking|Slowking-Galar, F|100/100
|move|p2a: Hydrapple|Energy Ball|p1a: Slowking
|-resisted|p1a: Slowking
|-damage|p1a: Slowking|83/100
|-unboost|p1a: Slowking|spd|1
|-damage|p2a: Hydrapple|91/100|[from] item: Life Orb
|
|upkeep
|turn|7
|
|t:|1757799045
|switch|p2a: Tinkaton|Tinkaton, F, shiny|100/100
|-ability|p2a: Tinkaton|Mold Breaker
|move|p1a: Slowking|Thunder Wave|p2a: Tinkaton
|-status|p2a: Tinkaton|par
|
|upkeep
|turn|8
|
|t:|1757799064
|move|p2a: Tinkaton|Gigaton Hammer|p1a: Slowking
|-damage|p1a: Slowking|11/100
|-prepare|p1a: Slowking|Chilly Reception|[premajor]
|move|p1a: Slowking|Chilly Reception|p1a: Slowking
|-weather|Snowscape
|inactive|Yobour has 120 seconds left.
|
|t:|1757799097
|switch|p1a: Garganacl|Garganacl, F|85/100|[from] Chilly Reception
|-damage|p1a: Garganacl|73/100|[from] Stealth Rock
|
|-weather|Snowscape|[upkeep]
|upkeep
|turn|9
|inactive|Yobour has 120 seconds left.
|
|t:|1757799104
|move|p2a: Tinkaton|Protect|p2a: Tinkaton
|-singleturn|p2a: Tinkaton|Protect
|move|p1a: Garganacl|Salt Cure|p2a: Tinkaton
|-activate|p2a: Tinkaton|move: Protect
|
|-weather|Snowscape|[upkeep]
|upkeep
|turn|10
|inactive|Yobour has 120 seconds left.
|
|t:|1757799116
|-terastallize|p1a: Garganacl|Water
|move|p2a: Tinkaton|Play Rough|p1a: Garganacl
|-damage|p1a: Garganacl|54/100
|move|p1a: Garganacl|Salt Cure|p2a: Tinkaton
|-resisted|p2a: Tinkaton
|-damage|p2a: Tinkaton|93/100 par
|-start|p2a: Tinkaton|Salt Cure
|
|-weather|Snowscape|[upkeep]
|-damage|p2a: Tinkaton|68/100 par|[from] Salt Cure
|upkeep
|turn|11
|inactive|Yobour has 120 seconds left.
|
|t:|1757799128
|switch|p2a: Samurott|Samurott-Hisui, M, shiny|100/100
|move|p1a: Garganacl|Salt Cure|p2a: Samurott
|-damage|p2a: Samurott|82/100
|-start|p2a: Samurott|Salt Cure
|
|-weather|Snowscape|[upkeep]
|-damage|p2a: Samurott|57/100|[from] Salt Cure
|upkeep
|turn|12
|
|t:|1757799136
|move|p2a: Samurott|Ceaseless Edge|p1a: Garganacl
|-damage|p1a: Garganacl|25/100
|-sidestart|p1: Yobour|Spikes
|move|p1a: Garganacl|Salt Cure|p2a: Samurott
|-damage|p2a: Samurott|39/100
|
|-weather|none
|-damage|p2a: Samurott|14/100|[from] Salt Cure
|upkeep
|turn|13
|inactive|Yobour has 120 seconds left.
|
|t:|1757799152
|switch|p1a: Slowking|Slowking-Galar, F|44/100
|move|p2a: Samurott|Ceaseless Edge|p1a: Slowking
|-supereffective|p1a: Slowking
|-damage|p1a: Slowking|0 fnt
|-sidestart|p1: Yobour|Spikes
|faint|p1a: Slowking
|
|-damage|p2a: Samurott|0 fnt|[from] Salt Cure
|faint|p2a: Samurott
|upkeep
|inactive|Yobour has 120 seconds left.
|inactive|Ashurabocchi has 120 seconds left.
|
|t:|1757799183
|switch|p2a: Hydrapple|Hydrapple, F, shiny|100/100
|switch|p1a: Walking Wake|Walking Wake|100/100
|-damage|p1a: Walking Wake|88/100|[from] Stealth Rock
|-damage|p1a: Walking Wake|72/100|[from] Spikes
|turn|14
|
|t:|1757799191
|switch|p2a: Scream Tail|Scream Tail, shiny|100/100
|move|p1a: Walking Wake|Draco Meteor|p2a: Scream Tail
|-immune|p2a: Scream Tail
|
|upkeep
|turn|15
|inactive|Yobour has 120 seconds left.
|
|t:|1757799198
|-end|p1a: Walking Wake|Protosynthesis|[silent]
|switch|p1a: Iron Valiant|Iron Valiant|64/100
|-damage|p1a: Iron Valiant|58/100|[from] Stealth Rock
|-damage|p1a: Iron Valiant|41/100|[from] Spikes
|move|p2a: Scream Tail|Dazzling Gleam|p1a: Iron Valiant
|-supereffective|p1a: Iron Valiant
|-damage|p1a: Iron Valiant|0 fnt
|faint|p1a: Iron Valiant
|-end|p1a: Iron Valiant|Quark Drive|[silent]
|
|upkeep
|inactive|Yobour has 120 seconds left.
|
|t:|1757799222
|switch|p1a: Garganacl|Garganacl, F, tera:Water|25/100
|-damage|p1a: Garganacl|13/100|[from] Stealth Rock
|-damage|p1a: Garganacl|0 fnt|[from] Spikes
|faint|p1a: Garganacl
|
|t:|1757799230
|switch|p1a: Dragonite|Dragonite, M|100/100
|turn|16
|
|t:|1757799238
|move|p1a: Dragonite|Extreme Speed|p2a: Scream Tail
|-damage|p2a: Scream Tail|76/100
|move|p2a: Scream Tail|Thunder Wave|p1a: Dragonite
|-status|p1a: Dragonite|par
|
|-heal|p2a: Scream Tail|82/100|[from] item: Leftovers
|upkeep
|turn|17
|
|t:|1757799248
|-end|p2a: Scream Tail|Protosynthesis|[silent]
|switch|p2a: Glimmora|Glimmora, M|73/100
|move|p1a: Dragonite|Dragon Dance|p1a: Dragonite
|-boost|p1a: Dragonite|atk|1
|-boost|p1a: Dragonite|spe|1
|
|-heal|p2a: Glimmora|79/100|[from] item: Leftovers
|upkeep
|turn|18
|
|t:|1757799254
|move|p1a: Dragonite|Dragon Dance|p1a: Dragonite
|-boost|p1a: Dragonite|atk|1
|-boost|p1a: Dragonite|spe|1
|move|p2a: Glimmora|Power Gem|p1a: Dragonite
|-supereffective|p1a: Dragonite
|-damage|p1a: Dragonite|62/100 par
|
|-heal|p2a: Glimmora|86/100|[from] item: Leftovers
|upkeep
|turn|19
|inactive|Yobour has 120 seconds left.
|
|t:|1757799267
|move|p1a: Dragonite|Dragon Claw|p2a: Glimmora
|-damage|p2a: Glimmora|24/100
|-activate|p2a: Glimmora|ability: Toxic Debris
|-sidestart|p1: Yobour|move: Toxic Spikes
|move|p2a: Glimmora|Power Gem|p1a: Dragonite
|-supereffective|p1a: Dragonite
|-damage|p1a: Dragonite|0 fnt
|faint|p1a: Dragonite
|
|-heal|p2a: Glimmora|30/100|[from] item: Leftovers
|upkeep
|-message|Yobour forfeited.
|
|win|Ashurabocchi
|raw|Yobour's rating: 1348 &rarr; <strong>1327</strong><br />(-21 for losing)
|raw|Ashurabocchi's rating: 1331 &rarr; <strong>1352</strong><br />(+21 for winning)
|l|☆Yobour
|player|p1|
|l|☆Ashurabocchi
|player|p2|
