|j|☆MovingStone
|j|☆smurtgurt
|t:|1757834109
|gametype|singles
|player|p1|MovingStone|265|1301
|player|p2|smurtgurt|unknown|1254
|gen|9
|tier|[Gen 9] OU
|rated|
|rule|HP Percentage Mod: HP is shown in percentages
|rule|Endless Battle Clause: Forcing endless battles is banned
|rule|Species Clause: Limit one of each Pokémon
|rule|OHKO Clause: OHKO moves are banned
|rule|Evasion Items Clause: Evasion items are banned
|rule|Evasion Moves Clause: Evasion moves are banned
|rule|Evasion Abilities Clause: Evasion abilities are banned
|rule|Sleep Moves Clause: Sleep-inducing moves are banned
|clearpoke
|poke|p1|Toxapex, F|
|poke|p1|Corviknight, M|
|poke|p1|Gliscor, M|
|poke|p1|Garganacl, F|
|poke|p1|Ting-Lu|
|poke|p1|Gholdengo|
|poke|p2|Tyranitar, F|
|poke|p2|Vikavolt, F|
|poke|p2|Diancie|
|poke|p2|Clodsire, F|
|poke|p2|Mew|
|poke|p2|Glimmora, F|
|teampreview
|inactive|Battle timer is ON: inactive players will automatically lose when time's up. (requested by MovingStone)
|
|t:|1757834125
|teamsize|p1|6
|teamsize|p2|6
|start
|switch|p1a: Gliscor|Gliscor, M|100/100
|switch|p2a: Tyranitar|Tyranitar, F|100/100
|-weather|Sandstorm|[from] ability: Sand Stream|[of] p2a: Tyranitar
|turn|1
|
|t:|1757834136
|move|p1a: Gliscor|Knock Off|p2a: Tyranitar
|-resisted|p2a: Tyranitar
|-damage|p2a: Tyranitar|95/100
|-enditem|p2a: Tyranitar|Leftovers|[from] move: Knock Off|[of] p1a: Gliscor
|move|p2a: Tyranitar|Stealth Rock|p1a: Gliscor
|-sidestart|p1: MovingStone|move: Stealth Rock
|
|-weather|Sandstorm|[upkeep]
|-status|p1a: Gliscor|tox|[from] item: Toxic Orb
|upkeep
|turn|2
|
|t:|1757834148
|move|p1a: Gliscor|Earthquake|p2a: Tyranitar
|-supereffective|p2a: Tyranitar
|-damage|p2a: Tyranitar|55/100
|move|p2a: Tyranitar|Roar|p1a: Gliscor
|drag|p1a: Toxapex|Toxapex, F, shiny|100/100
|
|-weather|Sandstorm|[upkeep]
|-damage|p1a: Toxapex|94/100|[from] Sandstorm
|upkeep
|turn|3
|
|t:|1757834162
|switch|p2a: Glimmora|Glimmora, F|100/100
|move|p1a: Toxapex|Toxic|p2a: Glimmora
|-immune|p2a: Glimmora
|
|-weather|Sandstorm|[upkeep]
|-damage|p1a: Toxapex|88/100|[from] Sandstorm
|upkeep
|turn|4
|
|t:|1757834171
|switch|p2a: Diancie|Diancie|100/100
|switch|p1a: Gliscor|Gliscor, M|100/100 tox
|-damage|p1a: Gliscor|88/100 tox|[from] Stealth Rock
|
|-weather|Sandstorm|[upkeep]
|-heal|p1a: Gliscor|100/100 tox|[from] ability: Poison Heal
|upkeep
|turn|5
|
|t:|1757834175
|move|p1a: Gliscor|Knock Off|p2a: Diancie
|-resisted|p2a: Diancie
|-damage|p2a: Diancie|91/100
|-enditem|p2a: Diancie|Power Herb|[from] move: Knock Off|[of] p1a: Gliscor
|move|p2a: Diancie|Trick Room|p2a: Diancie
|-fieldstart|move: Trick Room|[of] p2a: Diancie
|
|-weather|none
|upkeep
|turn|6
|
|t:|1757834186
|move|p1a: Gliscor|Protect|p1a: Gliscor
|-singleturn|p1a: Gliscor|Protect
|move|p2a: Diancie|Meteor Beam||[still]
|-prepare|p2a: Diancie|Meteor Beam
|-boost|p2a: Diancie|spa|1
|
|upkeep
|turn|7
|
|t:|1757834193
|switch|p1a: Ting-Lu|Ting-Lu|100/100
|-damage|p1a: Ting-Lu|94/100|[from] Stealth Rock
|-ability|p1a: Ting-Lu|Vessel of Ruin
|move|p2a: Diancie|Meteor Beam|p1a: Ting-Lu|[from] lockedmove
|-resisted|p1a: Ting-Lu
|-damage|p1a: Ting-Lu|75/100
|
|-heal|p1a: Ting-Lu|81/100|[from] item: Leftovers
|upkeep
|turn|8
|
|t:|1757834202
|move|p2a: Diancie|Draining Kiss|p1a: Ting-Lu
|-supereffective|p1a: Ting-Lu
|-damage|p1a: Ting-Lu|52/100
|-heal|p2a: Diancie|100/100|[from] drain|[of] p1a: Ting-Lu
|move|p1a: Ting-Lu|Earthquake|p2a: Diancie
|-supereffective|p2a: Diancie
|-damage|p2a: Diancie|36/100
|
|-heal|p1a: Ting-Lu|58/100|[from] item: Leftovers
|upkeep
|turn|9
|
|t:|1757834207
|move|p2a: Diancie|Draining Kiss|p1a: Ting-Lu
|-supereffective|p1a: Ting-Lu
|-damage|p1a: Ting-Lu|28/100
|-heal|p2a: Diancie|85/100|[from] drain|[of] p1a: Ting-Lu
|move|p1a: Ting-Lu|Earthquake|p2a: Diancie
|-supereffective|p2a: Diancie
|-damage|p2a: Diancie|18/100
|
|-heal|p1a: Ting-Lu|34/100|[from] item: Leftovers
|-fieldend|move: Trick Room
|upkeep
|turn|10
|
|t:|1757834213
|switch|p2a: Vikavolt|Vikavolt, F|100/100
|move|p1a: Ting-Lu|Earthquake|p2a: Vikavolt
|-immune|p2a: Vikavolt|[from] ability: Levitate
|
|-heal|p1a: Ting-Lu|40/100|[from] item: Leftovers
|upkeep
|turn|11
|
|t:|1757834223
|switch|p1a: Gliscor|Gliscor, M|100/100 tox
|-damage|p1a: Gliscor|88/100 tox|[from] Stealth Rock
|move|p2a: Vikavolt|Bug Buzz|p1a: Gliscor
|-resisted|p1a: Gliscor
|-damage|p1a: Gliscor|56/100 tox
|
|-heal|p1a: Gliscor|69/100 tox|[from] ability: Poison Heal
|upkeep
|turn|12
|
|t:|1757834249
|switch|p2a: Diancie|Diancie|18/100
|move|p1a: Gliscor|Knock Off|p2a: Diancie
|-resisted|p2a: Diancie
|-damage|p2a: Diancie|12/100
|
|-heal|p1a: Gliscor|81/100 tox|[from] ability: Poison Heal
|upkeep
|turn|13
|
|t:|1757834255
|move|p1a: Gliscor|Earthquake|p2a: Diancie
|-supereffective|p2a: Diancie
|-damage|p2a: Diancie|0 fnt
|faint|p2a: Diancie
|
|-heal|p1a: Gliscor|93/100 tox|[from] ability: Poison Heal
|upkeep
|
|t:|1757834257
|switch|p2a: Mew|Mew|100/100
|turn|14
|
|t:|1757834273
|-terastallize|p2a: Mew|Grass
|move|p2a: Mew|Skill Swap|p1a: Gliscor
|-activate|p2a: Mew|move: Skill Swap|Poison Heal|Synchronize|[of] p1a: Gliscor
|move|p1a: Gliscor|Knock Off|p2a: Mew
|-damage|p2a: Mew|88/100
|-enditem|p2a: Mew|Leftovers|[from] move: Knock Off|[of] p1a: Gliscor
|
|-damage|p1a: Gliscor|69/100 tox|[from] psn
|upkeep
|turn|15
|
|t:|1757834281
|move|p2a: Mew|Imprison|p2a: Mew
|-start|p2a: Mew|move: Imprison
|move|p1a: Gliscor|U-turn|p2a: Mew
|-supereffective|p2a: Mew
|-damage|p2a: Mew|70/100
|
|t:|1757834289
|switch|p1a: Toxapex|Toxapex, F, shiny|100/100|[from] U-turn
|
|upkeep
|turn|16
|
|t:|1757834298
|move|p2a: Mew|Trailblaze|p1a: Toxapex
|-damage|p1a: Toxapex|84/100
|-boost|p2a: Mew|spe|1
|move|p1a: Toxapex|Toxic|p2a: Mew
|-status|p2a: Mew|tox
|
|-heal|p2a: Mew|82/100 tox|[from] ability: Poison Heal
|upkeep
|turn|17
|
|t:|1757834306
|move|p2a: Mew|Trailblaze|p1a: Toxapex
|-damage|p1a: Toxapex|70/100
|-boost|p2a: Mew|spe|1
|move|p1a: Toxapex|Infestation|p2a: Mew
|-supereffective|p2a: Mew
|-damage|p2a: Mew|77/100 tox
|-activate|p2a: Mew|move: Infestation|[of] p1a: Toxapex
|
|-heal|p2a: Mew|89/100 tox|[from] ability: Poison Heal
|-damage|p2a: Mew|77/100 tox|[from] move: Infestation|[partiallytrapped]
|upkeep
|turn|18
|
|t:|1757834315
|move|p2a: Mew|Trailblaze|p1a: Toxapex
|-damage|p1a: Toxapex|54/100
|-boost|p2a: Mew|spe|1
|move|p1a: Toxapex|Recover|p1a: Toxapex
|-heal|p1a: Toxapex|100/100
|
|-heal|p2a: Mew|89/100 tox|[from] ability: Poison Heal
|-damage|p2a: Mew|77/100 tox|[from] move: Infestation|[partiallytrapped]
|upkeep
|turn|19
|
|t:|1757834325
|move|p2a: Mew|Trailblaze|p1a: Toxapex
|-damage|p1a: Toxapex|84/100
|-boost|p2a: Mew|spe|1
|move|p1a: Toxapex|Haze|p1a: Toxapex
|-clearallboost
|
|-heal|p2a: Mew|89/100 tox|[from] ability: Poison Heal
|-damage|p2a: Mew|77/100 tox|[from] move: Infestation|[partiallytrapped]
|upkeep
|turn|20
|
|t:|1757834329
|move|p2a: Mew|Trailblaze|p1a: Toxapex
|-damage|p1a: Toxapex|69/100
|-boost|p2a: Mew|spe|1
|move|p1a: Toxapex|Infestation|p2a: Mew
|-supereffective|p2a: Mew
|-damage|p2a: Mew|72/100 tox
|
|-heal|p2a: Mew|84/100 tox|[from] ability: Poison Heal
|-damage|p2a: Mew|72/100 tox|[from] move: Infestation|[partiallytrapped]
|upkeep
|turn|21
|
|t:|1757834338
|move|p2a: Mew|Trailblaze|p1a: Toxapex
|-damage|p1a: Toxapex|52/100
|-boost|p2a: Mew|spe|1
|move|p1a: Toxapex|Infestation|p2a: Mew
|-supereffective|p2a: Mew
|-damage|p2a: Mew|67/100 tox
|
|-heal|p2a: Mew|79/100 tox|[from] ability: Poison Heal
|-damage|p2a: Mew|67/100 tox|[from] move: Infestation|[partiallytrapped]
|upkeep
|turn|22
|
|t:|1757834342
|move|p2a: Mew|Trailblaze|p1a: Toxapex
|-damage|p1a: Toxapex|37/100
|-boost|p2a: Mew|spe|1
|move|p1a: Toxapex|Infestation|p2a: Mew
|-supereffective|p2a: Mew
|-damage|p2a: Mew|62/100 tox
|
|-heal|p2a: Mew|74/100 tox|[from] ability: Poison Heal
|-end|p2a: Mew|Infestation|[partiallytrapped]
|upkeep
|turn|23
|
|t:|1757834346
|move|p2a: Mew|Trailblaze|p1a: Toxapex
|-damage|p1a: Toxapex|22/100
|-boost|p2a: Mew|spe|1
|move|p1a: Toxapex|Infestation|p2a: Mew
|-supereffective|p2a: Mew
|-damage|p2a: Mew|69/100 tox
|-activate|p2a: Mew|move: Infestation|[of] p1a: Toxapex
|
|-heal|p2a: Mew|81/100 tox|[from] ability: Poison Heal
|-damage|p2a: Mew|69/100 tox|[from] move: Infestation|[partiallytrapped]
|upkeep
|turn|24
|
|t:|1757834349
|move|p2a: Mew|Trailblaze|p1a: Toxapex
|-damage|p1a: Toxapex|5/100
|-boost|p2a: Mew|spe|1
|move|p1a: Toxapex|Recover|p1a: Toxapex
|-heal|p1a: Toxapex|55/100
|
|-heal|p2a: Mew|81/100 tox|[from] ability: Poison Heal
|-damage|p2a: Mew|69/100 tox|[from] move: Infestation|[partiallytrapped]
|upkeep
|turn|25
|
|t:|1757834352
|move|p2a: Mew|Trailblaze|p1a: Toxapex
|-damage|p1a: Toxapex|39/100
|-boost|p2a: Mew|spe|1
|move|p1a: Toxapex|Infestation|p2a: Mew
|-supereffective|p2a: Mew
|-damage|p2a: Mew|64/100 tox
|
|-heal|p2a: Mew|76/100 tox|[from] ability: Poison Heal
|-damage|p2a: Mew|64/100 tox|[from] move: Infestation|[partiallytrapped]
|upkeep
|turn|26
|
|t:|1757834358
|move|p2a: Mew|Trailblaze|p1a: Toxapex
|-damage|p1a: Toxapex|22/100
|move|p1a: Toxapex|Infestation|p2a: Mew
|-supereffective|p2a: Mew
|-damage|p2a: Mew|59/100 tox
|
|-heal|p2a: Mew|71/100 tox|[from] ability: Poison Heal
|-damage|p2a: Mew|59/100 tox|[from] move: Infestation|[partiallytrapped]
|upkeep
|turn|27
|
|t:|1757834361
|move|p2a: Mew|Trailblaze|p1a: Toxapex
|-damage|p1a: Toxapex|7/100
|move|p1a: Toxapex|Recover|p1a: Toxapex
|-heal|p1a: Toxapex|57/100
|
|-heal|p2a: Mew|71/100 tox|[from] ability: Poison Heal
|-damage|p2a: Mew|59/100 tox|[from] move: Infestation|[partiallytrapped]
|upkeep
|turn|28
|
|t:|1757834364
|move|p2a: Mew|Trailblaze|p1a: Toxapex
|-damage|p1a: Toxapex|40/100
|move|p1a: Toxapex|Infestation|p2a: Mew
|-supereffective|p2a: Mew
|-damage|p2a: Mew|53/100 tox
|
|-heal|p2a: Mew|66/100 tox|[from] ability: Poison Heal
|-end|p2a: Mew|Infestation|[partiallytrapped]
|upkeep
|turn|29
|
|t:|1757834367
|move|p2a: Mew|Trailblaze|p1a: Toxapex
|-damage|p1a: Toxapex|24/100
|move|p1a: Toxapex|Infestation|p2a: Mew
|-supereffective|p2a: Mew
|-damage|p2a: Mew|60/100 tox
|-activate|p2a: Mew|move: Infestation|[of] p1a: Toxapex
|
|-heal|p2a: Mew|73/100 tox|[from] ability: Poison Heal
|-damage|p2a: Mew|60/100 tox|[from] move: Infestation|[partiallytrapped]
|upkeep
|turn|30
|
|t:|1757834369
|move|p2a: Mew|Trailblaze|p1a: Toxapex
|-damage|p1a: Toxapex|7/100
|move|p1a: Toxapex|Infestation|p2a: Mew
|-supereffective|p2a: Mew
|-damage|p2a: Mew|55/100 tox
|
|-heal|p2a: Mew|67/100 tox|[from] ability: Poison Heal
|-damage|p2a: Mew|55/100 tox|[from] move: Infestation|[partiallytrapped]
|upkeep
|turn|31
|
|t:|1757834376
|switch|p1a: Corviknight|Corviknight, M, shiny|100/100
|-damage|p1a: Corviknight|88/100|[from] Stealth Rock
|move|p2a: Mew|Trailblaze|p1a: Corviknight
|-resisted|p1a: Corviknight
|-damage|p1a: Corviknight|85/100
|
|-heal|p1a: Corviknight|91/100|[from] item: Leftovers
|-heal|p2a: Mew|67/100 tox|[from] ability: Poison Heal
|-end|p2a: Mew|Infestation|[partiallytrapped]|[silent]
|upkeep
|turn|32
|
|t:|1757834399
|move|p2a: Mew|Trailblaze|p1a: Corviknight
|-resisted|p1a: Corviknight
|-damage|p1a: Corviknight|88/100
|move|p1a: Corviknight|Agility|p1a: Corviknight
|-boost|p1a: Corviknight|spe|2
|
|-heal|p1a: Corviknight|94/100|[from] item: Leftovers
|-heal|p2a: Mew|79/100 tox|[from] ability: Poison Heal
|upkeep
|turn|33
|
|t:|1757834411
|move|p2a: Mew|Transform|p1a: Corviknight
|-transform|p2a: Mew|p1a: Corviknight
|cant|p1a: Corviknight|move: Imprison|Iron Defense
|
|-heal|p1a: Corviknight|100/100|[from] item: Leftovers
|-damage|p2a: Mew|0 fnt|[from] psn
|faint|p2a: Mew
|upkeep
|c|☆MovingStone|ok
|inactive|smurtgurt has 120 seconds left.
|
|t:|1757834431
|switch|p2a: Glimmora|Glimmora, F|100/100
|turn|34
|
|t:|1757834436
|move|p1a: Corviknight|Iron Defense|p1a: Corviknight
|-boost|p1a: Corviknight|def|2
|move|p2a: Glimmora|Toxic|p1a: Corviknight
|-status|p1a: Corviknight|tox
|
|-damage|p1a: Corviknight|94/100 tox|[from] psn
|upkeep
|turn|35
|
|t:|1757834443
|switch|p2a: Clodsire|Clodsire, F|100/100
|move|p1a: Corviknight|Body Press|p2a: Clodsire
|-resisted|p2a: Clodsire
|-damage|p2a: Clodsire|91/100
|
|-heal|p1a: Corviknight|100/100 tox|[from] item: Leftovers
|-heal|p2a: Clodsire|97/100|[from] item: Leftovers
|-damage|p1a: Corviknight|88/100 tox|[from] psn
|upkeep
|turn|36
|
|t:|1757834452
|switch|p1a: Gliscor|Gliscor, M|69/100 tox
|-damage|p1a: Gliscor|56/100 tox|[from] Stealth Rock
|move|p2a: Clodsire|Bulldoze|p1a: Gliscor
|-immune|p1a: Gliscor
|
|-heal|p2a: Clodsire|100/100|[from] item: Leftovers
|-heal|p1a: Gliscor|69/100 tox|[from] ability: Poison Heal
|upkeep
|turn|37
|
|t:|1757834460
|switch|p2a: Glimmora|Glimmora, F|100/100
|move|p1a: Gliscor|Knock Off|p2a: Glimmora
|-damage|p2a: Glimmora|82/100
|-enditem|p2a: Glimmora|Leftovers|[from] move: Knock Off|[of] p1a: Gliscor
|
|-heal|p1a: Gliscor|81/100 tox|[from] ability: Poison Heal
|upkeep
|turn|38
|
|t:|1757834462
|move|p1a: Gliscor|Earthquake|p2a: Glimmora
|-supereffective|p2a: Glimmora
|-damage|p2a: Glimmora|0 fnt
|faint|p2a: Glimmora
|
|-heal|p1a: Gliscor|93/100 tox|[from] ability: Poison Heal
|upkeep
|
|t:|1757834464
|switch|p2a: Tyranitar|Tyranitar, F|55/100
|-weather|Sandstorm|[from] ability: Sand Stream|[of] p2a: Tyranitar
|turn|39
|
|t:|1757834470
|move|p1a: Gliscor|Earthquake|p2a: Tyranitar
|-supereffective|p2a: Tyranitar
|-damage|p2a: Tyranitar|17/100
|move|p2a: Tyranitar|Knock Off|p1a: Gliscor
|-damage|p1a: Gliscor|70/100 tox
|-enditem|p1a: Gliscor|Toxic Orb|[from] move: Knock Off|[of] p2a: Tyranitar
|
|-weather|Sandstorm|[upkeep]
|-heal|p1a: Gliscor|82/100 tox|[from] ability: Poison Heal
|upkeep
|turn|40
|c|☆MovingStone|oh I got poison heal back
|
|t:|1757834478
|move|p1a: Gliscor|Earthquake|p2a: Tyranitar
|-supereffective|p2a: Tyranitar
|-damage|p2a: Tyranitar|0 fnt
|faint|p2a: Tyranitar
|
|-weather|Sandstorm|[upkeep]
|-heal|p1a: Gliscor|95/100 tox|[from] ability: Poison Heal
|upkeep
|
|t:|1757834481
|switch|p2a: Vikavolt|Vikavolt, F|100/100
|turn|41
|c|☆MovingStone|maybe some tweaks to that one lmao
|
|t:|1757834488
|move|p1a: Gliscor|Knock Off|p2a: Vikavolt
|-damage|p2a: Vikavolt|80/100
|-enditem|p2a: Vikavolt|Expert Belt|[from] move: Knock Off|[of] p1a: Gliscor
|move|p2a: Vikavolt|Bug Buzz|p1a: Gliscor
|-resisted|p1a: Gliscor
|-damage|p1a: Gliscor|62/100 tox
|
|-weather|Sandstorm|[upkeep]
|-damage|p2a: Vikavolt|73/100|[from] Sandstorm
|-heal|p1a: Gliscor|74/100 tox|[from] ability: Poison Heal
|upkeep
|turn|42
|
|t:|1757834491
|move|p1a: Gliscor|Protect|p1a: Gliscor
|-singleturn|p1a: Gliscor|Protect
|move|p2a: Vikavolt|Bug Buzz|p1a: Gliscor
|-activate|p1a: Gliscor|move: Protect
|
|-weather|Sandstorm|[upkeep]
|-damage|p2a: Vikavolt|67/100|[from] Sandstorm
|-heal|p1a: Gliscor|86/100 tox|[from] ability: Poison Heal
|upkeep
|turn|43
|
|t:|1757834496
|move|p1a: Gliscor|U-turn|p2a: Vikavolt
|-damage|p2a: Vikavolt|50/100
|
|t:|1757834498
|switch|p1a: Toxapex|Toxapex, F, shiny|40/100|[from] U-turn
|move|p2a: Vikavolt|Bug Buzz|p1a: Toxapex
|-resisted|p1a: Toxapex
|-damage|p1a: Toxapex|23/100
|
|-weather|none
|upkeep
|turn|44
|
|t:|1757834503
|switch|p1a: Gliscor|Gliscor, M|86/100 tox
|-damage|p1a: Gliscor|74/100 tox|[from] Stealth Rock
|move|p2a: Vikavolt|Thunderbolt|p1a: Gliscor
|-immune|p1a: Gliscor
|
|-heal|p1a: Gliscor|86/100 tox|[from] ability: Poison Heal
|upkeep
|turn|45
|
|t:|1757834505
|move|p1a: Gliscor|Knock Off|p2a: Vikavolt
|-damage|p2a: Vikavolt|34/100
|move|p2a: Vikavolt|Bug Buzz|p1a: Gliscor
|-resisted|p1a: Gliscor
|-damage|p1a: Gliscor|52/100 tox
|
|-heal|p1a: Gliscor|64/100 tox|[from] ability: Poison Heal
|upkeep
|turn|46
|
|t:|1757834508
|move|p1a: Gliscor|Protect|p1a: Gliscor
|-singleturn|p1a: Gliscor|Protect
|move|p2a: Vikavolt|Bug Buzz|p1a: Gliscor
|-activate|p1a: Gliscor|move: Protect
|
|-heal|p1a: Gliscor|76/100 tox|[from] ability: Poison Heal
|upkeep
|turn|47
|
|t:|1757834510
|move|p1a: Gliscor|Knock Off|p2a: Vikavolt
|-damage|p2a: Vikavolt|20/100
|move|p2a: Vikavolt|Bug Buzz|p1a: Gliscor
|-resisted|p1a: Gliscor
|-damage|p1a: Gliscor|45/100 tox
|
|-heal|p1a: Gliscor|58/100 tox|[from] ability: Poison Heal
|upkeep
|turn|48
|
|t:|1757834512
|move|p1a: Gliscor|Protect|p1a: Gliscor
|-singleturn|p1a: Gliscor|Protect
|move|p2a: Vikavolt|Bug Buzz|p1a: Gliscor
|-activate|p1a: Gliscor|move: Protect
|
|-heal|p1a: Gliscor|70/100 tox|[from] ability: Poison Heal
|upkeep
|turn|49
|
|t:|1757834515
|move|p1a: Gliscor|Knock Off|p2a: Vikavolt
|-damage|p2a: Vikavolt|4/100
|move|p2a: Vikavolt|Bug Buzz|p1a: Gliscor
|-resisted|p1a: Gliscor
|-damage|p1a: Gliscor|35/100 tox
|
|-heal|p1a: Gliscor|47/100 tox|[from] ability: Poison Heal
|upkeep
|turn|50
|
|t:|1757834520
|move|p1a: Gliscor|Knock Off|p2a: Vikavolt
|-damage|p2a: Vikavolt|0 fnt
|faint|p2a: Vikavolt
|
|-heal|p1a: Gliscor|60/100 tox|[from] ability: Poison Heal
|upkeep
|-message|smurtgurt forfeited.
|
|win|MovingStone
|raw|MovingStone's rating: 1301 &rarr; <strong>1318</strong><br />(+17 for winning)
|raw|smurtgurt's rating: 1254 &rarr; <strong>1232</strong><br />(-22 for losing)
|l|☆smurtgurt
|player|p2|
|l|☆MovingStone
|player|p1|
