|j|‽DiceyRice
|j|☆oehtwashere
|t:|1757861138
|gametype|singles
|player|p1|DiceyRice|hilda-wonderlauncher|1643
|player|p2|oehtwashere|supernerd|1695
|gen|9
|tier|[Gen 9] OU
|rated|
|rule|HP Percentage Mod: HP is shown in percentages
|rule|Endless Battle Clause: Forcing endless battles is banned
|rule|Species Clause: Limit one of each Pokémon
|rule|OHKO Clause: OHKO moves are banned
|rule|Evasion Items Clause: Evasion items are banned
|rule|Evasion Moves Clause: Evasion moves are banned
|rule|Evasion Abilities Clause: Evasion abilities are banned
|rule|Sleep Moves Clause: Sleep-inducing moves are banned
|clearpoke
|poke|p1|Kingambit, M|
|poke|p1|Zamazenta-*|
|poke|p1|Weezing-Galar, F|
|poke|p1|Gliscor, F|
|poke|p1|Porygon2|
|poke|p1|Alomomola, M|
|poke|p2|Raikou|
|poke|p2|Samurott-Hisui, M|
|poke|p2|Gliscor, F|
|poke|p2|Zamazenta-*|
|poke|p2|Sinistcha|
|poke|p2|Corviknight, M|
|teampreview
|inactive|Battle timer is ON: inactive players will automatically lose when time's up. (requested by oehtwashere)
|
|t:|1757861156
|teamsize|p1|6
|teamsize|p2|6
|start
|switch|p1a: Gliscor|Gliscor, F|100/100
|switch|p2a: Samurott|Samurott-Hisui, M|100/100
|turn|1
|
|t:|1757861161
|move|p1a: Gliscor|Protect|p1a: Gliscor
|-singleturn|p1a: Gliscor|Protect
|move|p2a: Samurott|Ceaseless Edge|p1a: Gliscor
|-activate|p1a: Gliscor|move: Protect
|
|-status|p1a: Gliscor|tox|[from] item: Toxic Orb
|upkeep
|turn|2
|
|t:|1757861168
|move|p2a: Samurott|Flip Turn|p1a: Gliscor
|-supereffective|p1a: Gliscor
|-damage|p1a: Gliscor|56/100 tox
|
|t:|1757861172
|switch|p2a: Corviknight|Corviknight, M|100/100|[from] Flip Turn
|-ability|p2a: Corviknight|Pressure
|move|p1a: Gliscor|Toxic|p2a: Corviknight
|-immune|p2a: Corviknight
|
|-heal|p1a: Gliscor|69/100 tox|[from] ability: Poison Heal
|upkeep
|turn|3
|
|t:|1757861175
|move|p1a: Gliscor|Spikes|p2a: Corviknight
|-sidestart|p2: oehtwashere|Spikes
|move|p2a: Corviknight|U-turn|p1a: Gliscor
|-resisted|p1a: Gliscor
|-damage|p1a: Gliscor|63/100 tox
|
|t:|1757861177
|switch|p2a: Gliscor|Gliscor, F|100/100|[from] U-turn
|
|-heal|p1a: Gliscor|75/100 tox|[from] ability: Poison Heal
|-status|p2a: Gliscor|tox|[from] item: Toxic Orb
|upkeep
|turn|4
|j| huejack
|
|t:|1757861181
|move|p2a: Gliscor|Stealth Rock|p1a: Gliscor
|-sidestart|p1: DiceyRice|move: Stealth Rock
|move|p1a: Gliscor|Spikes|p2a: Gliscor
|-sidestart|p2: oehtwashere|Spikes
|
|-heal|p1a: Gliscor|88/100 tox|[from] ability: Poison Heal
|upkeep
|turn|5
|
|t:|1757861184
|move|p2a: Gliscor|Knock Off|p1a: Gliscor
|-damage|p1a: Gliscor|72/100 tox
|-enditem|p1a: Gliscor|Toxic Orb|[from] move: Knock Off|[of] p2a: Gliscor
|move|p1a: Gliscor|Spikes|p2a: Gliscor
|-sidestart|p2: oehtwashere|Spikes
|
|-heal|p1a: Gliscor|84/100 tox|[from] ability: Poison Heal
|upkeep
|turn|6
|
|t:|1757861189
|switch|p2a: Corviknight|Corviknight, M|100/100
|-ability|p2a: Corviknight|Pressure
|switch|p1a: Weezing|Weezing-Galar, F|100/100
|-ability|p1a: Weezing|Neutralizing Gas
|
|upkeep
|turn|7
|
|t:|1757861194
|-end|p1a: Weezing|ability: Neutralizing Gas
|-ability|p2a: Corviknight|Pressure
|switch|p1a: Porygon2|Porygon2|100/100
|-damage|p1a: Porygon2|88/100|[from] Stealth Rock
|-ability|p1a: Porygon2|Download|boost
|-boost|p1a: Porygon2|spa|1
|move|p2a: Corviknight|U-turn|p1a: Porygon2
|-damage|p1a: Porygon2|79/100
|
|t:|1757861198
|switch|p2a: Zamazenta|Zamazenta|100/100|[from] U-turn
|-ability|p2a: Zamazenta|Dauntless Shield|boost
|-boost|p2a: Zamazenta|def|1
|
|upkeep
|turn|8
|
|t:|1757861202
|switch|p2a: Rai Charles|Raikou|100/100
|-ability|p2a: Rai Charles|Pressure
|switch|p1a: Weezing|Weezing-Galar, F|100/100
|-ability|p1a: Weezing|Neutralizing Gas
|
|upkeep
|turn|9
|
|t:|1757861211
|move|p2a: Rai Charles|Volt Switch|p1a: Weezing
|-damage|p1a: Weezing|53/100
|
|t:|1757861226
|switch|p2a: Sinistcha|Sinistcha|100/100|[from] Volt Switch
|move|p1a: Weezing|Toxic|p2a: Sinistcha
|-status|p2a: Sinistcha|tox
|
|-damage|p2a: Sinistcha|94/100 tox|[from] psn
|upkeep
|turn|10
|
|t:|1757861235
|move|p2a: Sinistcha|Matcha Gotcha|p1a: Weezing
|-resisted|p1a: Weezing
|-damage|p1a: Weezing|30/100
|-heal|p2a: Sinistcha|100/100 tox|[from] drain|[of] p1a: Weezing
|move|p1a: Weezing|Pain Split|p2a: Sinistcha
|-sethp|p2a: Sinistcha|65/100 tox|[from] move: Pain Split|[silent]
|-sethp|p1a: Weezing|67/100|[from] move: Pain Split
|
|-damage|p2a: Sinistcha|53/100 tox|[from] psn
|upkeep
|turn|11
|
|t:|1757861240
|switch|p2a: Corviknight|Corviknight, M|100/100
|-end|p1a: Weezing|ability: Neutralizing Gas
|-ability|p2a: Corviknight|Pressure
|switch|p1a: Porygon2|Porygon2|79/100
|-damage|p1a: Porygon2|66/100|[from] Stealth Rock
|-ability|p1a: Porygon2|Download|boost
|-boost|p1a: Porygon2|spa|1
|
|upkeep
|turn|12
|
|t:|1757861245
|move|p2a: Corviknight|U-turn|p1a: Porygon2
|-crit|p1a: Porygon2
|-damage|p1a: Porygon2|51/100
|
|t:|1757861249
|switch|p2a: Samurott|Samurott-Hisui, M|100/100|[from] U-turn
|move|p1a: Porygon2|Ice Beam|p2a: Samurott
|-resisted|p2a: Samurott
|-damage|p2a: Samurott|68/100
|
|upkeep
|turn|13
|
|t:|1757861254
|move|p2a: Samurott|Ceaseless Edge|p1a: Porygon2
|-damage|p1a: Porygon2|19/100
|-sidestart|p1: DiceyRice|Spikes
|move|p1a: Porygon2|Thunderbolt|p2a: Samurott
|-supereffective|p2a: Samurott
|-damage|p2a: Samurott|0 fnt
|faint|p2a: Samurott
|
|upkeep
|
|t:|1757861258
|switch|p2a: Rai Charles|Raikou|100/100
|-ability|p2a: Rai Charles|Pressure
|turn|14
|
|t:|1757861260
|move|p2a: Rai Charles|Scald|p1a: Porygon2
|-damage|p1a: Porygon2|1/100
|-status|p1a: Porygon2|brn
|move|p1a: Porygon2|Recover|p1a: Porygon2
|-heal|p1a: Porygon2|51/100 brn
|
|-damage|p1a: Porygon2|45/100 brn|[from] brn
|upkeep
|turn|15
|
|t:|1757861262
|move|p2a: Rai Charles|Aura Sphere|p1a: Porygon2
|-supereffective|p1a: Porygon2
|-damage|p1a: Porygon2|14/100 brn
|move|p1a: Porygon2|Recover|p1a: Porygon2
|-heal|p1a: Porygon2|64/100 brn
|
|-damage|p1a: Porygon2|58/100 brn|[from] brn
|upkeep
|turn|16
|
|t:|1757861265
|move|p2a: Rai Charles|Aura Sphere|p1a: Porygon2
|-supereffective|p1a: Porygon2
|-damage|p1a: Porygon2|24/100 brn
|move|p1a: Porygon2|Recover|p1a: Porygon2
|-heal|p1a: Porygon2|74/100 brn
|
|-damage|p1a: Porygon2|68/100 brn|[from] brn
|upkeep
|turn|17
|
|t:|1757861268
|move|p2a: Rai Charles|Aura Sphere|p1a: Porygon2
|-supereffective|p1a: Porygon2
|-damage|p1a: Porygon2|34/100 brn
|move|p1a: Porygon2|Recover|p1a: Porygon2
|-heal|p1a: Porygon2|84/100 brn
|
|-damage|p1a: Porygon2|78/100 brn|[from] brn
|upkeep
|turn|18
|
|t:|1757861271
|-terastallize|p1a: Porygon2|Ground
|move|p2a: Rai Charles|Volt Switch|p1a: Porygon2
|-immune|p1a: Porygon2
|move|p1a: Porygon2|Tera Blast|p2a: Rai Charles|[anim] Tera Blast Ground
|-supereffective|p2a: Rai Charles
|-damage|p2a: Rai Charles|0 fnt
|faint|p2a: Rai Charles
|
|-damage|p1a: Porygon2|72/100 brn|[from] brn
|upkeep
|
|t:|1757861276
|switch|p2a: Sinistcha|Sinistcha|53/100 tox
|turn|19
|
|t:|1757861279
|move|p2a: Sinistcha|Shadow Ball|p1a: Porygon2
|-damage|p1a: Porygon2|50/100 brn
|move|p1a: Porygon2|Ice Beam|p2a: Sinistcha
|-supereffective|p2a: Sinistcha
|-damage|p2a: Sinistcha|0 fnt
|faint|p2a: Sinistcha
|
|-damage|p1a: Porygon2|44/100 brn|[from] brn
|upkeep
|
|t:|1757861282
|switch|p2a: Zamazenta|Zamazenta|100/100
|turn|20
|
|t:|1757861284
|move|p2a: Zamazenta|Close Combat|p1a: Porygon2
|-damage|p1a: Porygon2|6/100 brn
|-unboost|p2a: Zamazenta|def|1
|-unboost|p2a: Zamazenta|spd|1
|move|p1a: Porygon2|Recover|p1a: Porygon2
|-heal|p1a: Porygon2|56/100 brn
|
|-damage|p1a: Porygon2|50/100 brn|[from] brn
|upkeep
|turn|21
|-message|oehtwashere forfeited.
|
|win|DiceyRice
|raw|DiceyRice's rating: 1643 &rarr; <strong>1666</strong><br />(+23 for winning)
|raw|oehtwashere's rating: 1695 &rarr; <strong>1672</strong><br />(-23 for losing)
|l|☆oehtwashere
|player|p2|
