|j|☆ay cheu
|j|‽Flocking glock
|t:|1757915824
|gametype|singles
|player|p1|ay cheu|riley|1475
|player|p2|Flocking glock|266|1472
|gen|9
|tier|[Gen 9] OU
|rated|
|rule|HP Percentage Mod: HP is shown in percentages
|rule|Endless Battle Clause: Forcing endless battles is banned
|rule|Species Clause: Limit one of each Pokémon
|rule|OHKO Clause: OHKO moves are banned
|rule|Evasion Items Clause: Evasion items are banned
|rule|Evasion Moves Clause: Evasion moves are banned
|rule|Evasion Abilities Clause: Evasion abilities are banned
|rule|Sleep Moves Clause: Sleep-inducing moves are banned
|clearpoke
|poke|p1|Arcanine-Hisui, M|
|poke|p1|Snorlax, M|
|poke|p1|Zoroark, M|
|poke|p1|Chesnaught, M|
|poke|p1|Gliscor, M|
|poke|p1|Fezandipiti, M|
|poke|p2|Tyranitar, M|
|poke|p2|Excadrill, M|
|poke|p2|Tornadus-Therian, M|
|poke|p2|Tinkaton, F|
|poke|p2|Sinistcha|
|poke|p2|Toxapex, M|
|teampreview
|inactive|Battle timer is ON: inactive players will automatically lose when time's up. (requested by ay cheu)
|
|t:|1757915844
|teamsize|p1|6
|teamsize|p2|6
|start
|switch|p1a: 阿黄|Arcanine-Hisui, M|100/100
|switch|p2a: Tyranitar|Tyranitar, M, shiny|100/100
|-weather|Sandstorm|[from] ability: Sand Stream|[of] p2a: Tyranitar
|turn|1
|
|t:|1757915856
|switch|p2a: Excadrill|Excadrill, M, shiny|100/100
|move|p1a: 阿黄|Trick|p2a: Excadrill
|-activate|p1a: 阿黄|move: Trick|[of] p2a: Excadrill
|-item|p2a: Excadrill|Choice Scarf|[from] move: Trick
|-item|p1a: 阿黄|Leftovers|[from] move: Trick
|
|-weather|Sandstorm|[upkeep]
|-damage|p1a: 阿黄|94/100|[from] Sandstorm
|-heal|p1a: 阿黄|100/100|[from] item: Leftovers
|upkeep
|turn|2
|
|t:|1757915875
|switch|p2a: Tornadus|Tornadus-Therian, M, shiny|100/100
|switch|p1a: Gliscor|Gliscor, M|100/100
|
|-weather|Sandstorm|[upkeep]
|-damage|p2a: Tornadus|94/100|[from] Sandstorm
|-status|p1a: Gliscor|tox|[from] item: Toxic Orb
|upkeep
|turn|3
|
|t:|1757915887
|move|p2a: Tornadus|Bleakwind Storm|p1a: Gliscor
|-damage|p1a: Gliscor|0 fnt
|faint|p1a: Gliscor
|
|-weather|Sandstorm|[upkeep]
|-damage|p2a: Tornadus|88/100|[from] Sandstorm
|upkeep
|
|t:|1757915891
|switch|p1a: 阿黄|Arcanine-Hisui, M|100/100
|turn|4
|
|t:|1757915901
|switch|p2a: Toxapex|Toxapex, M, shiny|100/100
|-terastallize|p1a: 阿黄|Rock
|move|p1a: 阿黄|Head Smash|p2a: Toxapex
|-damage|p2a: Toxapex|0 fnt
|faint|p2a: Toxapex
|
|-weather|Sandstorm|[upkeep]
|upkeep
|
|t:|1757915919
|switch|p2a: Excadrill|Excadrill, M, shiny|100/100
|turn|5
|
|t:|1757915924
|switch|p2a: Tornadus|Tornadus-Therian, M, shiny|100/100
|switch|p1a: Chesnaught|Chesnaught, M|100/100
|
|-weather|none
|upkeep
|turn|6
|
|t:|1757915929
|switch|p1a: 阿肥|Snorlax, M|100/100
|move|p2a: Tornadus|Bleakwind Storm|p1a: 阿肥
|-damage|p1a: 阿肥|77/100
|-unboost|p1a: 阿肥|spe|1
|
|upkeep
|turn|7
|
|t:|1757915937
|switch|p2a: Tyranitar|Tyranitar, M, shiny|100/100
|-weather|Sandstorm|[from] ability: Sand Stream|[of] p2a: Tyranitar
|switch|p1a: 阿黄|Arcanine-Hisui, M, tera:Rock|100/100
|
|-weather|Sandstorm|[upkeep]
|upkeep
|turn|8
|
|t:|1757915942
|switch|p2a: Excadrill|Excadrill, M, shiny|100/100
|move|p1a: 阿黄|Head Smash|p2a: Excadrill
|-resisted|p2a: Excadrill
|-damage|p2a: Excadrill|47/100
|
|-weather|Sandstorm|[upkeep]
|upkeep
|turn|9
|
|t:|1757915953
|switch|p1a: Chesnaught|Chesnaught, M|100/100
|move|p2a: Excadrill|Earthquake|p1a: Chesnaught
|-resisted|p1a: Chesnaught
|-damage|p1a: Chesnaught|85/100
|
|-weather|Sandstorm|[upkeep]
|-damage|p1a: Chesnaught|79/100|[from] Sandstorm
|upkeep
|turn|10
|
|t:|1757915958
|switch|p2a: Sinistcha|Sinistcha, shiny|100/100
|switch|p1a: 阿黄|Arcanine-Hisui, M, tera:Rock|100/100
|
|-weather|Sandstorm|[upkeep]
|-damage|p2a: Sinistcha|94/100|[from] Sandstorm
|-heal|p2a: Sinistcha|100/100|[from] item: Leftovers
|upkeep
|turn|11
|
|t:|1757915968
|switch|p1a: Fezandipiti|Fezandipiti, M|100/100
|-terastallize|p2a: Sinistcha|Fighting
|move|p2a: Sinistcha|Strength Sap|p1a: Fezandipiti
|-unboost|p1a: Fezandipiti|atk|1
|
|-weather|none
|upkeep
|turn|12
|
|t:|1757915978
|switch|p2a: Tinkaton|Tinkaton, F, shiny|100/100
|-item|p2a: Tinkaton|Air Balloon
|move|p1a: Fezandipiti|Calm Mind|p1a: Fezandipiti
|-boost|p1a: Fezandipiti|spa|1
|-boost|p1a: Fezandipiti|spd|1
|
|upkeep
|turn|13
|
|t:|1757915984
|move|p2a: Tinkaton|Gigaton Hammer|p1a: Fezandipiti
|-supereffective|p1a: Fezandipiti
|-damage|p1a: Fezandipiti|18/100
|move|p1a: Fezandipiti|Heat Wave|p2a: Tinkaton
|-supereffective|p2a: Tinkaton
|-damage|p2a: Tinkaton|46/100
|-enditem|p2a: Tinkaton|Air Balloon
|
|-heal|p1a: Fezandipiti|24/100|[from] item: Leftovers
|upkeep
|turn|14
|
|t:|1757915992
|move|p2a: Tinkaton|Ice Hammer|p1a: Fezandipiti|[miss]
|-miss|p2a: Tinkaton|p1a: Fezandipiti
|move|p1a: Fezandipiti|Roost|p1a: Fezandipiti
|-heal|p1a: Fezandipiti|74/100
|-singleturn|p1a: Fezandipiti|move: Roost
|
|-heal|p1a: Fezandipiti|80/100|[from] item: Leftovers
|upkeep
|turn|15
|
|t:|1757915999
|switch|p1a: Chesnaught|Chesnaught, M|79/100
|move|p2a: Tinkaton|Encore||[still]
|-fail|p2a: Tinkaton
|
|upkeep
|turn|16
|
|t:|1757916005
|move|p2a: Tinkaton|Stealth Rock|p1a: Chesnaught
|-sidestart|p1: ay cheu|move: Stealth Rock
|move|p1a: Chesnaught|Spikes|p2a: Tinkaton
|-sidestart|p2: Flocking glock|Spikes
|
|upkeep
|turn|17
|
|t:|1757916012
|switch|p2a: Sinistcha|Sinistcha, shiny, tera:Fighting|100/100
|-damage|p2a: Sinistcha|88/100|[from] Spikes
|move|p1a: Chesnaught|Spikes|p2a: Sinistcha
|-sidestart|p2: Flocking glock|Spikes
|
|-heal|p2a: Sinistcha|94/100|[from] item: Leftovers
|upkeep
|turn|18
|
|t:|1757916023
|move|p2a: Sinistcha|Calm Mind|p2a: Sinistcha
|-boost|p2a: Sinistcha|spa|1
|-boost|p2a: Sinistcha|spd|1
|move|p1a: Chesnaught|Iron Defense|p1a: Chesnaught
|-boost|p1a: Chesnaught|def|2
|
|-heal|p2a: Sinistcha|99/100|[from] item: Leftovers
|upkeep
|turn|19
|
|t:|1757916031
|move|p2a: Sinistcha|Calm Mind|p2a: Sinistcha
|-boost|p2a: Sinistcha|spa|1
|-boost|p2a: Sinistcha|spd|1
|move|p1a: Chesnaught|Iron Defense|p1a: Chesnaught
|-boost|p1a: Chesnaught|def|2
|
|-heal|p2a: Sinistcha|100/100|[from] item: Leftovers
|upkeep
|turn|20
|
|t:|1757916033
|move|p2a: Sinistcha|Shadow Ball|p1a: Chesnaught
|-immune|p1a: Chesnaught|[from] ability: Bulletproof
|move|p1a: Chesnaught|Body Press|p2a: Sinistcha
|-damage|p2a: Sinistcha|16/100
|
|-heal|p2a: Sinistcha|22/100|[from] item: Leftovers
|upkeep
|turn|21
|
|t:|1757916039
|move|p2a: Sinistcha|Strength Sap|p1a: Chesnaught
|-unboost|p1a: Chesnaught|atk|1
|-heal|p2a: Sinistcha|79/100
|move|p1a: Chesnaught|Body Press|p2a: Sinistcha
|-damage|p2a: Sinistcha|0 fnt
|faint|p2a: Sinistcha
|
|upkeep
|-message|Flocking glock forfeited.
|
|win|ay cheu
|raw|ay cheu's rating: 1475 &rarr; <strong>1496</strong><br />(+21 for winning)
|raw|Flocking glock's rating: 1495 &rarr; <strong>1474</strong><br />(-21 for losing)
|l|‽Flocking glock
|player|p2|
|l|☆ay cheu
|player|p1|
