|j|☆ImNotSureAnymore
|j|☆FreshSvilor
|t:|1757901726
|gametype|singles
|player|p1|ImNotSureAnymore|psychicf-gen4|1239
|player|p2|FreshSvilor|volkner|1210
|gen|9
|tier|[Gen 9] OU
|rated|
|rule|HP Percentage Mod: HP is shown in percentages
|rule|Endless Battle Clause: Forcing endless battles is banned
|rule|Species Clause: Limit one of each Pokémon
|rule|OHKO Clause: OHKO moves are banned
|rule|Evasion Items Clause: Evasion items are banned
|rule|Evasion Moves Clause: Evasion moves are banned
|rule|Evasion Abilities Clause: Evasion abilities are banned
|rule|Sleep Moves Clause: Sleep-inducing moves are banned
|clearpoke
|poke|p1|Crocalor, F|
|poke|p1|Bellossom, F|
|poke|p1|Muk-Alola, M|
|poke|p1|Espeon, M|
|poke|p1|Florges, F|
|poke|p1|Altaria, M|
|poke|p2|Great Tusk|
|poke|p2|Zapdos|
|poke|p2|Meowscarada, F|
|poke|p2|Kingambit, F|
|poke|p2|Dragapult, F|
|poke|p2|Clefable, F|
|teampreview
|inactive|Battle timer is ON: inactive players will automatically lose when time's up. (requested by ImNotSureAnymore)
|
|t:|1757901749
|teamsize|p1|6
|teamsize|p2|6
|start
|switch|p1a: Altaria|Altaria, M|100/100
|switch|p2a: Meowscarada|Meowscarada, F|100/100
|turn|1
|inactive|FreshSvilor has 120 seconds left.
|
|t:|1757901786
|-terastallize|p2a: Meowscarada|Electric
|move|p2a: Meowscarada|Triple Axel|p1a: Altaria
|-supereffective|p1a: Altaria
|-damage|p1a: Altaria|69/100
|-supereffective|p1a: Altaria
|-damage|p1a: Altaria|18/100
|-supereffective|p1a: Altaria
|-damage|p1a: Altaria|0 fnt
|faint|p1a: Altaria
|-hitcount|p1: Altaria|3
|
|upkeep
|
|t:|1757901795
|switch|p1a: Crocalor|Crocalor, F|100/100
|turn|2
|inactive|FreshSvilor has 120 seconds left.
|
|t:|1757901825
|switch|p2a: Clefable|Clefable, F|100/100
|move|p1a: Crocalor|Will-O-Wisp|p2a: Clefable
|-status|p2a: Clefable|brn
|
|upkeep
|turn|3
|
|t:|1757901831
|switch|p1a: Florges|Florges, F|100/100
|move|p2a: Clefable|Stealth Rock|p1a: Florges
|-sidestart|p1: ImNotSureAnymore|move: Stealth Rock
|
|upkeep
|turn|4
|inactive|FreshSvilor has 120 seconds left.
|
|t:|1757901839
|move|p1a: Florges|Tearful Look|p2a: Clefable
|-unboost|p2a: Clefable|atk|1
|-unboost|p2a: Clefable|spa|1
|move|p2a: Clefable|Thunder Wave|p1a: Florges
|-status|p1a: Florges|par
|
|upkeep
|turn|5
|inactive|FreshSvilor has 120 seconds left.
|
|t:|1757901870
|move|p2a: Clefable|Stealth Rock||[still]
|-fail|p2a: Clefable
|move|p1a: Florges|Moonblast|p2a: Clefable
|-damage|p2a: Clefable|77/100 brn
|
|-heal|p2a: Clefable|83/100 brn|[from] item: Leftovers
|upkeep
|turn|6
|
|t:|1757901880
|switch|p2a: Zapdos|Zapdos|100/100
|move|p1a: Florges|Moonblast|p2a: Zapdos
|-damage|p2a: Zapdos|65/100
|
|upkeep
|turn|7
|
|t:|1757901887
|move|p2a: Zapdos|Roost|p2a: Zapdos
|-heal|p2a: Zapdos|100/100
|-singleturn|p2a: Zapdos|move: Roost
|move|p1a: Florges|Tearful Look|p2a: Zapdos
|-unboost|p2a: Zapdos|atk|1
|-unboost|p2a: Zapdos|spa|1
|
|upkeep
|turn|8
|
|t:|1757901902
|move|p2a: Zapdos|Volt Switch|p1a: Florges
|-damage|p1a: Florges|90/100 par
|
|t:|1757901905
|switch|p2a: Clefable|Clefable, F|83/100 brn|[from] Volt Switch
|cant|p1a: Florges|par
|
|-heal|p2a: Clefable|89/100 brn|[from] item: Leftovers
|-heal|p1a: Florges|97/100 par|[from] item: Leftovers
|upkeep
|turn|9
|
|t:|1757901909
|switch|p2a: Zapdos|Zapdos|100/100
|move|p1a: Florges|Moonblast|p2a: Zapdos
|-damage|p2a: Zapdos|68/100
|
|-heal|p1a: Florges|100/100 par|[from] item: Leftovers
|upkeep
|turn|10
|
|t:|1757901913
|move|p2a: Zapdos|Hurricane|p1a: Florges
|-damage|p1a: Florges|78/100 par
|cant|p1a: Florges|par
|
|-heal|p1a: Florges|84/100 par|[from] item: Leftovers
|upkeep
|turn|11
|
|t:|1757901932
|move|p2a: Zapdos|Volt Switch|p1a: Florges
|-damage|p1a: Florges|70/100 par
|
|t:|1757901945
|switch|p2a: Meowscarada|Meowscarada, F, tera:Electric|100/100|[from] Volt Switch
|move|p1a: Florges|Moonblast|p2a: Meowscarada
|-damage|p2a: Meowscarada|46/100
|
|-heal|p1a: Florges|77/100 par|[from] item: Leftovers
|upkeep
|turn|12
|
|t:|1757901953
|move|p2a: Meowscarada|Flower Trick|p1a: Florges
|-crit|p1a: Florges
|-damage|p1a: Florges|0 fnt
|faint|p1a: Florges
|
|upkeep
|
|t:|1757901958
|switch|p1a: Bellossom|Bellossom, F|100/100
|-damage|p1a: Bellossom|88/100|[from] Stealth Rock
|turn|13
|
|t:|1757901975
|switch|p2a: Zapdos|Zapdos|68/100
|move|p1a: Bellossom|Strength Sap|p2a: Zapdos
|-unboost|p2a: Zapdos|atk|1
|-heal|p1a: Bellossom|100/100
|
|upkeep
|turn|14
|
|t:|1757901983
|switch|p1a: Espeon|Espeon, M|100/100
|-damage|p1a: Espeon|88/100|[from] Stealth Rock
|move|p2a: Zapdos|Hurricane|p1a: Espeon|[miss]
|-miss|p2a: Zapdos|p1a: Espeon
|
|-heal|p1a: Espeon|94/100|[from] item: Leftovers
|upkeep
|turn|15
|inactive|FreshSvilor has 120 seconds left.
|
|t:|1757902014
|switch|p2a: Kingambit|Kingambit, F|100/100
|-item|p2a: Kingambit|Air Balloon
|move|p1a: Espeon|Alluring Voice|p2a: Kingambit
|-damage|p2a: Kingambit|74/100
|-enditem|p2a: Kingambit|Air Balloon
|
|-heal|p1a: Espeon|99/100|[from] item: Leftovers
|upkeep
|turn|16
|inactive|FreshSvilor has 120 seconds left.
|
|t:|1757902034
|switch|p1a: Crocalor|Crocalor, F|100/100
|-damage|p1a: Crocalor|76/100|[from] Stealth Rock
|move|p2a: Kingambit|Kowtow Cleave|p1a: Crocalor
|-damage|p1a: Crocalor|37/100
|
|upkeep
|turn|17
|inactive|FreshSvilor has 120 seconds left.
|
|t:|1757902047
|-end|p2a: Kingambit|fallenundefined|[silent]
|switch|p2a: Clefable|Clefable, F|89/100 brn
|move|p1a: Crocalor|Will-O-Wisp|p2a: Clefable
|-fail|p2a: Clefable|brn
|
|-heal|p2a: Clefable|95/100 brn|[from] item: Leftovers
|upkeep
|turn|18
|inactive|FreshSvilor has 120 seconds left.
|
|t:|1757902055
|move|p2a: Clefable|Thunder Wave|p1a: Crocalor
|-status|p1a: Crocalor|par
|move|p1a: Crocalor|Slack Off|p1a: Crocalor
|-heal|p1a: Crocalor|87/100 par
|
|-heal|p2a: Clefable|100/100 brn|[from] item: Leftovers
|upkeep
|turn|19
|inactive|ImNotSureAnymore has 120 seconds left.
|
|t:|1757902085
|move|p2a: Clefable|Moonblast|p1a: Crocalor
|-resisted|p1a: Crocalor
|-damage|p1a: Crocalor|77/100 par
|-unboost|p1a: Crocalor|spa|1
|move|p1a: Crocalor|Flamethrower|p2a: Clefable
|-damage|p2a: Clefable|88/100 brn
|
|-heal|p2a: Clefable|94/100 brn|[from] item: Leftovers
|upkeep
|turn|20
|inactive|ImNotSureAnymore has 120 seconds left.
|
|t:|1757902096
|move|p2a: Clefable|Moonblast|p1a: Crocalor
|-resisted|p1a: Crocalor
|-damage|p1a: Crocalor|67/100 par
|-unboost|p1a: Crocalor|spa|1
|move|p1a: Crocalor|Will-O-Wisp|p2a: Clefable|[miss]
|-miss|p1a: Crocalor|p2a: Clefable
|
|-heal|p2a: Clefable|100/100 brn|[from] item: Leftovers
|upkeep
|turn|21
|-message|ImNotSureAnymore forfeited.
|
|win|FreshSvilor
|raw|ImNotSureAnymore's rating: 1239 &rarr; <strong>1212</strong><br />(-27 for losing)
|raw|FreshSvilor's rating: 1210 &rarr; <strong>1237</strong><br />(+27 for winning)
|l|☆ImNotSureAnymore
|player|p1|
|l|☆FreshSvilor
|player|p2|
