|j|☆Salocin99
|j|☆TwistedWinds
|t:|1757872823
|gametype|singles
|player|p1|Salocin99|101|1304
|player|p2|TwistedWinds|cyclist|1362
|gen|9
|tier|[Gen 9] OU
|rated|
|rule|HP Percentage Mod: HP is shown in percentages
|rule|Endless Battle Clause: Forcing endless battles is banned
|rule|Species Clause: Limit one of each Pokémon
|rule|OHKO Clause: OHKO moves are banned
|rule|Evasion Items Clause: Evasion items are banned
|rule|Evasion Moves Clause: Evasion moves are banned
|rule|Evasion Abilities Clause: Evasion abilities are banned
|rule|Sleep Moves Clause: Sleep-inducing moves are banned
|clearpoke
|poke|p1|Dusknoir, M|
|poke|p1|Ninetales-Alola, M|
|poke|p1|Scizor, F|
|poke|p1|Hariyama, M|
|poke|p1|Haxorus, M|
|poke|p1|Mandibuzz, F|
|poke|p2|Gholdengo|
|poke|p2|Iron Moth|
|poke|p2|Iron Valiant|
|poke|p2|Araquanid, F|
|poke|p2|Cyclizar, F|
|poke|p2|Thundurus-Therian, M|
|teampreview
|inactive|Battle timer is ON: inactive players will automatically lose when time's up. (requested by TwistedWinds)
|inactive|Salocin99 has 120 seconds left.
|
|t:|1757872873
|teamsize|p1|6
|teamsize|p2|6
|start
|switch|p1a: Hariyama|Hariyama, M|100/100
|switch|p2a: Araquanid|Araquanid, F|100/100
|turn|1
|
|t:|1757872879
|move|p1a: Hariyama|Fake Out|p2a: Araquanid
|-damage|p2a: Araquanid|86/100
|cant|p2a: Araquanid|flinch
|
|-status|p1a: Hariyama|brn|[from] item: Flame Orb
|upkeep
|turn|2
|
|t:|1757872883
|switch|p1a: Mandibuzz|Mandibuzz, F, shiny|100/100
|move|p2a: Araquanid|Sticky Web|p1a: Mandibuzz
|-sidestart|p1: Salocin99|move: Sticky Web
|
|upkeep
|turn|3
|inactive|Salocin99 has 120 seconds left.
|inactive|Salocin99 has 90 seconds left.
|
|t:|1757872967
|switch|p2a: Gholdengo|Gholdengo|100/100
|move|p1a: Mandibuzz|Toxic|p2a: Gholdengo
|-immune|p2a: Gholdengo|[from] ability: Good as Gold
|
|upkeep
|turn|4
|
|t:|1757872978
|move|p2a: Gholdengo|Thunder Wave|p1a: Mandibuzz
|-status|p1a: Mandibuzz|par
|move|p1a: Mandibuzz|Foul Play|p2a: Gholdengo
|-supereffective|p2a: Gholdengo
|-damage|p2a: Gholdengo|64/100
|
|upkeep
|turn|5
|
|t:|1757872994
|switch|p1a: Hariyama|Hariyama, M|100/100 brn
|-activate|p1a: Hariyama|move: Sticky Web
|-unboost|p1a: Hariyama|spe|1
|move|p2a: Gholdengo|Recover|p2a: Gholdengo
|-heal|p2a: Gholdengo|100/100
|
|-damage|p1a: Hariyama|94/100 brn|[from] brn
|upkeep
|turn|6
|
|t:|1757873002
|switch|p2a: Araquanid|Araquanid, F|86/100
|move|p1a: Hariyama|Headlong Rush|p2a: Araquanid
|-resisted|p2a: Araquanid
|-damage|p2a: Araquanid|54/100
|-unboost|p1a: Hariyama|def|1
|-unboost|p1a: Hariyama|spd|1
|
|-damage|p1a: Hariyama|88/100 brn|[from] brn
|upkeep
|turn|7
|inactive|Salocin99 has 90 seconds left.
|
|t:|1757873008
|switch|p1a: Mandibuzz|Mandibuzz, F, shiny|100/100 par
|move|p2a: Araquanid|Endeavor|p1a: Mandibuzz
|-damage|p1a: Mandibuzz|43/100 par
|-damage|p2a: Araquanid|37/100|[from] item: Rocky Helmet|[of] p1a: Mandibuzz
|
|upkeep
|turn|8
|
|t:|1757873013
|move|p2a: Araquanid|Hydro Pump|p1a: Mandibuzz
|-damage|p1a: Mandibuzz|9/100 par
|move|p1a: Mandibuzz|Foul Play|p2a: Araquanid
|-damage|p2a: Araquanid|12/100
|
|upkeep
|turn|9
|-enditem|p2a: Araquanid|Custap Berry|[eat]
|-activate|p2a: Araquanid|item: Custap Berry|[consumed]
|
|t:|1757873019
|move|p2a: Araquanid|Leech Life|p1a: Mandibuzz
|-damage|p1a: Mandibuzz|0 fnt
|-heal|p2a: Araquanid|18/100|[from] drain|[of] p1a: Mandibuzz
|-damage|p2a: Araquanid|1/100|[from] item: Rocky Helmet|[of] p1a: Mandibuzz
|faint|p1a: Mandibuzz
|
|upkeep
|
|t:|1757873024
|switch|p1a: Scizor|Scizor, F|100/100
|-activate|p1a: Scizor|move: Sticky Web
|-unboost|p1a: Scizor|spe|1
|turn|10
|
|t:|1757873027
|move|p1a: Scizor|Bullet Punch|p2a: Araquanid
|-resisted|p2a: Araquanid
|-damage|p2a: Araquanid|0 fnt
|faint|p2a: Araquanid
|
|upkeep
|
|t:|1757873030
|switch|p2a: Iron Moth|Iron Moth|100/100
|turn|11
|inactive|Salocin99 has 120 seconds left.
|inactive|Salocin99 has 90 seconds left.
|
|t:|1757873093
|switch|p1a: Dusknoir|Dusknoir, M, shiny|100/100
|-activate|p1a: Dusknoir|move: Sticky Web
|-unboost|p1a: Dusknoir|spe|1
|-item|p2a: Iron Moth|Choice Specs|[from] ability: Frisk|[of] p1a: Dusknoir
|move|p2a: Iron Moth|Fiery Dance|p1a: Dusknoir
|-damage|p1a: Dusknoir|63/100
|
|upkeep
|turn|12
|
|t:|1757873102
|move|p2a: Iron Moth|Fiery Dance|p1a: Dusknoir
|-damage|p1a: Dusknoir|27/100
|-boost|p2a: Iron Moth|spa|1
|move|p1a: Dusknoir|Poltergeist|p2a: Iron Moth
|-activate|p2a: Iron Moth|move: Poltergeist|Choice Specs
|-damage|p2a: Iron Moth|5/100
|
|upkeep
|turn|13
|
|t:|1757873110
|move|p1a: Dusknoir|Shadow Sneak|p2a: Iron Moth
|-damage|p2a: Iron Moth|0 fnt
|faint|p2a: Iron Moth
|-end|p2a: Iron Moth|Quark Drive|[silent]
|
|upkeep
|
|t:|1757873114
|switch|p2a: Cyclizar|Cyclizar, F|100/100
|turn|14
|
|t:|1757873116
|move|p2a: Cyclizar|Knock Off|p1a: Dusknoir
|-supereffective|p1a: Dusknoir
|-damage|p1a: Dusknoir|0 fnt
|-enditem|p1a: Dusknoir|Assault Vest|[from] move: Knock Off|[of] p2a: Cyclizar
|faint|p1a: Dusknoir
|
|upkeep
|
|t:|1757873120
|switch|p1a: Scizor|Scizor, F|100/100
|-activate|p1a: Scizor|move: Sticky Web
|-unboost|p1a: Scizor|spe|1
|turn|15
|
|t:|1757873131
|move|p2a: Cyclizar|Knock Off|p1a: Scizor
|-damage|p1a: Scizor|75/100
|-enditem|p1a: Scizor|Metal Coat|[from] move: Knock Off|[of] p2a: Cyclizar
|move|p1a: Scizor|Knock Off|p2a: Cyclizar
|-damage|p2a: Cyclizar|42/100
|-enditem|p2a: Cyclizar|Heavy-Duty Boots|[from] move: Knock Off|[of] p1a: Scizor
|
|upkeep
|turn|16
|
|t:|1757873139
|switch|p2a: Thundurus|Thundurus-Therian, M|100/100
|move|p1a: Scizor|Swords Dance|p1a: Scizor
|-boost|p1a: Scizor|atk|2
|
|upkeep
|turn|17
|
|t:|1757873143
|move|p2a: Thundurus|Thunderbolt|p1a: Scizor
|-damage|p1a: Scizor|0 fnt
|faint|p1a: Scizor
|
|upkeep
|
|t:|1757873150
|switch|p1a: Ninetales|Ninetales-Alola, M, shiny|100/100
|-activate|p1a: Ninetales|move: Sticky Web
|-unboost|p1a: Ninetales|spe|1
|-weather|Snowscape|[from] ability: Snow Warning|[of] p1a: Ninetales
|turn|18
|
|t:|1757873154
|move|p2a: Thundurus|Thunderbolt|p1a: Ninetales
|-crit|p1a: Ninetales
|-damage|p1a: Ninetales|0 fnt
|faint|p1a: Ninetales
|
|-weather|Snowscape|[upkeep]
|upkeep
|
|t:|1757873158
|switch|p1a: Haxorus|Haxorus, M, shiny|100/100
|-activate|p1a: Haxorus|move: Sticky Web
|-unboost|p1a: Haxorus|spe|1
|-ability|p1a: Haxorus|Mold Breaker
|turn|19
|
|t:|1757873166
|switch|p2a: Iron Valiant|Iron Valiant|100/100
|-enditem|p2a: Iron Valiant|Booster Energy
|-activate|p2a: Iron Valiant|ability: Quark Drive|[fromitem]
|-start|p2a: Iron Valiant|quarkdrivespe
|move|p1a: Haxorus|Dragon Dance|p1a: Haxorus
|-boost|p1a: Haxorus|atk|1
|-boost|p1a: Haxorus|spe|1
|
|-weather|Snowscape|[upkeep]
|upkeep
|turn|20
|
|t:|1757873170
|move|p2a: Iron Valiant|Spirit Break|p1a: Haxorus
|-supereffective|p1a: Haxorus
|-damage|p1a: Haxorus|6/100
|-unboost|p1a: Haxorus|spa|1
|move|p1a: Haxorus|Poison Jab|p2a: Iron Valiant
|-supereffective|p2a: Iron Valiant
|-damage|p2a: Iron Valiant|0 fnt
|faint|p2a: Iron Valiant
|-end|p2a: Iron Valiant|Quark Drive|[silent]
|
|-weather|Snowscape|[upkeep]
|upkeep
|
|t:|1757873180
|switch|p2a: Cyclizar|Cyclizar, F|75/100
|turn|21
|
|t:|1757873184
|move|p2a: Cyclizar|U-turn|p1a: Haxorus
|-damage|p1a: Haxorus|0 fnt
|faint|p1a: Haxorus
|
|t:|1757873186
|switch|p2a: Thundurus|Thundurus-Therian, M|100/100|[from] U-turn
|
|-weather|Snowscape|[upkeep]
|upkeep
|
|t:|1757873188
|switch|p1a: Hariyama|Hariyama, M|88/100 brn
|-activate|p1a: Hariyama|move: Sticky Web
|-unboost|p1a: Hariyama|spe|1
|turn|22
|
|t:|1757873194
|-terastallize|p2a: Thundurus|Flying
|move|p1a: Hariyama|Fake Out|p2a: Thundurus
|-damage|p2a: Thundurus|66/100
|cant|p2a: Thundurus|flinch
|
|-weather|none
|-damage|p1a: Hariyama|82/100 brn|[from] brn
|upkeep
|turn|23
|
|t:|1757873199
|move|p2a: Thundurus|Tera Blast|p1a: Hariyama|[anim] Tera Blast Flying
|-supereffective|p1a: Hariyama
|-damage|p1a: Hariyama|0 fnt
|faint|p1a: Hariyama
|
|win|TwistedWinds
|raw|Salocin99's rating: 1304 &rarr; <strong>1287</strong><br />(-17 for losing)
|raw|TwistedWinds's rating: 1362 &rarr; <strong>1379</strong><br />(+17 for winning)
|l|☆Salocin99
|player|p1|
|l|☆TwistedWinds
|player|p2|
