|j|☆Kallisto_0
|j|☆Lorem_master
|t:|1757954836
|gametype|singles
|player|p1|Kallisto_0|benga|1070
|player|p2|Lorem_master|clerk|1041
|gen|9
|tier|[Gen 9] OU
|rated|
|rule|HP Percentage Mod: HP is shown in percentages
|rule|Endless Battle Clause: Forcing endless battles is banned
|rule|Species Clause: Limit one of each Pokémon
|rule|OHKO Clause: OHKO moves are banned
|rule|Evasion Items Clause: Evasion items are banned
|rule|Evasion Moves Clause: Evasion moves are banned
|rule|Evasion Abilities Clause: Evasion abilities are banned
|rule|Sleep Moves Clause: Sleep-inducing moves are banned
|clearpoke
|poke|p1|Garchomp, M|
|poke|p1|Iron Valiant|
|poke|p1|Dragapult, M|
|poke|p1|Tinkaton, F|
|poke|p1|Corviknight, M|
|poke|p1|Milotic, M|
|poke|p2|Excadrill, F|
|poke|p2|Magnezone|
|poke|p2|Swampert, M|
|poke|p2|Scizor, M|
|poke|p2|Tyranitar, F|
|poke|p2|Garchomp, M|
|teampreview
|
|t:|1757954839
|teamsize|p1|6
|teamsize|p2|6
|start
|switch|p1a: Garchomp|Garchomp, M|100/100
|switch|p2a: Tyranitar|Tyranitar, F|100/100
|-weather|Sandstorm|[from] ability: Sand Stream|[of] p2a: Tyranitar
|turn|1
|
|t:|1757954857
|switch|p2a: Swampert|Swampert, M|100/100
|move|p1a: Garchomp|Dragon Tail|p2a: Swampert
|-damage|p2a: Swampert|77/100
|drag|p2a: Magnezone|Magnezone|100/100
|
|-weather|Sandstorm|[upkeep]
|upkeep
|turn|2
|
|t:|1757954868
|move|p1a: Garchomp|Stealth Rock|p2a: Magnezone
|-sidestart|p2: Lorem_master|move: Stealth Rock
|move|p2a: Magnezone|Body Press|p1a: Garchomp
|-damage|p1a: Garchomp|78/100
|-damage|p2a: Magnezone|88/100|[from] ability: Rough Skin|[of] p1a: Garchomp
|-damage|p2a: Magnezone|72/100|[from] item: Rocky Helmet|[of] p1a: Garchomp
|
|-weather|Sandstorm|[upkeep]
|upkeep
|turn|3
|
|t:|1757954884
|switch|p2a: Swampert|Swampert, M|77/100
|-damage|p2a: Swampert|71/100|[from] Stealth Rock
|move|p1a: Garchomp|Earthquake|p2a: Swampert
|-damage|p2a: Swampert|32/100
|
|-weather|Sandstorm|[upkeep]
|-heal|p2a: Swampert|39/100|[from] item: Leftovers
|upkeep
|turn|4
|
|t:|1757954895
|move|p2a: Swampert|Protect|p2a: Swampert
|-singleturn|p2a: Swampert|Protect
|move|p1a: Garchomp|Earthquake|p2a: Swampert
|-activate|p2a: Swampert|move: Protect
|
|-weather|Sandstorm|[upkeep]
|-heal|p2a: Swampert|45/100|[from] item: Leftovers
|upkeep
|turn|5
|
|t:|1757954905
|move|p1a: Garchomp|Earthquake|p2a: Swampert
|-damage|p2a: Swampert|7/100
|move|p2a: Swampert|Flip Turn|p1a: Garchomp
|-damage|p1a: Garchomp|49/100
|-damage|p2a: Swampert|0 fnt|[from] ability: Rough Skin|[of] p1a: Garchomp
|faint|p2a: Swampert
|
|-weather|Sandstorm|[upkeep]
|upkeep
|
|t:|1757954914
|switch|p2a: Excadrill|Excadrill, F|100/100
|-damage|p2a: Excadrill|97/100|[from] Stealth Rock
|turn|6
|
|t:|1757954930
|-terastallize|p2a: Excadrill|Ground
|move|p2a: Excadrill|Earthquake|p1a: Garchomp
|-damage|p1a: Garchomp|0 fnt
|faint|p1a: Garchomp
|-damage|p2a: Excadrill|88/100|[from] item: Life Orb
|
|-weather|Sandstorm|[upkeep]
|upkeep
|
|t:|1757954947
|switch|p1a: Dragapult|Dragapult, M|100/100
|turn|7
|
|t:|1757954956
|move|p2a: Excadrill|Earthquake|p1a: Dragapult
|-damage|p1a: Dragapult|0 fnt
|faint|p1a: Dragapult
|-damage|p2a: Excadrill|78/100|[from] item: Life Orb
|
|-weather|Sandstorm|[upkeep]
|upkeep
|
|t:|1757954965
|switch|p1a: Corviknight|Corviknight, M|100/100
|-ability|p1a: Corviknight|Pressure
|turn|8
|
|t:|1757954991
|switch|p2a: Magnezone|Magnezone|72/100
|-damage|p2a: Magnezone|66/100|[from] Stealth Rock
|move|p1a: Corviknight|Brave Bird|p2a: Magnezone
|-resisted|p2a: Magnezone
|-damage|p2a: Magnezone|58/100
|-damage|p1a: Corviknight|84/100|[from] item: Rocky Helmet|[of] p2a: Magnezone
|-damage|p1a: Corviknight|82/100|[from] Recoil
|
|-weather|none
|-heal|p1a: Corviknight|88/100|[from] item: Leftovers
|upkeep
|turn|9
|
|t:|1757955011
|switch|p1a: Tinkaton|Tinkaton, F|100/100
|-ability|p1a: Tinkaton|Mold Breaker
|move|p2a: Magnezone|Volt Switch|p1a: Tinkaton
|-damage|p1a: Tinkaton|68/100
|
|t:|1757955018
|switch|p2a: Tyranitar|Tyranitar, F|100/100|[from] Volt Switch
|-damage|p2a: Tyranitar|88/100|[from] Stealth Rock
|-weather|Sandstorm|[from] ability: Sand Stream|[of] p2a: Tyranitar
|
|-weather|Sandstorm|[upkeep]
|-heal|p1a: Tinkaton|75/100|[from] item: Leftovers
|upkeep
|turn|10
|
|t:|1757955035
|move|p1a: Tinkaton|Play Rough|p2a: Tyranitar
|-supereffective|p2a: Tyranitar
|-damage|p2a: Tyranitar|53/100
|move|p2a: Tyranitar|Stealth Rock|p1a: Tinkaton
|-sidestart|p1: Kallisto_0|move: Stealth Rock
|
|-weather|Sandstorm|[upkeep]
|-heal|p1a: Tinkaton|81/100|[from] item: Leftovers
|upkeep
|turn|11
|
|t:|1757955046
|move|p1a: Tinkaton|Play Rough|p2a: Tyranitar
|-supereffective|p2a: Tyranitar
|-damage|p2a: Tyranitar|14/100
|move|p2a: Tyranitar|Knock Off|p1a: Tinkaton
|-resisted|p1a: Tinkaton
|-damage|p1a: Tinkaton|48/100
|-enditem|p1a: Tinkaton|Leftovers|[from] move: Knock Off|[of] p2a: Tyranitar
|
|-weather|Sandstorm|[upkeep]
|upkeep
|turn|12
|
|t:|1757955071
|switch|p2a: Garchomp|Garchomp, M|100/100
|-damage|p2a: Garchomp|94/100|[from] Stealth Rock
|move|p1a: Tinkaton|Play Rough|p2a: Garchomp
|-supereffective|p2a: Garchomp
|-damage|p2a: Garchomp|53/100
|-damage|p1a: Tinkaton|36/100|[from] ability: Rough Skin|[of] p2a: Garchomp
|
|-weather|Sandstorm|[upkeep]
|upkeep
|turn|13
|
|t:|1757955087
|move|p2a: Garchomp|Earthquake|p1a: Tinkaton
|-supereffective|p1a: Tinkaton
|-damage|p1a: Tinkaton|0 fnt
|faint|p1a: Tinkaton
|
|-weather|Sandstorm|[upkeep]
|upkeep
|
|t:|1757955096
|switch|p1a: Iron Valiant|Iron Valiant|100/100
|-damage|p1a: Iron Valiant|94/100|[from] Stealth Rock
|turn|14
|inactive|Battle timer is ON: inactive players will automatically lose when time's up. (requested by Kallisto_0)
|
|t:|1757955116
|switch|p2a: Scizor|Scizor, M|100/100
|-damage|p2a: Scizor|88/100|[from] Stealth Rock
|-terastallize|p1a: Iron Valiant|Fairy
|move|p1a: Iron Valiant|Moonblast|p2a: Scizor
|-resisted|p2a: Scizor
|-damage|p2a: Scizor|41/100
|-damage|p1a: Iron Valiant|85/100|[from] item: Life Orb
|
|-weather|Sandstorm|[upkeep]
|-damage|p1a: Iron Valiant|78/100|[from] Sandstorm
|upkeep
|turn|15
|
|t:|1757955139
|move|p2a: Scizor|Bullet Punch|p1a: Iron Valiant
|-supereffective|p1a: Iron Valiant
|-damage|p1a: Iron Valiant|0 fnt
|faint|p1a: Iron Valiant
|-end|p1a: Iron Valiant|Quark Drive|[silent]
|
|-weather|Sandstorm|[upkeep]
|upkeep
|
|t:|1757955146
|switch|p1a: Corviknight|Corviknight, M|88/100
|-damage|p1a: Corviknight|76/100|[from] Stealth Rock
|-ability|p1a: Corviknight|Pressure
|turn|16
|
|t:|1757955155
|switch|p2a: Magnezone|Magnezone|58/100
|-damage|p2a: Magnezone|52/100|[from] Stealth Rock
|move|p1a: Corviknight|Brave Bird|p2a: Magnezone
|-resisted|p2a: Magnezone
|-damage|p2a: Magnezone|44/100
|-damage|p1a: Corviknight|59/100|[from] item: Rocky Helmet|[of] p2a: Magnezone
|-damage|p1a: Corviknight|58/100|[from] Recoil
|
|-weather|none
|-heal|p1a: Corviknight|64/100|[from] item: Leftovers
|upkeep
|turn|17
|c|☆Kallisto_0|Vai toma no seu cu
|
|t:|1757955170
|move|p1a: Corviknight|Brave Bird|p2a: Magnezone
|-resisted|p2a: Magnezone
|-damage|p2a: Magnezone|36/100
|-damage|p1a: Corviknight|47/100|[from] item: Rocky Helmet|[of] p2a: Magnezone
|-damage|p1a: Corviknight|45/100|[from] Recoil
|move|p2a: Magnezone|Volt Switch|p1a: Corviknight
|-supereffective|p1a: Corviknight
|-damage|p1a: Corviknight|0 fnt
|faint|p1a: Corviknight
|
|t:|1757955180
|switch|p2a: Tyranitar|Tyranitar, F|14/100|[from] Volt Switch
|-damage|p2a: Tyranitar|2/100|[from] Stealth Rock
|-weather|Sandstorm|[from] ability: Sand Stream|[of] p2a: Tyranitar
|
|-weather|Sandstorm|[upkeep]
|upkeep
|
|t:|1757955188
|switch|p1a: Milotic|Milotic, M|100/100
|-damage|p1a: Milotic|88/100|[from] Stealth Rock
|turn|18
|
|t:|1757955194
|move|p2a: Tyranitar|Protect|p2a: Tyranitar
|-singleturn|p2a: Tyranitar|Protect
|move|p1a: Milotic|Scald|p2a: Tyranitar
|-activate|p2a: Tyranitar|move: Protect
|
|-weather|Sandstorm|[upkeep]
|-damage|p1a: Milotic|82/100|[from] Sandstorm
|-heal|p1a: Milotic|88/100|[from] item: Leftovers
|upkeep
|turn|19
|
|t:|1757955211
|switch|p2a: Scizor|Scizor, M|41/100
|-damage|p2a: Scizor|28/100|[from] Stealth Rock
|move|p1a: Milotic|Haze|p1a: Milotic
|-clearallboost
|
|-weather|Sandstorm|[upkeep]
|-damage|p1a: Milotic|82/100|[from] Sandstorm
|-heal|p1a: Milotic|88/100|[from] item: Leftovers
|upkeep
|turn|20
|
|t:|1757955223
|move|p2a: Scizor|Bullet Punch|p1a: Milotic
|-resisted|p1a: Milotic
|-damage|p1a: Milotic|76/100
|move|p1a: Milotic|Scald|p2a: Scizor
|-damage|p2a: Scizor|0 fnt
|faint|p2a: Scizor
|
|-weather|Sandstorm|[upkeep]
|-damage|p1a: Milotic|70/100|[from] Sandstorm
|-heal|p1a: Milotic|76/100|[from] item: Leftovers
|upkeep
|
|t:|1757955232
|switch|p2a: Excadrill|Excadrill, F, tera:Ground|78/100
|-damage|p2a: Excadrill|71/100|[from] Stealth Rock
|turn|21
|
|t:|1757955246
|move|p2a: Excadrill|Earthquake|p1a: Milotic
|-damage|p1a: Milotic|5/100
|-damage|p2a: Excadrill|62/100|[from] item: Life Orb
|move|p1a: Milotic|Ice Beam|p2a: Excadrill
|-supereffective|p2a: Excadrill
|-damage|p2a: Excadrill|0 fnt
|faint|p2a: Excadrill
|
|-weather|Sandstorm|[upkeep]
|-damage|p1a: Milotic|0 fnt|[from] Sandstorm
|faint|p1a: Milotic
|
|win|Lorem_master
