|j|☆Qwilfishler
|j|☆tephaster23
|t:|1757798729
|gametype|singles
|player|p1|Qwilfishler|fisherman-gen4|1445
|player|p2|tephaster23|red|1405
|gen|9
|tier|[Gen 9] OU
|rated|
|rule|HP Percentage Mod: HP is shown in percentages
|rule|Endless Battle Clause: Forcing endless battles is banned
|rule|Species Clause: Limit one of each Pokémon
|rule|OHKO Clause: OHKO moves are banned
|rule|Evasion Items Clause: Evasion items are banned
|rule|Evasion Moves Clause: Evasion moves are banned
|rule|Evasion Abilities Clause: Evasion abilities are banned
|rule|Sleep Moves Clause: Sleep-inducing moves are banned
|clearpoke
|poke|p1|Iron Valiant|
|poke|p1|Slowking-Galar, M|
|poke|p1|Alomomola, F|
|poke|p1|Scizor, F|
|poke|p1|Mandibuzz, F|
|poke|p1|Tyranitar, F|
|poke|p2|Raging Bolt|
|poke|p2|Scizor, M|
|poke|p2|Kyurem|
|poke|p2|Primarina, F|
|poke|p2|Landorus-Therian, M|
|poke|p2|Great Tusk|
|teampreview
|
|t:|1757798765
|teamsize|p1|6
|teamsize|p2|6
|start
|switch|p1a: Alomomola|Alomomola, F|100/100
|switch|p2a: Landorus|Landorus-Therian, M|100/100
|-ability|p2a: Landorus|Intimidate|boost
|-unboost|p1a: Alomomola|atk|1
|turn|1
|
|t:|1757798825
|move|p2a: Landorus|Stealth Rock|p1a: Alomomola
|-sidestart|p1: Qwilfishler|move: Stealth Rock
|move|p1a: Alomomola|Flip Turn|p2a: Landorus
|-supereffective|p2a: Landorus
|-damage|p2a: Landorus|78/100
|-damage|p1a: Alomomola|84/100|[from] item: Rocky Helmet|[of] p2a: Landorus
|
|t:|1757798845
|switch|p1a: Iron Valiant|Iron Valiant|100/100|[from] Flip Turn
|-damage|p1a: Iron Valiant|94/100|[from] Stealth Rock
|
|upkeep
|turn|2
|
|t:|1757798949
|switch|p2a: Primarina|Primarina, F|100/100
|-terastallize|p1a: Iron Valiant|Fairy
|move|p1a: Iron Valiant|Moonblast|p2a: Primarina
|-damage|p2a: Primarina|46/100
|-unboost|p2a: Primarina|spa|1
|
|upkeep
|turn|3
|
|t:|1757798966
|move|p1a: Iron Valiant|Moonblast|p2a: Primarina
|-damage|p2a: Primarina|0 fnt
|faint|p2a: Primarina
|
|upkeep
|
|t:|1757798969
|switch|p2a: Scizor|Scizor, M|100/100
|turn|4
|
|t:|1757798985
|-end|p1a: Iron Valiant|Quark Drive|[silent]
|switch|p1a: Alomomola|Alomomola, F|100/100
|move|p2a: Scizor|Swords Dance|p2a: Scizor
|-boost|p2a: Scizor|atk|2
|
|upkeep
|turn|5
|
|t:|1757798994
|move|p2a: Scizor|Swords Dance|p2a: Scizor
|-boost|p2a: Scizor|atk|2
|move|p1a: Alomomola|Flip Turn|p2a: Scizor
|-damage|p2a: Scizor|83/100
|
|t:|1757798998
|switch|p1a: Mandibuzz|Mandibuzz, F|100/100|[from] Flip Turn
|
|upkeep
|turn|6
|
|t:|1757799035
|-terastallize|p2a: Scizor|Steel
|move|p2a: Scizor|Bullet Punch|p1a: Mandibuzz
|-damage|p1a: Mandibuzz|0 fnt
|faint|p1a: Mandibuzz
|-damage|p2a: Scizor|73/100|[from] item: Life Orb
|
|upkeep
|
|t:|1757799048
|switch|p1a: Iron Valiant|Iron Valiant, tera:Fairy|94/100
|-damage|p1a: Iron Valiant|82/100|[from] Stealth Rock
|turn|7
|
|t:|1757799052
|move|p1a: Iron Valiant|Vacuum Wave|p2a: Scizor
|-supereffective|p2a: Scizor
|-damage|p2a: Scizor|0 fnt
|faint|p2a: Scizor
|
|upkeep
|
|t:|1757799065
|switch|p2a: Raging Bolt|Raging Bolt|100/100
|-enditem|p2a: Raging Bolt|Booster Energy
|-activate|p2a: Raging Bolt|ability: Protosynthesis|[fromitem]
|-start|p2a: Raging Bolt|protosynthesisspa
|turn|8
|
|t:|1757799075
|-end|p1a: Iron Valiant|Quark Drive|[silent]
|switch|p1a: Tyranitar|Tyranitar, F|100/100
|-damage|p1a: Tyranitar|88/100|[from] Stealth Rock
|-weather|Sandstorm|[from] ability: Sand Stream|[of] p1a: Tyranitar
|move|p2a: Raging Bolt|Thunderbolt|p1a: Tyranitar
|-damage|p1a: Tyranitar|59/100
|
|-weather|Sandstorm|[upkeep]
|-damage|p2a: Raging Bolt|94/100|[from] Sandstorm
|-heal|p1a: Tyranitar|65/100|[from] item: Leftovers
|upkeep
|turn|9
|-message|tephaster23 forfeited.
|
|win|Qwilfishler
|raw|Qwilfishler's rating: 1445 &rarr; <strong>1463</strong><br />(+18 for winning)
|raw|tephaster23's rating: 1405 &rarr; <strong>1387</strong><br />(-18 for losing)
|l|☆tephaster23
|player|p2|
