|j|☆SSStyl1sh
|j|☆RobinMuisterr
|t:|1757963175
|gametype|singles
|player|p1|SSStyl1sh|giovanni|1287
|player|p2|RobinMuisterr|265|1253
|gen|9
|tier|[Gen 9] OU
|rated|
|rule|HP Percentage Mod: HP is shown in percentages
|rule|Endless Battle Clause: Forcing endless battles is banned
|rule|Species Clause: Limit one of each Pokémon
|rule|OHKO Clause: OHKO moves are banned
|rule|Evasion Items Clause: Evasion items are banned
|rule|Evasion Moves Clause: Evasion moves are banned
|rule|Evasion Abilities Clause: Evasion abilities are banned
|rule|Sleep Moves Clause: Sleep-inducing moves are banned
|clearpoke
|poke|p1|Araquanid, F|
|poke|p1|Crawdaunt, M|
|poke|p1|Tornadus-Therian, M|
|poke|p1|Ting-Lu|
|poke|p1|Gholdengo|
|poke|p1|Great Tusk|
|poke|p2|Samurott-Hisui, F|
|poke|p2|Iron Valiant|
|poke|p2|Pecharunt|
|poke|p2|Reuniclus, F|
|poke|p2|Darkrai|
|poke|p2|Kingambit, M|
|teampreview
|
|t:|1757963193
|teamsize|p1|6
|teamsize|p2|6
|start
|switch|p1a: Tornadus|Tornadus-Therian, M|100/100
|switch|p2a: Samurott|Samurott-Hisui, F|100/100
|turn|1
|
|t:|1757963201
|move|p1a: Tornadus|U-turn|p2a: Samurott
|-supereffective|p2a: Samurott
|-damage|p2a: Samurott|66/100
|
|t:|1757963221
|switch|p1a: Araquanid|Araquanid, F|100/100|[from] U-turn
|move|p2a: Samurott|Ceaseless Edge|p1a: Araquanid
|-damage|p1a: Araquanid|57/100
|-sidestart|p1: SSStyl1sh|Spikes
|
|upkeep
|turn|2
|
|t:|1757963231
|move|p2a: Samurott|Ceaseless Edge|p1a: Araquanid
|-damage|p1a: Araquanid|14/100
|-sidestart|p1: SSStyl1sh|Spikes
|move|p1a: Araquanid|Sticky Web|p2a: Samurott
|-sidestart|p2: RobinMuisterr|move: Sticky Web
|
|upkeep
|turn|3
|-enditem|p1a: Araquanid|Custap Berry|[eat]
|-activate|p1a: Araquanid|item: Custap Berry|[consumed]
|
|t:|1757963240
|move|p1a: Araquanid|Endeavor|p2a: Samurott
|-damage|p2a: Samurott|15/100
|move|p2a: Samurott|Ceaseless Edge|p1a: Araquanid
|-damage|p1a: Araquanid|0 fnt
|-sidestart|p1: SSStyl1sh|Spikes
|faint|p1a: Araquanid
|
|upkeep
|
|t:|1757963248
|switch|p1a: Great Tusk|Great Tusk|100/100
|-damage|p1a: Great Tusk|76/100|[from] Spikes
|turn|4
|
|t:|1757963255
|move|p1a: Great Tusk|Rapid Spin|p2a: Samurott
|-crit|p2a: Samurott
|-damage|p2a: Samurott|0 fnt
|-boost|p1a: Great Tusk|spe|1
|-sideend|p1: SSStyl1sh|Spikes|[from] move: Rapid Spin|[of] p1a: Great Tusk
|faint|p2a: Samurott
|
|upkeep
|
|t:|1757963266
|switch|p2a: Reuniclus|Reuniclus, F|100/100
|-activate|p2a: Reuniclus|move: Sticky Web
|-unboost|p2a: Reuniclus|spe|1
|turn|5
|
|t:|1757963272
|move|p1a: Great Tusk|Knock Off|p2a: Reuniclus
|-supereffective|p2a: Reuniclus
|-damage|p2a: Reuniclus|44/100
|-enditem|p2a: Reuniclus|Life Orb|[from] move: Knock Off|[of] p1a: Great Tusk
|move|p2a: Reuniclus|Trick Room|p2a: Reuniclus
|-fieldstart|move: Trick Room|[of] p2a: Reuniclus
|
|upkeep
|turn|6
|
|t:|1757963282
|move|p2a: Reuniclus|Psychic Noise|p1a: Great Tusk
|-supereffective|p1a: Great Tusk
|-damage|p1a: Great Tusk|0 fnt
|faint|p1a: Great Tusk
|-end|p1a: Great Tusk|Protosynthesis|[silent]
|
|upkeep
|
|t:|1757963287
|switch|p1a: Ting-Lu|Ting-Lu|100/100
|-ability|p1a: Ting-Lu|Vessel of Ruin
|turn|7
|
|t:|1757963293
|-terastallize|p2a: Reuniclus|Fighting
|move|p2a: Reuniclus|Focus Blast|p1a: Ting-Lu
|-supereffective|p1a: Ting-Lu
|-damage|p1a: Ting-Lu|46/100
|-unboost|p1a: Ting-Lu|spd|1
|move|p1a: Ting-Lu|Stealth Rock|p2a: Reuniclus
|-sidestart|p2: RobinMuisterr|move: Stealth Rock
|
|-heal|p1a: Ting-Lu|52/100|[from] item: Leftovers
|upkeep
|turn|8
|
|t:|1757963307
|switch|p1a: Gholdengo|Gholdengo|100/100
|-item|p1a: Gholdengo|Air Balloon
|move|p2a: Reuniclus|Shadow Ball|p1a: Gholdengo
|-supereffective|p1a: Gholdengo
|-crit|p1a: Gholdengo
|-damage|p1a: Gholdengo|6/100
|-enditem|p1a: Gholdengo|Air Balloon
|
|upkeep
|turn|9
|
|t:|1757963319
|switch|p1a: Ting-Lu|Ting-Lu|52/100
|-ability|p1a: Ting-Lu|Vessel of Ruin
|move|p2a: Reuniclus|Shadow Ball|p1a: Ting-Lu
|-resisted|p1a: Ting-Lu
|-damage|p1a: Ting-Lu|47/100
|-unboost|p1a: Ting-Lu|spd|1
|
|-heal|p1a: Ting-Lu|53/100|[from] item: Leftovers
|-fieldend|move: Trick Room
|upkeep
|turn|10
|
|t:|1757963331
|move|p1a: Ting-Lu|Earthquake|p2a: Reuniclus
|-damage|p2a: Reuniclus|9/100
|move|p2a: Reuniclus|Focus Blast|p1a: Ting-Lu|[miss]
|-miss|p2a: Reuniclus|p1a: Ting-Lu
|
|-heal|p1a: Ting-Lu|59/100|[from] item: Leftovers
|upkeep
|turn|11
|
|t:|1757963340
|move|p1a: Ting-Lu|Earthquake|p2a: Reuniclus
|-damage|p2a: Reuniclus|0 fnt
|faint|p2a: Reuniclus
|
|-heal|p1a: Ting-Lu|65/100|[from] item: Leftovers
|upkeep
|
|t:|1757963347
|switch|p2a: Pecharunt|Pecharunt|100/100
|-damage|p2a: Pecharunt|88/100|[from] Stealth Rock
|-item|p2a: Pecharunt|Air Balloon
|turn|12
|
|t:|1757963356
|move|p2a: Pecharunt|Nasty Plot|p2a: Pecharunt
|-boost|p2a: Pecharunt|spa|2
|move|p1a: Ting-Lu|Ruination|p2a: Pecharunt
|-damage|p2a: Pecharunt|44/100
|-enditem|p2a: Pecharunt|Air Balloon
|
|-heal|p1a: Ting-Lu|72/100|[from] item: Leftovers
|upkeep
|turn|13
|
|t:|1757963364
|move|p2a: Pecharunt|Malignant Chain|p1a: Ting-Lu
|-resisted|p1a: Ting-Lu
|-damage|p1a: Ting-Lu|47/100
|move|p1a: Ting-Lu|Spikes|p2a: Pecharunt
|-sidestart|p2: RobinMuisterr|Spikes
|
|-heal|p1a: Ting-Lu|53/100|[from] item: Leftovers
|upkeep
|turn|14
|
|t:|1757963371
|move|p2a: Pecharunt|Malignant Chain|p1a: Ting-Lu
|-resisted|p1a: Ting-Lu
|-damage|p1a: Ting-Lu|29/100
|-status|p1a: Ting-Lu|tox
|-start|p1a: Ting-Lu|confusion|[from] ability: Poison Puppeteer|[of] p2a: Pecharunt
|-activate|p1a: Ting-Lu|confusion
|-damage|p1a: Ting-Lu|23/100 tox|[from] confusion
|
|-heal|p1a: Ting-Lu|29/100 tox|[from] item: Leftovers
|-damage|p1a: Ting-Lu|23/100 tox|[from] psn
|upkeep
|turn|15
|
|t:|1757963382
|move|p2a: Pecharunt|Nasty Plot|p2a: Pecharunt
|-boost|p2a: Pecharunt|spa|2
|-end|p1a: Ting-Lu|confusion
|move|p1a: Ting-Lu|Earthquake|p2a: Pecharunt
|-supereffective|p2a: Pecharunt
|-damage|p2a: Pecharunt|0 fnt
|faint|p2a: Pecharunt
|
|-heal|p1a: Ting-Lu|29/100 tox|[from] item: Leftovers
|-damage|p1a: Ting-Lu|17/100 tox|[from] psn
|upkeep
|-message|RobinMuisterr forfeited.
|
|win|SSStyl1sh
|raw|SSStyl1sh's rating: 1287 &rarr; <strong>1310</strong><br />(+23 for winning)
|raw|RobinMuisterr's rating: 1253 &rarr; <strong>1230</strong><br />(-23 for losing)
|l|☆RobinMuisterr
|player|p2|
|c|☆SSStyl1sh|greedy
