|j|☆hitmongigas
|j|☆maractus' no1 fan
|t:|1757915660
|gametype|singles
|player|p1|hitmongigas|steven-masters2|1476
|player|p2|maractus' no1 fan|170|1588
|gen|9
|tier|[Gen 9] OU
|rated|
|rule|HP Percentage Mod: HP is shown in percentages
|rule|Endless Battle Clause: Forcing endless battles is banned
|rule|Species Clause: Limit one of each Pokémon
|rule|OHKO Clause: OHKO moves are banned
|rule|Evasion Items Clause: Evasion items are banned
|rule|Evasion Moves Clause: Evasion moves are banned
|rule|Evasion Abilities Clause: Evasion abilities are banned
|rule|Sleep Moves Clause: Sleep-inducing moves are banned
|clearpoke
|poke|p1|Iron Crown|
|poke|p1|Dragapult, M|
|poke|p1|Kingambit, F|
|poke|p1|Great Tusk|
|poke|p1|Primarina, M|
|poke|p1|Moltres|
|poke|p2|Ceruledge, M|
|poke|p2|Alomomola, F|
|poke|p2|Gholdengo|
|poke|p2|Great Tusk|
|poke|p2|Latios, M|
|poke|p2|Kingambit, F|
|teampreview
|c|☆hitmongigas|glhf
|
|t:|1757915681
|teamsize|p1|6
|teamsize|p2|6
|start
|switch|p1a: Primarina|Primarina, M|100/100
|switch|p2a: Alomomola|Alomomola, F|100/100
|turn|1
|inactive|Battle timer is ON: inactive players will automatically lose when time's up. (requested by hitmongigas)
|
|t:|1757915707
|move|p1a: Primarina|Moonblast|p2a: Alomomola
|-damage|p2a: Alomomola|41/100
|move|p2a: Alomomola|Flip Turn|p1a: Primarina
|-resisted|p1a: Primarina
|-damage|p1a: Primarina|92/100
|
|t:|1757915719
|switch|p2a: Gholdengo|Gholdengo|100/100|[from] Flip Turn
|-item|p2a: Gholdengo|Air Balloon
|
|upkeep
|turn|2
|inactiveoff|Battle timer is now OFF.
|
|t:|1757915728
|move|p2a: Gholdengo|Nasty Plot|p2a: Gholdengo
|-boost|p2a: Gholdengo|spa|2
|move|p1a: Primarina|Hyper Voice|p2a: Gholdengo
|-damage|p2a: Gholdengo|47/100
|-enditem|p2a: Gholdengo|Air Balloon
|
|upkeep
|turn|3
|
|t:|1757915734
|move|p2a: Gholdengo|Make It Rain|p1a: Primarina
|-damage|p1a: Primarina|26/100
|-unboost|p2a: Gholdengo|spa|1
|move|p1a: Primarina|Hyper Voice|p2a: Gholdengo
|-damage|p2a: Gholdengo|0 fnt
|faint|p2a: Gholdengo
|
|upkeep
|inactive|Battle timer is ON: inactive players will automatically lose when time's up. (requested by hitmongigas)
|
|t:|1757915745
|switch|p2a: Latios|Latios, M|100/100
|turn|4
|
|t:|1757915757
|move|p2a: Latios|Psychic Noise|p1a: Primarina
|-damage|p1a: Primarina|2/100
|-start|p1a: Primarina|move: Heal Block
|cant|p1a: Primarina|move: Heal Block|Draining Kiss
|
|upkeep
|turn|5
|c|☆hitmongigas|wp
|
|t:|1757915767
|move|p2a: Latios|Psychic Noise|p1a: Primarina
|-damage|p1a: Primarina|0 fnt
|faint|p1a: Primarina
|
|upkeep
|
|t:|1757915778
|switch|p1a: Dragapult|Dragapult, M, shiny|100/100
|turn|6
|
|t:|1757915792
|switch|p2a: Alomomola|Alomomola, F|74/100
|move|p1a: Dragapult|Dragon Darts|p2a: Alomomola
|-damage|p2a: Alomomola|56/100
|-anim|p1a: Dragapult|Dragon Darts|p2a: Alomomola
|-damage|p2a: Alomomola|36/100
|
|upkeep
|turn|7
|
|t:|1757915812
|switch|p2a: Kingambit|Kingambit, F|100/100
|-activate|p2a: Kingambit|ability: Supreme Overlord
|-start|p2a: Kingambit|fallen1|[silent]
|move|p1a: Dragapult|Dragon Darts|p2a: Kingambit
|-resisted|p2a: Kingambit
|-damage|p2a: Kingambit|86/100
|-anim|p1a: Dragapult|Dragon Darts|p2a: Kingambit
|-resisted|p2a: Kingambit
|-damage|p2a: Kingambit|69/100
|
|-heal|p2a: Kingambit|75/100|[from] item: Leftovers
|upkeep
|turn|8
|
|t:|1757915821
|switch|p1a: Moltres|Moltres|100/100
|-end|p2a: Kingambit|fallen1|[silent]
|switch|p2a: Ceruledge|Ceruledge, M|100/100
|
|upkeep
|turn|9
|
|t:|1757915830
|move|p2a: Ceruledge|Bulk Up|p2a: Ceruledge
|-boost|p2a: Ceruledge|atk|1
|-boost|p2a: Ceruledge|def|1
|move|p1a: Moltres|Hurricane|p2a: Ceruledge
|-damage|p2a: Ceruledge|63/100
|
|upkeep
|turn|10
|
|t:|1757915837
|switch|p1a: Great Tusk|Great Tusk|100/100
|move|p2a: Ceruledge|Taunt|p1a: Great Tusk
|-start|p1a: Great Tusk|move: Taunt
|
|upkeep
|turn|11
|
|t:|1757915846
|-terastallize|p2a: Ceruledge|Bug
|move|p1a: Great Tusk|Headlong Rush|p2a: Ceruledge
|-resisted|p2a: Ceruledge
|-damage|p2a: Ceruledge|41/100
|-unboost|p1a: Great Tusk|def|1
|-unboost|p1a: Great Tusk|spd|1
|move|p2a: Ceruledge|Bitter Blade|p1a: Great Tusk
|-damage|p1a: Great Tusk|42/100
|-heal|p2a: Ceruledge|75/100|[from] drain|[of] p1a: Great Tusk
|
|upkeep
|turn|12
|
|t:|1757915853
|move|p1a: Great Tusk|Ice Spinner|p2a: Ceruledge
|-damage|p2a: Ceruledge|56/100
|move|p2a: Ceruledge|Bulk Up|p2a: Ceruledge
|-boost|p2a: Ceruledge|atk|1
|-boost|p2a: Ceruledge|def|1
|
|-end|p1a: Great Tusk|move: Taunt
|upkeep
|turn|13
|
|t:|1757915858
|-end|p1a: Great Tusk|Protosynthesis|[silent]
|switch|p1a: Moltres|Moltres|100/100
|move|p2a: Ceruledge|Bitter Blade|p1a: Moltres
|-resisted|p1a: Moltres
|-crit|p1a: Moltres
|-damage|p1a: Moltres|50/100
|-heal|p2a: Ceruledge|84/100|[from] drain|[of] p1a: Moltres
|
|upkeep
|turn|14
|
|t:|1757915865
|move|p2a: Ceruledge|Bitter Blade|p1a: Moltres
|-resisted|p1a: Moltres
|-damage|p1a: Moltres|18/100
|-heal|p2a: Ceruledge|100/100|[from] drain|[of] p1a: Moltres
|move|p1a: Moltres|Flamethrower|p2a: Ceruledge
|-start|p2a: Ceruledge|ability: Flash Fire
|
|upkeep
|turn|15
|
|t:|1757915873
|move|p2a: Ceruledge|Bitter Blade|p1a: Moltres
|-resisted|p1a: Moltres
|-damage|p1a: Moltres|0 fnt
|faint|p1a: Moltres
|
|upkeep
|
|t:|1757915881
|switch|p1a: Iron Crown|Iron Crown|100/100
|turn|16
|
|t:|1757915888
|-terastallize|p1a: Iron Crown|Poison
|move|p1a: Iron Crown|Tachyon Cutter|p2a: Ceruledge
|-damage|p2a: Ceruledge|80/100
|-damage|p2a: Ceruledge|60/100
|-hitcount|p2a: Ceruledge|2
|move|p2a: Ceruledge|Bitter Blade|p1a: Iron Crown
|-damage|p1a: Iron Crown|0 fnt
|-heal|p2a: Ceruledge|100/100|[from] drain|[of] p1a: Iron Crown
|faint|p1a: Iron Crown
|-end|p1a: Iron Crown|Quark Drive|[silent]
|
|upkeep
|-message|hitmongigas forfeited.
|
|win|maractus' no1 fan
|raw|hitmongigas's rating: 1476 &rarr; <strong>1462</strong><br />(-14 for losing)
|raw|maractus&apos; no1 fan's rating: 1588 &rarr; <strong>1602</strong><br />(+14 for winning)
|l|☆hitmongigas
|player|p1|
|l|☆maractus' no1 fan
|player|p2|
