|j|☆Tigerballs
|j|☆PESCIOLINO
|t:|1757849053
|gametype|singles
|player|p1|Tigerballs|swimmer-gen4dp|1672
|player|p2|PESCIOLINO|265|1615
|gen|9
|tier|[Gen 9] OU
|rated|
|rule|HP Percentage Mod: HP is shown in percentages
|rule|Endless Battle Clause: Forcing endless battles is banned
|rule|Species Clause: Limit one of each Pokémon
|rule|OHKO Clause: OHKO moves are banned
|rule|Evasion Items Clause: Evasion items are banned
|rule|Evasion Moves Clause: Evasion moves are banned
|rule|Evasion Abilities Clause: Evasion abilities are banned
|rule|Sleep Moves Clause: Sleep-inducing moves are banned
|clearpoke
|poke|p1|Ninetales-Alola, M|
|poke|p1|Skeledirge, F|
|poke|p1|Okidogi, M|
|poke|p1|Vaporeon, M|
|poke|p1|Cresselia, F|
|poke|p1|Frosmoth, F|
|poke|p2|Okidogi, M|
|poke|p2|Dondozo, F|
|poke|p2|Kyurem|
|poke|p2|Iron Valiant|
|poke|p2|Dragonite, M|
|poke|p2|Raging Bolt|
|teampreview
|inactive|Battle timer is ON: inactive players will automatically lose when time's up. (requested by Tigerballs)
|
|t:|1757849071
|teamsize|p1|6
|teamsize|p2|6
|start
|switch|p1a: Ninetales|Ninetales-Alola, M, shiny|100/100
|switch|p2a: Okidogi|Okidogi, M|100/100
|-weather|Snowscape|[from] ability: Snow Warning|[of] p1a: Ninetales
|turn|1
|
|t:|1757849080
|switch|p1a: Grrrr|Okidogi, M|100/100
|move|p2a: Okidogi|Poison Jab|p1a: Grrrr
|-resisted|p1a: Grrrr
|-damage|p1a: Grrrr|82/100
|
|-weather|Snowscape|[upkeep]
|-heal|p1a: Grrrr|88/100|[from] item: Leftovers
|upkeep
|turn|2
|
|t:|1757849090
|move|p2a: Okidogi|Knock Off|p1a: Grrrr
|-resisted|p1a: Grrrr
|-damage|p1a: Grrrr|73/100
|-enditem|p1a: Grrrr|Leftovers|[from] move: Knock Off|[of] p2a: Okidogi
|move|p1a: Grrrr|Bulk Up|p1a: Grrrr
|-boost|p1a: Grrrr|atk|1
|-boost|p1a: Grrrr|def|1
|
|-weather|Snowscape|[upkeep]
|upkeep
|turn|3
|
|t:|1757849106
|switch|p2a: Raging Bolt|Raging Bolt|100/100
|move|p1a: Grrrr|Poison Jab|p2a: Raging Bolt
|-damage|p2a: Raging Bolt|56/100
|-status|p2a: Raging Bolt|psn
|
|-weather|Snowscape|[upkeep]
|-damage|p2a: Raging Bolt|44/100 psn|[from] psn
|upkeep
|turn|4
|
|t:|1757849115
|move|p2a: Raging Bolt|Thunderbolt|p1a: Grrrr
|-damage|p1a: Grrrr|34/100
|-status|p1a: Grrrr|par
|move|p1a: Grrrr|Poison Jab|p2a: Raging Bolt
|-damage|p2a: Raging Bolt|0 fnt
|faint|p2a: Raging Bolt
|-end|p2a: Raging Bolt|Protosynthesis|[silent]
|
|-weather|Snowscape|[upkeep]
|upkeep
|
|t:|1757849121
|switch|p2a: Dondozo|Dondozo, F|100/100
|turn|5
|
|t:|1757849134
|switch|p1a: Cresselia|Cresselia, F|100/100
|move|p2a: Dondozo|Earthquake|p1a: Cresselia
|-immune|p1a: Cresselia|[from] ability: Levitate
|
|-weather|none
|upkeep
|turn|6
|
|t:|1757849143
|switch|p2a: Kyurem|Kyurem|100/100
|-ability|p2a: Kyurem|Pressure
|move|p1a: Cresselia|Trick|p2a: Kyurem
|-activate|p1a: Cresselia|move: Trick|[of] p2a: Kyurem
|-item|p2a: Kyurem|Choice Scarf|[from] move: Trick
|-item|p1a: Cresselia|Assault Vest|[from] move: Trick
|
|upkeep
|turn|7
|
|t:|1757849154
|switch|p2a: Okidogi|Okidogi, M|100/100
|move|p1a: Cresselia|Moonblast|p2a: Okidogi
|-damage|p2a: Okidogi|85/100
|
|upkeep
|turn|8
|
|t:|1757849161
|move|p1a: Cresselia|Psychic|p2a: Okidogi
|-supereffective|p2a: Okidogi
|-damage|p2a: Okidogi|0 fnt
|faint|p2a: Okidogi
|
|upkeep
|-message|PESCIOLINO forfeited.
|
|win|Tigerballs
|raw|Tigerballs's rating: 1672 &rarr; <strong>1689</strong><br />(+17 for winning)
|raw|PESCIOLINO's rating: 1615 &rarr; <strong>1598</strong><br />(-17 for losing)
|l|☆PESCIOLINO
|player|p2|
|l|☆Tigerballs
|player|p1|
|j|☆Tigerballs
|player|p1|Tigerballs|swimmer-gen4dp|
|l|☆Tigerballs
|player|p1|
|j|☆Tigerballs
|player|p1|Tigerballs|swimmer-gen4dp|
|l|☆Tigerballs
|player|p1|
