|inactive|Battle timer is ON: inactive players will automatically lose when time's up.
|t:|1757811590
|gametype|singles
|player|p1|MRH1106|2|
|player|p2|JJ09LIE|#scl5platoon2|
|gen|9
|tier|[Gen 9] OU
|rule|HP Percentage Mod: HP is shown in percentages
|rule|Endless Battle Clause: Forcing endless battles is banned
|rule|Species Clause: Limit one of each Pokémon
|rule|OHKO Clause: OHKO moves are banned
|rule|Evasion Items Clause: Evasion items are banned
|rule|Evasion Moves Clause: Evasion moves are banned
|rule|Evasion Abilities Clause: Evasion abilities are banned
|rule|Sleep Moves Clause: Sleep-inducing moves are banned
|clearpoke
|poke|p1|Rillaboom, M|
|poke|p1|Gholdengo|
|poke|p1|Zamazenta-*|
|poke|p1|Landorus-Therian, M|
|poke|p1|Darkrai|
|poke|p1|Primarina, F|
|poke|p2|Alomomola, F|
|poke|p2|Great Tusk|
|poke|p2|Zapdos|
|poke|p2|Slowking-Galar, M|
|poke|p2|Iron Valiant|
|poke|p2|Cinderace, F|
|teampreview
|inactive|MRH1106 has 270 seconds left.
|inactive|JJ09LIE has 270 seconds left.
|c|☆MRH1106|glhf
|c|☆JJ09LIE|hf
|inactive|JJ09LIE has 240 seconds left.
|
|t:|1757811675
|teamsize|p1|6
|teamsize|p2|6
|start
|switch|p1a: Primarina|Primarina, F|100/100
|switch|p2a: Slowking|Slowking-Galar, M|100/100
|turn|1
|
|t:|1757811690
|move|p1a: Primarina|Flip Turn|p2a: Slowking
|-damage|p2a: Slowking|90/100
|
|t:|1757811697
|switch|p1a: Landorus|Landorus-Therian, M|100/100|[from] Flip Turn
|-ability|p1a: Landorus|Intimidate|boost
|-unboost|p2a: Slowking|atk|1
|move|p2a: Slowking|Future Sight|p1a: Landorus
|-start|p2a: Slowking|move: Future Sight
|
|upkeep
|turn|2
|
|t:|1757811708
|move|p1a: Landorus|U-turn|p2a: Slowking
|-damage|p2a: Slowking|77/100
|
|t:|1757811711
|switch|p1a: Darkrai|Darkrai|100/100|[from] U-turn
|move|p2a: Slowking|Ice Beam|p1a: Darkrai
|-damage|p1a: Darkrai|72/100
|
|upkeep
|turn|3
|
|t:|1757811720
|switch|p2a: Alomomola|Alomomola, F|100/100
|move|p1a: Darkrai|Nasty Plot|p1a: Darkrai
|-boost|p1a: Darkrai|spa|2
|
|-end|p1a: Darkrai|move: Future Sight
|-immune|p1a: Darkrai
|upkeep
|turn|4
|
|t:|1757811741
|move|p1a: Darkrai|Nasty Plot|p1a: Darkrai
|-boost|p1a: Darkrai|spa|2
|move|p2a: Alomomola|Mirror Coat||[still]
|-fail|p2a: Alomomola
|
|upkeep
|turn|5
|
|t:|1757811744
|move|p1a: Darkrai|Nasty Plot|p1a: Darkrai
|-boost|p1a: Darkrai|spa|2
|move|p2a: Alomomola|Flip Turn|p1a: Darkrai
|-damage|p1a: Darkrai|52/100
|inactive|JJ09LIE has 270 seconds left.
|inactive|JJ09LIE has 240 seconds left.
|inactive|JJ09LIE has 210 seconds left.
|
|t:|1757811831
|switch|p2a: Great Tusk|Great Tusk|100/100|[from] Flip Turn
|
|upkeep
|turn|6
|inactive|MRH1106 has 270 seconds left.
|
|t:|1757811865
|move|p2a: Great Tusk|Headlong Rush|p1a: Darkrai
|-damage|p1a: Darkrai|0 fnt
|-unboost|p2a: Great Tusk|def|1
|-unboost|p2a: Great Tusk|spd|1
|faint|p1a: Darkrai
|
|upkeep
|c|☆MRH1106|OH
|inactive|MRH1106 has 270 seconds left.
|
|t:|1757811872
|switch|p1a: Rillaboom|Rillaboom, M|100/100
|-fieldstart|move: Grassy Terrain|[from] ability: Grassy Surge|[of] p1a: Rillaboom
|turn|7
|inactive|MRH1106 has 270 seconds left.
|
|t:|1757811887
|-end|p2a: Great Tusk|Protosynthesis|[silent]
|switch|p2a: Zapdos|Zapdos|100/100
|move|p1a: Rillaboom|Knock Off|p2a: Zapdos
|-damage|p2a: Zapdos|74/100
|-damage|p1a: Rillaboom|84/100|[from] item: Rocky Helmet|[of] p2a: Zapdos
|-status|p1a: Rillaboom|par|[from] ability: Static|[of] p2a: Zapdos
|-enditem|p2a: Zapdos|Rocky Helmet|[from] move: Knock Off|[of] p1a: Rillaboom
|
|-heal|p1a: Rillaboom|90/100 par|[from] Grassy Terrain
|upkeep
|turn|8
|inactive|JJ09LIE has 240 seconds left.
|
|t:|1757811897
|move|p2a: Zapdos|Hurricane|p1a: Rillaboom|[miss]
|-miss|p2a: Zapdos|p1a: Rillaboom
|move|p1a: Rillaboom|U-turn|p2a: Zapdos
|-resisted|p2a: Zapdos
|-damage|p2a: Zapdos|65/100
|
|t:|1757811906
|switch|p1a: Zamazenta|Zamazenta|100/100|[from] U-turn
|-ability|p1a: Zamazenta|Dauntless Shield|boost
|-boost|p1a: Zamazenta|def|1
|
|upkeep
|turn|9
|inactive|JJ09LIE has 240 seconds left.
|
|t:|1757811922
|move|p1a: Zamazenta|Stone Edge|p2a: Zapdos
|-supereffective|p2a: Zapdos
|-damage|p2a: Zapdos|0 fnt
|faint|p2a: Zapdos
|-damage|p1a: Zamazenta|91/100|[from] item: Life Orb
|
|-heal|p1a: Zamazenta|97/100|[from] Grassy Terrain
|upkeep
|inactive|JJ09LIE has 240 seconds left.
|inactive|JJ09LIE has 210 seconds left.
|c|☆MRH1106|using the timer to make me not think its scarf tusk was smart
|c|☆MRH1106|well done
|inactive|JJ09LIE has 180 seconds left.
|
|t:|1757812006
|switch|p2a: Alomomola|Alomomola, F|100/100
|turn|10
|
|t:|1757812010
|move|p1a: Zamazenta|Close Combat|p2a: Alomomola
|-damage|p2a: Alomomola|36/100
|-unboost|p1a: Zamazenta|def|1
|-unboost|p1a: Zamazenta|spd|1
|-damage|p1a: Zamazenta|87/100|[from] item: Life Orb
|move|p2a: Alomomola|Flip Turn|p1a: Zamazenta
|-damage|p1a: Zamazenta|71/100
|
|t:|1757812017
|switch|p2a: Slowking|Slowking-Galar, M|100/100|[from] Flip Turn
|
|-heal|p1a: Zamazenta|77/100|[from] Grassy Terrain
|upkeep
|turn|11
|inactive|JJ09LIE has 180 seconds left.
|inactive|MRH1106 has 270 seconds left.
|
|t:|1757812070
|switch|p1a: Gholdengo|Gholdengo|100/100
|-enditem|p1a: Gholdengo|Grassy Seed
|-boost|p1a: Gholdengo|def|1|[from] item: Grassy Seed
|move|p2a: Slowking|Sludge Bomb|p1a: Gholdengo
|-immune|p1a: Gholdengo
|
|-fieldend|move: Grassy Terrain
|upkeep
|turn|12
|
|t:|1757812078
|move|p1a: Gholdengo|Nasty Plot|p1a: Gholdengo
|-boost|p1a: Gholdengo|spa|2
|-prepare|p2a: Slowking|Chilly Reception|[premajor]
|move|p2a: Slowking|Chilly Reception|p2a: Slowking
|-weather|Snowscape
|
|t:|1757812082
|switch|p2a: Cinderace|Cinderace, F|100/100|[from] Chilly Reception
|
|-weather|Snowscape|[upkeep]
|upkeep
|turn|13
|
|t:|1757812094
|-terastallize|p1a: Gholdengo|Water
|move|p2a: Cinderace|Pyro Ball|p1a: Gholdengo
|-resisted|p1a: Gholdengo
|-damage|p1a: Gholdengo|85/100
|move|p1a: Gholdengo|Shadow Ball|p2a: Cinderace
|-damage|p2a: Cinderace|12/100
|
|-weather|Snowscape|[upkeep]
|upkeep
|turn|14
|
|t:|1757812119
|move|p2a: Cinderace|Pyro Ball|p1a: Gholdengo
|-resisted|p1a: Gholdengo
|-damage|p1a: Gholdengo|61/100
|move|p1a: Gholdengo|Recover|p1a: Gholdengo
|-heal|p1a: Gholdengo|100/100
|
|-weather|Snowscape|[upkeep]
|upkeep
|turn|15
|
|t:|1757812122
|move|p2a: Cinderace|Pyro Ball|p1a: Gholdengo
|-resisted|p1a: Gholdengo
|-damage|p1a: Gholdengo|79/100
|move|p1a: Gholdengo|Shadow Ball|p2a: Cinderace
|-damage|p2a: Cinderace|0 fnt
|faint|p2a: Cinderace
|
|-weather|Snowscape|[upkeep]
|upkeep
|inactive|JJ09LIE has 150 seconds left.
|inactive|JJ09LIE has 120 seconds left.
|inactive|JJ09LIE has 90 seconds left.
|
|t:|1757812215
|switch|p2a: Iron Valiant|Iron Valiant|100/100
|turn|16
|
|t:|1757812216
|move|p2a: Iron Valiant|Close Combat|p1a: Gholdengo
|-damage|p1a: Gholdengo|20/100
|-unboost|p2a: Iron Valiant|def|1
|-unboost|p2a: Iron Valiant|spd|1
|move|p1a: Gholdengo|Shadow Ball|p2a: Iron Valiant
|-damage|p2a: Iron Valiant|0 fnt
|faint|p2a: Iron Valiant
|-end|p2a: Iron Valiant|Quark Drive|[silent]
|
|-weather|none
|upkeep
|inactive|JJ09LIE has 90 seconds left.
|
|t:|1757812223
|switch|p2a: Great Tusk|Great Tusk|100/100
|turn|17
|
|t:|1757812229
|switch|p1a: Landorus|Landorus-Therian, M|100/100
|-ability|p1a: Landorus|Intimidate|boost
|-unboost|p2a: Great Tusk|atk|1
|move|p2a: Great Tusk|Close Combat|p1a: Landorus
|-resisted|p1a: Landorus
|-damage|p1a: Landorus|80/100
|-unboost|p2a: Great Tusk|def|1
|-unboost|p2a: Great Tusk|spd|1
|-damage|p2a: Great Tusk|84/100|[from] item: Rocky Helmet|[of] p1a: Landorus
|
|upkeep
|turn|18
|
|t:|1757812234
|-end|p2a: Great Tusk|Protosynthesis|[silent]
|switch|p2a: Alomomola|Alomomola, F|69/100
|move|p1a: Landorus|Stealth Rock|p2a: Alomomola
|-sidestart|p2: JJ09LIE|move: Stealth Rock
|
|upkeep
|turn|19
|
|t:|1757812239
|move|p1a: Landorus|U-turn|p2a: Alomomola
|-damage|p2a: Alomomola|54/100
|
|t:|1757812240
|switch|p1a: Rillaboom|Rillaboom, M|90/100 par|[from] U-turn
|-fieldstart|move: Grassy Terrain|[from] ability: Grassy Surge|[of] p1a: Rillaboom
|move|p2a: Alomomola|Flip Turn|p1a: Rillaboom
|-resisted|p1a: Rillaboom
|-damage|p1a: Rillaboom|82/100 par
|
|t:|1757812244
|switch|p2a: Slowking|Slowking-Galar, M|100/100|[from] Flip Turn
|-damage|p2a: Slowking|88/100|[from] Stealth Rock
|
|-heal|p1a: Rillaboom|88/100 par|[from] Grassy Terrain
|-heal|p2a: Slowking|94/100|[from] Grassy Terrain
|upkeep
|turn|20
|
|t:|1757812260
|move|p1a: Rillaboom|Knock Off|p2a: Slowking
|-supereffective|p2a: Slowking
|-damage|p2a: Slowking|41/100
|-enditem|p2a: Slowking|Shuca Berry|[from] move: Knock Off|[of] p1a: Rillaboom
|move|p2a: Slowking|Sludge Bomb|p1a: Rillaboom
|-supereffective|p1a: Rillaboom
|-damage|p1a: Rillaboom|1/100 par
|
|-heal|p1a: Rillaboom|7/100 par|[from] Grassy Terrain
|-heal|p2a: Slowking|47/100|[from] Grassy Terrain
|upkeep
|turn|21
|
|t:|1757812271
|move|p1a: Rillaboom|U-turn|p2a: Slowking
|-damage|p2a: Slowking|28/100
|
|t:|1757812277
|switch|p1a: Zamazenta|Zamazenta|77/100|[from] U-turn
|-prepare|p2a: Slowking|Chilly Reception|[premajor]
|move|p2a: Slowking|Chilly Reception|p2a: Slowking
|-weather|Snowscape
|inactive|JJ09LIE has 120 seconds left.
|inactive|JJ09LIE has 90 seconds left.
|
|t:|1757812341
|switch|p2a: Alomomola|Alomomola, F|87/100|[from] Chilly Reception
|-damage|p2a: Alomomola|75/100|[from] Stealth Rock
|
|-weather|Snowscape|[upkeep]
|-heal|p1a: Zamazenta|83/100|[from] Grassy Terrain
|-heal|p2a: Alomomola|81/100|[from] Grassy Terrain
|upkeep
|turn|22
|
|t:|1757812347
|move|p1a: Zamazenta|Close Combat|p2a: Alomomola
|-damage|p2a: Alomomola|19/100
|-unboost|p1a: Zamazenta|def|1
|-unboost|p1a: Zamazenta|spd|1
|-damage|p1a: Zamazenta|73/100|[from] item: Life Orb
|move|p2a: Alomomola|Flip Turn|p1a: Zamazenta
|-damage|p1a: Zamazenta|51/100
|
|t:|1757812354
|switch|p2a: Great Tusk|Great Tusk|84/100|[from] Flip Turn
|-damage|p2a: Great Tusk|81/100|[from] Stealth Rock
|
|-weather|Snowscape|[upkeep]
|-heal|p2a: Great Tusk|87/100|[from] Grassy Terrain
|-heal|p1a: Zamazenta|57/100|[from] Grassy Terrain
|upkeep
|turn|23
|inactive|JJ09LIE has 90 seconds left.
|
|t:|1757812367
|switch|p1a: Landorus|Landorus-Therian, M|80/100
|-ability|p1a: Landorus|Intimidate|boost
|-unboost|p2a: Great Tusk|atk|1
|move|p2a: Great Tusk|Close Combat|p1a: Landorus
|-resisted|p1a: Landorus
|-damage|p1a: Landorus|60/100
|-unboost|p2a: Great Tusk|def|1
|-unboost|p2a: Great Tusk|spd|1
|-damage|p2a: Great Tusk|71/100|[from] item: Rocky Helmet|[of] p1a: Landorus
|
|-weather|Snowscape|[upkeep]
|-heal|p2a: Great Tusk|77/100|[from] Grassy Terrain
|-fieldend|move: Grassy Terrain
|upkeep
|turn|24
|inactive|JJ09LIE has 90 seconds left.
|
|t:|1757812372
|-end|p2a: Great Tusk|Protosynthesis|[silent]
|switch|p2a: Alomomola|Alomomola, F|53/100
|-damage|p2a: Alomomola|40/100|[from] Stealth Rock
|move|p1a: Landorus|Earth Power|p2a: Alomomola
|-damage|p2a: Alomomola|24/100
|
|-weather|Snowscape|[upkeep]
|upkeep
|turn|25
|inactive|JJ09LIE has 90 seconds left.
|
|t:|1757812400
|move|p1a: Landorus|Earth Power|p2a: Alomomola
|-damage|p2a: Alomomola|8/100
|move|p2a: Alomomola|Flip Turn|p1a: Landorus
|-supereffective|p1a: Landorus
|-damage|p1a: Landorus|27/100
|-damage|p2a: Alomomola|0 fnt|[from] item: Rocky Helmet|[of] p1a: Landorus
|faint|p2a: Alomomola
|
|-weather|none
|upkeep
|
|t:|1757812403
|switch|p2a: Slowking|Slowking-Galar, M|61/100
|-damage|p2a: Slowking|48/100|[from] Stealth Rock
|turn|26
|
|t:|1757812407
|move|p1a: Landorus|U-turn|p2a: Slowking
|-damage|p2a: Slowking|34/100
|
|t:|1757812413
|switch|p1a: Gholdengo|Gholdengo, tera:Water|20/100|[from] U-turn
|move|p2a: Slowking|Ice Beam|p1a: Gholdengo
|-resisted|p1a: Gholdengo
|-damage|p1a: Gholdengo|11/100
|
|upkeep
|turn|27
|inactive|JJ09LIE has 90 seconds left.
|
|t:|1757812433
|-terastallize|p2a: Slowking|Water
|move|p1a: Gholdengo|Shadow Ball|p2a: Slowking
|-damage|p2a: Slowking|5/100
|-prepare|p2a: Slowking|Chilly Reception|[premajor]
|move|p2a: Slowking|Chilly Reception|p2a: Slowking
|-weather|Snowscape
|
|t:|1757812436
|switch|p2a: Great Tusk|Great Tusk|77/100|[from] Chilly Reception
|-damage|p2a: Great Tusk|74/100|[from] Stealth Rock
|
|-weather|Snowscape|[upkeep]
|upkeep
|turn|28
|
|t:|1757812442
|move|p2a: Great Tusk|Rapid Spin|p1a: Gholdengo
|-damage|p1a: Gholdengo|0 fnt
|-boost|p2a: Great Tusk|spe|1
|-sideend|p2: JJ09LIE|Stealth Rock|[from] move: Rapid Spin|[of] p2a: Great Tusk
|faint|p1a: Gholdengo
|
|-weather|Snowscape|[upkeep]
|upkeep
|
|t:|1757812446
|switch|p1a: Rillaboom|Rillaboom, M|7/100 par
|-fieldstart|move: Grassy Terrain|[from] ability: Grassy Surge|[of] p1a: Rillaboom
|turn|29
|
|t:|1757812452
|move|p1a: Rillaboom|Grassy Glide|p2a: Great Tusk
|-supereffective|p2a: Great Tusk
|-damage|p2a: Great Tusk|20/100
|move|p2a: Great Tusk|Rapid Spin|p1a: Rillaboom
|-damage|p1a: Rillaboom|0 fnt
|-boost|p2a: Great Tusk|spe|1
|faint|p1a: Rillaboom
|
|-weather|Snowscape|[upkeep]
|-heal|p2a: Great Tusk|26/100|[from] Grassy Terrain
|upkeep
|
|t:|1757812456
|switch|p1a: Landorus|Landorus-Therian, M|27/100
|-ability|p1a: Landorus|Intimidate|boost
|-unboost|p2a: Great Tusk|atk|1
|turn|30
|
|t:|1757812460
|-end|p2a: Great Tusk|Protosynthesis|[silent]
|switch|p2a: Slowking|Slowking-Galar, M, tera:Water|39/100
|move|p1a: Landorus|U-turn|p2a: Slowking
|-damage|p2a: Slowking|23/100
|
|t:|1757812464
|switch|p1a: Zamazenta|Zamazenta|57/100|[from] U-turn
|
|-weather|Snowscape|[upkeep]
|-heal|p1a: Zamazenta|63/100|[from] Grassy Terrain
|-heal|p2a: Slowking|29/100|[from] Grassy Terrain
|upkeep
|turn|31
|
|t:|1757812467
|move|p1a: Zamazenta|Close Combat|p2a: Slowking
|-damage|p2a: Slowking|0 fnt
|-unboost|p1a: Zamazenta|def|1
|-unboost|p1a: Zamazenta|spd|1
|faint|p2a: Slowking
|-damage|p1a: Zamazenta|53/100|[from] item: Life Orb
|
|-weather|none
|-heal|p1a: Zamazenta|60/100|[from] Grassy Terrain
|upkeep
|
|t:|1757812469
|switch|p2a: Great Tusk|Great Tusk|26/100
|turn|32
|c|☆JJ09LIE|gg
|-message|JJ09LIE forfeited.
|
|win|MRH1106
|c|☆MRH1106|gg
|player|p2|
|player|p1|
