|j|☆ncdr
|j|☆Fhantazy
|t:|1757839144
|gametype|singles
|player|p1|ncdr|flannery|1460
|player|p2|Fhantazy|morty-masters|1456
|gen|9
|tier|[Gen 9] OU
|rated|
|rule|HP Percentage Mod: HP is shown in percentages
|rule|Endless Battle Clause: Forcing endless battles is banned
|rule|Species Clause: Limit one of each Pokémon
|rule|OHKO Clause: OHKO moves are banned
|rule|Evasion Items Clause: Evasion items are banned
|rule|Evasion Moves Clause: Evasion moves are banned
|rule|Evasion Abilities Clause: Evasion abilities are banned
|rule|Sleep Moves Clause: Sleep-inducing moves are banned
|clearpoke
|poke|p1|Hydreigon, M|
|poke|p1|Great Tusk|
|poke|p1|Tyranitar, M|
|poke|p1|Moltres|
|poke|p1|Ninetales-Alola, F|
|poke|p1|Kingambit, F|
|poke|p2|Ursaring, M|
|poke|p2|Corviknight, F|
|poke|p2|Pecharunt|
|poke|p2|Araquanid, M|
|poke|p2|Darkrai|
|poke|p2|Raging Bolt|
|teampreview
|
|t:|1757839188
|teamsize|p1|6
|teamsize|p2|6
|start
|switch|p1a: Great Tusk|Great Tusk|100/100
|switch|p2a: Darkrai|Darkrai|100/100
|turn|1
|
|t:|1757839191
|move|p2a: Darkrai|Ice Beam|p1a: Great Tusk
|-supereffective|p1a: Great Tusk
|-damage|p1a: Great Tusk|7/100
|-status|p1a: Great Tusk|frz
|cant|p1a: Great Tusk|frz
|
|upkeep
|turn|2
|inactive|Battle timer is ON: inactive players will automatically lose when time's up. (requested by ncdr)
|
|t:|1757839195
|move|p2a: Darkrai|Ice Beam|p1a: Great Tusk
|-supereffective|p1a: Great Tusk
|-damage|p1a: Great Tusk|0 fnt
|faint|p1a: Great Tusk
|-end|p1a: Great Tusk|Protosynthesis|[silent]
|
|upkeep
|
|t:|1757839198
|switch|p1a: Ninetales|Ninetales-Alola, F, shiny|100/100
|-weather|Snowscape|[from] ability: Snow Warning|[of] p1a: Ninetales
|turn|3
|
|t:|1757839201
|switch|p2a: Pecharunt|Pecharunt|100/100
|move|p1a: Ninetales|Aurora Veil|p1a: Ninetales
|-sidestart|p1: ncdr|move: Aurora Veil
|
|-weather|Snowscape|[upkeep]
|upkeep
|turn|4
|
|t:|1757839203
|switch|p1a: Kingambit|Kingambit, F|100/100
|move|p2a: Pecharunt|Parting Shot|p1a: Kingambit
|-unboost|p1a: Kingambit|atk|1
|-ability|p1a: Kingambit|Defiant|boost
|-boost|p1a: Kingambit|atk|2
|-unboost|p1a: Kingambit|spa|1
|-ability|p1a: Kingambit|Defiant|boost
|-boost|p1a: Kingambit|atk|2
|
|t:|1757839226
|switch|p2a: Darkrai|Darkrai|100/100|[from] Parting Shot
|
|-weather|Snowscape|[upkeep]
|upkeep
|turn|5
|
|t:|1757839246
|move|p2a: Darkrai|Trick|p1a: Kingambit
|-activate|p2a: Darkrai|move: Trick|[of] p1a: Kingambit
|-item|p1a: Kingambit|Choice Scarf|[from] move: Trick
|-item|p2a: Darkrai|Black Glasses|[from] move: Trick
|move|p1a: Kingambit|Kowtow Cleave|p2a: Darkrai
|-resisted|p2a: Darkrai
|-damage|p2a: Darkrai|15/100
|
|-weather|Snowscape|[upkeep]
|upkeep
|turn|6
|
|t:|1757839256
|move|p2a: Darkrai|Dark Pulse|p1a: Kingambit
|-resisted|p1a: Kingambit
|-damage|p1a: Kingambit|88/100
|move|p1a: Kingambit|Kowtow Cleave|p2a: Darkrai
|-resisted|p2a: Darkrai
|-damage|p2a: Darkrai|0 fnt
|faint|p2a: Darkrai
|
|-weather|Snowscape|[upkeep]
|upkeep
|
|t:|1757839270
|switch|p2a: Corviknight|Corviknight, F|100/100
|-ability|p2a: Corviknight|Pressure
|turn|7
|
|t:|1757839277
|move|p1a: Kingambit|Kowtow Cleave|p2a: Corviknight
|-damage|p2a: Corviknight|32/100
|-damage|p1a: Kingambit|72/100|[from] item: Rocky Helmet|[of] p2a: Corviknight
|move|p2a: Corviknight|U-turn|p1a: Kingambit
|-damage|p1a: Kingambit|66/100
|
|t:|1757839289
|switch|p2a: Pecharunt|Pecharunt|100/100|[from] U-turn
|
|-weather|none
|upkeep
|turn|8
|
|t:|1757839294
|switch|p2a: Corviknight|Corviknight, F|32/100
|-ability|p2a: Corviknight|Pressure
|move|p1a: Kingambit|Kowtow Cleave|p2a: Corviknight
|-damage|p2a: Corviknight|0 fnt
|-damage|p1a: Kingambit|50/100|[from] item: Rocky Helmet|[of] p2a: Corviknight
|faint|p2a: Corviknight
|
|upkeep
|
|t:|1757839305
|switch|p2a: Ursaring|Ursaring, M|100/100
|turn|9
|
|t:|1757839311
|move|p1a: Kingambit|Kowtow Cleave|p2a: Ursaring
|-damage|p2a: Ursaring|2/100
|move|p2a: Ursaring|Rest|p2a: Ursaring
|-status|p2a: Ursaring|slp|[from] move: Rest
|-heal|p2a: Ursaring|100/100 slp|[silent]
|
|upkeep
|turn|10
|
|t:|1757839317
|move|p1a: Kingambit|Kowtow Cleave|p2a: Ursaring
|-damage|p2a: Ursaring|4/100 slp
|cant|p2a: Ursaring|slp
|move|p2a: Ursaring|Sleep Talk|p2a: Ursaring
|move|p2a: Ursaring|Crunch|p1a: Kingambit|[from] move: Sleep Talk
|-resisted|p1a: Kingambit
|-damage|p1a: Kingambit|42/100
|
|-sideend|p1: ncdr|move: Aurora Veil
|upkeep
|turn|11
|
|t:|1757839329
|move|p1a: Kingambit|Kowtow Cleave|p2a: Ursaring
|-damage|p2a: Ursaring|0 fnt
|faint|p2a: Ursaring
|
|upkeep
|
|t:|1757839331
|switch|p2a: Raging Bolt|Raging Bolt|100/100
|turn|12
|
|t:|1757839340
|move|p2a: Raging Bolt|Thunderbolt|p1a: Kingambit
|-damage|p1a: Kingambit|0 fnt
|faint|p1a: Kingambit
|
|upkeep
|
|t:|1757839343
|switch|p1a: Ninetales|Ninetales-Alola, F, shiny|100/100
|-weather|Snowscape|[from] ability: Snow Warning|[of] p1a: Ninetales
|turn|13
|
|t:|1757839346
|move|p1a: Ninetales|Aurora Veil|p1a: Ninetales
|-sidestart|p1: ncdr|move: Aurora Veil
|move|p2a: Raging Bolt|Thunderbolt|p1a: Ninetales
|-damage|p1a: Ninetales|67/100
|
|-weather|Snowscape|[upkeep]
|upkeep
|turn|14
|
|t:|1757839351
|-end|p2a: Raging Bolt|Protosynthesis|[silent]
|switch|p2a: Pecharunt|Pecharunt|100/100
|move|p1a: Ninetales|Blizzard|p2a: Pecharunt
|-damage|p2a: Pecharunt|59/100
|
|-weather|Snowscape|[upkeep]
|-heal|p2a: Pecharunt|65/100|[from] item: Leftovers
|upkeep
|turn|15
|inactive|ncdr has 120 seconds left.
|
|t:|1757839382
|move|p1a: Ninetales|Blizzard|p2a: Pecharunt
|-damage|p2a: Pecharunt|18/100
|-status|p2a: Pecharunt|frz
|cant|p2a: Pecharunt|frz
|
|-weather|Snowscape|[upkeep]
|-heal|p2a: Pecharunt|25/100 frz|[from] item: Leftovers
|upkeep
|turn|16
|
|t:|1757839386
|switch|p2a: Araquanid|Araquanid, M|100/100
|move|p1a: Ninetales|Blizzard|p2a: Araquanid
|-resisted|p2a: Araquanid
|-damage|p2a: Araquanid|84/100
|
|-weather|Snowscape|[upkeep]
|upkeep
|turn|17
|
|t:|1757839403
|switch|p2a: Pecharunt|Pecharunt|25/100 frz
|move|p1a: Ninetales|Freeze-Dry|p2a: Pecharunt
|-crit|p2a: Pecharunt
|-damage|p2a: Pecharunt|0 fnt
|faint|p2a: Pecharunt
|
|-weather|none
|upkeep
|
|t:|1757839407
|switch|p2a: Araquanid|Araquanid, M|84/100
|turn|18
|
|t:|1757839412
|move|p1a: Ninetales|Freeze-Dry|p2a: Araquanid
|-supereffective|p2a: Araquanid
|-damage|p2a: Araquanid|43/100
|move|p2a: Araquanid|Liquidation|p1a: Ninetales
|-damage|p1a: Ninetales|0 fnt
|faint|p1a: Ninetales
|
|upkeep
|
|t:|1757839415
|switch|p1a: Hydreigon|Hydreigon, M|100/100
|turn|19
|
|t:|1757839419
|-terastallize|p1a: Hydreigon|Poison
|move|p1a: Hydreigon|Nasty Plot|p1a: Hydreigon
|-boost|p1a: Hydreigon|spa|2
|move|p2a: Araquanid|Liquidation|p1a: Hydreigon
|-damage|p1a: Hydreigon|54/100
|
|-heal|p1a: Hydreigon|61/100|[from] item: Leftovers
|upkeep
|turn|20
|
|t:|1757839427
|move|p1a: Hydreigon|Dark Pulse|p2a: Araquanid
|-damage|p2a: Araquanid|0 fnt
|faint|p2a: Araquanid
|
|-heal|p1a: Hydreigon|67/100|[from] item: Leftovers
|-sideend|p1: ncdr|move: Aurora Veil
|upkeep
|
|t:|1757839429
|switch|p2a: Raging Bolt|Raging Bolt|100/100
|turn|21
|
|t:|1757839434
|-terastallize|p2a: Raging Bolt|Electric
|move|p1a: Hydreigon|Dark Pulse|p2a: Raging Bolt
|-damage|p2a: Raging Bolt|31/100
|move|p2a: Raging Bolt|Calm Mind|p2a: Raging Bolt
|-boost|p2a: Raging Bolt|spa|1
|-boost|p2a: Raging Bolt|spd|1
|
|-heal|p1a: Hydreigon|73/100|[from] item: Leftovers
|-heal|p2a: Raging Bolt|37/100|[from] item: Leftovers
|upkeep
|turn|22
|
|t:|1757839439
|move|p2a: Raging Bolt|Thunderclap|p1a: Hydreigon
|-damage|p1a: Hydreigon|0 fnt
|faint|p1a: Hydreigon
|
|-heal|p2a: Raging Bolt|43/100|[from] item: Leftovers
|upkeep
|
|t:|1757839442
|switch|p1a: Tyranitar|Tyranitar, M|100/100
|-weather|Sandstorm|[from] ability: Sand Stream|[of] p1a: Tyranitar
|turn|23
|
|t:|1757839444
|move|p2a: Raging Bolt|Thunderbolt|p1a: Tyranitar
|-damage|p1a: Tyranitar|51/100
|move|p1a: Tyranitar|Knock Off|p2a: Raging Bolt
|-damage|p2a: Raging Bolt|7/100
|-enditem|p2a: Raging Bolt|Leftovers|[from] move: Knock Off|[of] p1a: Tyranitar
|
|-weather|Sandstorm|[upkeep]
|-damage|p2a: Raging Bolt|1/100|[from] Sandstorm
|-heal|p1a: Tyranitar|57/100|[from] item: Leftovers
|upkeep
|turn|24
|
|t:|1757839449
|move|p2a: Raging Bolt|Thunderbolt|p1a: Tyranitar
|-damage|p1a: Tyranitar|11/100
|move|p1a: Tyranitar|Knock Off|p2a: Raging Bolt
|-damage|p2a: Raging Bolt|0 fnt
|faint|p2a: Raging Bolt
|-end|p2a: Raging Bolt|Protosynthesis|[silent]
|
|win|ncdr
|raw|ncdr's rating: 1460 &rarr; <strong>1480</strong><br />(+20 for winning)
|raw|Fhantazy's rating: 1456 &rarr; <strong>1436</strong><br />(-20 for losing)
|l|☆Fhantazy
|player|p2|
|l|☆ncdr
|player|p1|
