|j|☆lethsov
|j|☆Acfrost
|t:|1757794266
|gametype|singles
|player|p1|lethsov|gambler|1115
|player|p2|Acfrost|169|1097
|gen|9
|tier|[Gen 9] OU
|rated|
|rule|HP Percentage Mod: HP is shown in percentages
|rule|Endless Battle Clause: Forcing endless battles is banned
|rule|Species Clause: Limit one of each Pokémon
|rule|OHKO Clause: OHKO moves are banned
|rule|Evasion Items Clause: Evasion items are banned
|rule|Evasion Moves Clause: Evasion moves are banned
|rule|Evasion Abilities Clause: Evasion abilities are banned
|rule|Sleep Moves Clause: Sleep-inducing moves are banned
|clearpoke
|poke|p1|Klefki, F|
|poke|p1|Tyranitar, M|
|poke|p1|Terrakion|
|poke|p1|Blastoise, M|
|poke|p1|Clodsire, M|
|poke|p1|Hydreigon, M|
|poke|p2|Espeon, M|
|poke|p2|Dragapult, F|
|poke|p2|Kingambit, F|
|poke|p2|Clawitzer, F|
|poke|p2|Iron Moth|
|poke|p2|Raging Bolt|
|teampreview
|
|t:|1757794281
|teamsize|p1|6
|teamsize|p2|6
|start
|switch|p1a: Clé de bras|Klefki, F|100/100
|switch|p2a: Clawitzer|Clawitzer, F|100/100
|turn|1
|inactive|Battle timer is ON: inactive players will automatically lose when time's up. (requested by Acfrost)
|
|t:|1757794306
|switch|p2a: Espeon|Espeon, M|100/100
|move|p1a: Clé de bras|Light Screen|p1a: Clé de bras
|-sidestart|p1: lethsov|move: Light Screen
|
|upkeep
|turn|2
|inactive|lethsov has 120 seconds left.
|
|t:|1757794346
|switch|p1a: Hydre Titanesque|Hydreigon, M|100/100
|move|p2a: Espeon|Thunder Wave|p1a: Hydre Titanesque
|-status|p1a: Hydre Titanesque|par
|
|upkeep
|turn|3
|
|t:|1757794359
|switch|p2a: Clawitzer|Clawitzer, F|100/100
|move|p1a: Hydre Titanesque|Dark Pulse|p2a: Clawitzer
|-damage|p2a: Clawitzer|55/100
|
|upkeep
|turn|4
|
|t:|1757794366
|move|p1a: Hydre Titanesque|Dark Pulse|p2a: Clawitzer
|-damage|p2a: Clawitzer|9/100
|move|p2a: Clawitzer|Aura Sphere|p1a: Hydre Titanesque
|-supereffective|p1a: Hydre Titanesque
|-crit|p1a: Hydre Titanesque
|-damage|p1a: Hydre Titanesque|0 fnt
|faint|p1a: Hydre Titanesque
|
|upkeep
|inactive|lethsov has 120 seconds left.
|
|t:|1757794399
|switch|p1a: Roosevelt|Blastoise, M|100/100
|turn|5
|inactive|lethsov has 120 seconds left.
|
|t:|1757794411
|switch|p2a: Raging Bolt|Raging Bolt|100/100
|move|p1a: Roosevelt|Shell Smash|p1a: Roosevelt
|-unboost|p1a: Roosevelt|def|1
|-unboost|p1a: Roosevelt|spd|1
|-boost|p1a: Roosevelt|atk|2
|-boost|p1a: Roosevelt|spa|2
|-boost|p1a: Roosevelt|spe|2
|-enditem|p1a: Roosevelt|White Herb
|-clearnegativeboost|p1a: Roosevelt|[silent]
|
|upkeep
|turn|6
|inactive|lethsov has 120 seconds left.
|
|t:|1757794430
|-terastallize|p1a: Roosevelt|Ground
|move|p1a: Roosevelt|Tera Blast|p2a: Raging Bolt|[anim] Tera Blast Ground
|-supereffective|p2a: Raging Bolt
|-damage|p2a: Raging Bolt|0 fnt
|faint|p2a: Raging Bolt
|-end|p2a: Raging Bolt|Protosynthesis|[silent]
|
|upkeep
|
|t:|1757794446
|switch|p2a: Iron Moth|Iron Moth|100/100
|turn|7
|
|t:|1757794454
|-terastallize|p2a: Iron Moth|Grass
|move|p1a: Roosevelt|Tera Blast|p2a: Iron Moth|[anim] Tera Blast Ground
|-resisted|p2a: Iron Moth
|-damage|p2a: Iron Moth|67/100
|move|p2a: Iron Moth|Energy Ball|p1a: Roosevelt
|-supereffective|p1a: Roosevelt
|-crit|p1a: Roosevelt
|-damage|p1a: Roosevelt|0 fnt
|faint|p1a: Roosevelt
|
|upkeep
|inactive|lethsov has 120 seconds left.
|inactive|lethsov has 90 seconds left.
|
|t:|1757794498
|switch|p1a: Mes fans|Clodsire, M|100/100
|turn|8
|inactive|lethsov has 90 seconds left.
|
|t:|1757794508
|-end|p2a: Iron Moth|Quark Drive|[silent]
|switch|p2a: Espeon|Espeon, M|100/100
|move|p1a: Mes fans|Amnesia|p1a: Mes fans
|-boost|p1a: Mes fans|spd|2
|
|-sideend|p1: lethsov|move: Light Screen
|upkeep
|turn|9
|inactive|lethsov has 90 seconds left.
|
|t:|1757794526
|move|p2a: Espeon|Psychic|p1a: Mes fans
|-supereffective|p1a: Mes fans
|-damage|p1a: Mes fans|73/100
|move|p1a: Mes fans|Poison Jab|p2a: Espeon
|-damage|p2a: Espeon|58/100
|
|upkeep
|turn|10
|inactive|lethsov has 90 seconds left.
|
|t:|1757794535
|switch|p2a: Clawitzer|Clawitzer, F|9/100
|move|p1a: Mes fans|Poison Jab|p2a: Clawitzer
|-damage|p2a: Clawitzer|0 fnt
|faint|p2a: Clawitzer
|
|upkeep
|
|t:|1757794548
|switch|p2a: Dragapult|Dragapult, F|100/100
|turn|11
|
|t:|1757794554
|move|p2a: Dragapult|Dragon Darts|p1a: Mes fans
|-damage|p1a: Mes fans|45/100
|-anim|p2a: Dragapult|Dragon Darts|p1a: Mes fans
|-damage|p1a: Mes fans|16/100
|move|p1a: Mes fans|Poison Jab|p2a: Dragapult
|-resisted|p2a: Dragapult
|-damage|p2a: Dragapult|86/100
|-status|p2a: Dragapult|psn
|
|-damage|p2a: Dragapult|74/100 psn|[from] psn
|upkeep
|turn|12
|
|t:|1757794567
|move|p2a: Dragapult|Night Shade|p1a: Mes fans
|-damage|p1a: Mes fans|0 fnt
|faint|p1a: Mes fans
|
|-damage|p2a: Dragapult|62/100 psn|[from] psn
|upkeep
|
|t:|1757794575
|switch|p1a: Clé de bras|Klefki, F|100/100
|turn|13
|
|t:|1757794582
|switch|p2a: Espeon|Espeon, M|58/100
|move|p1a: Clé de bras|Reflect|p1a: Clé de bras
|-sidestart|p1: lethsov|Reflect
|
|upkeep
|turn|14
|
|t:|1757794589
|move|p1a: Clé de bras|Light Screen|p1a: Clé de bras
|-sidestart|p1: lethsov|move: Light Screen
|move|p2a: Espeon|Thunder Wave|p1a: Clé de bras
|-status|p1a: Clé de bras|par
|
|upkeep
|turn|15
|inactive|lethsov has 120 seconds left.
|
|t:|1757794596
|move|p2a: Espeon|Psychic|p1a: Clé de bras
|-resisted|p1a: Clé de bras
|-damage|p1a: Clé de bras|86/100 par
|-unboost|p1a: Clé de bras|spd|1
|move|p1a: Clé de bras|Foul Play|p2a: Espeon
|-supereffective|p2a: Espeon
|-damage|p2a: Espeon|4/100
|
|upkeep
|turn|16
|
|t:|1757794606
|move|p2a: Espeon|Tera Blast|p1a: Clé de bras
|-resisted|p1a: Clé de bras
|-damage|p1a: Clé de bras|73/100 par
|cant|p1a: Clé de bras|par
|
|upkeep
|turn|17
|
|t:|1757794617
|move|p2a: Espeon|Psychic|p1a: Clé de bras
|-resisted|p1a: Clé de bras
|-damage|p1a: Clé de bras|53/100 par
|move|p1a: Clé de bras|Foul Play|p2a: Espeon
|-supereffective|p2a: Espeon
|-damage|p2a: Espeon|0 fnt
|faint|p2a: Espeon
|
|upkeep
|
|t:|1757794628
|switch|p2a: Iron Moth|Iron Moth, tera:Grass|67/100
|turn|18
|
|t:|1757794637
|move|p2a: Iron Moth|Fiery Dance|p1a: Clé de bras
|-supereffective|p1a: Clé de bras
|-damage|p1a: Clé de bras|0 fnt
|faint|p1a: Clé de bras
|
|upkeep
|
|t:|1757794659
|switch|p1a: TyranoDeBergerac|Tyranitar, M|100/100
|-weather|Sandstorm|[from] ability: Sand Stream|[of] p1a: TyranoDeBergerac
|turn|19
|
|t:|1757794681
|move|p2a: Iron Moth|Energy Ball|p1a: TyranoDeBergerac
|-supereffective|p1a: TyranoDeBergerac
|-damage|p1a: TyranoDeBergerac|81/100
|move|p1a: TyranoDeBergerac|Ice Punch|p2a: Iron Moth
|-supereffective|p2a: Iron Moth
|-damage|p2a: Iron Moth|0 fnt
|faint|p2a: Iron Moth
|-end|p2a: Iron Moth|Quark Drive|[silent]
|
|-weather|Sandstorm|[upkeep]
|upkeep
|
|t:|1757794694
|switch|p2a: Dragapult|Dragapult, F|62/100 psn
|turn|20
|
|t:|1757794708
|move|p2a: Dragapult|Night Shade|p1a: TyranoDeBergerac
|-damage|p1a: TyranoDeBergerac|53/100
|move|p1a: TyranoDeBergerac|Knock Off|p2a: Dragapult
|-supereffective|p2a: Dragapult
|-damage|p2a: Dragapult|0 fnt
|-enditem|p2a: Dragapult|Focus Sash|[from] move: Knock Off|[of] p1a: TyranoDeBergerac
|faint|p2a: Dragapult
|
|-weather|Sandstorm|[upkeep]
|-sideend|p1: lethsov|Reflect
|upkeep
|inactive|Acfrost has 120 seconds left.
|
|t:|1757794719
|switch|p2a: Kingambit|Kingambit, F|100/100
|-activate|p2a: Kingambit|ability: Supreme Overlord
|-start|p2a: Kingambit|fallen5|[silent]
|turn|21
|
|t:|1757794727
|move|p1a: TyranoDeBergerac|Low Kick|p2a: Kingambit
|-supereffective|p2a: Kingambit
|-enditem|p2a: Kingambit|Focus Sash
|-damage|p2a: Kingambit|1/100
|move|p2a: Kingambit|Iron Head|p1a: TyranoDeBergerac
|-supereffective|p1a: TyranoDeBergerac
|-damage|p1a: TyranoDeBergerac|0 fnt
|faint|p1a: TyranoDeBergerac
|
|-weather|Sandstorm|[upkeep]
|-sideend|p1: lethsov|move: Light Screen
|upkeep
|
|t:|1757794736
|switch|p1a: Terrafion|Terrakion|100/100
|turn|22
|
|t:|1757794742
|move|p1a: Terrafion|Close Combat|p2a: Kingambit
|-supereffective|p2a: Kingambit
|-damage|p2a: Kingambit|0 fnt
|-unboost|p1a: Terrafion|def|1
|-unboost|p1a: Terrafion|spd|1
|faint|p2a: Kingambit
|-end|p2a: Kingambit|fallen5|[silent]
|
|win|lethsov
|raw|lethsov's rating: 1115 &rarr; <strong>1139</strong><br />(+24 for winning)
|raw|Acfrost's rating: 1097 &rarr; <strong>1074</strong><br />(-23 for losing)
|l|☆Acfrost
|player|p2|
|l|☆lethsov
|player|p1|
