|j|☆EddusEatzAlot
|j|☆Test4823
|t:|1757826034
|gametype|singles
|player|p1|EddusEatzAlot|steven|1494
|player|p2|Test4823|265|1431
|gen|9
|tier|[Gen 9] OU
|rated|
|rule|HP Percentage Mod: HP is shown in percentages
|rule|Endless Battle Clause: Forcing endless battles is banned
|rule|Species Clause: Limit one of each Pokémon
|rule|OHKO Clause: OHKO moves are banned
|rule|Evasion Items Clause: Evasion items are banned
|rule|Evasion Moves Clause: Evasion moves are banned
|rule|Evasion Abilities Clause: Evasion abilities are banned
|rule|Sleep Moves Clause: Sleep-inducing moves are banned
|clearpoke
|poke|p1|Rillaboom, M|
|poke|p1|Great Tusk|
|poke|p1|Slowking-Galar, M|
|poke|p1|Dragapult, M|
|poke|p1|Heatran, F|
|poke|p1|Weavile, M|
|poke|p2|Landorus-Therian, M|
|poke|p2|Heatran, F|
|poke|p2|Toxapex, M|
|poke|p2|Goodra-Hisui, F|
|poke|p2|Meowscarada, F|
|poke|p2|Weezing-Galar, F|
|teampreview
|
|t:|1757826047
|teamsize|p1|6
|teamsize|p2|6
|start
|switch|p1a: Dragapult|Dragapult, M|100/100
|switch|p2a: Heatran|Heatran, F|100/100
|-item|p2a: Heatran|Air Balloon
|turn|1
|
|t:|1757826051
|move|p1a: Dragapult|U-turn|p2a: Heatran
|-resisted|p2a: Heatran
|-damage|p2a: Heatran|96/100
|-enditem|p2a: Heatran|Air Balloon
|
|t:|1757826053
|switch|p1a: Slowking|Slowking-Galar, M|100/100|[from] U-turn
|move|p2a: Heatran|Magma Storm|p1a: Slowking
|-damage|p1a: Slowking|65/100
|-activate|p1a: Slowking|move: Magma Storm|[of] p2a: Heatran
|
|-damage|p1a: Slowking|52/100|[from] move: Magma Storm|[partiallytrapped]
|upkeep
|turn|2
|
|t:|1757826059
|move|p2a: Heatran|Taunt|p1a: Slowking
|-start|p1a: Slowking|move: Taunt
|-prepare|p1a: Slowking|Chilly Reception|[premajor]
|cant|p1a: Slowking|move: Taunt|Chilly Reception
|
|-damage|p1a: Slowking|40/100|[from] move: Magma Storm|[partiallytrapped]
|upkeep
|turn|3
|
|t:|1757826064
|move|p2a: Heatran|Earth Power|p1a: Slowking
|-supereffective|p1a: Slowking
|-damage|p1a: Slowking|0 fnt
|faint|p1a: Slowking
|
|upkeep
|
|t:|1757826071
|switch|p1a: Great Tusk|Great Tusk|100/100
|turn|4
|
|t:|1757826074
|switch|p2a: Weezing|Weezing-Galar, F|100/100
|move|p1a: Great Tusk|Knock Off|p2a: Weezing
|-resisted|p2a: Weezing
|-damage|p2a: Weezing|82/100
|-enditem|p2a: Weezing|Leftovers|[from] move: Knock Off|[of] p1a: Great Tusk
|
|upkeep
|turn|5
|
|t:|1757826078
|move|p1a: Great Tusk|Headlong Rush|p2a: Weezing
|-immune|p2a: Weezing|[from] ability: Levitate
|move|p2a: Weezing|Strange Steam|p1a: Great Tusk
|-supereffective|p1a: Great Tusk
|-damage|p1a: Great Tusk|0 fnt
|faint|p1a: Great Tusk
|-end|p1a: Great Tusk|Protosynthesis|[silent]
|
|upkeep
|
|t:|1757826081
|switch|p1a: Heatran|Heatran, F|100/100
|turn|6
|
|t:|1757826085
|switch|p2a: Toxapex|Toxapex, M|100/100
|move|p1a: Heatran|Stealth Rock|p2a: Toxapex
|-sidestart|p2: Test4823|move: Stealth Rock
|
|upkeep
|turn|7
|
|t:|1757826094
|move|p1a: Heatran|Earth Power|p2a: Toxapex
|-supereffective|p2a: Toxapex
|-damage|p2a: Toxapex|63/100
|move|p2a: Toxapex|Acid Spray|p1a: Heatran
|-immune|p1a: Heatran
|
|upkeep
|turn|8
|
|t:|1757826101
|switch|p2a: Goodra|Goodra-Hisui, F|100/100
|-damage|p2a: Goodra|94/100|[from] Stealth Rock
|move|p1a: Heatran|Earth Power|p2a: Goodra
|-supereffective|p2a: Goodra
|-damage|p2a: Goodra|48/100
|
|-heal|p2a: Goodra|54/100|[from] item: Leftovers
|upkeep
|turn|9
|
|t:|1757826104
|move|p1a: Heatran|Earth Power|p2a: Goodra
|-supereffective|p2a: Goodra
|-damage|p2a: Goodra|11/100
|move|p2a: Goodra|Knock Off|p1a: Heatran
|-damage|p1a: Heatran|79/100
|-enditem|p1a: Heatran|Heavy-Duty Boots|[from] move: Knock Off|[of] p2a: Goodra
|
|-heal|p2a: Goodra|17/100|[from] item: Leftovers
|upkeep
|turn|10
|
|t:|1757826113
|move|p2a: Goodra|Protect|p2a: Goodra
|-singleturn|p2a: Goodra|Protect
|move|p1a: Heatran|Earth Power|p2a: Goodra
|-activate|p2a: Goodra|move: Protect
|
|-heal|p2a: Goodra|23/100|[from] item: Leftovers
|upkeep
|turn|11
|
|t:|1757826117
|switch|p2a: Weezing|Weezing-Galar, F|82/100
|-damage|p2a: Weezing|70/100|[from] Stealth Rock
|move|p1a: Heatran|Lava Plume|p2a: Weezing
|-damage|p2a: Weezing|12/100
|
|upkeep
|turn|12
|
|t:|1757826124
|switch|p2a: Toxapex|Toxapex, M|96/100
|-damage|p2a: Toxapex|84/100|[from] Stealth Rock
|move|p1a: Heatran|Flash Cannon|p2a: Toxapex
|-resisted|p2a: Toxapex
|-damage|p2a: Toxapex|72/100
|-unboost|p2a: Toxapex|spd|1
|
|upkeep
|turn|13
|
|t:|1757826127
|move|p1a: Heatran|Earth Power|p2a: Toxapex
|-supereffective|p2a: Toxapex
|-damage|p2a: Toxapex|12/100
|move|p2a: Toxapex|Surf|p1a: Heatran
|-supereffective|p1a: Heatran
|-damage|p1a: Heatran|17/100
|
|upkeep
|turn|14
|
|t:|1757826137
|switch|p2a: Goodra|Goodra-Hisui, F|23/100
|-damage|p2a: Goodra|17/100|[from] Stealth Rock
|move|p1a: Heatran|Lava Plume|p2a: Goodra
|-damage|p2a: Goodra|0 fnt
|faint|p2a: Goodra
|
|upkeep
|
|t:|1757826154
|switch|p2a: Landorus|Landorus-Therian, M|100/100
|-damage|p2a: Landorus|88/100|[from] Stealth Rock
|-ability|p2a: Landorus|Intimidate|boost
|-unboost|p1a: Heatran|atk|1
|turn|15
|
|t:|1757826162
|switch|p1a: Dragapult|Dragapult, M|100/100
|move|p2a: Landorus|U-turn|p1a: Dragapult
|-resisted|p1a: Dragapult
|-damage|p1a: Dragapult|80/100
|
|t:|1757826170
|switch|p2a: Heatran|Heatran, F|96/100|[from] U-turn
|-damage|p2a: Heatran|84/100|[from] Stealth Rock
|
|-heal|p1a: Dragapult|86/100|[from] item: Leftovers
|upkeep
|turn|16
|
|t:|1757826175
|move|p1a: Dragapult|U-turn|p2a: Heatran
|-resisted|p2a: Heatran
|-damage|p2a: Heatran|80/100
|
|t:|1757826177
|switch|p1a: Heatran|Heatran, F|17/100|[from] U-turn
|move|p2a: Heatran|Flash Cannon|p1a: Heatran
|-resisted|p1a: Heatran
|-damage|p1a: Heatran|5/100
|
|upkeep
|turn|17
|
|t:|1757826186
|switch|p2a: Weezing|Weezing-Galar, F|12/100
|-damage|p2a: Weezing|0 fnt|[from] Stealth Rock
|faint|p2a: Weezing
|move|p1a: Heatran|Earth Power|p2: Weezing|[notarget]
|-fail|p1a: Heatran
|
|upkeep
|
|t:|1757826199
|switch|p2a: Landorus|Landorus-Therian, M|88/100
|-damage|p2a: Landorus|76/100|[from] Stealth Rock
|-ability|p2a: Landorus|Intimidate|boost
|-unboost|p1a: Heatran|atk|1
|turn|18
|
|t:|1757826203
|switch|p1a: Dragapult|Dragapult, M|86/100
|move|p2a: Landorus|Earthquake|p1a: Dragapult
|-damage|p1a: Dragapult|6/100
|
|-heal|p1a: Dragapult|12/100|[from] item: Leftovers
|upkeep
|turn|19
|
|t:|1757826208
|move|p2a: Landorus|Earthquake|p1a: Dragapult
|-damage|p1a: Dragapult|0 fnt
|faint|p1a: Dragapult
|
|upkeep
|
|t:|1757826211
|switch|p1a: Weavile|Weavile, M|100/100
|-ability|p1a: Weavile|Pressure
|turn|20
|
|t:|1757826216
|-terastallize|p2a: Landorus|Ground
|move|p2a: Landorus|Earthquake|p1a: Weavile
|-damage|p1a: Weavile|0 fnt
|faint|p1a: Weavile
|
|upkeep
|
|t:|1757826220
|switch|p1a: Rillaboom|Rillaboom, M|100/100
|-fieldstart|move: Grassy Terrain|[from] ability: Grassy Surge|[of] p1a: Rillaboom
|turn|21
|-message|EddusEatzAlot forfeited.
|
|win|Test4823
|raw|EddusEatzAlot's rating: 1494 &rarr; <strong>1470</strong><br />(-24 for losing)
|raw|Test4823's rating: 1431 &rarr; <strong>1455</strong><br />(+24 for winning)
|l|☆EddusEatzAlot
|player|p1|
|c|☆Test4823|gg
|l|☆Test4823
|player|p2|
