|j|☆insane dog
|j|☆summerise
|t:|1757812586
|gametype|singles
|player|p1|insane dog|265|1231
|player|p2|summerise|bugcatcher-gen4dp|1241
|gen|9
|tier|[Gen 9] OU
|rated|
|rule|HP Percentage Mod: HP is shown in percentages
|rule|Endless Battle Clause: Forcing endless battles is banned
|rule|Species Clause: Limit one of each Pokémon
|rule|OHKO Clause: OHKO moves are banned
|rule|Evasion Items Clause: Evasion items are banned
|rule|Evasion Moves Clause: Evasion moves are banned
|rule|Evasion Abilities Clause: Evasion abilities are banned
|rule|Sleep Moves Clause: Sleep-inducing moves are banned
|clearpoke
|poke|p1|Alomomola, F|
|poke|p1|Raging Bolt|
|poke|p1|Dragapult, F|
|poke|p1|Mandibuzz, F|
|poke|p1|Blissey, F|
|poke|p1|Scizor, F|
|poke|p2|Dragapult, M|
|poke|p2|Moltres|
|poke|p2|Ogerpon-Cornerstone, F|
|poke|p2|Samurott-Hisui, F|
|poke|p2|Landorus-Therian, M|
|poke|p2|Zamazenta-*|
|teampreview
|inactive|Battle timer is ON: inactive players will automatically lose when time's up. (requested by summerise)
|
|t:|1757812601
|teamsize|p1|6
|teamsize|p2|6
|start
|switch|p1a: Raging Bolt|Raging Bolt|100/100
|switch|p2a: Dragapult|Dragapult, M|100/100
|turn|1
|
|t:|1757812608
|-terastallize|p1a: Raging Bolt|Fairy
|move|p2a: Dragapult|Dragon Darts|p1a: Raging Bolt
|-immune|p1a: Raging Bolt
|move|p1a: Raging Bolt|Draco Meteor|p2a: Dragapult|[miss]
|-miss|p1a: Raging Bolt|p2a: Dragapult
|
|upkeep
|turn|2
|
|t:|1757812618
|-terastallize|p2a: Dragapult|Fairy
|move|p2a: Dragapult|Will-O-Wisp|p1a: Raging Bolt
|-status|p1a: Raging Bolt|brn
|move|p1a: Raging Bolt|Draco Meteor|p2a: Dragapult
|-immune|p2a: Dragapult
|
|-damage|p1a: Raging Bolt|94/100 brn|[from] brn
|upkeep
|turn|3
|
|t:|1757812628
|-end|p1a: Raging Bolt|Protosynthesis|[silent]
|switch|p1a: Mandibuzz|Mandibuzz, F|100/100
|move|p2a: Dragapult|U-turn|p1a: Mandibuzz
|-damage|p1a: Mandibuzz|78/100
|-damage|p2a: Dragapult|91/100|[from] item: Life Orb
|
|t:|1757812639
|switch|p2a: Samurott|Samurott-Hisui, F|100/100|[from] U-turn
|
|upkeep
|turn|4
|
|t:|1757812645
|move|p2a: Samurott|Sacred Sword|p1a: Mandibuzz
|-damage|p1a: Mandibuzz|49/100
|move|p1a: Mandibuzz|Brave Bird|p2a: Samurott
|-damage|p2a: Samurott|41/100
|-damage|p1a: Mandibuzz|34/100|[from] Recoil
|
|upkeep
|turn|5
|
|t:|1757812666
|move|p2a: Samurott|Razor Shell|p1a: Mandibuzz
|-damage|p1a: Mandibuzz|0 fnt
|faint|p1a: Mandibuzz
|
|upkeep
|
|t:|1757812675
|switch|p1a: Dragapult|Dragapult, F|100/100
|turn|6
|
|t:|1757812681
|move|p1a: Dragapult|Dragon Darts|p2a: Samurott
|-damage|p2a: Samurott|8/100
|-anim|p1a: Dragapult|Dragon Darts|p2a: Samurott
|-damage|p2a: Samurott|0 fnt
|faint|p2a: Samurott
|
|upkeep
|
|t:|1757812685
|switch|p2a: Dragapult|Dragapult, M, tera:Fairy|91/100
|turn|7
|
|t:|1757812692
|switch|p1a: Alomomola|Alomomola, F|100/100
|move|p2a: Dragapult|Dragon Darts|p1a: Alomomola
|-damage|p1a: Alomomola|75/100
|-anim|p2a: Dragapult|Dragon Darts|p1a: Alomomola
|-damage|p1a: Alomomola|52/100
|-damage|p2a: Dragapult|81/100|[from] item: Life Orb
|
|upkeep
|turn|8
|
|t:|1757812698
|move|p2a: Dragapult|Will-O-Wisp|p1a: Alomomola
|-status|p1a: Alomomola|brn
|move|p1a: Alomomola|Flip Turn|p2a: Dragapult
|-damage|p2a: Dragapult|57/100
|
|t:|1757812705
|switch|p1a: Scizor|Scizor, F|100/100|[from] Flip Turn
|
|upkeep
|turn|9
|
|t:|1757812718
|switch|p2a: Landorus|Landorus-Therian, M|100/100
|-ability|p2a: Landorus|Intimidate|boost
|-unboost|p1a: Scizor|atk|1
|switch|p1a: Alomomola|Alomomola, F|86/100 brn
|
|-damage|p1a: Alomomola|80/100 brn|[from] brn
|upkeep
|turn|10
|
|t:|1757812726
|move|p2a: Landorus|Taunt|p1a: Alomomola
|-start|p1a: Alomomola|move: Taunt
|move|p1a: Alomomola|Liquidation|p2a: Landorus
|-supereffective|p2a: Landorus
|-damage|p2a: Landorus|42/100
|-damage|p1a: Alomomola|63/100 brn|[from] item: Rocky Helmet|[of] p2a: Landorus
|
|-damage|p1a: Alomomola|57/100 brn|[from] brn
|upkeep
|turn|11
|
|t:|1757812730
|move|p2a: Landorus|Stealth Rock|p1a: Alomomola
|-sidestart|p1: insane dog|move: Stealth Rock
|move|p1a: Alomomola|Liquidation|p2a: Landorus
|-supereffective|p2a: Landorus
|-damage|p2a: Landorus|0 fnt
|-damage|p1a: Alomomola|40/100 brn|[from] item: Rocky Helmet|[of] p2a: Landorus
|faint|p2a: Landorus
|
|-damage|p1a: Alomomola|34/100 brn|[from] brn
|upkeep
|
|t:|1757812748
|switch|p2a: Ogerpon|Ogerpon-Cornerstone, F|100/100
|turn|12
|
|t:|1757812751
|move|p2a: Ogerpon|Swords Dance|p2a: Ogerpon
|-boost|p2a: Ogerpon|atk|2
|move|p1a: Alomomola|Liquidation|p2a: Ogerpon
|-damage|p2a: Ogerpon|66/100
|
|-damage|p1a: Alomomola|28/100 brn|[from] brn
|-end|p1a: Alomomola|move: Taunt
|upkeep
|turn|13
|
|t:|1757812755
|move|p2a: Ogerpon|Horn Leech|p1a: Alomomola
|-supereffective|p1a: Alomomola
|-damage|p1a: Alomomola|0 fnt
|-heal|p2a: Ogerpon|90/100|[from] drain|[of] p1a: Alomomola
|faint|p1a: Alomomola
|
|upkeep
|
|t:|1757812763
|switch|p1a: Scizor|Scizor, F|100/100
|-damage|p1a: Scizor|88/100|[from] Stealth Rock
|turn|14
|
|t:|1757812772
|move|p1a: Scizor|Bullet Punch|p2a: Ogerpon
|-supereffective|p2a: Ogerpon
|-damage|p2a: Ogerpon|0 fnt
|faint|p2a: Ogerpon
|
|upkeep
|
|t:|1757812775
|switch|p2a: Moltres|Moltres|100/100
|turn|15
|
|t:|1757812786
|switch|p1a: Blissey|Blissey, F|100/100
|-damage|p1a: Blissey|88/100|[from] Stealth Rock
|move|p2a: Moltres|U-turn|p1a: Blissey
|-damage|p1a: Blissey|60/100
|
|t:|1757812794
|switch|p2a: Dragapult|Dragapult, M, tera:Fairy|57/100|[from] U-turn
|
|upkeep
|turn|16
|
|t:|1757812804
|move|p2a: Dragapult|Dragon Darts|p1a: Blissey
|-damage|p1a: Blissey|0 fnt
|faint|p1a: Blissey
|-damage|p2a: Dragapult|47/100|[from] item: Life Orb
|
|upkeep
|
|t:|1757812807
|switch|p1a: Scizor|Scizor, F|88/100
|-damage|p1a: Scizor|76/100|[from] Stealth Rock
|turn|17
|
|t:|1757812811
|switch|p2a: Moltres|Moltres|100/100
|move|p1a: Scizor|U-turn|p2a: Moltres
|-resisted|p2a: Moltres
|-damage|p2a: Moltres|90/100
|
|t:|1757812815
|switch|p1a: Raging Bolt|Raging Bolt, tera:Fairy|94/100 brn|[from] U-turn
|-damage|p1a: Raging Bolt|82/100 brn|[from] Stealth Rock
|
|-damage|p1a: Raging Bolt|76/100 brn|[from] brn
|upkeep
|turn|18
|
|t:|1757812823
|move|p2a: Moltres|Overheat|p1a: Raging Bolt
|-damage|p1a: Raging Bolt|14/100 brn
|-unboost|p2a: Moltres|spa|2
|move|p1a: Raging Bolt|Thunderbolt|p2a: Moltres
|-supereffective|p2a: Moltres
|-damage|p2a: Moltres|0 fnt
|faint|p2a: Moltres
|
|-damage|p1a: Raging Bolt|8/100 brn|[from] brn
|upkeep
|
|t:|1757812830
|switch|p2a: Zamazenta|Zamazenta|100/100
|-ability|p2a: Zamazenta|Dauntless Shield|boost
|-boost|p2a: Zamazenta|def|1
|turn|19
|
|t:|1757812832
|move|p2a: Zamazenta|Iron Defense|p2a: Zamazenta
|-boost|p2a: Zamazenta|def|2
|move|p1a: Raging Bolt|Thunderbolt|p2a: Zamazenta
|-damage|p2a: Zamazenta|41/100
|
|-heal|p2a: Zamazenta|47/100|[from] item: Leftovers
|-damage|p1a: Raging Bolt|2/100 brn|[from] brn
|upkeep
|turn|20
|
|t:|1757812840
|move|p2a: Zamazenta|Crunch|p1a: Raging Bolt
|-resisted|p1a: Raging Bolt
|-damage|p1a: Raging Bolt|0 fnt
|faint|p1a: Raging Bolt
|-end|p1a: Raging Bolt|Protosynthesis|[silent]
|
|-heal|p2a: Zamazenta|53/100|[from] item: Leftovers
|upkeep
|
|t:|1757812848
|switch|p1a: Dragapult|Dragapult, F|100/100
|-damage|p1a: Dragapult|88/100|[from] Stealth Rock
|turn|21
|
|t:|1757812852
|move|p1a: Dragapult|Shadow Ball|p2a: Zamazenta
|-damage|p2a: Zamazenta|30/100
|move|p2a: Zamazenta|Crunch|p1a: Dragapult
|-supereffective|p1a: Dragapult
|-damage|p1a: Dragapult|22/100
|
|-heal|p2a: Zamazenta|36/100|[from] item: Leftovers
|upkeep
|turn|22
|
|t:|1757812857
|move|p1a: Dragapult|Shadow Ball|p2a: Zamazenta
|-damage|p2a: Zamazenta|14/100
|move|p2a: Zamazenta|Crunch|p1a: Dragapult
|-supereffective|p1a: Dragapult
|-damage|p1a: Dragapult|0 fnt
|faint|p1a: Dragapult
|
|-heal|p2a: Zamazenta|20/100|[from] item: Leftovers
|upkeep
|
|t:|1757812861
|switch|p1a: Scizor|Scizor, F|76/100
|-damage|p1a: Scizor|64/100|[from] Stealth Rock
|turn|23
|
|t:|1757812865
|move|p1a: Scizor|Bullet Punch|p2a: Zamazenta
|-damage|p2a: Zamazenta|7/100
|move|p2a: Zamazenta|Body Press|p1a: Scizor
|-damage|p1a: Scizor|0 fnt
|faint|p1a: Scizor
|
|win|summerise
|raw|insane dog's rating: 1231 &rarr; <strong>1207</strong><br />(-24 for losing)
|raw|summerise's rating: 1241 &rarr; <strong>1265</strong><br />(+24 for winning)
|l|☆insane dog
|player|p1|
