|j|☆NguyenKhoa1904
|j|☆SlowbroSlowbro
|t:|1757843545
|gametype|singles
|player|p1|NguyenKhoa1904|nate|1454
|player|p2|SlowbroSlowbro|102|1503
|gen|9
|tier|[Gen 9] OU
|rated|
|rule|HP Percentage Mod: HP is shown in percentages
|rule|Endless Battle Clause: Forcing endless battles is banned
|rule|Species Clause: Limit one of each Pokémon
|rule|OHKO Clause: OHKO moves are banned
|rule|Evasion Items Clause: Evasion items are banned
|rule|Evasion Moves Clause: Evasion moves are banned
|rule|Evasion Abilities Clause: Evasion abilities are banned
|rule|Sleep Moves Clause: Sleep-inducing moves are banned
|clearpoke
|poke|p1|Kingambit, M|
|poke|p1|Deoxys-Speed|
|poke|p1|Great Tusk|
|poke|p1|Dragonite, M|
|poke|p1|Iron Moth|
|poke|p1|Primarina, F|
|poke|p2|Gholdengo|
|poke|p2|Cinderace, M|
|poke|p2|Kingambit, F|
|poke|p2|Gliscor, M|
|poke|p2|Iron Valiant|
|poke|p2|Maushold-Four|
|teampreview
|inactive|Battle timer is ON: inactive players will automatically lose when time's up. (requested by NguyenKhoa1904)
|
|t:|1757843572
|teamsize|p1|6
|teamsize|p2|6
|start
|switch|p1a: MOEBIUS|Deoxys-Speed|100/100
|switch|p2a: Maushold|Maushold-Four|100/100
|-ability|p1a: MOEBIUS|Pressure
|turn|1
|
|t:|1757843577
|move|p1a: MOEBIUS|Psycho Boost|p2a: Maushold
|-damage|p2a: Maushold|0 fnt
|-unboost|p1a: MOEBIUS|spa|2
|faint|p2a: Maushold
|-damage|p1a: MOEBIUS|91/100|[from] item: Life Orb
|
|upkeep
|
|t:|1757843592
|switch|p2a: Cinderace|Cinderace, M|100/100
|turn|2
|
|t:|1757843599
|switch|p1a: CELESTINE|Primarina, F, shiny|100/100
|move|p2a: Cinderace|U-turn|p1a: CELESTINE
|-start|p2a: Cinderace|typechange|Bug|[from] ability: Libero
|-resisted|p1a: CELESTINE
|-damage|p1a: CELESTINE|68/100
|
|t:|1757843604
|switch|p2a: Gholdengo|Gholdengo|100/100|[from] U-turn
|
|upkeep
|turn|3
|c|☆NguyenKhoa1904|oh banded
|
|t:|1757843610
|move|p2a: Gholdengo|Make It Rain|p1a: CELESTINE
|-damage|p1a: CELESTINE|26/100
|-unboost|p2a: Gholdengo|spa|1
|move|p1a: CELESTINE|Surf|p2a: Gholdengo
|-damage|p2a: Gholdengo|23/100
|
|-heal|p2a: Gholdengo|29/100|[from] item: Leftovers
|upkeep
|turn|4
|
|t:|1757843617
|switch|p1a: MOEBIUS|Deoxys-Speed|91/100
|-ability|p1a: MOEBIUS|Pressure
|move|p2a: Gholdengo|Make It Rain|p1a: MOEBIUS
|-damage|p1a: MOEBIUS|18/100
|-unboost|p2a: Gholdengo|spa|1
|
|-heal|p2a: Gholdengo|35/100|[from] item: Leftovers
|upkeep
|turn|5
|
|t:|1757843624
|move|p1a: MOEBIUS|Shadow Ball|p2a: Gholdengo
|-supereffective|p2a: Gholdengo
|-damage|p2a: Gholdengo|0 fnt
|faint|p2a: Gholdengo
|-damage|p1a: MOEBIUS|9/100|[from] item: Life Orb
|
|upkeep
|
|t:|1757843634
|switch|p2a: Kingambit|Kingambit, F|100/100
|-activate|p2a: Kingambit|ability: Supreme Overlord
|-start|p2a: Kingambit|fallen2|[silent]
|turn|6
|
|t:|1757843640
|move|p2a: Kingambit|Sucker Punch|p1a: MOEBIUS
|-supereffective|p1a: MOEBIUS
|-damage|p1a: MOEBIUS|0 fnt
|faint|p1a: MOEBIUS
|
|upkeep
|
|t:|1757843648
|switch|p1a: RAGNAROCK|Great Tusk|100/100
|-enditem|p1a: RAGNAROCK|Booster Energy
|-activate|p1a: RAGNAROCK|ability: Protosynthesis|[fromitem]
|-start|p1a: RAGNAROCK|protosynthesisatk
|turn|7
|
|t:|1757843652
|-end|p2a: Kingambit|fallen2|[silent]
|switch|p2a: Gliscor|Gliscor, M|100/100
|move|p1a: RAGNAROCK|Rapid Spin|p2a: Gliscor
|-damage|p2a: Gliscor|87/100
|-boost|p1a: RAGNAROCK|spe|1
|
|-status|p2a: Gliscor|tox|[from] item: Toxic Orb
|upkeep
|turn|8
|
|t:|1757843657
|move|p1a: RAGNAROCK|Ice Spinner|p2a: Gliscor
|-supereffective|p2a: Gliscor
|-damage|p2a: Gliscor|4/100 tox
|move|p2a: Gliscor|Toxic|p1a: RAGNAROCK
|-status|p1a: RAGNAROCK|tox
|
|-damage|p1a: RAGNAROCK|94/100 tox|[from] psn
|-heal|p2a: Gliscor|17/100 tox|[from] ability: Poison Heal
|upkeep
|turn|9
|
|t:|1757843662
|move|p2a: Gliscor|Protect|p2a: Gliscor
|-singleturn|p2a: Gliscor|Protect
|move|p1a: RAGNAROCK|Ice Spinner|p2a: Gliscor
|-activate|p2a: Gliscor|move: Protect
|
|-damage|p1a: RAGNAROCK|82/100 tox|[from] psn
|-heal|p2a: Gliscor|29/100 tox|[from] ability: Poison Heal
|upkeep
|turn|10
|
|t:|1757843671
|move|p1a: RAGNAROCK|Close Combat|p2a: Gliscor
|-resisted|p2a: Gliscor
|-damage|p2a: Gliscor|4/100 tox
|-unboost|p1a: RAGNAROCK|def|1
|-unboost|p1a: RAGNAROCK|spd|1
|move|p2a: Gliscor|Knock Off|p1a: RAGNAROCK
|-resisted|p1a: RAGNAROCK
|-damage|p1a: RAGNAROCK|74/100 tox
|
|-damage|p1a: RAGNAROCK|56/100 tox|[from] psn
|-heal|p2a: Gliscor|16/100 tox|[from] ability: Poison Heal
|upkeep
|turn|11
|
|t:|1757843677
|move|p2a: Gliscor|Protect|p2a: Gliscor
|-singleturn|p2a: Gliscor|Protect
|move|p1a: RAGNAROCK|Ice Spinner|p2a: Gliscor
|-activate|p2a: Gliscor|move: Protect
|
|-damage|p1a: RAGNAROCK|31/100 tox|[from] psn
|-heal|p2a: Gliscor|28/100 tox|[from] ability: Poison Heal
|upkeep
|turn|12
|
|t:|1757843682
|move|p2a: Gliscor|Protect||[still]
|-fail|p2a: Gliscor
|move|p1a: RAGNAROCK|Ice Spinner|p2a: Gliscor
|-supereffective|p2a: Gliscor
|-damage|p2a: Gliscor|0 fnt
|faint|p2a: Gliscor
|
|-damage|p1a: RAGNAROCK|0 fnt|[from] psn
|faint|p1a: RAGNAROCK
|-end|p1a: RAGNAROCK|Protosynthesis|[silent]
|upkeep
|
|t:|1757843689
|switch|p1a: LANCELOT|Dragonite, M|100/100
|switch|p2a: Iron Valiant|Iron Valiant|100/100
|-enditem|p2a: Iron Valiant|Booster Energy
|-activate|p2a: Iron Valiant|ability: Quark Drive|[fromitem]
|-start|p2a: Iron Valiant|quarkdrivespe
|turn|13
|
|t:|1757843691
|-terastallize|p1a: LANCELOT|Normal
|move|p1a: LANCELOT|Extreme Speed|p2a: Iron Valiant
|-damage|p2a: Iron Valiant|12/100
|move|p2a: Iron Valiant|Moonblast|p1a: LANCELOT
|-damage|p1a: LANCELOT|82/100
|
|upkeep
|turn|14
|
|t:|1757843697
|move|p1a: LANCELOT|Extreme Speed|p2a: Iron Valiant
|-damage|p2a: Iron Valiant|0 fnt
|faint|p2a: Iron Valiant
|-end|p2a: Iron Valiant|Quark Drive|[silent]
|
|upkeep
|
|t:|1757843701
|switch|p2a: Cinderace|Cinderace, M|100/100
|turn|15
|
|t:|1757843703
|move|p1a: LANCELOT|Extreme Speed|p2a: Cinderace
|-damage|p2a: Cinderace|6/100
|move|p2a: Cinderace|High Jump Kick|p1a: LANCELOT
|-start|p2a: Cinderace|typechange|Fighting|[from] ability: Libero
|-supereffective|p1a: LANCELOT
|-damage|p1a: LANCELOT|0 fnt
|faint|p1a: LANCELOT
|
|upkeep
|
|t:|1757843707
|switch|p1a: PYRE|Iron Moth|100/100
|-enditem|p1a: PYRE|Booster Energy
|-activate|p1a: PYRE|ability: Quark Drive|[fromitem]
|-start|p1a: PYRE|quarkdrivespe
|turn|16
|
|t:|1757843710
|move|p1a: PYRE|Fiery Dance|p2a: Cinderace
|-damage|p2a: Cinderace|0 fnt
|faint|p2a: Cinderace
|
|upkeep
|
|t:|1757843711
|switch|p2a: Kingambit|Kingambit, F|100/100
|-activate|p2a: Kingambit|ability: Supreme Overlord
|-start|p2a: Kingambit|fallen5|[silent]
|turn|17
|
|t:|1757843713
|-terastallize|p2a: Kingambit|Flying
|move|p1a: PYRE|Fiery Dance|p2a: Kingambit
|-damage|p2a: Kingambit|59/100
|move|p2a: Kingambit|Swords Dance|p2a: Kingambit
|-boost|p2a: Kingambit|atk|2
|
|-heal|p2a: Kingambit|65/100|[from] item: Leftovers
|upkeep
|turn|18
|
|t:|1757843718
|move|p2a: Kingambit|Sucker Punch|p1a: PYRE
|-damage|p1a: PYRE|0 fnt
|faint|p1a: PYRE
|-end|p1a: PYRE|Quark Drive|[silent]
|
|-heal|p2a: Kingambit|71/100|[from] item: Leftovers
|upkeep
|
|t:|1757843722
|switch|p1a: IRONHIDE|Kingambit, M|100/100
|-activate|p1a: IRONHIDE|ability: Supreme Overlord
|-start|p1a: IRONHIDE|fallen4|[silent]
|turn|19
|
|t:|1757843725
|move|p1a: IRONHIDE|Iron Head|p2a: Kingambit
|-damage|p2a: Kingambit|23/100
|move|p2a: Kingambit|Kowtow Cleave|p1a: IRONHIDE
|-resisted|p1a: IRONHIDE
|-damage|p1a: IRONHIDE|43/100
|
|-heal|p1a: IRONHIDE|49/100|[from] item: Leftovers
|-heal|p2a: Kingambit|29/100|[from] item: Leftovers
|upkeep
|turn|20
|
|t:|1757843732
|move|p1a: IRONHIDE|Sucker Punch|p2a: Kingambit
|-damage|p2a: Kingambit|0 fnt
|faint|p2a: Kingambit
|-end|p2a: Kingambit|fallen5|[silent]
|
|win|NguyenKhoa1904
|raw|NguyenKhoa1904's rating: 1454 &rarr; <strong>1477</strong><br />(+23 for winning)
|raw|SlowbroSlowbro's rating: 1503 &rarr; <strong>1480</strong><br />(-23 for losing)
|l|☆SlowbroSlowbro
|player|p2|
