|j|‽SirPops
|j|☆Onn1san
|t:|1757798651
|gametype|singles
|player|p1|SirPops|red|1149
|player|p2|Onn1san|ingo|1197
|gen|9
|tier|[Gen 9] OU
|rated|
|rule|HP Percentage Mod: HP is shown in percentages
|rule|Endless Battle Clause: Forcing endless battles is banned
|rule|Species Clause: Limit one of each Pokémon
|rule|OHKO Clause: OHKO moves are banned
|rule|Evasion Items Clause: Evasion items are banned
|rule|Evasion Moves Clause: Evasion moves are banned
|rule|Evasion Abilities Clause: Evasion abilities are banned
|rule|Sleep Moves Clause: Sleep-inducing moves are banned
|clearpoke
|poke|p1|Snorlax, M|
|poke|p1|Masquerain, M|
|poke|p1|Rotom-Frost|
|poke|p1|Weezing-Galar, F|
|poke|p1|Perrserker, M|
|poke|p1|Honchkrow, M|
|poke|p2|Landorus-Therian, M|
|poke|p2|Great Tusk|
|poke|p2|Ogerpon-Wellspring, F|
|poke|p2|Kingambit, M|
|poke|p2|Slowking-Galar, M|
|poke|p2|Raging Bolt|
|teampreview
|
|t:|1757798665
|teamsize|p1|6
|teamsize|p2|6
|start
|switch|p1a: Masquerain|Masquerain, M|100/100
|switch|p2a: Landorus|Landorus-Therian, M|100/100
|-ability|p2a: Landorus|Intimidate|boost
|-unboost|p1a: Masquerain|atk|1
|-ability|p1a: Masquerain|Intimidate|boost
|-unboost|p2a: Landorus|atk|1
|turn|1
|
|t:|1757798675
|move|p2a: Landorus|Taunt|p1a: Masquerain
|-start|p1a: Masquerain|move: Taunt
|cant|p1a: Masquerain|move: Taunt|Quiver Dance
|
|upkeep
|turn|2
|
|t:|1757798680
|move|p2a: Landorus|Stealth Rock|p1a: Masquerain
|-sidestart|p1: SirPops|move: Stealth Rock
|move|p1a: Masquerain|Surf|p2a: Landorus
|-supereffective|p2a: Landorus
|-damage|p2a: Landorus|40/100
|
|upkeep
|turn|3
|
|t:|1757798687
|move|p2a: Landorus|U-turn|p1a: Masquerain
|-resisted|p1a: Masquerain
|-damage|p1a: Masquerain|88/100
|
|t:|1757798691
|switch|p2a: Ogerpon|Ogerpon-Wellspring, F|100/100|[from] U-turn
|move|p1a: Masquerain|Surf|p2a: Ogerpon
|-immune|p2a: Ogerpon|[from] ability: Water Absorb
|
|-end|p1a: Masquerain|move: Taunt
|upkeep
|turn|4
|
|t:|1757798719
|move|p2a: Ogerpon|Ivy Cudgel|p1a: Masquerain|[anim] Ivy Cudgel Water
|-damage|p1a: Masquerain|0 fnt
|faint|p1a: Masquerain
|
|upkeep
|
|t:|1757798730
|switch|p1a: Weezing|Weezing-Galar, F|100/100
|-damage|p1a: Weezing|88/100|[from] Stealth Rock
|turn|5
|
|t:|1757798735
|switch|p2a: Kingambit|Kingambit, M|100/100
|move|p1a: Weezing|Defog|p2a: Kingambit
|-unboost|p2a: Kingambit|evasion|1
|-sideend|p1: SirPops|Stealth Rock|[from] move: Defog|[of] p1a: Weezing
|
|upkeep
|turn|6
|
|t:|1757798747
|move|p2a: Kingambit|Iron Head|p1a: Weezing
|-supereffective|p1a: Weezing
|-damage|p1a: Weezing|0 fnt
|faint|p1a: Weezing
|
|upkeep
|
|t:|1757798751
|switch|p1a: Rotom|Rotom-Frost|100/100
|turn|7
|
|t:|1757798762
|-end|p2a: Kingambit|fallenundefined|[silent]
|switch|p2a: Great Tusk|Great Tusk|100/100
|move|p1a: Rotom|Will-O-Wisp|p2a: Great Tusk
|-status|p2a: Great Tusk|brn
|
|-damage|p2a: Great Tusk|94/100 brn|[from] brn
|upkeep
|turn|8
|
|t:|1757798772
|move|p2a: Great Tusk|Headlong Rush|p1a: Rotom
|-immune|p1a: Rotom|[from] ability: Levitate
|move|p1a: Rotom|Blizzard|p2a: Great Tusk
|-supereffective|p2a: Great Tusk
|-damage|p2a: Great Tusk|0 fnt
|faint|p2a: Great Tusk
|-end|p2a: Great Tusk|Protosynthesis|[silent]
|
|upkeep
|
|t:|1757798787
|switch|p2a: Kingambit|Kingambit, M|100/100
|-activate|p2a: Kingambit|ability: Supreme Overlord
|-start|p2a: Kingambit|fallen1|[silent]
|turn|9
|
|t:|1757798795
|move|p1a: Rotom|Will-O-Wisp|p2a: Kingambit
|-status|p2a: Kingambit|brn
|move|p2a: Kingambit|Kowtow Cleave|p1a: Rotom
|-damage|p1a: Rotom|75/100
|
|-damage|p2a: Kingambit|94/100 brn|[from] brn
|upkeep
|turn|10
|
|t:|1757798805
|move|p1a: Rotom|Thunder|p2a: Kingambit|[miss]
|-miss|p1a: Rotom|p2a: Kingambit
|move|p2a: Kingambit|Iron Head|p1a: Rotom
|-damage|p1a: Rotom|52/100
|
|-heal|p2a: Kingambit|100/100 brn|[from] item: Leftovers
|-damage|p2a: Kingambit|94/100 brn|[from] brn
|upkeep
|turn|11
|
|t:|1757798814
|move|p1a: Rotom|Thunder|p2a: Kingambit
|-damage|p2a: Kingambit|54/100 brn
|move|p2a: Kingambit|Kowtow Cleave|p1a: Rotom
|-damage|p1a: Rotom|27/100
|
|-heal|p2a: Kingambit|60/100 brn|[from] item: Leftovers
|-damage|p2a: Kingambit|54/100 brn|[from] brn
|upkeep
|turn|12
|
|t:|1757798823
|move|p1a: Rotom|Thunder|p2a: Kingambit
|-damage|p2a: Kingambit|11/100 brn
|move|p2a: Kingambit|Swords Dance|p2a: Kingambit
|-boost|p2a: Kingambit|atk|2
|
|-heal|p2a: Kingambit|17/100 brn|[from] item: Leftovers
|-damage|p2a: Kingambit|11/100 brn|[from] brn
|upkeep
|turn|13
|
|t:|1757798839
|move|p2a: Kingambit|Sucker Punch||[still]
|-fail|p2a: Kingambit
|move|p1a: Rotom|Will-O-Wisp|p2a: Kingambit
|-fail|p2a: Kingambit|brn
|
|-heal|p2a: Kingambit|17/100 brn|[from] item: Leftovers
|-damage|p2a: Kingambit|11/100 brn|[from] brn
|upkeep
|turn|14
|
|t:|1757798847
|move|p2a: Kingambit|Sucker Punch|p1a: Rotom
|-damage|p1a: Rotom|0 fnt
|faint|p1a: Rotom
|
|-heal|p2a: Kingambit|17/100 brn|[from] item: Leftovers
|-damage|p2a: Kingambit|11/100 brn|[from] brn
|upkeep
|
|t:|1757798853
|switch|p1a: Honchkrow|Honchkrow, M|100/100
|turn|15
|
|t:|1757798857
|move|p1a: Honchkrow|Sucker Punch|p2a: Kingambit
|-resisted|p2a: Kingambit
|-damage|p2a: Kingambit|0 fnt
|faint|p2a: Kingambit
|-end|p2a: Kingambit|fallen1|[silent]
|
|upkeep
|
|t:|1757798862
|switch|p2a: Raging Bolt|Raging Bolt|100/100
|-enditem|p2a: Raging Bolt|Booster Energy
|-activate|p2a: Raging Bolt|ability: Protosynthesis|[fromitem]
|-start|p2a: Raging Bolt|protosynthesisspa
|turn|16
|
|t:|1757798872
|move|p2a: Raging Bolt|Thunderbolt|p1a: Honchkrow
|-supereffective|p1a: Honchkrow
|-damage|p1a: Honchkrow|0 fnt
|faint|p1a: Honchkrow
|
|upkeep
|
|t:|1757798877
|switch|p1a: Perrserker|Perrserker, M, shiny|100/100
|turn|17
|
|t:|1757798882
|move|p2a: Raging Bolt|Thunderbolt|p1a: Perrserker
|-damage|p1a: Perrserker|47/100
|move|p1a: Perrserker|Play Rough|p2a: Raging Bolt
|-supereffective|p2a: Raging Bolt
|-damage|p2a: Raging Bolt|37/100
|
|upkeep
|turn|18
|
|t:|1757798888
|move|p2a: Raging Bolt|Thunderbolt|p1a: Perrserker
|-damage|p1a: Perrserker|0 fnt
|faint|p1a: Perrserker
|
|upkeep
|
|t:|1757798890
|switch|p1a: Snorlax|Snorlax, M|100/100
|turn|19
|
|t:|1757798894
|move|p2a: Raging Bolt|Thunderbolt|p1a: Snorlax
|-damage|p1a: Snorlax|64/100
|move|p1a: Snorlax|Curse|p1a: Snorlax
|-unboost|p1a: Snorlax|spe|1
|-boost|p1a: Snorlax|atk|1
|-boost|p1a: Snorlax|def|1
|
|-heal|p1a: Snorlax|70/100|[from] item: Leftovers
|upkeep
|turn|20
|
|t:|1757798902
|move|p2a: Raging Bolt|Thunderbolt|p1a: Snorlax
|-damage|p1a: Snorlax|29/100
|move|p1a: Snorlax|Earthquake|p2a: Raging Bolt
|-supereffective|p2a: Raging Bolt
|-damage|p2a: Raging Bolt|0 fnt
|faint|p2a: Raging Bolt
|-end|p2a: Raging Bolt|Protosynthesis|[silent]
|
|-heal|p1a: Snorlax|35/100|[from] item: Leftovers
|upkeep
|
|t:|1757798912
|switch|p2a: Slowking|Slowking-Galar, M|100/100
|turn|21
|
|t:|1757798921
|move|p2a: Slowking|Future Sight|p1a: Snorlax
|-start|p2a: Slowking|move: Future Sight
|move|p1a: Snorlax|Earthquake|p2a: Slowking
|-supereffective|p2a: Slowking
|-damage|p2a: Slowking|36/100
|
|-heal|p1a: Snorlax|41/100|[from] item: Leftovers
|upkeep
|turn|22
|
|t:|1757798931
|move|p2a: Slowking|Sludge Bomb|p1a: Snorlax
|-crit|p1a: Snorlax
|-damage|p1a: Snorlax|7/100
|-status|p1a: Snorlax|psn
|move|p1a: Snorlax|Earthquake|p2a: Slowking
|-supereffective|p2a: Slowking
|-damage|p2a: Slowking|0 fnt
|faint|p2a: Slowking
|
|-heal|p1a: Snorlax|13/100 psn|[from] item: Leftovers
|-damage|p1a: Snorlax|0 fnt|[from] psn
|faint|p1a: Snorlax
|
|win|Onn1san
|raw|SirPops's rating: 1134 &rarr; <strong>1113</strong><br />(-21 for losing)
|raw|Onn1san's rating: 1197 &rarr; <strong>1218</strong><br />(+21 for winning)
|l|‽SirPops
|player|p1|
|l|☆Onn1san
|player|p2|
