|j|☆Passerby bye
|j|☆mansonabuluting
|t:|1757863969
|gametype|singles
|player|p1|Passerby bye|cyclist|1532
|player|p2|mansonabuluting|bellelba|1542
|gen|9
|tier|[Gen 9] OU
|rated|
|rule|HP Percentage Mod: HP is shown in percentages
|rule|Endless Battle Clause: Forcing endless battles is banned
|rule|Species Clause: Limit one of each Pokémon
|rule|OHKO Clause: OHKO moves are banned
|rule|Evasion Items Clause: Evasion items are banned
|rule|Evasion Moves Clause: Evasion moves are banned
|rule|Evasion Abilities Clause: Evasion abilities are banned
|rule|Sleep Moves Clause: Sleep-inducing moves are banned
|clearpoke
|poke|p1|Magnezone|
|poke|p1|Vileplume, M|
|poke|p1|Gyarados, F|
|poke|p1|Houndoom, F|
|poke|p1|Mamoswine, F|
|poke|p1|Azumarill, M|
|poke|p2|Rillaboom, M|
|poke|p2|Hawlucha, M|
|poke|p2|Thundurus-Therian, M|
|poke|p2|Great Tusk|
|poke|p2|Volcanion|
|poke|p2|Goodra-Hisui, M|
|teampreview
|inactive|Battle timer is ON: inactive players will automatically lose when time's up. (requested by mansonabuluting)
|
|t:|1757863979
|teamsize|p1|6
|teamsize|p2|6
|start
|switch|p1a: Sample Team sucks|Azumarill, M|100/100
|switch|p2a: Volcanion|Volcanion|100/100
|turn|1
|
|t:|1757863985
|move|p2a: Volcanion|Earth Power|p1a: Sample Team sucks
|-damage|p1a: Sample Team sucks|63/100
|move|p1a: Sample Team sucks|Knock Off|p2a: Volcanion
|-damage|p2a: Volcanion|68/100
|-enditem|p2a: Volcanion|Choice Specs|[from] move: Knock Off|[of] p1a: Sample Team sucks
|
|upkeep
|turn|2
|
|t:|1757863994
|switch|p2a: Rillaboom|Rillaboom, M|100/100
|-fieldstart|move: Grassy Terrain|[from] ability: Grassy Surge|[of] p2a: Rillaboom
|switch|p1a: BST＞540 Pkmn sucks|Gyarados, F, shiny|100/100
|-ability|p1a: BST＞540 Pkmn sucks|Intimidate|boost
|-unboost|p2a: Rillaboom|atk|1
|
|upkeep
|turn|3
|
|t:|1757864000
|switch|p2a: Volcanion|Volcanion|68/100
|switch|p1a: Ordinary Pkmn only|Vileplume, M|100/100
|
|-heal|p2a: Volcanion|74/100|[from] Grassy Terrain
|upkeep
|turn|4
|
|t:|1757864014
|switch|p1a: BST＞540 Pkmn sucks|Gyarados, F, shiny|100/100
|-ability|p1a: BST＞540 Pkmn sucks|Intimidate|boost
|-unboost|p2a: Volcanion|atk|1
|move|p2a: Volcanion|Overheat|p1a: BST＞540 Pkmn sucks
|-resisted|p1a: BST＞540 Pkmn sucks
|-damage|p1a: BST＞540 Pkmn sucks|62/100
|-unboost|p2a: Volcanion|spa|2
|
|-heal|p2a: Volcanion|80/100|[from] Grassy Terrain
|upkeep
|turn|5
|
|t:|1757864021
|switch|p2a: Thundurus|Thundurus-Therian, M|100/100
|move|p1a: BST＞540 Pkmn sucks|Thunder Wave|p2a: Thundurus
|-immune|p2a: Thundurus|[from] ability: Volt Absorb
|
|upkeep
|turn|6
|
|t:|1757864029
|switch|p1a: Terrain Team sucks|Mamoswine, F|100/100
|move|p2a: Thundurus|Volt Switch|p1a: Terrain Team sucks
|-immune|p1a: Terrain Team sucks
|
|-fieldend|move: Grassy Terrain
|upkeep
|turn|7
|
|t:|1757864038
|switch|p2a: Great Tusk|Great Tusk|100/100
|move|p1a: Terrain Team sucks|Avalanche|p2a: Great Tusk
|-supereffective|p2a: Great Tusk
|-crit|p2a: Great Tusk
|-damage|p2a: Great Tusk|49/100
|-damage|p1a: Terrain Team sucks|84/100|[from] item: Rocky Helmet|[of] p2a: Great Tusk
|
|upkeep
|turn|8
|
|t:|1757864046
|switch|p1a: BST＞540 Pkmn sucks|Gyarados, F, shiny|62/100
|-ability|p1a: BST＞540 Pkmn sucks|Intimidate|boost
|-unboost|p2a: Great Tusk|atk|1
|move|p2a: Great Tusk|Headlong Rush|p1a: BST＞540 Pkmn sucks
|-immune|p1a: BST＞540 Pkmn sucks
|
|upkeep
|turn|9
|
|t:|1757864059
|move|p2a: Great Tusk|Stealth Rock|p1a: BST＞540 Pkmn sucks
|-sidestart|p1: Passerby bye|move: Stealth Rock
|move|p1a: BST＞540 Pkmn sucks|Dragon Dance|p1a: BST＞540 Pkmn sucks
|-boost|p1a: BST＞540 Pkmn sucks|atk|1
|-boost|p1a: BST＞540 Pkmn sucks|spe|1
|
|upkeep
|turn|10
|
|t:|1757864065
|-end|p2a: Great Tusk|Protosynthesis|[silent]
|switch|p2a: Thundurus|Thundurus-Therian, M|100/100
|move|p1a: BST＞540 Pkmn sucks|Waterfall|p2a: Thundurus
|-damage|p2a: Thundurus|3/100
|
|upkeep
|turn|11
|
|t:|1757864074
|switch|p1a: Terrain Team sucks|Mamoswine, F|84/100
|-damage|p1a: Terrain Team sucks|71/100|[from] Stealth Rock
|move|p2a: Thundurus|Volt Switch|p1a: Terrain Team sucks
|-immune|p1a: Terrain Team sucks
|
|upkeep
|turn|12
|
|t:|1757864082
|switch|p2a: Volcanion|Volcanion|80/100
|move|p1a: Terrain Team sucks|Ice Shard|p2a: Volcanion
|-resisted|p2a: Volcanion
|-damage|p2a: Volcanion|76/100
|
|upkeep
|turn|13
|
|t:|1757864091
|switch|p1a: Sample Team sucks|Azumarill, M|63/100
|-damage|p1a: Sample Team sucks|50/100|[from] Stealth Rock
|switch|p2a: Rillaboom|Rillaboom, M|100/100
|-fieldstart|move: Grassy Terrain|[from] ability: Grassy Surge|[of] p2a: Rillaboom
|
|-heal|p1a: Sample Team sucks|56/100|[from] Grassy Terrain
|upkeep
|turn|14
|
|t:|1757864098
|switch|p1a: Ordinary Pkmn only|Vileplume, M|100/100
|-damage|p1a: Ordinary Pkmn only|88/100|[from] Stealth Rock
|move|p2a: Rillaboom|Wood Hammer|p1a: Ordinary Pkmn only
|-resisted|p1a: Ordinary Pkmn only
|-damage|p1a: Ordinary Pkmn only|63/100
|-damage|p2a: Rillaboom|84/100|[from] item: Rocky Helmet|[of] p1a: Ordinary Pkmn only
|-damage|p2a: Rillaboom|77/100|[from] Recoil
|
|-heal|p2a: Rillaboom|83/100|[from] Grassy Terrain
|-heal|p1a: Ordinary Pkmn only|70/100|[from] Grassy Terrain
|upkeep
|turn|15
|
|t:|1757864107
|switch|p2a: Goodra|Goodra-Hisui, M|100/100
|move|p1a: Ordinary Pkmn only|Leech Seed|p2a: Goodra|[miss]
|-miss|p1a: Ordinary Pkmn only|p2a: Goodra
|
|-heal|p1a: Ordinary Pkmn only|76/100|[from] Grassy Terrain
|upkeep
|turn|16
|
|t:|1757864112
|move|p2a: Goodra|Flamethrower|p1a: Ordinary Pkmn only
|-supereffective|p1a: Ordinary Pkmn only
|-damage|p1a: Ordinary Pkmn only|8/100
|move|p1a: Ordinary Pkmn only|Leech Seed|p2a: Goodra
|-start|p2a: Goodra|move: Leech Seed
|
|-heal|p1a: Ordinary Pkmn only|14/100|[from] Grassy Terrain
|-damage|p2a: Goodra|88/100|[from] Leech Seed|[of] p1a: Ordinary Pkmn only
|-heal|p1a: Ordinary Pkmn only|26/100|[silent]
|upkeep
|turn|17
|
|t:|1757864119
|switch|p1a: Sample Team sucks|Azumarill, M|56/100
|-damage|p1a: Sample Team sucks|44/100|[from] Stealth Rock
|move|p2a: Goodra|Flamethrower|p1a: Sample Team sucks
|-resisted|p1a: Sample Team sucks
|-damage|p1a: Sample Team sucks|34/100
|
|-heal|p2a: Goodra|94/100|[from] Grassy Terrain
|-heal|p1a: Sample Team sucks|40/100|[from] Grassy Terrain
|-damage|p2a: Goodra|82/100|[from] Leech Seed|[of] p1a: Sample Team sucks
|-heal|p1a: Sample Team sucks|51/100|[silent]
|-fieldend|move: Grassy Terrain
|upkeep
|turn|18
|
|t:|1757864123
|move|p2a: Goodra|Flash Cannon|p1a: Sample Team sucks
|-damage|p1a: Sample Team sucks|22/100
|move|p1a: Sample Team sucks|Knock Off|p2a: Goodra
|-damage|p2a: Goodra|43/100
|-ability|p2a: Goodra|Gooey
|-unboost|p1a: Sample Team sucks|spe|1
|-enditem|p2a: Goodra|Assault Vest|[from] move: Knock Off|[of] p1a: Sample Team sucks
|
|-damage|p2a: Goodra|31/100|[from] Leech Seed|[of] p1a: Sample Team sucks
|-heal|p1a: Sample Team sucks|33/100|[silent]
|upkeep
|turn|19
|
|t:|1757864129
|move|p2a: Goodra|Flash Cannon|p1a: Sample Team sucks
|-crit|p1a: Sample Team sucks
|-damage|p1a: Sample Team sucks|0 fnt
|faint|p1a: Sample Team sucks
|
|upkeep
|
|t:|1757864136
|switch|p1a: BST＞540 Pkmn sucks|Gyarados, F, shiny|62/100
|-ability|p1a: BST＞540 Pkmn sucks|Intimidate|boost
|-unboost|p2a: Goodra|atk|1
|turn|20
|
|t:|1757864140
|move|p1a: BST＞540 Pkmn sucks|Dragon Dance|p1a: BST＞540 Pkmn sucks
|-boost|p1a: BST＞540 Pkmn sucks|atk|1
|-boost|p1a: BST＞540 Pkmn sucks|spe|1
|move|p2a: Goodra|Draco Meteor|p1a: BST＞540 Pkmn sucks|[miss]
|-miss|p2a: Goodra|p1a: BST＞540 Pkmn sucks
|
|-damage|p2a: Goodra|19/100|[from] Leech Seed|[of] p1a: BST＞540 Pkmn sucks
|-heal|p1a: BST＞540 Pkmn sucks|75/100|[silent]
|upkeep
|turn|21
|
|t:|1757864146
|move|p1a: BST＞540 Pkmn sucks|Earthquake|p2a: Goodra
|-supereffective|p2a: Goodra
|-damage|p2a: Goodra|0 fnt
|faint|p2a: Goodra
|
|upkeep
|
|t:|1757864150
|switch|p2a: Thundurus|Thundurus-Therian, M|3/100
|turn|22
|
|t:|1757864154
|move|p2a: Thundurus|Volt Switch|p1a: BST＞540 Pkmn sucks
|-supereffective|p1a: BST＞540 Pkmn sucks
|-damage|p1a: BST＞540 Pkmn sucks|0 fnt
|faint|p1a: BST＞540 Pkmn sucks
|
|t:|1757864157
|switch|p2a: Rillaboom|Rillaboom, M|83/100|[from] Volt Switch
|-fieldstart|move: Grassy Terrain|[from] ability: Grassy Surge|[of] p2a: Rillaboom
|
|-heal|p2a: Rillaboom|89/100|[from] Grassy Terrain
|upkeep
|
|t:|1757864163
|switch|p1a: Ordinary Pkmn only|Vileplume, M|26/100
|-damage|p1a: Ordinary Pkmn only|14/100|[from] Stealth Rock
|turn|23
|
|t:|1757864168
|move|p2a: Rillaboom|U-turn|p1a: Ordinary Pkmn only
|-damage|p1a: Ordinary Pkmn only|0 fnt
|-damage|p2a: Rillaboom|72/100|[from] item: Rocky Helmet|[of] p1a: Ordinary Pkmn only
|faint|p1a: Ordinary Pkmn only
|
|t:|1757864172
|switch|p2a: Hawlucha|Hawlucha, M|100/100|[from] U-turn
|-enditem|p2a: Hawlucha|Grassy Seed
|-boost|p2a: Hawlucha|def|1|[from] item: Grassy Seed
|
|upkeep
|
|t:|1757864178
|switch|p1a: Terrain Team sucks|Mamoswine, F|71/100
|-damage|p1a: Terrain Team sucks|59/100|[from] Stealth Rock
|turn|24
|
|t:|1757864182
|move|p1a: Terrain Team sucks|Ice Shard|p2a: Hawlucha
|-supereffective|p2a: Hawlucha
|-damage|p2a: Hawlucha|61/100
|move|p2a: Hawlucha|Close Combat|p1a: Terrain Team sucks
|-supereffective|p1a: Terrain Team sucks
|-damage|p1a: Terrain Team sucks|0 fnt
|-unboost|p2a: Hawlucha|def|1
|-unboost|p2a: Hawlucha|spd|1
|faint|p1a: Terrain Team sucks
|
|upkeep
|
|t:|1757864190
|switch|p1a: Weather Team sucks|Houndoom, F|100/100
|turn|25
|
|t:|1757864193
|move|p2a: Hawlucha|Substitute|p2a: Hawlucha
|-start|p2a: Hawlucha|Substitute
|-damage|p2a: Hawlucha|36/100
|move|p1a: Weather Team sucks|Fire Blast|p2a: Hawlucha|[miss]
|-miss|p1a: Weather Team sucks|p2a: Hawlucha
|
|upkeep
|turn|26
|
|t:|1757864199
|move|p2a: Hawlucha|Close Combat|p1a: Weather Team sucks
|-supereffective|p1a: Weather Team sucks
|-damage|p1a: Weather Team sucks|0 fnt
|-unboost|p2a: Hawlucha|def|1
|-unboost|p2a: Hawlucha|spd|1
|faint|p1a: Weather Team sucks
|
|-fieldend|move: Grassy Terrain
|upkeep
|
|t:|1757864203
|switch|p1a: Legend Pkmn sucks|Magnezone|100/100
|-damage|p1a: Legend Pkmn sucks|94/100|[from] Stealth Rock
|turn|27
|
|t:|1757864206
|move|p2a: Hawlucha|Close Combat|p1a: Legend Pkmn sucks
|-supereffective|p1a: Legend Pkmn sucks
|-damage|p1a: Legend Pkmn sucks|0 fnt
|-unboost|p2a: Hawlucha|def|1
|-unboost|p2a: Hawlucha|spd|1
|faint|p1a: Legend Pkmn sucks
|
|win|mansonabuluting
|raw|Passerby bye's rating: 1532 &rarr; <strong>1513</strong><br />(-19 for losing)
|raw|mansonabuluting's rating: 1542 &rarr; <strong>1561</strong><br />(+19 for winning)
|l|☆mansonabuluting
|player|p2|
|l|☆Passerby bye
|player|p1|
