|j|☆crowv2
|j|☆LucyLikePizza
|t:|1757818625
|gametype|singles
|player|p1|crowv2|265|1443
|player|p2|LucyLikePizza|2|1437
|gen|9
|tier|[Gen 9] OU
|rated|
|rule|HP Percentage Mod: HP is shown in percentages
|rule|Endless Battle Clause: Forcing endless battles is banned
|rule|Species Clause: Limit one of each Pokémon
|rule|OHKO Clause: OHKO moves are banned
|rule|Evasion Items Clause: Evasion items are banned
|rule|Evasion Moves Clause: Evasion moves are banned
|rule|Evasion Abilities Clause: Evasion abilities are banned
|rule|Sleep Moves Clause: Sleep-inducing moves are banned
|clearpoke
|poke|p1|Garchomp, M|
|poke|p1|Ogerpon-Wellspring, F|
|poke|p1|Gholdengo|
|poke|p1|Garganacl, F|
|poke|p1|Enamorus, F|
|poke|p1|Corviknight, M|
|poke|p2|Kingambit, M|
|poke|p2|Hatterene, F|
|poke|p2|Zapdos|
|poke|p2|Conkeldurr, F|
|poke|p2|Clodsire, M|
|poke|p2|Samurott-Hisui, F|
|teampreview
|
|t:|1757818638
|teamsize|p1|6
|teamsize|p2|6
|start
|switch|p1a: Garchomp|Garchomp, M|100/100
|switch|p2a: Samurott|Samurott-Hisui, F|100/100
|turn|1
|
|t:|1757818643
|move|p1a: Garchomp|Earthquake|p2a: Samurott
|-damage|p2a: Samurott|18/100
|-damage|p1a: Garchomp|91/100|[from] item: Life Orb
|move|p2a: Samurott|Ceaseless Edge|p1a: Garchomp
|-damage|p1a: Garchomp|49/100
|-damage|p2a: Samurott|5/100|[from] ability: Rough Skin|[of] p1a: Garchomp
|-sidestart|p1: crowv2|Spikes
|
|upkeep
|turn|2
|
|t:|1757818652
|move|p2a: Samurott|Aqua Jet|p1a: Garchomp
|-damage|p1a: Garchomp|29/100
|-damage|p2a: Samurott|0 fnt|[from] ability: Rough Skin|[of] p1a: Garchomp
|faint|p2a: Samurott
|move|p1a: Garchomp|Spikes|p2: Samurott
|-sidestart|p2: LucyLikePizza|Spikes
|
|upkeep
|
|t:|1757818657
|switch|p2a: Conkeldurr|Conkeldurr, F|100/100
|-damage|p2a: Conkeldurr|88/100|[from] Spikes
|turn|3
|
|t:|1757818677
|switch|p1a: Corviknight|Corviknight, M, shiny|100/100
|-ability|p1a: Corviknight|Pressure
|move|p2a: Conkeldurr|Knock Off|p1a: Corviknight
|-damage|p1a: Corviknight|76/100
|-damage|p2a: Conkeldurr|72/100|[from] item: Rocky Helmet|[of] p1a: Corviknight
|-enditem|p1a: Corviknight|Rocky Helmet|[from] move: Knock Off|[of] p2a: Conkeldurr
|
|-status|p2a: Conkeldurr|brn|[from] item: Flame Orb
|upkeep
|turn|4
|
|t:|1757818693
|move|p1a: Corviknight|Defog|p2a: Conkeldurr
|-unboost|p2a: Conkeldurr|evasion|1
|-sideend|p2: LucyLikePizza|Spikes|[from] move: Defog|[of] p1a: Corviknight
|-sideend|p1: crowv2|Spikes|[from] move: Defog|[of] p1a: Corviknight
|move|p2a: Conkeldurr|Close Combat|p1a: Corviknight
|-damage|p1a: Corviknight|8/100
|-unboost|p2a: Conkeldurr|def|1
|-unboost|p2a: Conkeldurr|spd|1
|
|-damage|p2a: Conkeldurr|65/100 brn|[from] brn
|upkeep
|turn|5
|
|t:|1757818702
|move|p1a: Corviknight|Brave Bird|p2a: Conkeldurr
|-supereffective|p2a: Conkeldurr
|-damage|p2a: Conkeldurr|0 fnt
|faint|p2a: Conkeldurr
|-damage|p1a: Corviknight|0 fnt|[from] Recoil
|faint|p1a: Corviknight
|
|upkeep
|
|t:|1757818723
|switch|p1a: Gholdengo|Gholdengo|100/100
|switch|p2a: Zapdos|Zapdos|100/100
|turn|6
|
|t:|1757818730
|move|p1a: Gholdengo|Trick|p2a: Zapdos
|-activate|p1a: Gholdengo|move: Trick|[of] p2a: Zapdos
|-item|p2a: Zapdos|Choice Scarf|[from] move: Trick
|-item|p1a: Gholdengo|Heavy-Duty Boots|[from] move: Trick
|move|p2a: Zapdos|Volt Switch|p1a: Gholdengo
|-damage|p1a: Gholdengo|56/100
|inactive|Battle timer is ON: inactive players will automatically lose when time's up. (requested by crowv2)
|
|t:|1757818735
|switch|p2a: Clodsire|Clodsire, M|100/100|[from] Volt Switch
|
|upkeep
|turn|7
|
|t:|1757818755
|switch|p1a: Ogerpon|Ogerpon-Wellspring, F|100/100
|move|p2a: Clodsire|Stealth Rock|p1a: Ogerpon
|-sidestart|p1: crowv2|move: Stealth Rock
|
|upkeep
|turn|8
|
|t:|1757818761
|switch|p2a: Zapdos|Zapdos|100/100
|move|p1a: Ogerpon|Ivy Cudgel|p2a: Zapdos|[anim] Ivy Cudgel Water
|-damage|p2a: Zapdos|31/100
|
|upkeep
|turn|9
|
|t:|1757818774
|switch|p1a: Garchomp|Garchomp, M|29/100
|-damage|p1a: Garchomp|22/100|[from] Stealth Rock
|move|p2a: Zapdos|Hurricane|p1a: Garchomp
|-damage|p1a: Garchomp|0 fnt
|faint|p1a: Garchomp
|
|upkeep
|
|t:|1757818785
|switch|p1a: Garganacl|Garganacl, F|100/100
|-damage|p1a: Garganacl|88/100|[from] Stealth Rock
|turn|10
|
|t:|1757818790
|move|p2a: Zapdos|Hurricane|p1a: Garganacl
|-resisted|p1a: Garganacl
|-damage|p1a: Garganacl|69/100
|move|p1a: Garganacl|Salt Cure|p2a: Zapdos
|-supereffective|p2a: Zapdos
|-damage|p2a: Zapdos|0 fnt
|faint|p2a: Zapdos
|
|-heal|p1a: Garganacl|75/100|[from] item: Leftovers
|upkeep
|
|t:|1757818794
|switch|p2a: Kingambit|Kingambit, M|100/100
|-activate|p2a: Kingambit|ability: Supreme Overlord
|-start|p2a: Kingambit|fallen3|[silent]
|turn|11
|
|t:|1757818802
|move|p2a: Kingambit|Swords Dance|p2a: Kingambit
|-boost|p2a: Kingambit|atk|2
|move|p1a: Garganacl|Salt Cure|p2a: Kingambit
|-resisted|p2a: Kingambit
|-damage|p2a: Kingambit|94/100
|-start|p2a: Kingambit|Salt Cure
|
|-heal|p2a: Kingambit|99/100|[from] item: Leftovers
|-heal|p1a: Garganacl|81/100|[from] item: Leftovers
|-damage|p2a: Kingambit|75/100|[from] Salt Cure
|upkeep
|turn|12
|
|t:|1757818812
|-terastallize|p1a: Garganacl|Water
|move|p2a: Kingambit|Kowtow Cleave|p1a: Garganacl
|-damage|p1a: Garganacl|0 fnt
|faint|p1a: Garganacl
|
|-heal|p2a: Kingambit|81/100|[from] item: Leftovers
|-damage|p2a: Kingambit|57/100|[from] Salt Cure
|upkeep
|
|t:|1757818820
|switch|p1a: Enamorus|Enamorus, F|100/100
|turn|13
|
|t:|1757818827
|switch|p1a: Gholdengo|Gholdengo|56/100
|move|p2a: Kingambit|Kowtow Cleave|p1a: Gholdengo
|-supereffective|p1a: Gholdengo
|-damage|p1a: Gholdengo|0 fnt
|faint|p1a: Gholdengo
|
|-heal|p2a: Kingambit|63/100|[from] item: Leftovers
|-damage|p2a: Kingambit|38/100|[from] Salt Cure
|upkeep
|
|t:|1757818839
|switch|p1a: Enamorus|Enamorus, F|100/100
|turn|14
|
|t:|1757818843
|move|p1a: Enamorus|Moonblast|p2a: Kingambit
|-damage|p2a: Kingambit|0 fnt
|faint|p2a: Kingambit
|-end|p2a: Kingambit|fallen3|[silent]
|
|upkeep
|
|t:|1757818857
|switch|p2a: Hatterene|Hatterene, F|100/100
|turn|15
|
|t:|1757818866
|switch|p1a: Ogerpon|Ogerpon-Wellspring, F|100/100
|-damage|p1a: Ogerpon|88/100|[from] Stealth Rock
|move|p2a: Hatterene|Trick Room|p2a: Hatterene
|-fieldstart|move: Trick Room|[of] p2a: Hatterene
|
|upkeep
|turn|16
|
|t:|1757818879
|move|p2a: Hatterene|Calm Mind|p2a: Hatterene
|-boost|p2a: Hatterene|spa|1
|-boost|p2a: Hatterene|spd|1
|move|p1a: Ogerpon|Horn Leech|p2a: Hatterene
|-damage|p2a: Hatterene|65/100
|-heal|p1a: Ogerpon|100/100|[from] drain|[of] p2a: Hatterene
|
|-heal|p2a: Hatterene|71/100|[from] item: Leftovers
|upkeep
|turn|17
|
|t:|1757818888
|move|p2a: Hatterene|Draining Kiss|p1a: Ogerpon
|-damage|p1a: Ogerpon|63/100
|-heal|p2a: Hatterene|98/100|[from] drain|[of] p1a: Ogerpon
|move|p1a: Ogerpon|Ivy Cudgel|p2a: Hatterene|[anim] Ivy Cudgel Water
|-crit|p2a: Hatterene
|-damage|p2a: Hatterene|27/100
|
|-heal|p2a: Hatterene|33/100|[from] item: Leftovers
|upkeep
|turn|18
|
|t:|1757818899
|-terastallize|p2a: Hatterene|Water
|move|p2a: Hatterene|Draining Kiss|p1a: Ogerpon
|-damage|p1a: Ogerpon|22/100
|-heal|p2a: Hatterene|62/100|[from] drain|[of] p1a: Ogerpon
|move|p1a: Ogerpon|Horn Leech|p2a: Hatterene
|-supereffective|p2a: Hatterene
|-damage|p2a: Hatterene|0 fnt
|-heal|p1a: Ogerpon|54/100|[from] drain|[of] p2a: Hatterene
|faint|p2a: Hatterene
|
|upkeep
|
|t:|1757818903
|switch|p2a: Clodsire|Clodsire, M|100/100
|turn|19
|
|t:|1757818910
|switch|p1a: Enamorus|Enamorus, F|100/100
|move|p2a: Clodsire|Toxic|p1a: Enamorus
|-status|p1a: Enamorus|tox
|
|-damage|p1a: Enamorus|94/100 tox|[from] psn
|-fieldend|move: Trick Room
|upkeep
|turn|20
|
|t:|1757818917
|move|p1a: Enamorus|Taunt|p2a: Clodsire
|-start|p2a: Clodsire|move: Taunt
|cant|p2a: Clodsire|move: Taunt|Recover
|
|-damage|p1a: Enamorus|82/100 tox|[from] psn
|upkeep
|turn|21
|
|t:|1757818923
|move|p1a: Enamorus|Earth Power|p2a: Clodsire
|-supereffective|p2a: Clodsire
|-damage|p2a: Clodsire|64/100
|move|p2a: Clodsire|Earthquake|p1a: Enamorus
|-immune|p1a: Enamorus
|
|-heal|p2a: Clodsire|70/100|[from] item: Leftovers
|-damage|p1a: Enamorus|63/100 tox|[from] psn
|upkeep
|turn|22
|
|t:|1757818931
|move|p1a: Enamorus|Earth Power|p2a: Clodsire
|-supereffective|p2a: Clodsire
|-damage|p2a: Clodsire|34/100
|-unboost|p2a: Clodsire|spd|1
|move|p2a: Clodsire|Earthquake|p1a: Enamorus
|-immune|p1a: Enamorus
|
|-heal|p2a: Clodsire|40/100|[from] item: Leftovers
|-damage|p1a: Enamorus|38/100 tox|[from] psn
|-end|p2a: Clodsire|move: Taunt
|upkeep
|turn|23
|-message|LucyLikePizza forfeited.
|
|win|crowv2
|raw|crowv2's rating: 1443 &rarr; <strong>1463</strong><br />(+20 for winning)
|raw|LucyLikePizza's rating: 1437 &rarr; <strong>1417</strong><br />(-20 for losing)
|l|☆LucyLikePizza
|player|p2|
|l|☆crowv2
|player|p1|
