|j|☆Menace13
|j|☆syk1307
|t:|1757898025
|gametype|singles
|player|p1|Menace13|unknown|1460
|player|p2|syk1307|giovanni|1453
|gen|9
|tier|[Gen 9] OU
|rated|
|rule|HP Percentage Mod: HP is shown in percentages
|rule|Endless Battle Clause: Forcing endless battles is banned
|rule|Species Clause: Limit one of each Pokémon
|rule|OHKO Clause: OHKO moves are banned
|rule|Evasion Items Clause: Evasion items are banned
|rule|Evasion Moves Clause: Evasion moves are banned
|rule|Evasion Abilities Clause: Evasion abilities are banned
|rule|Sleep Moves Clause: Sleep-inducing moves are banned
|clearpoke
|poke|p1|Slither Wing|
|poke|p1|Alomomola, F|
|poke|p1|Slowking-Galar, F|
|poke|p1|Dragapult, F|
|poke|p1|Zapdos|
|poke|p1|Heatran, M|
|poke|p2|Jolteon, M|
|poke|p2|Samurott-Hisui, M|
|poke|p2|Arcanine, M|
|poke|p2|Scizor, M|
|poke|p2|Corviknight, M|
|poke|p2|Mew|
|teampreview
|
|t:|1757898040
|teamsize|p1|6
|teamsize|p2|6
|start
|switch|p1a: Slither Wing|Slither Wing|100/100
|switch|p2a: Samurott|Samurott-Hisui, M|100/100
|turn|1
|
|t:|1757898045
|switch|p2a: Corviknight|Corviknight, M|100/100
|move|p1a: Slither Wing|U-turn|p2a: Corviknight
|-resisted|p2a: Corviknight
|-damage|p2a: Corviknight|94/100
|-damage|p1a: Slither Wing|84/100|[from] item: Rocky Helmet|[of] p2a: Corviknight
|
|t:|1757898050
|-end|p1a: Slither Wing|Protosynthesis|[silent]
|switch|p1a: Heatran|Heatran, M|100/100|[from] U-turn
|
|upkeep
|turn|2
|
|t:|1757898053
|switch|p2a: Arcanine|Arcanine, M|100/100
|move|p1a: Heatran|Stealth Rock|p2a: Arcanine
|-sidestart|p2: syk1307|move: Stealth Rock
|
|upkeep
|turn|3
|
|t:|1757898066
|move|p2a: Arcanine|Close Combat|p1a: Heatran
|-supereffective|p1a: Heatran
|-damage|p1a: Heatran|0 fnt
|-unboost|p2a: Arcanine|def|1
|-unboost|p2a: Arcanine|spd|1
|faint|p1a: Heatran
|
|upkeep
|
|t:|1757898078
|switch|p1a: Slowking|Slowking-Galar, F|100/100
|turn|4
|
|t:|1757898088
|switch|p2a: Corviknight|Corviknight, M|94/100
|-damage|p2a: Corviknight|82/100|[from] Stealth Rock
|move|p1a: Slowking|Future Sight|p2a: Corviknight
|-start|p1a: Slowking|move: Future Sight
|
|upkeep
|turn|5
|
|t:|1757898095
|move|p2a: Corviknight|Defog|p1a: Slowking
|-unboost|p1a: Slowking|evasion|1
|-sideend|p2: syk1307|Stealth Rock|[from] move: Defog|[of] p2a: Corviknight
|-prepare|p1a: Slowking|Chilly Reception|[premajor]
|move|p1a: Slowking|Chilly Reception|p1a: Slowking
|-weather|Snowscape
|
|t:|1757898100
|switch|p1a: Zapdos|Zapdos|100/100|[from] Chilly Reception
|
|-weather|Snowscape|[upkeep]
|upkeep
|turn|6
|
|t:|1757898110
|move|p1a: Zapdos|Hurricane|p2a: Corviknight
|-resisted|p2a: Corviknight
|-damage|p2a: Corviknight|58/100
|move|p2a: Corviknight|U-turn|p1a: Zapdos
|-resisted|p1a: Zapdos
|-damage|p1a: Zapdos|95/100
|
|t:|1757898116
|switch|p2a: Samurott|Samurott-Hisui, M|100/100|[from] U-turn
|
|-weather|Snowscape|[upkeep]
|-end|p2a: Samurott|move: Future Sight
|-immune|p2a: Samurott
|upkeep
|turn|7
|
|t:|1757898123
|switch|p2a: Jolteon|Jolteon, M|100/100
|move|p1a: Zapdos|Volt Switch|p2a: Jolteon
|-immune|p2a: Jolteon|[from] ability: Volt Absorb
|
|-weather|Snowscape|[upkeep]
|upkeep
|turn|8
|
|t:|1757898129
|switch|p1a: Slowking|Slowking-Galar, F|100/100
|move|p2a: Jolteon|Volt Switch|p1a: Slowking
|-damage|p1a: Slowking|74/100
|
|t:|1757898134
|switch|p2a: Samurott|Samurott-Hisui, M|100/100|[from] Volt Switch
|
|-weather|Snowscape|[upkeep]
|upkeep
|turn|9
|
|t:|1757898142
|switch|p1a: Zapdos|Zapdos|95/100
|move|p2a: Samurott|Ceaseless Edge|p1a: Zapdos
|-damage|p1a: Zapdos|47/100
|-sidestart|p1: Menace13|Spikes
|
|-weather|none
|upkeep
|turn|10
|
|t:|1757898161
|switch|p2a: Jolteon|Jolteon, M|100/100
|move|p1a: Zapdos|Roost|p1a: Zapdos
|-heal|p1a: Zapdos|97/100
|-singleturn|p1a: Zapdos|move: Roost
|
|upkeep
|turn|11
|
|t:|1757898170
|move|p2a: Jolteon|Volt Switch|p1a: Zapdos
|-damage|p1a: Zapdos|51/100
|
|t:|1757898176
|switch|p2a: Arcanine|Arcanine, M|100/100|[from] Volt Switch
|move|p1a: Zapdos|Thunder Wave|p2a: Arcanine
|-status|p2a: Arcanine|par
|
|upkeep
|turn|12
|
|t:|1757898185
|move|p1a: Zapdos|Volt Switch|p2a: Arcanine
|-damage|p2a: Arcanine|61/100 par
|
|t:|1757898189
|switch|p1a: Alomomola|Alomomola, F|100/100|[from] Volt Switch
|move|p2a: Arcanine|Flare Blitz|p1a: Alomomola
|-resisted|p1a: Alomomola
|-damage|p1a: Alomomola|75/100
|-damage|p2a: Arcanine|47/100 par|[from] Recoil
|
|upkeep
|turn|13
|
|t:|1757898198
|switch|p2a: Corviknight|Corviknight, M|58/100
|move|p1a: Alomomola|Flip Turn|p2a: Corviknight
|-damage|p2a: Corviknight|49/100
|-damage|p1a: Alomomola|59/100|[from] item: Rocky Helmet|[of] p2a: Corviknight
|
|t:|1757898205
|switch|p1a: Dragapult|Dragapult, F|100/100|[from] Flip Turn
|
|upkeep
|turn|14
|
|t:|1757898211
|move|p1a: Dragapult|Will-O-Wisp|p2a: Corviknight
|-status|p2a: Corviknight|brn
|move|p2a: Corviknight|Roost|p2a: Corviknight
|-heal|p2a: Corviknight|99/100 brn
|-singleturn|p2a: Corviknight|move: Roost
|
|-damage|p2a: Corviknight|93/100 brn|[from] brn
|upkeep
|turn|15
|
|t:|1757898219
|move|p1a: Dragapult|Hex|p2a: Corviknight
|-damage|p2a: Corviknight|36/100 brn
|move|p2a: Corviknight|U-turn|p1a: Dragapult
|-resisted|p1a: Dragapult
|-damage|p1a: Dragapult|96/100
|
|t:|1757898224
|switch|p2a: Samurott|Samurott-Hisui, M|100/100|[from] U-turn
|
|upkeep
|turn|16
|
|t:|1757898238
|move|p1a: Dragapult|U-turn|p2a: Samurott
|-supereffective|p2a: Samurott
|-damage|p2a: Samurott|48/100
|
|t:|1757898240
|switch|p1a: Alomomola|Alomomola, F|92/100|[from] U-turn
|move|p2a: Samurott|Ceaseless Edge|p1a: Alomomola
|-damage|p1a: Alomomola|54/100
|-sidestart|p1: Menace13|Spikes
|
|upkeep
|turn|17
|
|t:|1757898246
|move|p2a: Samurott|Ceaseless Edge|p1a: Alomomola
|-damage|p1a: Alomomola|15/100
|-sidestart|p1: Menace13|Spikes
|move|p1a: Alomomola|Wish|p1a: Alomomola
|
|upkeep
|turn|18
|
|t:|1757898251
|move|p1a: Alomomola|Protect|p1a: Alomomola
|-singleturn|p1a: Alomomola|Protect
|move|p2a: Samurott|Ceaseless Edge|p1a: Alomomola
|-activate|p1a: Alomomola|move: Protect
|
|-heal|p1a: Alomomola|65/100|[from] move: Wish|[wisher] Alomomola
|upkeep
|turn|19
|
|t:|1757898258
|move|p2a: Samurott|Ceaseless Edge|p1a: Alomomola
|-damage|p1a: Alomomola|26/100
|move|p1a: Alomomola|Flip Turn|p2a: Samurott
|-resisted|p2a: Samurott
|-damage|p2a: Samurott|37/100
|
|t:|1757898275
|switch|p1a: Dragapult|Dragapult, F|96/100|[from] Flip Turn
|
|upkeep
|turn|20
|
|t:|1757898284
|switch|p2a: Corviknight|Corviknight, M|36/100 brn
|move|p1a: Dragapult|Dragon Darts|p2a: Corviknight
|-resisted|p2a: Corviknight
|-damage|p2a: Corviknight|30/100 brn
|-anim|p1a: Dragapult|Dragon Darts|p2a: Corviknight
|-resisted|p2a: Corviknight
|-damage|p2a: Corviknight|24/100 brn
|
|-damage|p2a: Corviknight|18/100 brn|[from] brn
|upkeep
|turn|21
|
|t:|1757898293
|move|p1a: Dragapult|Hex|p2a: Corviknight
|-damage|p2a: Corviknight|0 fnt
|faint|p2a: Corviknight
|
|upkeep
|
|t:|1757898365
|switch|p2a: Samurott|Samurott-Hisui, M|37/100
|turn|22
|
|t:|1757898384
|switch|p1a: Zapdos|Zapdos|51/100
|switch|p2a: Arcanine|Arcanine, M|47/100 par
|
|upkeep
|turn|23
|
|t:|1757898393
|move|p1a: Zapdos|Roost|p1a: Zapdos
|-heal|p1a: Zapdos|100/100
|-singleturn|p1a: Zapdos|move: Roost
|move|p2a: Arcanine|Wild Charge|p1a: Zapdos
|-resisted|p1a: Zapdos
|-damage|p1a: Zapdos|83/100
|-damage|p2a: Arcanine|42/100 par|[from] Recoil
|
|upkeep
|turn|24
|
|t:|1757898403
|switch|p2a: Jolteon|Jolteon, M|100/100
|move|p1a: Zapdos|Hurricane|p2a: Jolteon
|-resisted|p2a: Jolteon
|-damage|p2a: Jolteon|68/100
|
|upkeep
|turn|25
|
|t:|1757898410
|move|p2a: Jolteon|Thunderbolt|p1a: Zapdos
|-damage|p1a: Zapdos|27/100
|move|p1a: Zapdos|Hurricane|p2a: Jolteon|[miss]
|-miss|p1a: Zapdos|p2a: Jolteon
|
|upkeep
|turn|26
|
|t:|1757898415
|move|p2a: Jolteon|Thunderbolt|p1a: Zapdos
|-damage|p1a: Zapdos|0 fnt
|faint|p1a: Zapdos
|
|upkeep
|
|t:|1757898419
|switch|p1a: Slowking|Slowking-Galar, F|100/100
|turn|27
|
|t:|1757898423
|switch|p2a: Arcanine|Arcanine, M|42/100 par
|move|p1a: Slowking|Sludge Bomb|p2a: Arcanine
|-damage|p2a: Arcanine|0 fnt
|faint|p2a: Arcanine
|
|upkeep
|
|t:|1757898432
|switch|p2a: Scizor|Scizor, M|100/100
|turn|28
|
|t:|1757898459
|move|p2a: Scizor|Knock Off|p1a: Slowking
|-supereffective|p1a: Slowking
|-damage|p1a: Slowking|0 fnt
|-enditem|p1a: Slowking|Heavy-Duty Boots|[from] move: Knock Off|[of] p2a: Scizor
|faint|p1a: Slowking
|
|upkeep
|
|t:|1757898466
|switch|p1a: Slither Wing|Slither Wing|84/100
|turn|29
|
|t:|1757898491
|switch|p2a: Samurott|Samurott-Hisui, M|37/100
|move|p1a: Slither Wing|Flare Blitz|p2a: Samurott
|-resisted|p2a: Samurott
|-damage|p2a: Samurott|8/100
|-damage|p1a: Slither Wing|76/100|[from] Recoil
|
|upkeep
|turn|30
|
|t:|1757898520
|-end|p1a: Slither Wing|Protosynthesis|[silent]
|switch|p1a: Alomomola|Alomomola, F|59/100
|move|p2a: Samurott|Flip Turn|p1a: Alomomola
|-resisted|p1a: Alomomola
|-crit|p1a: Alomomola
|-damage|p1a: Alomomola|42/100
|
|t:|1757898529
|switch|p2a: Jolteon|Jolteon, M|68/100|[from] Flip Turn
|
|upkeep
|turn|31
|
|t:|1757898540
|move|p1a: Alomomola|Protect|p1a: Alomomola
|-singleturn|p1a: Alomomola|Protect
|move|p2a: Jolteon|Thunderbolt|p1a: Alomomola
|-activate|p1a: Alomomola|move: Protect
|
|upkeep
|turn|32
|
|t:|1757898550
|move|p2a: Jolteon|Thunderbolt|p1a: Alomomola
|-supereffective|p1a: Alomomola
|-damage|p1a: Alomomola|0 fnt
|faint|p1a: Alomomola
|
|upkeep
|
|t:|1757898553
|switch|p1a: Dragapult|Dragapult, F|96/100
|turn|33
|
|t:|1757898588
|switch|p2a: Scizor|Scizor, M|100/100
|move|p1a: Dragapult|Dragon Darts|p2a: Scizor
|-resisted|p2a: Scizor
|-damage|p2a: Scizor|90/100
|-anim|p1a: Dragapult|Dragon Darts|p2a: Scizor
|-resisted|p2a: Scizor
|-damage|p2a: Scizor|79/100
|
|upkeep
|turn|34
|
|t:|1757898600
|move|p2a: Scizor|Bullet Punch|p1a: Dragapult
|-damage|p1a: Dragapult|26/100
|move|p1a: Dragapult|Will-O-Wisp|p2a: Scizor|[miss]
|-miss|p1a: Dragapult|p2a: Scizor
|
|upkeep
|turn|35
|
|t:|1757898616
|move|p2a: Scizor|Bullet Punch|p1a: Dragapult
|-damage|p1a: Dragapult|0 fnt
|faint|p1a: Dragapult
|
|upkeep
|
|t:|1757898617
|switch|p1a: Slither Wing|Slither Wing|76/100
|turn|36
|
|t:|1757898624
|move|p2a: Scizor|Bullet Punch|p1a: Slither Wing
|-damage|p1a: Slither Wing|16/100
|move|p1a: Slither Wing|Flare Blitz|p2a: Scizor
|-supereffective|p2a: Scizor
|-damage|p2a: Scizor|0 fnt
|faint|p2a: Scizor
|-damage|p1a: Slither Wing|0 fnt|[from] Recoil
|faint|p1a: Slither Wing
|-end|p1a: Slither Wing|Protosynthesis|[silent]
|
|win|syk1307
|raw|Menace13's rating: 1460 &rarr; <strong>1440</strong><br />(-20 for losing)
|raw|syk1307's rating: 1453 &rarr; <strong>1473</strong><br />(+20 for winning)
|l|☆Menace13
|player|p1|
|l|☆syk1307
|player|p2|
