|j|☆XP105
|j|☆Alrys1
|t:|1757811177
|gametype|singles
|player|p1|XP105|red|
|player|p2|Alrys1|101|
|gen|9
|tier|[Gen 9] OU
|rule|HP Percentage Mod: HP is shown in percentages
|rule|Endless Battle Clause: Forcing endless battles is banned
|rule|Species Clause: Limit one of each Pokémon
|rule|OHKO Clause: OHKO moves are banned
|rule|Evasion Items Clause: Evasion items are banned
|rule|Evasion Moves Clause: Evasion moves are banned
|rule|Evasion Abilities Clause: Evasion abilities are banned
|rule|Sleep Moves Clause: Sleep-inducing moves are banned
|clearpoke
|poke|p1|Zamazenta-*|
|poke|p1|Gholdengo|
|poke|p1|Rotom-Wash|
|poke|p1|Volcanion|
|poke|p1|Excadrill, M|
|poke|p1|Flamigo, F|
|poke|p2|Cinderace, M|
|poke|p2|Iron Jugulis|
|poke|p2|Metagross|
|poke|p2|Scream Tail|
|poke|p2|Mienshao, F|
|poke|p2|Landorus-Therian, M|
|teampreview
|j| Breezy64
|
|t:|1757811229
|teamsize|p1|6
|teamsize|p2|6
|start
|switch|p1a: OU Zamazenta|Zamazenta|100/100
|switch|p2a: Cinderace|Cinderace, M|100/100
|-ability|p1a: OU Zamazenta|Dauntless Shield|boost
|-boost|p1a: OU Zamazenta|def|1
|turn|1
|
|t:|1757811240
|move|p1a: OU Zamazenta|Iron Defense|p1a: OU Zamazenta
|-boost|p1a: OU Zamazenta|def|2
|move|p2a: Cinderace|U-turn|p1a: OU Zamazenta
|-start|p2a: Cinderace|typechange|Bug|[from] ability: Libero
|-resisted|p1a: OU Zamazenta
|-damage|p1a: OU Zamazenta|96/100
|
|t:|1757811246
|switch|p2a: Scream Tail|Scream Tail|100/100|[from] U-turn
|
|upkeep
|turn|2
|
|t:|1757811280
|switch|p1a: OU Gholdengo|Gholdengo, shiny|100/100
|move|p2a: Scream Tail|Psychic Noise|p1a: OU Gholdengo
|-resisted|p1a: OU Gholdengo
|-crit|p1a: OU Gholdengo
|-damage|p1a: OU Gholdengo|83/100
|-start|p1a: OU Gholdengo|move: Heal Block
|
|upkeep
|turn|3
|
|t:|1757811298
|-end|p2a: Scream Tail|Protosynthesis|[silent]
|switch|p2a: Mienshao|Mienshao, F|100/100
|move|p1a: OU Gholdengo|Make It Rain|p2a: Mienshao
|-damage|p2a: Mienshao|0 fnt
|-unboost|p1a: OU Gholdengo|spa|1
|faint|p2a: Mienshao
|
|-end|p1a: OU Gholdengo|move: Heal Block
|upkeep
|
|t:|1757811441
|switch|p2a: Landorus|Landorus-Therian, M|100/100
|-ability|p2a: Landorus|Intimidate|boost
|-unboost|p1a: OU Gholdengo|atk|1
|turn|4
|
|t:|1757811547
|move|p2a: Landorus|Earthquake|p1a: OU Gholdengo
|-supereffective|p1a: OU Gholdengo
|-damage|p1a: OU Gholdengo|0 fnt
|faint|p1a: OU Gholdengo
|
|upkeep
|
|t:|1757811592
|switch|p1a: RU Volcanion|Volcanion|100/100
|turn|5
|
|t:|1757811607
|move|p2a: Landorus|Earthquake|p1a: RU Volcanion
|-supereffective|p1a: RU Volcanion
|-damage|p1a: RU Volcanion|0 fnt
|faint|p1a: RU Volcanion
|
|upkeep
|
|t:|1757811615
|switch|p1a: UU Rotom-Wash|Rotom-Wash|100/100
|turn|6
|
|t:|1757811812
|switch|p2a: Scream Tail|Scream Tail|100/100
|move|p1a: UU Rotom-Wash|Hydro Pump|p2a: Scream Tail
|-damage|p2a: Scream Tail|72/100
|
|-heal|p2a: Scream Tail|78/100|[from] item: Leftovers
|upkeep
|turn|7
|
|t:|1757811878
|switch|p1a: NU Flamigo|Flamigo, F, shiny|100/100
|move|p2a: Scream Tail|Wish|p2a: Scream Tail
|
|-heal|p2a: Scream Tail|85/100|[from] item: Leftovers
|upkeep
|turn|8
|
|t:|1757811943
|move|p2a: Scream Tail|Psychic Noise|p1a: NU Flamigo
|-supereffective|p1a: NU Flamigo
|-damage|p1a: NU Flamigo|40/100
|-start|p1a: NU Flamigo|move: Heal Block
|move|p1a: NU Flamigo|Brave Bird|p2a: Scream Tail
|-damage|p2a: Scream Tail|13/100
|-damage|p1a: NU Flamigo|6/100|[from] Recoil
|
|-heal|p2a: Scream Tail|63/100|[from] move: Wish|[wisher] Scream Tail
|-heal|p2a: Scream Tail|69/100|[from] item: Leftovers
|upkeep
|turn|9
|
|t:|1757811971
|move|p2a: Scream Tail|Grass Knot|p1a: NU Flamigo
|-resisted|p1a: NU Flamigo
|-damage|p1a: NU Flamigo|0 fnt
|faint|p1a: NU Flamigo
|
|-heal|p2a: Scream Tail|76/100|[from] item: Leftovers
|upkeep
|
|t:|1757811979
|switch|p1a: UU Excadrill|Excadrill, M|100/100
|-item|p1a: UU Excadrill|Air Balloon
|turn|10
|
|t:|1757812096
|-end|p2a: Scream Tail|Protosynthesis|[silent]
|switch|p2a: Metagross|Metagross|100/100
|move|p1a: UU Excadrill|Earthquake|p2a: Metagross
|-supereffective|p2a: Metagross
|-damage|p2a: Metagross|7/100
|
|upkeep
|turn|11
|
|t:|1757812139
|move|p2a: Metagross|Bullet Punch|p1a: UU Excadrill
|-resisted|p1a: UU Excadrill
|-damage|p1a: UU Excadrill|84/100
|-enditem|p1a: UU Excadrill|Air Balloon
|move|p1a: UU Excadrill|Earthquake|p2a: Metagross
|-supereffective|p2a: Metagross
|-damage|p2a: Metagross|0 fnt
|faint|p2a: Metagross
|
|upkeep
|
|t:|1757812148
|switch|p2a: Landorus|Landorus-Therian, M|100/100
|-ability|p2a: Landorus|Intimidate|boost
|-unboost|p1a: UU Excadrill|atk|1
|turn|12
|
|t:|1757812175
|switch|p1a: UU Rotom-Wash|Rotom-Wash|100/100
|move|p2a: Landorus|Earthquake|p1a: UU Rotom-Wash
|-immune|p1a: UU Rotom-Wash|[from] ability: Levitate
|
|upkeep
|turn|13
|
|t:|1757812185
|switch|p2a: Scream Tail|Scream Tail|76/100
|move|p1a: UU Rotom-Wash|Thunder Wave|p2a: Scream Tail
|-status|p2a: Scream Tail|par
|
|-heal|p2a: Scream Tail|82/100 par|[from] item: Leftovers
|upkeep
|turn|14
|
|t:|1757812196
|move|p1a: UU Rotom-Wash|Hydro Pump|p2a: Scream Tail
|-damage|p2a: Scream Tail|54/100 par
|cant|p2a: Scream Tail|par
|
|-heal|p2a: Scream Tail|60/100 par|[from] item: Leftovers
|upkeep
|turn|15
|
|t:|1757812216
|move|p1a: UU Rotom-Wash|Hydro Pump|p2a: Scream Tail
|-damage|p2a: Scream Tail|31/100 par
|move|p2a: Scream Tail|Wish|p2a: Scream Tail
|
|-heal|p2a: Scream Tail|37/100 par|[from] item: Leftovers
|upkeep
|turn|16
|
|t:|1757812230
|move|p1a: UU Rotom-Wash|Hydro Pump|p2a: Scream Tail
|-damage|p2a: Scream Tail|10/100 par
|move|p2a: Scream Tail|Grass Knot|p1a: UU Rotom-Wash
|-supereffective|p1a: UU Rotom-Wash
|-damage|p1a: UU Rotom-Wash|95/100
|
|-heal|p2a: Scream Tail|60/100 par|[from] move: Wish|[wisher] Scream Tail
|-heal|p1a: UU Rotom-Wash|100/100|[from] item: Leftovers
|-heal|p2a: Scream Tail|66/100 par|[from] item: Leftovers
|upkeep
|turn|17
|
|t:|1757812245
|move|p1a: UU Rotom-Wash|Hydro Pump|p2a: Scream Tail
|-damage|p2a: Scream Tail|38/100 par
|move|p2a: Scream Tail|Wish|p2a: Scream Tail
|
|-heal|p2a: Scream Tail|45/100 par|[from] item: Leftovers
|upkeep
|turn|18
|
|t:|1757812251
|move|p1a: UU Rotom-Wash|Hydro Pump|p2a: Scream Tail
|-damage|p2a: Scream Tail|19/100 par
|move|p2a: Scream Tail|Psychic Noise|p1a: UU Rotom-Wash
|-damage|p1a: UU Rotom-Wash|85/100
|-start|p1a: UU Rotom-Wash|move: Heal Block
|
|-heal|p2a: Scream Tail|69/100 par|[from] move: Wish|[wisher] Scream Tail
|-heal|p2a: Scream Tail|76/100 par|[from] item: Leftovers
|upkeep
|turn|19
|
|t:|1757812292
|move|p1a: UU Rotom-Wash|Volt Switch|p2a: Scream Tail
|-damage|p2a: Scream Tail|59/100 par
|
|t:|1757812295
|switch|p1a: UU Excadrill|Excadrill, M|84/100|[from] Volt Switch
|move|p2a: Scream Tail|Wish|p2a: Scream Tail
|
|-heal|p2a: Scream Tail|65/100 par|[from] item: Leftovers
|upkeep
|turn|20
|
|t:|1757812317
|-end|p2a: Scream Tail|Protosynthesis|[silent]
|switch|p2a: Landorus|Landorus-Therian, M|100/100
|-ability|p2a: Landorus|Intimidate|boost
|-unboost|p1a: UU Excadrill|atk|1
|move|p1a: UU Excadrill|Swords Dance|p1a: UU Excadrill
|-boost|p1a: UU Excadrill|atk|2
|
|upkeep
|turn|21
|
|t:|1757812333
|switch|p1a: UU Rotom-Wash|Rotom-Wash|85/100
|move|p2a: Landorus|Earthquake|p1a: UU Rotom-Wash
|-immune|p1a: UU Rotom-Wash|[from] ability: Levitate
|
|-heal|p1a: UU Rotom-Wash|92/100|[from] item: Leftovers
|upkeep
|turn|22
|
|t:|1757812344
|switch|p2a: Scream Tail|Scream Tail|65/100 par
|move|p1a: UU Rotom-Wash|Volt Switch|p2a: Scream Tail
|-damage|p2a: Scream Tail|46/100 par
|
|t:|1757812349
|switch|p1a: UU Excadrill|Excadrill, M|84/100|[from] Volt Switch
|
|-heal|p2a: Scream Tail|53/100 par|[from] item: Leftovers
|upkeep
|turn|23
|
|t:|1757812364
|-end|p2a: Scream Tail|Protosynthesis|[silent]
|switch|p2a: Landorus|Landorus-Therian, M|100/100
|-ability|p2a: Landorus|Intimidate|boost
|-unboost|p1a: UU Excadrill|atk|1
|move|p1a: UU Excadrill|Swords Dance|p1a: UU Excadrill
|-boost|p1a: UU Excadrill|atk|2
|
|upkeep
|turn|24
|
|t:|1757812398
|switch|p1a: UU Rotom-Wash|Rotom-Wash|92/100
|move|p2a: Landorus|Earthquake|p1a: UU Rotom-Wash
|-immune|p1a: UU Rotom-Wash|[from] ability: Levitate
|
|-heal|p1a: UU Rotom-Wash|98/100|[from] item: Leftovers
|upkeep
|turn|25
|
|t:|1757812405
|switch|p2a: Scream Tail|Scream Tail|53/100 par
|move|p1a: UU Rotom-Wash|Volt Switch|p2a: Scream Tail
|-damage|p2a: Scream Tail|34/100 par
|
|t:|1757812427
|switch|p1a: OU Zamazenta|Zamazenta|96/100|[from] Volt Switch
|
|-heal|p2a: Scream Tail|40/100 par|[from] item: Leftovers
|upkeep
|turn|26
|
|t:|1757812448
|move|p1a: OU Zamazenta|Body Press|p2a: Scream Tail
|-resisted|p2a: Scream Tail
|-damage|p2a: Scream Tail|34/100 par
|move|p2a: Scream Tail|Wish|p2a: Scream Tail
|
|-heal|p2a: Scream Tail|40/100 par|[from] item: Leftovers
|upkeep
|turn|27
|
|t:|1757812459
|switch|p1a: UU Excadrill|Excadrill, M|84/100
|move|p2a: Scream Tail|Stealth Rock|p1a: UU Excadrill
|-sidestart|p1: XP105|move: Stealth Rock
|
|-heal|p2a: Scream Tail|90/100 par|[from] move: Wish|[wisher] Scream Tail
|-heal|p2a: Scream Tail|96/100 par|[from] item: Leftovers
|upkeep
|turn|28
|
|t:|1757812472
|-end|p2a: Scream Tail|Protosynthesis|[silent]
|switch|p2a: Landorus|Landorus-Therian, M|100/100
|-ability|p2a: Landorus|Intimidate|boost
|-unboost|p1a: UU Excadrill|atk|1
|move|p1a: UU Excadrill|Rapid Spin|p2a: Landorus
|-damage|p2a: Landorus|85/100
|-boost|p1a: UU Excadrill|spe|1
|-sideend|p1: XP105|Stealth Rock|[from] move: Rapid Spin|[of] p1a: UU Excadrill
|
|upkeep
|turn|29
|
|t:|1757812492
|switch|p1a: UU Rotom-Wash|Rotom-Wash|98/100
|move|p2a: Landorus|U-turn|p1a: UU Rotom-Wash
|-damage|p1a: UU Rotom-Wash|69/100
|
|t:|1757812498
|switch|p2a: Scream Tail|Scream Tail|96/100 par|[from] U-turn
|
|-heal|p1a: UU Rotom-Wash|75/100|[from] item: Leftovers
|-heal|p2a: Scream Tail|100/100 par|[from] item: Leftovers
|upkeep
|turn|30
|
|t:|1757812525
|move|p1a: UU Rotom-Wash|Volt Switch|p2a: Scream Tail
|-damage|p2a: Scream Tail|83/100 par
|
|t:|1757812529
|switch|p1a: UU Excadrill|Excadrill, M|84/100|[from] Volt Switch
|cant|p2a: Scream Tail|par
|
|-heal|p2a: Scream Tail|89/100 par|[from] item: Leftovers
|upkeep
|turn|31
|j| Not Thornyferro
|
|t:|1757812546
|-end|p2a: Scream Tail|Protosynthesis|[silent]
|switch|p2a: Landorus|Landorus-Therian, M|85/100
|-ability|p2a: Landorus|Intimidate|boost
|-unboost|p1a: UU Excadrill|atk|1
|move|p1a: UU Excadrill|Rock Slide|p2a: Landorus|[miss]
|-miss|p1a: UU Excadrill|p2a: Landorus
|
|upkeep
|turn|32
|
|t:|1757812557
|switch|p1a: UU Rotom-Wash|Rotom-Wash|75/100
|move|p2a: Landorus|Earthquake|p1a: UU Rotom-Wash
|-immune|p1a: UU Rotom-Wash|[from] ability: Levitate
|
|-heal|p1a: UU Rotom-Wash|82/100|[from] item: Leftovers
|upkeep
|turn|33
|
|t:|1757812571
|switch|p2a: Scream Tail|Scream Tail|89/100 par
|move|p1a: UU Rotom-Wash|Volt Switch|p2a: Scream Tail
|-damage|p2a: Scream Tail|71/100 par
|
|t:|1757812577
|switch|p1a: UU Excadrill|Excadrill, M|84/100|[from] Volt Switch
|
|-heal|p2a: Scream Tail|77/100 par|[from] item: Leftovers
|upkeep
|turn|34
|
|t:|1757812592
|-end|p2a: Scream Tail|Protosynthesis|[silent]
|switch|p2a: Landorus|Landorus-Therian, M|85/100
|-ability|p2a: Landorus|Intimidate|boost
|-unboost|p1a: UU Excadrill|atk|1
|move|p1a: UU Excadrill|Rock Slide|p2a: Landorus
|-damage|p2a: Landorus|63/100
|
|upkeep
|turn|35
|j| Not Thornyferro
|
|t:|1757812620
|move|p2a: Landorus|Stone Edge|p1a: UU Excadrill
|-resisted|p1a: UU Excadrill
|-damage|p1a: UU Excadrill|70/100
|move|p1a: UU Excadrill|Rock Slide|p2a: Landorus
|-damage|p2a: Landorus|39/100
|
|upkeep
|turn|36
|
|t:|1757812638
|switch|p2a: Cinderace|Cinderace, M|100/100
|move|p1a: UU Excadrill|Rock Slide|p2a: Cinderace|[miss]
|-miss|p1a: UU Excadrill|p2a: Cinderace
|
|upkeep
|turn|37
|
|t:|1757812659
|switch|p1a: OU Zamazenta|Zamazenta|96/100
|move|p2a: Cinderace|Will-O-Wisp|p1a: OU Zamazenta
|-status|p1a: OU Zamazenta|brn
|
|-damage|p1a: OU Zamazenta|89/100 brn|[from] brn
|upkeep
|turn|38
|
|t:|1757812673
|move|p1a: OU Zamazenta|Iron Defense|p1a: OU Zamazenta
|-boost|p1a: OU Zamazenta|def|2
|move|p2a: Cinderace|U-turn|p1a: OU Zamazenta
|-start|p2a: Cinderace|typechange|Bug|[from] ability: Libero
|-resisted|p1a: OU Zamazenta
|-damage|p1a: OU Zamazenta|84/100 brn
|
|t:|1757812678
|switch|p2a: Scream Tail|Scream Tail|77/100 par|[from] U-turn
|
|-heal|p2a: Scream Tail|83/100 par|[from] item: Leftovers
|-damage|p1a: OU Zamazenta|78/100 brn|[from] brn
|upkeep
|turn|39
|
|t:|1757812697
|-terastallize|p1a: OU Zamazenta|Dark
|move|p1a: OU Zamazenta|Crunch|p2a: Scream Tail
|-damage|p2a: Scream Tail|71/100 par
|-unboost|p2a: Scream Tail|def|1
|cant|p2a: Scream Tail|par
|
|-heal|p2a: Scream Tail|77/100 par|[from] item: Leftovers
|-damage|p1a: OU Zamazenta|72/100 brn|[from] brn
|upkeep
|turn|40
|
|t:|1757812707
|move|p1a: OU Zamazenta|Crunch|p2a: Scream Tail
|-damage|p2a: Scream Tail|57/100 par
|cant|p2a: Scream Tail|par
|
|-heal|p2a: Scream Tail|63/100 par|[from] item: Leftovers
|-damage|p1a: OU Zamazenta|65/100 brn|[from] brn
|upkeep
|turn|41
|
|t:|1757812714
|move|p1a: OU Zamazenta|Crunch|p2a: Scream Tail
|-damage|p2a: Scream Tail|45/100 par
|move|p2a: Scream Tail|Wish|p2a: Scream Tail
|
|-heal|p2a: Scream Tail|52/100 par|[from] item: Leftovers
|-damage|p1a: OU Zamazenta|59/100 brn|[from] brn
|upkeep
|turn|42
|
|t:|1757812727
|move|p1a: OU Zamazenta|Crunch|p2a: Scream Tail
|-damage|p2a: Scream Tail|32/100 par
|cant|p2a: Scream Tail|par
|
|-heal|p2a: Scream Tail|82/100 par|[from] move: Wish|[wisher] Scream Tail
|-heal|p2a: Scream Tail|88/100 par|[from] item: Leftovers
|-damage|p1a: OU Zamazenta|53/100 brn|[from] brn
|upkeep
|turn|43
|
|t:|1757812743
|move|p1a: OU Zamazenta|Crunch|p2a: Scream Tail
|-damage|p2a: Scream Tail|69/100 par
|move|p2a: Scream Tail|Wish|p2a: Scream Tail
|
|-heal|p2a: Scream Tail|75/100 par|[from] item: Leftovers
|-damage|p1a: OU Zamazenta|47/100 brn|[from] brn
|upkeep
|turn|44
|
|t:|1757812751
|move|p1a: OU Zamazenta|Iron Defense|p1a: OU Zamazenta
|-boost|p1a: OU Zamazenta|def|2
|move|p2a: Scream Tail|Stealth Rock|p1a: OU Zamazenta
|-sidestart|p1: XP105|move: Stealth Rock
|
|-heal|p2a: Scream Tail|100/100 par|[from] move: Wish|[wisher] Scream Tail
|-damage|p1a: OU Zamazenta|41/100 brn|[from] brn
|upkeep
|turn|45
|
|t:|1757812768
|move|p1a: OU Zamazenta|Rest|p1a: OU Zamazenta
|-status|p1a: OU Zamazenta|slp|[from] move: Rest
|-heal|p1a: OU Zamazenta|100/100 slp|[silent]
|-enditem|p1a: OU Zamazenta|Chesto Berry|[eat]
|-curestatus|p1a: OU Zamazenta|slp|[msg]
|move|p2a: Scream Tail|Wish|p2a: Scream Tail
|
|upkeep
|turn|46
|
|t:|1757812834
|-end|p2a: Scream Tail|Protosynthesis|[silent]
|switch|p2a: Iron Jugulis|Iron Jugulis|100/100
|-enditem|p2a: Iron Jugulis|Booster Energy
|-activate|p2a: Iron Jugulis|ability: Quark Drive|[fromitem]
|-start|p2a: Iron Jugulis|quarkdrivespe
|move|p1a: OU Zamazenta|Iron Defense|p1a: OU Zamazenta
|-boost|p1a: OU Zamazenta|def|2
|
|upkeep
|turn|47
|
|t:|1757812868
|move|p2a: Iron Jugulis|Earth Power|p1a: OU Zamazenta
|-damage|p1a: OU Zamazenta|75/100
|move|p1a: OU Zamazenta|Body Press|p2a: Iron Jugulis
|-damage|p2a: Iron Jugulis|0 fnt
|faint|p2a: Iron Jugulis
|-end|p2a: Iron Jugulis|Quark Drive|[silent]
|
|upkeep
|
|t:|1757812875
|switch|p2a: Scream Tail|Scream Tail|100/100 par
|turn|48
|
|t:|1757812882
|move|p1a: OU Zamazenta|Crunch|p2a: Scream Tail
|-damage|p2a: Scream Tail|76/100 par
|move|p2a: Scream Tail|Wish|p2a: Scream Tail
|
|-heal|p2a: Scream Tail|82/100 par|[from] item: Leftovers
|upkeep
|turn|49
|
|t:|1757812888
|move|p1a: OU Zamazenta|Crunch|p2a: Scream Tail
|-damage|p2a: Scream Tail|57/100 par
|-unboost|p2a: Scream Tail|def|1
|cant|p2a: Scream Tail|par
|
|-heal|p2a: Scream Tail|100/100 par|[from] move: Wish|[wisher] Scream Tail
|upkeep
|turn|50
|
|t:|1757812896
|move|p1a: OU Zamazenta|Body Press|p2a: Scream Tail
|-resisted|p2a: Scream Tail
|-damage|p2a: Scream Tail|59/100 par
|move|p2a: Scream Tail|Wish|p2a: Scream Tail
|
|-heal|p2a: Scream Tail|65/100 par|[from] item: Leftovers
|upkeep
|turn|51
|
|t:|1757812922
|-end|p2a: Scream Tail|Protosynthesis|[silent]
|switch|p2a: Landorus|Landorus-Therian, M|39/100
|-ability|p2a: Landorus|Intimidate|boost
|-unboost|p1a: OU Zamazenta|atk|1
|move|p1a: OU Zamazenta|Crunch|p2a: Landorus
|-damage|p2a: Landorus|11/100
|
|-heal|p2a: Landorus|79/100|[from] move: Wish|[wisher] Scream Tail
|upkeep
|turn|52
|
|t:|1757812932
|move|p2a: Landorus|U-turn|p1a: OU Zamazenta
|-supereffective|p1a: OU Zamazenta
|-damage|p1a: OU Zamazenta|66/100
|
|t:|1757812935
|switch|p2a: Scream Tail|Scream Tail|65/100 par|[from] U-turn
|move|p1a: OU Zamazenta|Body Press|p2a: Scream Tail
|-resisted|p2a: Scream Tail
|-damage|p2a: Scream Tail|38/100 par
|
|-heal|p2a: Scream Tail|44/100 par|[from] item: Leftovers
|upkeep
|turn|53
|
|t:|1757812944
|move|p1a: OU Zamazenta|Crunch|p2a: Scream Tail
|-damage|p2a: Scream Tail|27/100 par
|move|p2a: Scream Tail|Wish|p2a: Scream Tail
|
|-heal|p2a: Scream Tail|33/100 par|[from] item: Leftovers
|upkeep
|turn|54
|
|t:|1757812972
|-end|p2a: Scream Tail|Protosynthesis|[silent]
|switch|p2a: Cinderace|Cinderace, M|100/100
|move|p1a: OU Zamazenta|Crunch|p2a: Cinderace
|-damage|p2a: Cinderace|72/100
|
|-heal|p2a: Cinderace|100/100|[from] move: Wish|[wisher] Scream Tail
|upkeep
|turn|55
|
|t:|1757812999
|move|p1a: OU Zamazenta|Body Press|p2a: Cinderace
|-damage|p2a: Cinderace|0 fnt
|faint|p2a: Cinderace
|
|upkeep
|
|t:|1757813008
|switch|p2a: Scream Tail|Scream Tail|33/100 par
|turn|56
|
|t:|1757813021
|move|p1a: OU Zamazenta|Body Press|p2a: Scream Tail
|-resisted|p2a: Scream Tail
|-damage|p2a: Scream Tail|8/100 par
|cant|p2a: Scream Tail|par
|
|-heal|p2a: Scream Tail|14/100 par|[from] item: Leftovers
|upkeep
|turn|57
|
|t:|1757813033
|move|p1a: OU Zamazenta|Body Press|p2a: Scream Tail
|-resisted|p2a: Scream Tail
|-damage|p2a: Scream Tail|0 fnt
|faint|p2a: Scream Tail
|-end|p2a: Scream Tail|Protosynthesis|[silent]
|
|upkeep
|
|t:|1757813037
|switch|p2a: Landorus|Landorus-Therian, M|79/100
|-ability|p2a: Landorus|Intimidate|boost
|-unboost|p1a: OU Zamazenta|atk|1
|turn|58
|
|t:|1757813063
|move|p2a: Landorus|Earthquake|p1a: OU Zamazenta
|-crit|p1a: OU Zamazenta
|-damage|p1a: OU Zamazenta|0 fnt
|faint|p1a: OU Zamazenta
|
|upkeep
|
|t:|1757813068
|switch|p1a: UU Rotom-Wash|Rotom-Wash|82/100
|-damage|p1a: UU Rotom-Wash|69/100|[from] Stealth Rock
|turn|59
|
|t:|1757813083
|move|p2a: Landorus|Earthquake|p1a: UU Rotom-Wash
|-immune|p1a: UU Rotom-Wash|[from] ability: Levitate
|move|p1a: UU Rotom-Wash|Hydro Pump|p2a: Landorus
|-supereffective|p2a: Landorus
|-crit|p2a: Landorus
|-damage|p2a: Landorus|0 fnt
|faint|p2a: Landorus
|
|win|XP105
