|j|☆DomCat
|j|☆dackit
|t:|1757906802
|gametype|singles
|player|p1|DomCat|lady-gen4|1326
|player|p2|dackit|169|1331
|gen|9
|tier|[Gen 9] OU
|rated|
|rule|HP Percentage Mod: HP is shown in percentages
|rule|Endless Battle Clause: Forcing endless battles is banned
|rule|Species Clause: Limit one of each Pokémon
|rule|OHKO Clause: OHKO moves are banned
|rule|Evasion Items Clause: Evasion items are banned
|rule|Evasion Moves Clause: Evasion moves are banned
|rule|Evasion Abilities Clause: Evasion abilities are banned
|rule|Sleep Moves Clause: Sleep-inducing moves are banned
|clearpoke
|poke|p1|Heatran, M|
|poke|p1|Quaquaval, M|
|poke|p1|Garganacl, M|
|poke|p1|Gliscor, F|
|poke|p1|Zapdos|
|poke|p1|Walking Wake|
|poke|p2|Zamazenta-*|
|poke|p2|Alomomola, F|
|poke|p2|Rillaboom, M|
|poke|p2|Iron Crown|
|poke|p2|Moltres|
|poke|p2|Great Tusk|
|teampreview
|inactive|Battle timer is ON: inactive players will automatically lose when time's up. (requested by DomCat)
|
|t:|1757906811
|teamsize|p1|6
|teamsize|p2|6
|start
|switch|p1a: Boiling Dragon|Walking Wake|100/100
|switch|p2a: Great Tusk|Great Tusk|100/100
|turn|1
|
|t:|1757906817
|-end|p2a: Great Tusk|Protosynthesis|[silent]
|switch|p2a: Iron Crown|Iron Crown|100/100
|move|p1a: Boiling Dragon|Draco Meteor|p2a: Iron Crown
|-resisted|p2a: Iron Crown
|-damage|p2a: Iron Crown|66/100
|-unboost|p1a: Boiling Dragon|spa|2
|
|upkeep
|turn|2
|
|t:|1757906827
|-end|p1a: Boiling Dragon|Protosynthesis|[silent]
|switch|p1a: Molten Salt|Heatran, M|100/100
|move|p2a: Iron Crown|Psychic Noise|p1a: Molten Salt
|-resisted|p1a: Molten Salt
|-damage|p1a: Molten Salt|85/100
|-start|p1a: Molten Salt|move: Heal Block
|
|upkeep
|turn|3
|
|t:|1757906836
|move|p2a: Iron Crown|Volt Switch|p1a: Molten Salt
|-damage|p1a: Molten Salt|63/100
|
|t:|1757906838
|-end|p2a: Iron Crown|Quark Drive|[silent]
|switch|p2a: Alomomola|Alomomola, F|100/100|[from] Volt Switch
|move|p1a: Molten Salt|Stealth Rock|p2a: Alomomola
|-sidestart|p2: dackit|move: Stealth Rock
|
|-end|p1a: Molten Salt|move: Heal Block
|upkeep
|turn|4
|
|t:|1757906844
|move|p1a: Molten Salt|Magma Storm|p2a: Alomomola
|-resisted|p2a: Alomomola
|-damage|p2a: Alomomola|66/100
|-activate|p2a: Alomomola|move: Magma Storm|[of] p1a: Molten Salt
|move|p2a: Alomomola|Flip Turn|p1a: Molten Salt
|-supereffective|p1a: Molten Salt
|-damage|p1a: Molten Salt|35/100
|
|t:|1757906852
|switch|p2a: Great Tusk|Great Tusk|100/100|[from] Flip Turn
|
|-heal|p1a: Molten Salt|41/100|[from] item: Leftovers
|upkeep
|turn|5
|
|t:|1757906861
|move|p2a: Great Tusk|Headlong Rush|p1a: Molten Salt
|-supereffective|p1a: Molten Salt
|-damage|p1a: Molten Salt|0 fnt
|-unboost|p2a: Great Tusk|def|1
|-unboost|p2a: Great Tusk|spd|1
|faint|p1a: Molten Salt
|
|upkeep
|
|t:|1757906867
|switch|p1a: Joker 2019|Quaquaval, M|100/100
|turn|6
|
|t:|1757906872
|-end|p2a: Great Tusk|Protosynthesis|[silent]
|switch|p2a: Rillaboom|Rillaboom, M|100/100
|-damage|p2a: Rillaboom|88/100|[from] Stealth Rock
|-fieldstart|move: Grassy Terrain|[from] ability: Grassy Surge|[of] p2a: Rillaboom
|move|p1a: Joker 2019|Bulk Up|p1a: Joker 2019
|-boost|p1a: Joker 2019|atk|1
|-boost|p1a: Joker 2019|def|1
|
|-heal|p2a: Rillaboom|94/100|[from] Grassy Terrain
|upkeep
|turn|7
|
|t:|1757906881
|move|p1a: Joker 2019|Triple Axel|p2a: Rillaboom
|-supereffective|p2a: Rillaboom
|-damage|p2a: Rillaboom|71/100
|-supereffective|p2a: Rillaboom
|-damage|p2a: Rillaboom|30/100
|-supereffective|p2a: Rillaboom
|-damage|p2a: Rillaboom|0 fnt
|faint|p2a: Rillaboom
|-ability|p1a: Joker 2019|Moxie|boost
|-boost|p1a: Joker 2019|atk|1
|-hitcount|p2: Rillaboom|3
|
|upkeep
|
|t:|1757906885
|switch|p2a: Iron Crown|Iron Crown|66/100
|-damage|p2a: Iron Crown|60/100|[from] Stealth Rock
|turn|8
|
|t:|1757906894
|-terastallize|p2a: Iron Crown|Fairy
|-terastallize|p1a: Joker 2019|Water
|move|p2a: Iron Crown|Tera Blast|p1a: Joker 2019|[anim] Tera Blast Fairy
|-damage|p1a: Joker 2019|41/100
|move|p1a: Joker 2019|Aqua Step|p2a: Iron Crown
|-crit|p2a: Iron Crown
|-damage|p2a: Iron Crown|0 fnt
|-boost|p1a: Joker 2019|spe|1
|faint|p2a: Iron Crown
|-end|p2a: Iron Crown|Quark Drive|[silent]
|-ability|p1a: Joker 2019|Moxie|boost
|-boost|p1a: Joker 2019|atk|1
|
|-heal|p1a: Joker 2019|47/100|[from] Grassy Terrain
|-heal|p1a: Joker 2019|54/100|[from] item: Leftovers
|upkeep
|-message|dackit forfeited.
|
|win|DomCat
|raw|DomCat's rating: 1326 &rarr; <strong>1346</strong><br />(+20 for winning)
|raw|dackit's rating: 1331 &rarr; <strong>1311</strong><br />(-20 for losing)
|l|☆dackit
|player|p2|
