|j|☆Gurden
|j|☆ladderingdawg
|t:|1757786960
|gametype|singles
|player|p1|Gurden|170|1120
|player|p2|ladderingdawg|102|1136
|gen|9
|tier|[Gen 9] OU
|rated|
|rule|HP Percentage Mod: HP is shown in percentages
|rule|Endless Battle Clause: Forcing endless battles is banned
|rule|Species Clause: Limit one of each Pokémon
|rule|OHKO Clause: OHKO moves are banned
|rule|Evasion Items Clause: Evasion items are banned
|rule|Evasion Moves Clause: Evasion moves are banned
|rule|Evasion Abilities Clause: Evasion abilities are banned
|rule|Sleep Moves Clause: Sleep-inducing moves are banned
|clearpoke
|poke|p1|Primeape, M|
|poke|p1|Kingdra, F|
|poke|p1|Scream Tail|
|poke|p1|Samurott-Hisui, M|
|poke|p1|Arcanine-Hisui, F|
|poke|p1|Bastiodon, M|
|poke|p2|Slowking-Galar, F|
|poke|p2|Zamazenta-*|
|poke|p2|Landorus-Therian, M|
|poke|p2|Kingambit, F|
|poke|p2|Dragapult, F|
|poke|p2|Ogerpon-Wellspring, F|
|teampreview
|
|t:|1757786974
|teamsize|p1|6
|teamsize|p2|6
|start
|switch|p1a: Bastiodon|Bastiodon, M|100/100
|switch|p2a: LaSteit|Landorus-Therian, M|100/100
|-ability|p2a: LaSteit|Intimidate|boost
|-unboost|p1a: Bastiodon|atk|1
|turn|1
|
|t:|1757786984
|move|p2a: LaSteit|Taunt|p1a: Bastiodon
|-start|p1a: Bastiodon|move: Taunt
|move|p1a: Bastiodon|Metal Burst||[still]
|-fail|p1a: Bastiodon
|
|upkeep
|turn|2
|
|t:|1757786995
|move|p2a: LaSteit|Stealth Rock|p1a: Bastiodon
|-sidestart|p1: Gurden|move: Stealth Rock
|move|p1a: Bastiodon|Metal Burst||[still]
|-fail|p1a: Bastiodon
|
|upkeep
|turn|3
|
|t:|1757787003
|move|p2a: LaSteit|Earth Power|p1a: Bastiodon
|-supereffective|p1a: Bastiodon
|-ability|p1a: Bastiodon|Sturdy
|-damage|p1a: Bastiodon|1/100
|move|p1a: Bastiodon|Metal Burst|p2a: LaSteit
|-damage|p2a: LaSteit|0 fnt
|faint|p2a: LaSteit
|
|-end|p1a: Bastiodon|move: Taunt
|upkeep
|
|t:|1757787017
|switch|p2a: Tism plane|Dragapult, F|100/100
|turn|4
|-enditem|p1a: Bastiodon|Custap Berry|[eat]
|-activate|p1a: Bastiodon|item: Custap Berry|[consumed]
|
|t:|1757787023
|move|p1a: Bastiodon|Metal Burst||[still]
|-fail|p1a: Bastiodon
|move|p2a: Tism plane|U-turn|p1a: Bastiodon
|-resisted|p1a: Bastiodon
|-damage|p1a: Bastiodon|0 fnt
|faint|p1a: Bastiodon
|
|t:|1757787043
|switch|p2a: Silly sam|Slowking-Galar, F|100/100|[from] U-turn
|
|upkeep
|
|t:|1757787061
|switch|p1a: Samurott|Samurott-Hisui, M|100/100
|-damage|p1a: Samurott|88/100|[from] Stealth Rock
|turn|5
|
|t:|1757787094
|switch|p2a: Pika boo|Ogerpon-Wellspring, F|100/100
|move|p1a: Samurott|Sacred Sword|p2a: Pika boo
|-damage|p2a: Pika boo|49/100
|
|upkeep
|turn|6
|
|t:|1757787102
|move|p1a: Samurott|Sacred Sword|p2a: Pika boo
|-damage|p2a: Pika boo|0 fnt
|faint|p2a: Pika boo
|
|upkeep
|
|t:|1757787132
|switch|p2a: Tism plane|Dragapult, F|100/100
|turn|7
|
|t:|1757787141
|switch|p1a: Arcanine|Arcanine-Hisui, F|100/100
|-damage|p1a: Arcanine|76/100|[from] Stealth Rock
|move|p2a: Tism plane|Will-O-Wisp|p1a: Arcanine
|-immune|p1a: Arcanine
|
|upkeep
|turn|8
|
|t:|1757787173
|move|p2a: Tism plane|U-turn|p1a: Arcanine
|-resisted|p1a: Arcanine
|-damage|p1a: Arcanine|63/100
|
|t:|1757787187
|switch|p2a: Silly sam|Slowking-Galar, F|100/100|[from] U-turn
|move|p1a: Arcanine|Head Smash|p2a: Silly sam
|-damage|p2a: Silly sam|20/100
|
|upkeep
|turn|9
|
|t:|1757787197
|move|p1a: Arcanine|Extreme Speed|p2a: Silly sam
|-damage|p2a: Silly sam|0 fnt
|faint|p2a: Silly sam
|
|upkeep
|-message|ladderingdawg forfeited.
|
|win|Gurden
|raw|Gurden's rating: 1120 &rarr; <strong>1146</strong><br />(+26 for winning)
|raw|ladderingdawg's rating: 1136 &rarr; <strong>1110</strong><br />(-26 for losing)
|l|☆ladderingdawg
|player|p2|
|l|☆Gurden
|player|p1|
