|j|☆redcolorcap
|j|☆cdglo
|t:|1757827274
|gametype|singles
|player|p1|redcolorcap|gentleman|1295
|player|p2|cdglo|sailor|1240
|gen|9
|tier|[Gen 9] OU
|rated|
|rule|HP Percentage Mod: HP is shown in percentages
|rule|Endless Battle Clause: Forcing endless battles is banned
|rule|Species Clause: Limit one of each Pokémon
|rule|OHKO Clause: OHKO moves are banned
|rule|Evasion Items Clause: Evasion items are banned
|rule|Evasion Moves Clause: Evasion moves are banned
|rule|Evasion Abilities Clause: Evasion abilities are banned
|rule|Sleep Moves Clause: Sleep-inducing moves are banned
|clearpoke
|poke|p1|Gengar, M|
|poke|p1|Dondozo, F|
|poke|p1|Cinderace, F|
|poke|p1|Umbreon, M|
|poke|p1|Corviknight, F|
|poke|p1|Latias, F|
|poke|p2|Ting-Lu|
|poke|p2|Entei|
|poke|p2|Gholdengo|
|poke|p2|Dragonite, M|
|poke|p2|Quaquaval, M|
|poke|p2|Scream Tail|
|teampreview
|inactive|Battle timer is ON: inactive players will automatically lose when time's up. (requested by redcolorcap)
|
|t:|1757827303
|teamsize|p1|6
|teamsize|p2|6
|start
|switch|p1a: Cinderace|Cinderace, F, shiny|100/100
|switch|p2a: Moose of Motion|Ting-Lu|100/100
|-ability|p2a: Moose of Motion|Vessel of Ruin
|turn|1
|
|t:|1757827313
|move|p1a: Cinderace|U-turn|p2a: Moose of Motion
|-start|p1a: Cinderace|typechange|Bug|[from] ability: Libero
|-supereffective|p2a: Moose of Motion
|-damage|p2a: Moose of Motion|69/100
|
|t:|1757827325
|switch|p1a: Umbreon|Umbreon, M|100/100|[from] U-turn
|move|p2a: Moose of Motion|Whirlwind|p1a: Umbreon
|drag|p1a: Gengar|Gengar, M, shiny|100/100
|
|-heal|p2a: Moose of Motion|75/100|[from] item: Leftovers
|upkeep
|turn|2
|
|t:|1757827334
|switch|p1a: Umbreon|Umbreon, M|100/100
|move|p2a: Moose of Motion|Stealth Rock|p1a: Umbreon
|-sidestart|p1: redcolorcap|move: Stealth Rock
|
|-heal|p2a: Moose of Motion|81/100|[from] item: Leftovers
|upkeep
|turn|3
|
|t:|1757827348
|-terastallize|p2a: Moose of Motion|Poison
|move|p1a: Umbreon|Toxic|p2a: Moose of Motion
|-immune|p2a: Moose of Motion
|move|p2a: Moose of Motion|Spikes|p1a: Umbreon
|-sidestart|p1: redcolorcap|Spikes
|
|-heal|p2a: Moose of Motion|88/100|[from] item: Leftovers
|upkeep
|turn|4
|
|t:|1757827358
|switch|p1a: Corviknight|Corviknight, F|100/100
|-damage|p1a: Corviknight|88/100|[from] Stealth Rock
|move|p2a: Moose of Motion|Whirlwind|p1a: Corviknight
|drag|p1a: Cinderace|Cinderace, F, shiny|100/100
|
|-heal|p2a: Moose of Motion|94/100|[from] item: Leftovers
|upkeep
|turn|5
|
|t:|1757827371
|move|p1a: Cinderace|Court Change|p1a: Cinderace
|-start|p1a: Cinderace|typechange|Normal|[from] ability: Libero
|-swapsideconditions
|-activate|p1a: Cinderace|move: Court Change
|move|p2a: Moose of Motion|Ruination|p1a: Cinderace
|-damage|p1a: Cinderace|51/100
|
|-heal|p2a: Moose of Motion|99/100|[from] item: Leftovers
|upkeep
|turn|6
|
|t:|1757827381
|move|p1a: Cinderace|U-turn|p2a: Moose of Motion
|-resisted|p2a: Moose of Motion
|-damage|p2a: Moose of Motion|95/100
|
|t:|1757827384
|switch|p1a: Corviknight|Corviknight, F|88/100|[from] U-turn
|move|p2a: Moose of Motion|Whirlwind|p1a: Corviknight
|drag|p1a: Dondozo|Dondozo, F|100/100
|
|-heal|p2a: Moose of Motion|100/100|[from] item: Leftovers
|upkeep
|turn|7
|
|t:|1757827396
|move|p2a: Moose of Motion|Stealth Rock|p1a: Dondozo
|-sidestart|p1: redcolorcap|move: Stealth Rock
|move|p1a: Dondozo|Earthquake|p2a: Moose of Motion
|-supereffective|p2a: Moose of Motion
|-damage|p2a: Moose of Motion|80/100
|
|-heal|p2a: Moose of Motion|86/100|[from] item: Leftovers
|upkeep
|turn|8
|
|t:|1757827404
|move|p2a: Moose of Motion|Spikes|p1a: Dondozo
|-sidestart|p1: redcolorcap|Spikes
|move|p1a: Dondozo|Body Slam|p2a: Moose of Motion
|-damage|p2a: Moose of Motion|78/100
|
|-heal|p2a: Moose of Motion|84/100|[from] item: Leftovers
|upkeep
|turn|9
|
|t:|1757827417
|switch|p1a: Corviknight|Corviknight, F|88/100
|-damage|p1a: Corviknight|76/100|[from] Stealth Rock
|move|p2a: Moose of Motion|Spikes|p1a: Corviknight
|-sidestart|p1: redcolorcap|Spikes
|
|-heal|p1a: Corviknight|82/100|[from] item: Leftovers
|-heal|p2a: Moose of Motion|91/100|[from] item: Leftovers
|upkeep
|turn|10
|
|t:|1757827431
|move|p1a: Corviknight|Defog|p2a: Moose of Motion
|-unboost|p2a: Moose of Motion|evasion|1
|-sideend|p2: cdglo|Spikes|[from] move: Defog|[of] p1a: Corviknight
|-sideend|p2: cdglo|Stealth Rock|[from] move: Defog|[of] p1a: Corviknight
|-sideend|p1: redcolorcap|Spikes|[from] move: Defog|[of] p1a: Corviknight
|-sideend|p1: redcolorcap|Stealth Rock|[from] move: Defog|[of] p1a: Corviknight
|move|p2a: Moose of Motion|Whirlwind|p1a: Corviknight
|drag|p1a: Dondozo|Dondozo, F|100/100
|
|-heal|p2a: Moose of Motion|97/100|[from] item: Leftovers
|upkeep
|turn|11
|
|t:|1757827457
|switch|p1a: Gengar|Gengar, M, shiny|100/100
|move|p2a: Moose of Motion|Stealth Rock|p1a: Gengar
|-sidestart|p1: redcolorcap|move: Stealth Rock
|
|-heal|p2a: Moose of Motion|100/100|[from] item: Leftovers
|upkeep
|turn|12
|
|t:|1757827466
|move|p1a: Gengar|Trick|p2a: Moose of Motion
|-activate|p1a: Gengar|move: Trick|[of] p2a: Moose of Motion
|-item|p2a: Moose of Motion|Choice Scarf|[from] move: Trick
|-item|p1a: Gengar|Leftovers|[from] move: Trick
|move|p2a: Moose of Motion|Spikes|p1a: Gengar
|-sidestart|p1: redcolorcap|Spikes
|
|upkeep
|turn|13
|
|t:|1757827472
|switch|p1a: Latias|Latias, F|100/100
|-damage|p1a: Latias|88/100|[from] Stealth Rock
|move|p2a: Moose of Motion|Spikes|p1a: Latias
|-sidestart|p1: redcolorcap|Spikes
|
|-heal|p1a: Latias|94/100|[from] item: Leftovers
|upkeep
|turn|14
|
|t:|1757827483
|switch|p2a: Clanker|Gholdengo|100/100
|move|p1a: Latias|Calm Mind|p1a: Latias
|-boost|p1a: Latias|spa|1
|-boost|p1a: Latias|spd|1
|
|-heal|p1a: Latias|99/100|[from] item: Leftovers
|upkeep
|turn|15
|
|t:|1757827498
|switch|p1a: Umbreon|Umbreon, M|100/100
|-damage|p1a: Umbreon|88/100|[from] Stealth Rock
|-damage|p1a: Umbreon|72/100|[from] Spikes
|move|p2a: Clanker|Trick|p1a: Umbreon
|-activate|p2a: Clanker|move: Trick|[of] p1a: Umbreon
|-item|p1a: Umbreon|Choice Scarf|[from] move: Trick
|-item|p2a: Clanker|Leftovers|[from] move: Trick
|
|upkeep
|turn|16
|
|t:|1757827513
|move|p2a: Clanker|Focus Blast|p1a: Umbreon
|-supereffective|p1a: Umbreon
|-damage|p1a: Umbreon|28/100
|move|p1a: Umbreon|Wish|p1a: Umbreon
|
|upkeep
|turn|17
|
|t:|1757827530
|switch|p1a: Gengar|Gengar, M, shiny|100/100
|-damage|p1a: Gengar|88/100|[from] Stealth Rock
|-damage|p1a: Gengar|72/100|[from] Spikes
|move|p2a: Clanker|Shadow Ball|p1a: Gengar
|-supereffective|p1a: Gengar
|-damage|p1a: Gengar|0 fnt
|faint|p1a: Gengar
|
|upkeep
|
|t:|1757827540
|switch|p1a: Cinderace|Cinderace, F, shiny|51/100
|turn|18
|
|t:|1757827555
|switch|p2a: Laguna Lagooner|Quaquaval, M|100/100
|move|p1a: Cinderace|Court Change|p1a: Cinderace
|-start|p1a: Cinderace|typechange|Normal|[from] ability: Libero
|-swapsideconditions
|-activate|p1a: Cinderace|move: Court Change
|
|upkeep
|turn|19
|
|t:|1757827568
|move|p1a: Cinderace|U-turn|p2a: Laguna Lagooner
|-resisted|p2a: Laguna Lagooner
|-damage|p2a: Laguna Lagooner|86/100
|
|t:|1757827572
|switch|p1a: Dondozo|Dondozo, F|100/100|[from] U-turn
|move|p2a: Laguna Lagooner|Aqua Step|p1a: Dondozo
|-resisted|p1a: Dondozo
|-damage|p1a: Dondozo|92/100
|-boost|p2a: Laguna Lagooner|spe|1
|
|-heal|p1a: Dondozo|98/100|[from] item: Leftovers
|upkeep
|turn|20
|
|t:|1757827581
|move|p2a: Laguna Lagooner|Knock Off|p1a: Dondozo
|-damage|p1a: Dondozo|85/100
|-enditem|p1a: Dondozo|Leftovers|[from] move: Knock Off|[of] p2a: Laguna Lagooner
|move|p1a: Dondozo|Body Press|p2a: Laguna Lagooner
|-damage|p2a: Laguna Lagooner|47/100
|
|upkeep
|turn|21
|
|t:|1757827592
|switch|p2a: Moose of Motion|Ting-Lu, tera:Poison|100/100
|-damage|p2a: Moose of Motion|88/100|[from] Stealth Rock
|-damage|p2a: Moose of Motion|72/100|[from] Spikes
|-ability|p2a: Moose of Motion|Vessel of Ruin
|move|p1a: Dondozo|Earthquake|p2a: Moose of Motion
|-supereffective|p2a: Moose of Motion
|-damage|p2a: Moose of Motion|51/100
|
|upkeep
|turn|22
|
|t:|1757827603
|switch|p1a: Latias|Latias, F|99/100
|move|p2a: Moose of Motion|Ruination|p1a: Latias|[miss]
|-miss|p2a: Moose of Motion|p1a: Latias
|
|-heal|p1a: Latias|100/100|[from] item: Leftovers
|upkeep
|turn|23
|
|t:|1757827618
|move|p1a: Latias|Calm Mind|p1a: Latias
|-boost|p1a: Latias|spa|1
|-boost|p1a: Latias|spd|1
|move|p2a: Moose of Motion|Ruination|p1a: Latias
|-damage|p1a: Latias|50/100
|
|-heal|p1a: Latias|57/100|[from] item: Leftovers
|upkeep
|turn|24
|
|t:|1757827629
|switch|p2a: Clanker|Gholdengo|100/100
|-damage|p2a: Clanker|94/100|[from] Stealth Rock
|-damage|p2a: Clanker|78/100|[from] Spikes
|move|p1a: Latias|Agility|p1a: Latias
|-boost|p1a: Latias|spe|2
|
|-heal|p1a: Latias|63/100|[from] item: Leftovers
|-heal|p2a: Clanker|84/100|[from] item: Leftovers
|upkeep
|turn|25
|
|t:|1757827655
|switch|p1a: Corviknight|Corviknight, F|82/100
|move|p2a: Clanker|Shadow Ball|p1a: Corviknight
|-damage|p1a: Corviknight|44/100
|
|-heal|p2a: Clanker|90/100|[from] item: Leftovers
|-heal|p1a: Corviknight|50/100|[from] item: Leftovers
|upkeep
|turn|26
|
|t:|1757827664
|move|p2a: Clanker|Shadow Ball|p1a: Corviknight
|-damage|p1a: Corviknight|6/100
|move|p1a: Corviknight|Roost|p1a: Corviknight
|-heal|p1a: Corviknight|56/100
|-singleturn|p1a: Corviknight|move: Roost
|
|-heal|p2a: Clanker|96/100|[from] item: Leftovers
|-heal|p1a: Corviknight|62/100|[from] item: Leftovers
|upkeep
|turn|27
|
|t:|1757827673
|move|p2a: Clanker|Shadow Ball|p1a: Corviknight
|-damage|p1a: Corviknight|19/100
|move|p1a: Corviknight|Roost|p1a: Corviknight
|-heal|p1a: Corviknight|69/100
|-singleturn|p1a: Corviknight|move: Roost
|
|-heal|p2a: Clanker|100/100|[from] item: Leftovers
|-heal|p1a: Corviknight|75/100|[from] item: Leftovers
|upkeep
|turn|28
|
|t:|1757827682
|move|p2a: Clanker|Shadow Ball|p1a: Corviknight
|-damage|p1a: Corviknight|32/100
|move|p1a: Corviknight|Roost|p1a: Corviknight
|-heal|p1a: Corviknight|82/100
|-singleturn|p1a: Corviknight|move: Roost
|
|-heal|p1a: Corviknight|88/100|[from] item: Leftovers
|upkeep
|turn|29
|
|t:|1757827690
|move|p2a: Clanker|Shadow Ball|p1a: Corviknight
|-damage|p1a: Corviknight|50/100
|move|p1a: Corviknight|Roost|p1a: Corviknight
|-heal|p1a: Corviknight|99/100
|-singleturn|p1a: Corviknight|move: Roost
|
|-heal|p1a: Corviknight|100/100|[from] item: Leftovers
|upkeep
|turn|30
|
|t:|1757827698
|move|p2a: Clanker|Shadow Ball|p1a: Corviknight
|-damage|p1a: Corviknight|60/100
|move|p1a: Corviknight|U-turn|p2a: Clanker
|-resisted|p2a: Clanker
|-damage|p2a: Clanker|97/100
|
|t:|1757827701
|switch|p1a: Cinderace|Cinderace, F, shiny|51/100|[from] U-turn
|
|-heal|p2a: Clanker|100/100|[from] item: Leftovers
|upkeep
|turn|31
|
|t:|1757827719
|switch|p2a: Metallica|Entei|100/100
|-damage|p2a: Metallica|76/100|[from] Stealth Rock
|-damage|p2a: Metallica|59/100|[from] Spikes
|move|p1a: Cinderace|Pyro Ball|p2a: Metallica
|-resisted|p2a: Metallica
|-damage|p2a: Metallica|28/100
|
|upkeep
|turn|32
|
|t:|1757827733
|move|p1a: Cinderace|Pyro Ball|p2a: Metallica
|-resisted|p2a: Metallica
|-damage|p2a: Metallica|0 fnt
|faint|p2a: Metallica
|
|upkeep
|
|t:|1757827739
|switch|p2a: Laguna Lagooner|Quaquaval, M|47/100
|-damage|p2a: Laguna Lagooner|40/100|[from] Stealth Rock
|-damage|p2a: Laguna Lagooner|24/100|[from] Spikes
|turn|33
|
|t:|1757827752
|move|p1a: Cinderace|Pyro Ball|p2a: Laguna Lagooner
|-resisted|p2a: Laguna Lagooner
|-damage|p2a: Laguna Lagooner|0 fnt
|faint|p2a: Laguna Lagooner
|
|upkeep
|
|t:|1757827758
|switch|p2a: Moose of Motion|Ting-Lu, tera:Poison|51/100
|-damage|p2a: Moose of Motion|39/100|[from] Stealth Rock
|-damage|p2a: Moose of Motion|22/100|[from] Spikes
|-ability|p2a: Moose of Motion|Vessel of Ruin
|turn|34
|
|t:|1757827768
|move|p1a: Cinderace|Pyro Ball|p2a: Moose of Motion
|-damage|p2a: Moose of Motion|0 fnt
|faint|p2a: Moose of Motion
|
|upkeep
|
|t:|1757827782
|switch|p2a: Hulk|Dragonite, M, shiny|100/100
|turn|35
|
|t:|1757827788
|move|p2a: Hulk|Extreme Speed|p1a: Cinderace
|-crit|p1a: Cinderace
|-damage|p1a: Cinderace|0 fnt
|faint|p1a: Cinderace
|
|upkeep
|inactive|redcolorcap has 120 seconds left.
|
|t:|1757827818
|switch|p1a: Umbreon|Umbreon, M|28/100
|turn|36
|
|t:|1757827828
|move|p1a: Umbreon|Protect|p1a: Umbreon
|-singleturn|p1a: Umbreon|Protect
|move|p2a: Hulk|Extreme Speed|p1a: Umbreon
|-activate|p1a: Umbreon|move: Protect
|
|upkeep
|turn|37
|
|t:|1757827842
|switch|p1a: Dondozo|Dondozo, F|85/100
|move|p2a: Hulk|Extreme Speed|p1a: Dondozo
|-damage|p1a: Dondozo|71/100
|
|upkeep
|turn|38
|
|t:|1757827853
|move|p2a: Hulk|Extreme Speed|p1a: Dondozo
|-damage|p1a: Dondozo|59/100
|move|p1a: Dondozo|Body Slam|p2a: Hulk
|-damage|p2a: Hulk|90/100
|
|upkeep
|turn|39
|
|t:|1757827861
|move|p2a: Hulk|Extreme Speed|p1a: Dondozo
|-damage|p1a: Dondozo|47/100
|move|p1a: Dondozo|Body Slam|p2a: Hulk
|-damage|p2a: Hulk|68/100
|
|upkeep
|turn|40
|
|t:|1757827870
|switch|p2a: Clanker|Gholdengo|100/100
|-damage|p2a: Clanker|94/100|[from] Stealth Rock
|-damage|p2a: Clanker|78/100|[from] Spikes
|move|p1a: Dondozo|Body Slam|p2a: Clanker
|-immune|p2a: Clanker
|
|-heal|p2a: Clanker|84/100|[from] item: Leftovers
|upkeep
|turn|41
|
|t:|1757827893
|move|p2a: Clanker|Shadow Ball|p1a: Dondozo
|-damage|p1a: Dondozo|4/100
|move|p1a: Dondozo|Earthquake|p2a: Clanker
|-supereffective|p2a: Clanker
|-damage|p2a: Clanker|28/100
|
|-heal|p2a: Clanker|34/100|[from] item: Leftovers
|upkeep
|turn|42
|
|t:|1757827903
|move|p2a: Clanker|Make It Rain|p1a: Dondozo
|-resisted|p1a: Dondozo
|-crit|p1a: Dondozo
|-damage|p1a: Dondozo|0 fnt
|-unboost|p2a: Clanker|spa|1
|faint|p1a: Dondozo
|
|-heal|p2a: Clanker|40/100|[from] item: Leftovers
|upkeep
|
|t:|1757827912
|switch|p1a: Umbreon|Umbreon, M|28/100
|turn|43
|
|t:|1757827923
|move|p2a: Clanker|Make It Rain|p1a: Umbreon
|-damage|p1a: Umbreon|7/100
|-unboost|p2a: Clanker|spa|1
|move|p1a: Umbreon|Foul Play|p2a: Clanker
|-supereffective|p2a: Clanker
|-damage|p2a: Clanker|6/100
|
|-heal|p2a: Clanker|12/100|[from] item: Leftovers
|upkeep
|turn|44
|
|t:|1757827939
|switch|p1a: Corviknight|Corviknight, F|60/100
|move|p2a: Clanker|Shadow Ball|p1a: Corviknight
|-damage|p1a: Corviknight|39/100
|-ability|p1a: Corviknight|Mirror Armor
|-unboost|p2a: Clanker|spd|1
|
|-heal|p2a: Clanker|18/100|[from] item: Leftovers
|-heal|p1a: Corviknight|45/100|[from] item: Leftovers
|upkeep
|turn|45
|
|t:|1757827949
|move|p2a: Clanker|Shadow Ball|p1a: Corviknight
|-damage|p1a: Corviknight|22/100
|-ability|p1a: Corviknight|Mirror Armor
|-unboost|p2a: Clanker|spd|1
|move|p1a: Corviknight|Roost|p1a: Corviknight
|-heal|p1a: Corviknight|72/100
|-singleturn|p1a: Corviknight|move: Roost
|
|-heal|p2a: Clanker|24/100|[from] item: Leftovers
|-heal|p1a: Corviknight|78/100|[from] item: Leftovers
|upkeep
|turn|46
|
|t:|1757827963
|move|p2a: Clanker|Shadow Ball|p1a: Corviknight
|-damage|p1a: Corviknight|56/100
|move|p1a: Corviknight|Brave Bird|p2a: Clanker
|-resisted|p2a: Clanker
|-damage|p2a: Clanker|4/100
|-damage|p1a: Corviknight|51/100|[from] Recoil
|
|-heal|p2a: Clanker|10/100|[from] item: Leftovers
|-heal|p1a: Corviknight|57/100|[from] item: Leftovers
|upkeep
|turn|47
|
|t:|1757827973
|move|p2a: Clanker|Shadow Ball|p1a: Corviknight
|-damage|p1a: Corviknight|38/100
|move|p1a: Corviknight|Roost|p1a: Corviknight
|-heal|p1a: Corviknight|88/100
|-singleturn|p1a: Corviknight|move: Roost
|
|-heal|p2a: Clanker|16/100|[from] item: Leftovers
|-heal|p1a: Corviknight|94/100|[from] item: Leftovers
|upkeep
|turn|48
|
|t:|1757827996
|move|p2a: Clanker|Shadow Ball|p1a: Corviknight
|-damage|p1a: Corviknight|75/100
|move|p1a: Corviknight|Brave Bird|p2a: Clanker
|-resisted|p2a: Clanker
|-damage|p2a: Clanker|0 fnt
|faint|p2a: Clanker
|-damage|p1a: Corviknight|71/100|[from] Recoil
|
|-heal|p1a: Corviknight|77/100|[from] item: Leftovers
|upkeep
|
|t:|1757828006
|switch|p2a: Hulk|Dragonite, M, shiny|68/100
|turn|49
|
|t:|1757828017
|move|p2a: Hulk|Dragon Dance|p2a: Hulk
|-boost|p2a: Hulk|atk|1
|-boost|p2a: Hulk|spe|1
|move|p1a: Corviknight|Brave Bird|p2a: Hulk
|-damage|p2a: Hulk|26/100
|-damage|p1a: Corviknight|65/100|[from] Recoil
|
|-heal|p1a: Corviknight|71/100|[from] item: Leftovers
|upkeep
|turn|50
|
|t:|1757828025
|move|p2a: Hulk|Fire Punch|p1a: Corviknight
|-supereffective|p1a: Corviknight
|-damage|p1a: Corviknight|27/100
|move|p1a: Corviknight|Brave Bird|p2a: Hulk
|-damage|p2a: Hulk|0 fnt
|faint|p2a: Hulk
|-damage|p1a: Corviknight|20/100|[from] Recoil
|
|-heal|p1a: Corviknight|26/100|[from] item: Leftovers
|upkeep
|
|t:|1757828034
|switch|p2a: Halloween|Scream Tail, shiny|100/100
|-damage|p2a: Halloween|88/100|[from] Stealth Rock
|-damage|p2a: Halloween|72/100|[from] Spikes
|-enditem|p2a: Halloween|Booster Energy
|-activate|p2a: Halloween|ability: Protosynthesis|[fromitem]
|-start|p2a: Halloween|protosynthesisspe
|turn|51
|
|t:|1757828043
|move|p2a: Halloween|Fire Blast|p1a: Corviknight
|-supereffective|p1a: Corviknight
|-damage|p1a: Corviknight|0 fnt
|faint|p1a: Corviknight
|
|upkeep
|
|t:|1757828062
|switch|p1a: Latias|Latias, F|63/100
|turn|52
|
|t:|1757828076
|-terastallize|p1a: Latias|Steel
|move|p2a: Halloween|Boomburst|p1a: Latias
|-resisted|p1a: Latias
|-damage|p1a: Latias|50/100
|move|p1a: Latias|Calm Mind|p1a: Latias
|-boost|p1a: Latias|spa|1
|-boost|p1a: Latias|spd|1
|
|-heal|p1a: Latias|57/100|[from] item: Leftovers
|upkeep
|turn|53
|j| y TX ya en el
|
|t:|1757828091
|move|p2a: Halloween|Calm Mind|p2a: Halloween
|-boost|p2a: Halloween|spa|1
|-boost|p2a: Halloween|spd|1
|move|p1a: Latias|Calm Mind|p1a: Latias
|-boost|p1a: Latias|spa|1
|-boost|p1a: Latias|spd|1
|
|-heal|p1a: Latias|63/100|[from] item: Leftovers
|upkeep
|turn|54
|
|t:|1757828100
|move|p2a: Halloween|Calm Mind|p2a: Halloween
|-boost|p2a: Halloween|spa|1
|-boost|p2a: Halloween|spd|1
|move|p1a: Latias|Agility|p1a: Latias
|-boost|p1a: Latias|spe|2
|
|-heal|p1a: Latias|69/100|[from] item: Leftovers
|upkeep
|turn|55
|
|t:|1757828108
|move|p1a: Latias|Calm Mind|p1a: Latias
|-boost|p1a: Latias|spa|1
|-boost|p1a: Latias|spd|1
|move|p2a: Halloween|Fire Blast|p1a: Latias|[miss]
|-miss|p2a: Halloween|p1a: Latias
|
|-heal|p1a: Latias|75/100|[from] item: Leftovers
|upkeep
|turn|56
|
|t:|1757828119
|move|p1a: Latias|Calm Mind|p1a: Latias
|-boost|p1a: Latias|spa|1
|-boost|p1a: Latias|spd|1
|move|p2a: Halloween|Fire Blast|p1a: Latias|[miss]
|-miss|p2a: Halloween|p1a: Latias
|
|-heal|p1a: Latias|81/100|[from] item: Leftovers
|upkeep
|turn|57
|
|t:|1757828127
|move|p1a: Latias|Stored Power|p2a: Halloween
|-resisted|p2a: Halloween
|-damage|p2a: Halloween|18/100
|move|p2a: Halloween|Fire Blast|p1a: Latias|[miss]
|-miss|p2a: Halloween|p1a: Latias
|
|-heal|p1a: Latias|87/100|[from] item: Leftovers
|upkeep
|turn|58
|c|☆redcolorcap|gg
|c|☆cdglo|Lucky ah Tryhard
|-message|cdglo forfeited.
|
|win|redcolorcap
|raw|redcolorcap's rating: 1295 &rarr; <strong>1316</strong><br />(+21 for winning)
|raw|cdglo's rating: 1240 &rarr; <strong>1219</strong><br />(-21 for losing)
|l|☆cdglo
|player|p2|
