|j|☆Tigerballs
|j|☆Obito 2001
|t:|1757842479
|gametype|singles
|player|p1|Tigerballs|swimmer-gen4dp|1761
|player|p2|Obito 2001|blue-gen3two|1741
|gen|9
|tier|[Gen 9] OU
|rated|
|rule|HP Percentage Mod: HP is shown in percentages
|rule|Endless Battle Clause: Forcing endless battles is banned
|rule|Species Clause: Limit one of each Pokémon
|rule|OHKO Clause: OHKO moves are banned
|rule|Evasion Items Clause: Evasion items are banned
|rule|Evasion Moves Clause: Evasion moves are banned
|rule|Evasion Abilities Clause: Evasion abilities are banned
|rule|Sleep Moves Clause: Sleep-inducing moves are banned
|clearpoke
|poke|p1|Ninetales-Alola, M|
|poke|p1|Skeledirge, F|
|poke|p1|Okidogi, M|
|poke|p1|Vaporeon, M|
|poke|p1|Cresselia, F|
|poke|p1|Porygon2|
|poke|p2|Garchomp, F|
|poke|p2|Gyarados, M|
|poke|p2|Ogerpon-Wellspring, F|
|poke|p2|Glimmora, F|
|poke|p2|Dragapult, F|
|poke|p2|Gholdengo|
|teampreview
|inactive|Battle timer is ON: inactive players will automatically lose when time's up. (requested by Obito 2001)
|
|t:|1757842493
|teamsize|p1|6
|teamsize|p2|6
|start
|switch|p1a: Ninetales|Ninetales-Alola, M, shiny|100/100
|switch|p2a: Ban me|Ogerpon-Wellspring, F|100/100
|-weather|Snowscape|[from] ability: Snow Warning|[of] p1a: Ninetales
|turn|1
|j| babyshark974
|
|t:|1757842500
|move|p2a: Ban me|Knock Off|p1a: Ninetales
|-resisted|p1a: Ninetales
|-damage|p1a: Ninetales|80/100
|-enditem|p1a: Ninetales|Choice Specs|[from] move: Knock Off|[of] p2a: Ban me
|move|p1a: Ninetales|Freeze-Dry|p2a: Ban me
|-supereffective|p2a: Ban me
|-damage|p2a: Ban me|0 fnt
|faint|p2a: Ban me
|
|-weather|Snowscape|[upkeep]
|upkeep
|
|t:|1757842512
|switch|p2a: Here for Corv|Gholdengo|100/100
|-item|p2a: Here for Corv|Air Balloon
|turn|2
|
|t:|1757842523
|switch|p1a: Mermaid cat|Vaporeon, M|100/100
|move|p2a: Here for Corv|Make It Rain|p1a: Mermaid cat
|-resisted|p1a: Mermaid cat
|-damage|p1a: Mermaid cat|85/100
|-unboost|p2a: Here for Corv|spa|1
|
|-weather|Snowscape|[upkeep]
|-heal|p1a: Mermaid cat|91/100|[from] item: Leftovers
|upkeep
|turn|3
|
|t:|1757842534
|switch|p2a: Sharkrash|Garchomp, F, shiny|100/100
|move|p1a: Mermaid cat|Scald|p2a: Sharkrash
|-damage|p2a: Sharkrash|75/100
|
|-weather|Snowscape|[upkeep]
|-heal|p1a: Mermaid cat|98/100|[from] item: Leftovers
|upkeep
|turn|4
|
|t:|1757842542
|move|p2a: Sharkrash|Stealth Rock|p1a: Mermaid cat
|-sidestart|p1: Tigerballs|move: Stealth Rock
|move|p1a: Mermaid cat|Ice Beam|p2a: Sharkrash
|-supereffective|p2a: Sharkrash
|-damage|p2a: Sharkrash|0 fnt
|faint|p2a: Sharkrash
|
|-weather|Snowscape|[upkeep]
|-heal|p1a: Mermaid cat|100/100|[from] item: Leftovers
|upkeep
|j| wgw2333
|
|t:|1757842552
|switch|p2a: DraGhost|Dragapult, F|100/100
|turn|5
|
|t:|1757842555
|move|p2a: DraGhost|Will-O-Wisp|p1a: Mermaid cat
|-status|p1a: Mermaid cat|brn
|move|p1a: Mermaid cat|Ice Beam|p2a: DraGhost
|-supereffective|p2a: DraGhost
|-damage|p2a: DraGhost|37/100
|
|-weather|none
|-heal|p2a: DraGhost|43/100|[from] item: Leftovers
|-damage|p1a: Mermaid cat|94/100 brn|[from] brn
|upkeep
|turn|6
|
|t:|1757842566
|switch|p2a: Here for Corv|Gholdengo|100/100
|-item|p2a: Here for Corv|Air Balloon
|move|p1a: Mermaid cat|Ice Beam|p2a: Here for Corv
|-resisted|p2a: Here for Corv
|-damage|p2a: Here for Corv|89/100
|-status|p2a: Here for Corv|frz
|-enditem|p2a: Here for Corv|Air Balloon
|
|-heal|p1a: Mermaid cat|100/100 brn|[from] item: Leftovers
|-damage|p1a: Mermaid cat|94/100 brn|[from] brn
|upkeep
|turn|7
|
|t:|1757842578
|cant|p2a: Here for Corv|frz
|move|p1a: Mermaid cat|Scald|p2a: Here for Corv
|-damage|p2a: Here for Corv|59/100 frz
|-curestatus|p2a: Here for Corv|frz|[msg]
|
|-heal|p1a: Mermaid cat|100/100 brn|[from] item: Leftovers
|-damage|p1a: Mermaid cat|94/100 brn|[from] brn
|upkeep
|turn|8
|
|t:|1757842588
|move|p2a: Here for Corv|Nasty Plot|p2a: Here for Corv
|-boost|p2a: Here for Corv|spa|2
|move|p1a: Mermaid cat|Scald|p2a: Here for Corv
|-damage|p2a: Here for Corv|32/100
|
|-heal|p1a: Mermaid cat|100/100 brn|[from] item: Leftovers
|-damage|p1a: Mermaid cat|94/100 brn|[from] brn
|upkeep
|turn|9
|
|t:|1757842598
|move|p2a: Here for Corv|Recover|p2a: Here for Corv
|-heal|p2a: Here for Corv|82/100
|move|p1a: Mermaid cat|Scald|p2a: Here for Corv
|-damage|p2a: Here for Corv|54/100
|-status|p2a: Here for Corv|brn
|
|-heal|p1a: Mermaid cat|100/100 brn|[from] item: Leftovers
|-damage|p2a: Here for Corv|48/100 brn|[from] brn
|-damage|p1a: Mermaid cat|94/100 brn|[from] brn
|upkeep
|turn|10
|
|t:|1757842609
|move|p2a: Here for Corv|Shadow Ball|p1a: Mermaid cat
|-damage|p1a: Mermaid cat|55/100 brn
|move|p1a: Mermaid cat|Scald|p2a: Here for Corv
|-damage|p2a: Here for Corv|19/100 brn
|
|-heal|p1a: Mermaid cat|62/100 brn|[from] item: Leftovers
|-damage|p2a: Here for Corv|13/100 brn|[from] brn
|-damage|p1a: Mermaid cat|55/100 brn|[from] brn
|upkeep
|turn|11
|
|t:|1757842619
|move|p2a: Here for Corv|Recover|p2a: Here for Corv
|-heal|p2a: Here for Corv|63/100 brn
|move|p1a: Mermaid cat|Scald|p2a: Here for Corv
|-damage|p2a: Here for Corv|34/100 brn
|
|-heal|p1a: Mermaid cat|62/100 brn|[from] item: Leftovers
|-damage|p2a: Here for Corv|28/100 brn|[from] brn
|-damage|p1a: Mermaid cat|55/100 brn|[from] brn
|upkeep
|turn|12
|
|t:|1757842629
|move|p2a: Here for Corv|Recover|p2a: Here for Corv
|-heal|p2a: Here for Corv|78/100 brn
|move|p1a: Mermaid cat|Scald|p2a: Here for Corv
|-damage|p2a: Here for Corv|50/100 brn
|
|-heal|p1a: Mermaid cat|62/100 brn|[from] item: Leftovers
|-damage|p2a: Here for Corv|44/100 brn|[from] brn
|-damage|p1a: Mermaid cat|55/100 brn|[from] brn
|upkeep
|turn|13
|
|t:|1757842638
|move|p2a: Here for Corv|Nasty Plot|p2a: Here for Corv
|-boost|p2a: Here for Corv|spa|2
|move|p1a: Mermaid cat|Scald|p2a: Here for Corv
|-damage|p2a: Here for Corv|14/100 brn
|
|-heal|p1a: Mermaid cat|62/100 brn|[from] item: Leftovers
|-damage|p2a: Here for Corv|8/100 brn|[from] brn
|-damage|p1a: Mermaid cat|55/100 brn|[from] brn
|upkeep
|turn|14
|
|t:|1757842648
|move|p2a: Here for Corv|Recover|p2a: Here for Corv
|-heal|p2a: Here for Corv|58/100 brn
|move|p1a: Mermaid cat|Scald|p2a: Here for Corv
|-damage|p2a: Here for Corv|27/100 brn
|
|-heal|p1a: Mermaid cat|62/100 brn|[from] item: Leftovers
|-damage|p2a: Here for Corv|21/100 brn|[from] brn
|-damage|p1a: Mermaid cat|55/100 brn|[from] brn
|upkeep
|turn|15
|
|t:|1757842658
|move|p2a: Here for Corv|Recover|p2a: Here for Corv
|-heal|p2a: Here for Corv|71/100 brn
|move|p1a: Mermaid cat|Scald|p2a: Here for Corv
|-crit|p2a: Here for Corv
|-damage|p2a: Here for Corv|31/100 brn
|
|-heal|p1a: Mermaid cat|62/100 brn|[from] item: Leftovers
|-damage|p2a: Here for Corv|25/100 brn|[from] brn
|-damage|p1a: Mermaid cat|55/100 brn|[from] brn
|upkeep
|turn|16
|j| lanarey
|
|t:|1757842668
|move|p2a: Here for Corv|Recover|p2a: Here for Corv
|-heal|p2a: Here for Corv|75/100 brn
|move|p1a: Mermaid cat|Scald|p2a: Here for Corv
|-damage|p2a: Here for Corv|45/100 brn
|
|-heal|p1a: Mermaid cat|62/100 brn|[from] item: Leftovers
|-damage|p2a: Here for Corv|39/100 brn|[from] brn
|-damage|p1a: Mermaid cat|55/100 brn|[from] brn
|upkeep
|turn|17
|
|t:|1757842678
|move|p2a: Here for Corv|Shadow Ball|p1a: Mermaid cat
|-damage|p1a: Mermaid cat|0 fnt
|faint|p1a: Mermaid cat
|
|-damage|p2a: Here for Corv|33/100 brn|[from] brn
|upkeep
|
|t:|1757842685
|switch|p1a: Ninetales|Ninetales-Alola, M, shiny|80/100
|-damage|p1a: Ninetales|55/100|[from] Stealth Rock
|-weather|Snowscape|[from] ability: Snow Warning|[of] p1a: Ninetales
|turn|18
|
|t:|1757842693
|switch|p2a: Toxica|Glimmora, F|100/100
|move|p1a: Ninetales|Dark Pulse|p2a: Toxica
|-damage|p2a: Toxica|79/100
|-enditem|p2a: Toxica|Red Card|[of] p1a: Ninetales
|drag|p1a: Skeledirge|Skeledirge, F|100/100
|-damage|p1a: Skeledirge|75/100|[from] Stealth Rock
|
|-weather|Snowscape|[upkeep]
|-heal|p1a: Skeledirge|82/100|[from] item: Leftovers
|upkeep
|turn|19
|j| SSJTien3daysgrace
|
|t:|1757842717
|switch|p1a: Nokia 3310|Porygon2|100/100
|-damage|p1a: Nokia 3310|88/100|[from] Stealth Rock
|-ability|p1a: Nokia 3310|Download|boost
|-boost|p1a: Nokia 3310|spa|1
|move|p2a: Toxica|Earth Power|p1a: Nokia 3310
|-damage|p1a: Nokia 3310|74/100
|
|-weather|Snowscape|[upkeep]
|upkeep
|turn|20
|
|t:|1757842731
|move|p2a: Toxica|Mortal Spin|p1a: Nokia 3310
|-damage|p1a: Nokia 3310|70/100
|-status|p1a: Nokia 3310|psn
|move|p1a: Nokia 3310|Psyshock|p2a: Toxica
|-supereffective|p2a: Toxica
|-damage|p2a: Toxica|30/100
|
|-weather|Snowscape|[upkeep]
|-damage|p1a: Nokia 3310|58/100 psn|[from] psn
|upkeep
|turn|21
|
|t:|1757842740
|switch|p2a: Here for Corv|Gholdengo|33/100 brn
|move|p1a: Nokia 3310|Psyshock|p2a: Here for Corv
|-resisted|p2a: Here for Corv
|-damage|p2a: Here for Corv|22/100 brn
|
|-weather|Snowscape|[upkeep]
|-damage|p1a: Nokia 3310|46/100 psn|[from] psn
|-damage|p2a: Here for Corv|16/100 brn|[from] brn
|upkeep
|turn|22
|
|t:|1757842751
|-terastallize|p1a: Nokia 3310|Ground
|move|p2a: Here for Corv|Make It Rain|p1a: Nokia 3310
|-damage|p1a: Nokia 3310|19/100 psn
|-unboost|p2a: Here for Corv|spa|1
|move|p1a: Nokia 3310|Tera Blast|p2a: Here for Corv|[anim] Tera Blast Ground
|-supereffective|p2a: Here for Corv
|-damage|p2a: Here for Corv|0 fnt
|faint|p2a: Here for Corv
|
|-weather|none
|-damage|p1a: Nokia 3310|7/100 psn|[from] psn
|upkeep
|
|t:|1757842760
|switch|p2a: Real G|Gyarados, M, shiny|100/100
|turn|23
|
|t:|1757842769
|switch|p1a: Cresselia|Cresselia, F|100/100
|-damage|p1a: Cresselia|88/100|[from] Stealth Rock
|move|p2a: Real G|Waterfall|p1a: Cresselia
|-damage|p1a: Cresselia|60/100
|
|upkeep
|turn|24
|
|t:|1757842777
|switch|p2a: Toxica|Glimmora, F|30/100
|move|p1a: Cresselia|Lunar Dance|p1a: Cresselia
|faint|p1a: Cresselia
|
|upkeep
|
|t:|1757842786
|switch|p1a: Nokia 3310|Porygon2, tera:Ground|7/100 psn
|-heal|p1a: Nokia 3310|100/100|[from] move: Lunar Dance
|-damage|p1a: Nokia 3310|94/100|[from] Stealth Rock
|-ability|p1a: Nokia 3310|Download|boost
|-boost|p1a: Nokia 3310|spa|1
|turn|25
|
|t:|1757842794
|move|p2a: Toxica|Mortal Spin|p1a: Nokia 3310
|-resisted|p1a: Nokia 3310
|-damage|p1a: Nokia 3310|93/100
|-status|p1a: Nokia 3310|psn
|move|p1a: Nokia 3310|Psyshock|p2a: Toxica
|-supereffective|p2a: Toxica
|-damage|p2a: Toxica|0 fnt
|faint|p2a: Toxica
|
|-damage|p1a: Nokia 3310|80/100 psn|[from] psn
|upkeep
|
|t:|1757842797
|switch|p2a: DraGhost|Dragapult, F|43/100
|turn|26
|
|t:|1757842807
|move|p2a: DraGhost|Substitute|p2a: DraGhost
|-start|p2a: DraGhost|Substitute
|-damage|p2a: DraGhost|18/100
|move|p1a: Nokia 3310|Ice Beam|p2a: DraGhost
|-supereffective|p2a: DraGhost
|-end|p2a: DraGhost|Substitute
|
|-heal|p2a: DraGhost|24/100|[from] item: Leftovers
|-damage|p1a: Nokia 3310|68/100 psn|[from] psn
|upkeep
|turn|27
|
|t:|1757842817
|switch|p2a: Real G|Gyarados, M, shiny|100/100
|move|p1a: Nokia 3310|Ice Beam|p2a: Real G
|-damage|p2a: Real G|67/100
|-status|p2a: Real G|frz
|
|-damage|p1a: Nokia 3310|56/100 psn|[from] psn
|upkeep
|turn|28
|
|t:|1757842826
|cant|p2a: Real G|frz
|move|p1a: Nokia 3310|Thunderbolt|p2a: Real G
|-supereffective|p2a: Real G
|-damage|p2a: Real G|0 fnt
|faint|p2a: Real G
|
|-damage|p1a: Nokia 3310|44/100 psn|[from] psn
|upkeep
|c|☆Obito 2001|Ffs
|
|t:|1757842834
|switch|p2a: DraGhost|Dragapult, F|24/100
|turn|29
|j| ADM02
|
|t:|1757842837
|move|p2a: DraGhost|Hex|p1a: Nokia 3310
|-damage|p1a: Nokia 3310|12/100 psn
|move|p1a: Nokia 3310|Ice Beam|p2a: DraGhost
|-supereffective|p2a: DraGhost
|-damage|p2a: DraGhost|0 fnt
|faint|p2a: DraGhost
|
|win|Tigerballs
|raw|Tigerballs's rating: 1761 &rarr; <strong>1780</strong><br />(+19 for winning)
|raw|Obito 2001's rating: 1741 &rarr; <strong>1722</strong><br />(-19 for losing)
|l|☆Obito 2001
|player|p2|
|l| babyshark974
|l| SSJTien3daysgrace
