|j|☆Gurden
|j|☆tptawillix
|t:|1757942927
|gametype|singles
|player|p1|Gurden|169|1102
|player|p2|tptawillix|170|1120
|gen|9
|tier|[Gen 9] OU
|rated|
|rule|HP Percentage Mod: HP is shown in percentages
|rule|Endless Battle Clause: Forcing endless battles is banned
|rule|Species Clause: Limit one of each Pokémon
|rule|OHKO Clause: OHKO moves are banned
|rule|Evasion Items Clause: Evasion items are banned
|rule|Evasion Moves Clause: Evasion moves are banned
|rule|Evasion Abilities Clause: Evasion abilities are banned
|rule|Sleep Moves Clause: Sleep-inducing moves are banned
|clearpoke
|poke|p1|Primeape, F|
|poke|p1|Kingdra, F|
|poke|p1|Scream Tail|
|poke|p1|Samurott-Hisui, F|
|poke|p1|Arcanine-Hisui, F|
|poke|p1|Bastiodon, M|
|poke|p2|Cinderace, F|
|poke|p2|Araquanid, F|
|poke|p2|Raging Bolt|
|poke|p2|Heatran, F|
|poke|p2|Mimikyu, F|
|poke|p2|Hatterene, F|
|teampreview
|
|t:|1757942948
|teamsize|p1|6
|teamsize|p2|6
|start
|switch|p1a: Kingdra|Kingdra, F|100/100
|switch|p2a: Heatran|Heatran, F|100/100
|turn|1
|
|t:|1757942959
|-terastallize|p2a: Heatran|Grass
|move|p1a: Kingdra|Agility|p1a: Kingdra
|-boost|p1a: Kingdra|spe|2
|move|p2a: Heatran|Stealth Rock|p1a: Kingdra
|-sidestart|p1: Gurden|move: Stealth Rock
|
|upkeep
|turn|2
|
|t:|1757942968
|move|p1a: Kingdra|Focus Energy|p1a: Kingdra
|-start|p1a: Kingdra|move: Focus Energy
|move|p2a: Heatran|Magma Storm|p1a: Kingdra
|-resisted|p1a: Kingdra
|-damage|p1a: Kingdra|87/100
|-activate|p1a: Kingdra|move: Magma Storm|[of] p2a: Heatran
|
|-damage|p1a: Kingdra|75/100|[from] move: Magma Storm|[partiallytrapped]
|upkeep
|turn|3
|
|t:|1757942978
|move|p1a: Kingdra|Draco Meteor|p2a: Heatran|[miss]
|-miss|p1a: Kingdra|p2a: Heatran
|move|p2a: Heatran|Flash Cannon|p1a: Kingdra
|-resisted|p1a: Kingdra
|-damage|p1a: Kingdra|52/100
|-unboost|p1a: Kingdra|spd|1
|
|-damage|p1a: Kingdra|40/100|[from] move: Magma Storm|[partiallytrapped]
|upkeep
|turn|4
|
|t:|1757942991
|switch|p2a: Hatterene|Hatterene, F|100/100
|move|p1a: Kingdra|Draco Meteor|p2a: Hatterene
|-immune|p2a: Hatterene
|
|-end|p1a: Kingdra|Magma Storm|[partiallytrapped]|[silent]
|upkeep
|turn|5
|
|t:|1757943002
|-terastallize|p1a: Kingdra|Steel
|move|p1a: Kingdra|Flash Cannon|p2a: Hatterene
|-supereffective|p2a: Hatterene
|-crit|p2a: Hatterene
|-damage|p2a: Hatterene|0 fnt
|faint|p2a: Hatterene
|
|upkeep
|
|t:|1757943018
|switch|p2a: Araquanid|Araquanid, F|100/100
|turn|6
|
|t:|1757943025
|move|p1a: Kingdra|Draco Meteor|p2a: Araquanid
|-crit|p2a: Araquanid
|-damage|p2a: Araquanid|0 fnt
|-unboost|p1a: Kingdra|spa|2
|faint|p2a: Araquanid
|
|upkeep
|
|t:|1757943034
|switch|p2a: Mimikyu|Mimikyu, F|100/100
|turn|7
|
|t:|1757943038
|move|p1a: Kingdra|Flash Cannon|p2a: Mimikyu
|-activate|p2a: Mimikyu|ability: Disguise
|-damage|p2a: Mimikyu|100/100
|detailschange|p2a: Mimikyu|Mimikyu-Busted, F
|-damage|p2a: Mimikyu|88/100|[from] pokemon: Mimikyu-Busted
|move|p2a: Mimikyu|Swords Dance|p2a: Mimikyu
|-boost|p2a: Mimikyu|atk|2
|
|upkeep
|turn|8
|
|t:|1757943049
|move|p2a: Mimikyu|Shadow Sneak|p1a: Kingdra
|-damage|p1a: Kingdra|0 fnt
|faint|p1a: Kingdra
|-damage|p2a: Mimikyu|78/100|[from] item: Life Orb
|
|upkeep
|
|t:|1757943074
|switch|p1a: Samurott|Samurott-Hisui, F|100/100
|-damage|p1a: Samurott|88/100|[from] Stealth Rock
|turn|9
|
|t:|1757943082
|move|p1a: Samurott|Aqua Cutter|p2a: Mimikyu
|-damage|p2a: Mimikyu|0 fnt
|faint|p2a: Mimikyu
|
|upkeep
|
|t:|1757943092
|switch|p2a: Raging Bolt|Raging Bolt|100/100
|turn|10
|
|t:|1757943099
|switch|p1a: Scream Tail|Scream Tail|100/100
|-damage|p1a: Scream Tail|88/100|[from] Stealth Rock
|-enditem|p1a: Scream Tail|Booster Energy
|-activate|p1a: Scream Tail|ability: Protosynthesis|[fromitem]
|-start|p1a: Scream Tail|protosynthesisspd
|move|p2a: Raging Bolt|Calm Mind|p2a: Raging Bolt
|-boost|p2a: Raging Bolt|spa|1
|-boost|p2a: Raging Bolt|spd|1
|
|upkeep
|turn|11
|
|t:|1757943111
|move|p1a: Scream Tail|Calm Mind|p1a: Scream Tail
|-boost|p1a: Scream Tail|spa|1
|-boost|p1a: Scream Tail|spd|1
|move|p2a: Raging Bolt|Discharge|p1a: Scream Tail
|-damage|p1a: Scream Tail|61/100
|
|upkeep
|turn|12
|
|t:|1757943121
|-end|p2a: Raging Bolt|Protosynthesis|[silent]
|switch|p2a: Heatran|Heatran, F, tera:Grass|100/100
|move|p1a: Scream Tail|Calm Mind|p1a: Scream Tail
|-boost|p1a: Scream Tail|spa|1
|-boost|p1a: Scream Tail|spd|1
|
|upkeep
|turn|13
|
|t:|1757943130
|move|p1a: Scream Tail|Boomburst|p2a: Heatran
|-damage|p2a: Heatran|44/100
|move|p2a: Heatran|Magma Storm|p1a: Scream Tail
|-damage|p1a: Scream Tail|50/100
|-activate|p1a: Scream Tail|move: Magma Storm|[of] p2a: Heatran
|
|-damage|p1a: Scream Tail|38/100|[from] move: Magma Storm|[partiallytrapped]
|upkeep
|turn|14
|
|t:|1757943140
|move|p1a: Scream Tail|Boomburst|p2a: Heatran
|-damage|p2a: Heatran|0 fnt
|faint|p2a: Heatran
|
|-end|p1a: Scream Tail|Magma Storm|[partiallytrapped]|[silent]
|upkeep
|
|t:|1757943146
|switch|p2a: Cinderace|Cinderace, F|100/100
|turn|15
|
|t:|1757943154
|move|p2a: Cinderace|Pyro Ball|p1a: Scream Tail|[miss]
|-miss|p2a: Cinderace|p1a: Scream Tail
|move|p1a: Scream Tail|Psyshock|p2a: Cinderace
|-damage|p2a: Cinderace|20/100
|
|upkeep
|turn|16
|
|t:|1757943162
|move|p2a: Cinderace|Pyro Ball|p1a: Scream Tail
|-crit|p1a: Scream Tail
|-damage|p1a: Scream Tail|0 fnt
|faint|p1a: Scream Tail
|-end|p1a: Scream Tail|Protosynthesis|[silent]
|
|upkeep
|
|t:|1757943167
|switch|p1a: Arcanine|Arcanine-Hisui, F|100/100
|-damage|p1a: Arcanine|76/100|[from] Stealth Rock
|turn|17
|
|t:|1757943172
|move|p1a: Arcanine|Extreme Speed|p2a: Cinderace
|-damage|p2a: Cinderace|0 fnt
|faint|p2a: Cinderace
|
|upkeep
|
|t:|1757943177
|switch|p2a: Raging Bolt|Raging Bolt|100/100
|turn|18
|
|t:|1757943180
|move|p1a: Arcanine|Head Smash|p2a: Raging Bolt
|-crit|p2a: Raging Bolt
|-damage|p2a: Raging Bolt|2/100
|move|p2a: Raging Bolt|Draco Meteor|p1a: Arcanine
|-damage|p1a: Arcanine|0 fnt
|-unboost|p2a: Raging Bolt|spa|2
|faint|p1a: Arcanine
|
|-heal|p2a: Raging Bolt|8/100|[from] item: Leftovers
|upkeep
|
|t:|1757943191
|switch|p1a: Bastiodon|Bastiodon, M|100/100
|-damage|p1a: Bastiodon|94/100|[from] Stealth Rock
|turn|19
|
|t:|1757943196
|move|p2a: Raging Bolt|Draco Meteor|p1a: Bastiodon
|-resisted|p1a: Bastiodon
|-damage|p1a: Bastiodon|80/100
|-unboost|p2a: Raging Bolt|spa|2
|move|p1a: Bastiodon|Metal Burst|p2a: Raging Bolt
|-damage|p2a: Raging Bolt|0 fnt
|faint|p2a: Raging Bolt
|-end|p2a: Raging Bolt|Protosynthesis|[silent]
|
|win|Gurden
|raw|Gurden's rating: 1102 &rarr; <strong>1128</strong><br />(+26 for winning)
|raw|tptawillix's rating: 1120 &rarr; <strong>1094</strong><br />(-26 for losing)
|l|☆tptawillix
|player|p2|
|l|☆Gurden
|player|p1|
