|j|☆lucawk
|j|☆lupiit
|t:|1757916015
|gametype|singles
|player|p1|lucawk|scientist-gen4dp|1319
|player|p2|lupiit|dragontamer|1366
|gen|9
|tier|[Gen 9] OU
|rated|
|rule|HP Percentage Mod: HP is shown in percentages
|rule|Endless Battle Clause: Forcing endless battles is banned
|rule|Species Clause: Limit one of each Pokémon
|rule|OHKO Clause: OHKO moves are banned
|rule|Evasion Items Clause: Evasion items are banned
|rule|Evasion Moves Clause: Evasion moves are banned
|rule|Evasion Abilities Clause: Evasion abilities are banned
|rule|Sleep Moves Clause: Sleep-inducing moves are banned
|clearpoke
|poke|p1|Ogerpon-Wellspring, F|
|poke|p1|Klefki, M|
|poke|p1|Clefable, F|
|poke|p1|Dragonite, M|
|poke|p1|Weavile, M|
|poke|p1|Polteageist|
|poke|p2|Iron Crown|
|poke|p2|Meowscarada, F|
|poke|p2|Great Tusk|
|poke|p2|Pecharunt|
|poke|p2|Ting-Lu|
|poke|p2|Iron Valiant|
|teampreview
|inactive|Battle timer is ON: inactive players will automatically lose when time's up. (requested by lupiit)
|
|t:|1757916024
|teamsize|p1|6
|teamsize|p2|6
|start
|switch|p1a: Klefki|Klefki, M|100/100
|switch|p2a: Iron Crown|Iron Crown|100/100
|turn|1
|
|t:|1757916028
|-end|p2a: Iron Crown|Quark Drive|[silent]
|switch|p2a: Great Tusk|Great Tusk|100/100
|move|p1a: Klefki|Reflect|p1a: Klefki
|-sidestart|p1: lucawk|Reflect
|
|upkeep
|turn|2
|
|t:|1757916046
|switch|p1a: Ogerpon|Ogerpon-Wellspring, F|100/100
|move|p2a: Great Tusk|Headlong Rush|p1a: Ogerpon
|-resisted|p1a: Ogerpon
|-damage|p1a: Ogerpon|83/100
|-unboost|p2a: Great Tusk|def|1
|-unboost|p2a: Great Tusk|spd|1
|
|upkeep
|turn|3
|
|t:|1757916052
|-end|p2a: Great Tusk|Protosynthesis|[silent]
|switch|p2a: Pecharunt|Pecharunt|100/100
|move|p1a: Ogerpon|Swords Dance|p1a: Ogerpon
|-boost|p1a: Ogerpon|atk|2
|
|upkeep
|turn|4
|
|t:|1757916056
|move|p1a: Ogerpon|Ivy Cudgel|p2a: Pecharunt|[anim] Ivy Cudgel Water
|-damage|p2a: Pecharunt|44/100
|move|p2a: Pecharunt|Malignant Chain|p1a: Ogerpon
|-supereffective|p1a: Ogerpon
|-damage|p1a: Ogerpon|13/100
|-status|p1a: Ogerpon|tox
|-start|p1a: Ogerpon|confusion|[from] ability: Poison Puppeteer|[of] p2a: Pecharunt
|
|-damage|p1a: Ogerpon|7/100 tox|[from] psn
|upkeep
|turn|5
|
|t:|1757916062
|-activate|p1a: Ogerpon|confusion
|-damage|p1a: Ogerpon|0 fnt|[from] confusion
|faint|p1a: Ogerpon
|move|p2a: Pecharunt|Recover|p2a: Pecharunt
|-heal|p2a: Pecharunt|94/100
|
|upkeep
|
|t:|1757916066
|switch|p1a: Polteageist|Polteageist|100/100
|turn|6
|
|t:|1757916070
|move|p1a: Polteageist|Shell Smash|p1a: Polteageist
|-unboost|p1a: Polteageist|def|1
|-unboost|p1a: Polteageist|spd|1
|-boost|p1a: Polteageist|atk|2
|-boost|p1a: Polteageist|spa|2
|-boost|p1a: Polteageist|spe|2
|move|p2a: Pecharunt|Malignant Chain|p1a: Polteageist
|-resisted|p1a: Polteageist
|-crit|p1a: Polteageist
|-damage|p1a: Polteageist|58/100
|
|upkeep
|turn|7
|
|t:|1757916080
|switch|p2a: Ting-Lu|Ting-Lu|100/100
|-ability|p2a: Ting-Lu|Vessel of Ruin
|move|p1a: Polteageist|Shadow Ball|p2a: Ting-Lu
|-resisted|p2a: Ting-Lu
|-damage|p2a: Ting-Lu|83/100
|
|-heal|p2a: Ting-Lu|89/100|[from] item: Leftovers
|upkeep
|turn|8
|
|t:|1757916084
|move|p1a: Polteageist|Giga Drain|p2a: Ting-Lu
|-supereffective|p2a: Ting-Lu
|-damage|p2a: Ting-Lu|47/100
|-heal|p1a: Polteageist|99/100|[from] drain|[of] p2a: Ting-Lu
|move|p2a: Ting-Lu|Earthquake|p1a: Polteageist
|-damage|p1a: Polteageist|51/100
|-ability|p1a: Polteageist|Weak Armor|boost
|-unboost|p1a: Polteageist|def|1
|-boost|p1a: Polteageist|spe|2
|
|-heal|p2a: Ting-Lu|54/100|[from] item: Leftovers
|-sideend|p1: lucawk|Reflect
|upkeep
|turn|9
|
|t:|1757916096
|move|p1a: Polteageist|Giga Drain|p2a: Ting-Lu
|-supereffective|p2a: Ting-Lu
|-damage|p2a: Ting-Lu|9/100
|-heal|p1a: Polteageist|94/100|[from] drain|[of] p2a: Ting-Lu
|move|p2a: Ting-Lu|Earthquake|p1a: Polteageist
|-damage|p1a: Polteageist|0 fnt
|faint|p1a: Polteageist
|
|-heal|p2a: Ting-Lu|15/100|[from] item: Leftovers
|upkeep
|
|t:|1757916106
|switch|p1a: Weavile|Weavile, M|100/100
|-ability|p1a: Weavile|Pressure
|turn|10
|
|t:|1757916109
|move|p1a: Weavile|Swords Dance|p1a: Weavile
|-boost|p1a: Weavile|atk|2
|move|p2a: Ting-Lu|Earthquake|p1a: Weavile
|-damage|p1a: Weavile|42/100
|
|-heal|p2a: Ting-Lu|22/100|[from] item: Leftovers
|upkeep
|turn|11
|
|t:|1757916118
|move|p1a: Weavile|Triple Axel|p2a: Ting-Lu
|-supereffective|p2a: Ting-Lu
|-crit|p2a: Ting-Lu
|-damage|p2a: Ting-Lu|0 fnt
|faint|p2a: Ting-Lu
|-hitcount|p2: Ting-Lu|1
|
|upkeep
|
|t:|1757916125
|switch|p2a: Iron Valiant|Iron Valiant|100/100
|-enditem|p2a: Iron Valiant|Booster Energy
|-activate|p2a: Iron Valiant|ability: Quark Drive|[fromitem]
|-start|p2a: Iron Valiant|quarkdrivespe
|turn|12
|
|t:|1757916130
|move|p2a: Iron Valiant|Moonblast|p1a: Weavile
|-supereffective|p1a: Weavile
|-damage|p1a: Weavile|0 fnt
|faint|p1a: Weavile
|
|upkeep
|
|t:|1757916134
|switch|p1a: Klefki|Klefki, M|100/100
|turn|13
|
|t:|1757916136
|move|p1a: Klefki|Thunder Wave|p2a: Iron Valiant
|-status|p2a: Iron Valiant|par
|move|p2a: Iron Valiant|Encore|p1a: Klefki
|-start|p1a: Klefki|Encore
|
|upkeep
|turn|14
|
|t:|1757916144
|-end|p2a: Iron Valiant|Quark Drive|[silent]
|switch|p2a: Iron Crown|Iron Crown|100/100
|switch|p1a: Clefable|Clefable, F|100/100
|
|upkeep
|turn|15
|
|t:|1757916149
|switch|p1a: Klefki|Klefki, M|100/100
|move|p2a: Iron Crown|Tachyon Cutter|p1a: Klefki
|-damage|p1a: Klefki|56/100
|-damage|p1a: Klefki|12/100
|-hitcount|p1a: Klefki|2
|
|upkeep
|turn|16
|
|t:|1757916153
|move|p1a: Klefki|Reflect|p1a: Klefki
|-sidestart|p1: lucawk|Reflect
|move|p2a: Iron Crown|Tachyon Cutter|p1a: Klefki
|-damage|p1a: Klefki|0 fnt
|faint|p1a: Klefki
|-hitcount|p1: Klefki|1
|
|upkeep
|
|t:|1757916156
|switch|p1a: Dragonite|Dragonite, M|100/100
|turn|17
|
|t:|1757916166
|-end|p2a: Iron Crown|Quark Drive|[silent]
|switch|p2a: Pecharunt|Pecharunt|94/100
|move|p1a: Dragonite|Dragon Dance|p1a: Dragonite
|-boost|p1a: Dragonite|atk|1
|-boost|p1a: Dragonite|spe|1
|
|upkeep
|turn|18
|
|t:|1757916173
|move|p1a: Dragonite|Earthquake|p2a: Pecharunt
|-supereffective|p2a: Pecharunt
|-damage|p2a: Pecharunt|33/100
|move|p2a: Pecharunt|Malignant Chain|p1a: Dragonite
|-damage|p1a: Dragonite|84/100
|
|upkeep
|turn|19
|
|t:|1757916178
|move|p1a: Dragonite|Earthquake|p2a: Pecharunt
|-supereffective|p2a: Pecharunt
|-crit|p2a: Pecharunt
|-damage|p2a: Pecharunt|0 fnt
|faint|p2a: Pecharunt
|
|upkeep
|
|t:|1757916195
|switch|p2a: Meowscarada|Meowscarada, F|100/100
|turn|20
|
|t:|1757916200
|move|p1a: Dragonite|Brick Break|p2a: Meowscarada
|-supereffective|p2a: Meowscarada
|-damage|p2a: Meowscarada|0 fnt
|faint|p2a: Meowscarada
|
|upkeep
|
|t:|1757916227
|switch|p2a: Great Tusk|Great Tusk|100/100
|turn|21
|
|t:|1757916230
|move|p1a: Dragonite|Waterfall|p2a: Great Tusk
|-supereffective|p2a: Great Tusk
|-damage|p2a: Great Tusk|39/100
|move|p2a: Great Tusk|Bulk Up|p2a: Great Tusk
|-boost|p2a: Great Tusk|atk|1
|-boost|p2a: Great Tusk|def|1
|
|-heal|p2a: Great Tusk|45/100|[from] item: Leftovers
|upkeep
|turn|22
|
|t:|1757916236
|move|p1a: Dragonite|Waterfall|p2a: Great Tusk
|-supereffective|p2a: Great Tusk
|-damage|p2a: Great Tusk|2/100
|move|p2a: Great Tusk|Headlong Rush|p1a: Dragonite
|-immune|p1a: Dragonite
|
|-heal|p2a: Great Tusk|8/100|[from] item: Leftovers
|upkeep
|turn|23
|
|t:|1757916242
|move|p1a: Dragonite|Waterfall|p2a: Great Tusk
|-supereffective|p2a: Great Tusk
|-damage|p2a: Great Tusk|0 fnt
|faint|p2a: Great Tusk
|-end|p2a: Great Tusk|Protosynthesis|[silent]
|
|-sideend|p1: lucawk|Reflect
|upkeep
|
|t:|1757916244
|switch|p2a: Iron Valiant|Iron Valiant|100/100 par
|turn|24
|
|t:|1757916256
|move|p1a: Dragonite|Waterfall|p2a: Iron Valiant
|-damage|p2a: Iron Valiant|49/100 par
|move|p2a: Iron Valiant|Moonblast|p1a: Dragonite
|-supereffective|p1a: Dragonite
|-damage|p1a: Dragonite|0 fnt
|faint|p1a: Dragonite
|
|upkeep
|
|t:|1757916261
|switch|p1a: Clefable|Clefable, F|100/100
|turn|25
|
|t:|1757916267
|move|p2a: Iron Valiant|Moonblast|p1a: Clefable
|-damage|p1a: Clefable|46/100
|move|p1a: Clefable|Calm Mind|p1a: Clefable
|-boost|p1a: Clefable|spa|1
|-boost|p1a: Clefable|spd|1
|
|-heal|p1a: Clefable|52/100|[from] item: Leftovers
|upkeep
|turn|26
|
|t:|1757916272
|move|p2a: Iron Valiant|Encore|p1a: Clefable
|-start|p1a: Clefable|Encore
|move|p1a: Clefable|Calm Mind|p1a: Clefable
|-boost|p1a: Clefable|spa|1
|-boost|p1a: Clefable|spd|1
|
|-heal|p1a: Clefable|58/100|[from] item: Leftovers
|upkeep
|turn|27
|
|t:|1757916275
|-end|p2a: Iron Valiant|Quark Drive|[silent]
|switch|p2a: Iron Crown|Iron Crown|100/100
|move|p1a: Clefable|Calm Mind|p1a: Clefable
|-boost|p1a: Clefable|spa|1
|-boost|p1a: Clefable|spd|1
|
|-heal|p1a: Clefable|64/100|[from] item: Leftovers
|upkeep
|turn|28
|
|t:|1757916278
|move|p2a: Iron Crown|Tachyon Cutter|p1a: Clefable
|-supereffective|p1a: Clefable
|-damage|p1a: Clefable|29/100
|-supereffective|p1a: Clefable
|-damage|p1a: Clefable|0 fnt
|faint|p1a: Clefable
|-hitcount|p1: Clefable|2
|
|win|lupiit
|raw|lucawk's rating: 1319 &rarr; <strong>1302</strong><br />(-17 for losing)
|raw|lupiit's rating: 1366 &rarr; <strong>1383</strong><br />(+17 for winning)
|l|☆lucawk
|player|p1|
|l|☆lupiit
|player|p2|
