|j|☆Obling
|j|☆lolproplayer
|t:|1757944154
|gametype|singles
|player|p1|Obling|player-go|1634
|player|p2|lolproplayer|pokekid|1601
|gen|9
|tier|[Gen 9] OU
|rated|
|rule|HP Percentage Mod: HP is shown in percentages
|rule|Endless Battle Clause: Forcing endless battles is banned
|rule|Species Clause: Limit one of each Pokémon
|rule|OHKO Clause: OHKO moves are banned
|rule|Evasion Items Clause: Evasion items are banned
|rule|Evasion Moves Clause: Evasion moves are banned
|rule|Evasion Abilities Clause: Evasion abilities are banned
|rule|Sleep Moves Clause: Sleep-inducing moves are banned
|clearpoke
|poke|p1|Kingambit, M|
|poke|p1|Ogerpon-Wellspring, F|
|poke|p1|Latias, F|
|poke|p1|Iron Valiant|
|poke|p1|Iron Moth|
|poke|p1|Azumarill, F|
|poke|p2|Ursaluna, M|
|poke|p2|Cresselia, F|
|poke|p2|Iron Hands|
|poke|p2|Volcanion|
|poke|p2|Hatterene, F|
|poke|p2|Porygon2|
|teampreview
|inactive|Battle timer is ON: inactive players will automatically lose when time's up. (requested by lolproplayer)
|inactive|lolproplayer has 120 seconds left.
|
|t:|1757944188
|teamsize|p1|6
|teamsize|p2|6
|start
|switch|p1a: Azumarill|Azumarill, F|100/100
|switch|p2a: Molester|Volcanion|100/100
|turn|1
|
|t:|1757944193
|move|p1a: Azumarill|Knock Off|p2a: Molester
|-damage|p2a: Molester|68/100
|-enditem|p2a: Molester|Choice Specs|[from] move: Knock Off|[of] p1a: Azumarill
|move|p2a: Molester|Sludge Bomb|p1a: Azumarill
|-supereffective|p1a: Azumarill
|-damage|p1a: Azumarill|53/100
|
|upkeep
|turn|2
|
|t:|1757944210
|move|p1a: Azumarill|Knock Off|p2a: Molester
|-damage|p2a: Molester|44/100
|move|p2a: Molester|Steam Eruption|p1a: Azumarill
|-resisted|p1a: Azumarill
|-damage|p1a: Azumarill|33/100
|
|upkeep
|turn|3
|
|t:|1757944216
|move|p1a: Azumarill|Knock Off|p2a: Molester
|-damage|p2a: Molester|24/100
|move|p2a: Molester|Sludge Bomb|p1a: Azumarill
|-supereffective|p1a: Azumarill
|-damage|p1a: Azumarill|0 fnt
|faint|p1a: Azumarill
|
|upkeep
|
|t:|1757944237
|switch|p1a: Kingambit|Kingambit, M|100/100
|-activate|p1a: Kingambit|ability: Supreme Overlord
|-start|p1a: Kingambit|fallen1|[silent]
|turn|4
|
|t:|1757944258
|switch|p2a: Neckless|Porygon2|100/100
|-ability|p2a: Neckless|Download|boost
|-boost|p2a: Neckless|spa|1
|move|p1a: Kingambit|Kowtow Cleave|p2a: Neckless
|-damage|p2a: Neckless|56/100
|
|upkeep
|turn|5
|
|t:|1757944269
|move|p1a: Kingambit|Swords Dance|p1a: Kingambit
|-boost|p1a: Kingambit|atk|2
|move|p2a: Neckless|Trick Room|p2a: Neckless
|-fieldstart|move: Trick Room|[of] p2a: Neckless
|
|upkeep
|turn|6
|
|t:|1757944284
|switch|p2a: Iron Hands|Iron Hands|100/100
|-enditem|p2a: Iron Hands|Booster Energy
|-activate|p2a: Iron Hands|ability: Quark Drive|[fromitem]
|-start|p2a: Iron Hands|quarkdriveatk
|move|p1a: Kingambit|Kowtow Cleave|p2a: Iron Hands
|-resisted|p2a: Iron Hands
|-damage|p2a: Iron Hands|58/100
|
|upkeep
|turn|7
|
|t:|1757944301
|-end|p1a: Kingambit|fallen1|[silent]
|switch|p1a: Iron Moth|Iron Moth|100/100
|-enditem|p1a: Iron Moth|Booster Energy
|-activate|p1a: Iron Moth|ability: Quark Drive|[fromitem]
|-start|p1a: Iron Moth|quarkdrivespa
|move|p2a: Iron Hands|Drain Punch|p1a: Iron Moth
|-resisted|p1a: Iron Moth
|-damage|p1a: Iron Moth|53/100
|-heal|p2a: Iron Hands|74/100|[from] drain|[of] p1a: Iron Moth
|
|upkeep
|turn|8
|
|t:|1757944311
|move|p2a: Iron Hands|Wild Charge|p1a: Iron Moth
|-damage|p1a: Iron Moth|0 fnt
|faint|p1a: Iron Moth
|-end|p1a: Iron Moth|Quark Drive|[silent]
|-damage|p2a: Iron Hands|65/100|[from] Recoil
|
|upkeep
|
|t:|1757944321
|switch|p1a: Ogerpon|Ogerpon-Wellspring, F|100/100
|turn|9
|
|t:|1757944328
|move|p2a: Iron Hands|Wild Charge|p1a: Ogerpon
|-damage|p1a: Ogerpon|8/100
|-damage|p2a: Iron Hands|52/100|[from] Recoil
|move|p1a: Ogerpon|Swords Dance|p1a: Ogerpon
|-boost|p1a: Ogerpon|atk|2
|
|-fieldend|move: Trick Room
|upkeep
|turn|10
|
|t:|1757944337
|move|p1a: Ogerpon|Horn Leech|p2a: Iron Hands
|-damage|p2a: Iron Hands|0 fnt
|-heal|p1a: Ogerpon|52/100|[from] drain|[of] p2a: Iron Hands
|faint|p2a: Iron Hands
|-end|p2a: Iron Hands|Quark Drive|[silent]
|
|upkeep
|
|t:|1757944345
|switch|p2a: queer|Hatterene, F|100/100
|turn|11
|
|t:|1757944349
|move|p1a: Ogerpon|Ivy Cudgel|p2a: queer|[anim] Ivy Cudgel Water
|-enditem|p2a: queer|Focus Sash
|-damage|p2a: queer|1/100
|move|p2a: queer|Trick Room|p2a: queer
|-fieldstart|move: Trick Room|[of] p2a: queer
|
|upkeep
|turn|12
|
|t:|1757944357
|move|p2a: queer|Healing Wish|p2a: queer
|faint|p2a: queer
|move|p1a: Ogerpon|Horn Leech|p2: queer|[notarget]
|-fail|p1a: Ogerpon
|
|upkeep
|
|t:|1757944375
|switch|p2a: Molester|Volcanion|24/100
|-heal|p2a: Molester|100/100|[from] move: Healing Wish
|turn|13
|
|t:|1757944379
|move|p2a: Molester|Sludge Bomb|p1a: Ogerpon
|-supereffective|p1a: Ogerpon
|-damage|p1a: Ogerpon|0 fnt
|faint|p1a: Ogerpon
|
|upkeep
|
|t:|1757944385
|switch|p1a: Latias|Latias, F|100/100
|turn|14
|
|t:|1757944398
|switch|p2a: AssFrasser|Ursaluna, M|100/100
|move|p1a: Latias|Calm Mind|p1a: Latias
|-boost|p1a: Latias|spa|1
|-boost|p1a: Latias|spd|1
|
|-status|p2a: AssFrasser|brn|[from] item: Flame Orb
|upkeep
|turn|15
|
|t:|1757944409
|-terastallize|p2a: AssFrasser|Normal
|move|p2a: AssFrasser|Facade|p1a: Latias
|-damage|p1a: Latias|0 fnt
|faint|p1a: Latias
|
|-damage|p2a: AssFrasser|94/100 brn|[from] brn
|-fieldend|move: Trick Room
|upkeep
|
|t:|1757944418
|switch|p1a: Iron Valiant|Iron Valiant|100/100
|-enditem|p1a: Iron Valiant|Booster Energy
|-activate|p1a: Iron Valiant|ability: Quark Drive|[fromitem]
|-start|p1a: Iron Valiant|quarkdrivespe
|turn|16
|
|t:|1757944426
|switch|p2a: Moonboy|Cresselia, F, shiny|100/100
|move|p1a: Iron Valiant|Close Combat|p2a: Moonboy
|-resisted|p2a: Moonboy
|-damage|p2a: Moonboy|82/100
|-unboost|p1a: Iron Valiant|def|1
|-unboost|p1a: Iron Valiant|spd|1
|
|upkeep
|turn|17
|
|t:|1757944444
|move|p1a: Iron Valiant|Knock Off|p2a: Moonboy
|-supereffective|p2a: Moonboy
|-damage|p2a: Moonboy|45/100
|-enditem|p2a: Moonboy|Mental Herb|[from] move: Knock Off|[of] p1a: Iron Valiant
|move|p2a: Moonboy|Trick Room|p2a: Moonboy
|-fieldstart|move: Trick Room|[of] p2a: Moonboy
|
|upkeep
|turn|18
|
|t:|1757944452
|move|p2a: Moonboy|Lunar Dance|p2a: Moonboy
|faint|p2a: Moonboy
|move|p1a: Iron Valiant|Encore|p2: Moonboy|[notarget]
|-fail|p1a: Iron Valiant
|
|upkeep
|
|t:|1757944471
|switch|p2a: Molester|Volcanion|100/100
|-heal|p2a: Molester|100/100|[from] move: Lunar Dance
|turn|19
|
|t:|1757944477
|move|p2a: Molester|Steam Eruption|p1a: Iron Valiant
|-damage|p1a: Iron Valiant|0 fnt
|faint|p1a: Iron Valiant
|-end|p1a: Iron Valiant|Quark Drive|[silent]
|
|upkeep
|
|t:|1757944479
|switch|p1a: Kingambit|Kingambit, M|100/100
|-activate|p1a: Kingambit|ability: Supreme Overlord
|-start|p1a: Kingambit|fallen5|[silent]
|turn|20
|
|t:|1757944490
|-terastallize|p1a: Kingambit|Dark
|move|p2a: Molester|Steam Eruption|p1a: Kingambit
|-damage|p1a: Kingambit|27/100
|move|p1a: Kingambit|Swords Dance|p1a: Kingambit
|-boost|p1a: Kingambit|atk|2
|
|upkeep
|turn|21
|
|t:|1757944499
|move|p1a: Kingambit|Sucker Punch|p2a: Molester
|-damage|p2a: Molester|0 fnt
|faint|p2a: Molester
|
|-fieldend|move: Trick Room
|upkeep
|
|t:|1757944504
|switch|p2a: AssFrasser|Ursaluna, M, tera:Normal|94/100 brn
|turn|22
|
|t:|1757944509
|move|p1a: Kingambit|Kowtow Cleave|p2a: AssFrasser
|-damage|p2a: AssFrasser|0 fnt
|faint|p2a: AssFrasser
|
|upkeep
|-message|lolproplayer forfeited.
|
|win|Obling
|raw|Obling's rating: 1634 &rarr; <strong>1652</strong><br />(+18 for winning)
|raw|lolproplayer's rating: 1601 &rarr; <strong>1583</strong><br />(-18 for losing)
|l|☆lolproplayer
|player|p2|
|l|☆Obling
|player|p1|
