|inactive|Battle timer is ON: inactive players will automatically lose when time's up.
|t:|1757878851
|gametype|singles
|player|p1|tonkaman|#wcop2025africa|
|player|p2|Ineros|irida|
|gen|9
|tier|[Gen 9] OU
|rule|HP Percentage Mod: HP is shown in percentages
|rule|Endless Battle Clause: Forcing endless battles is banned
|rule|Species Clause: Limit one of each Pokémon
|rule|OHKO Clause: OHKO moves are banned
|rule|Evasion Items Clause: Evasion items are banned
|rule|Evasion Moves Clause: Evasion moves are banned
|rule|Evasion Abilities Clause: Evasion abilities are banned
|rule|Sleep Moves Clause: Sleep-inducing moves are banned
|clearpoke
|poke|p1|Cinderace, M|
|poke|p1|Great Tusk|
|poke|p1|Kyurem|
|poke|p1|Dragonite, M|
|poke|p1|Gholdengo|
|poke|p1|Samurott-Hisui, F|
|poke|p2|Gliscor, F|
|poke|p2|Ting-Lu|
|poke|p2|Gholdengo|
|poke|p2|Slither Wing|
|poke|p2|Walking Wake|
|poke|p2|Pecharunt|
|teampreview
|c|☆Ineros|hf
|c|☆tonkaman|U2
|inactive|Ineros has 270 seconds left.
|
|t:|1757878901
|teamsize|p1|6
|teamsize|p2|6
|start
|switch|p1a: Kyurem|Kyurem|100/100
|switch|p2a: Walking Wake|Walking Wake|100/100
|-ability|p1a: Kyurem|Pressure
|turn|1
|
|t:|1757878921
|switch|p1a: Gholdengo|Gholdengo|100/100
|move|p2a: Walking Wake|Flip Turn|p1a: Gholdengo
|-damage|p1a: Gholdengo|84/100
|
|t:|1757878948
|-end|p2a: Walking Wake|Protosynthesis|[silent]
|switch|p2a: Ting-Lu|Ting-Lu|100/100|[from] Flip Turn
|-ability|p2a: Ting-Lu|Vessel of Ruin
|
|upkeep
|turn|2
|
|t:|1757878959
|switch|p1a: Kyurem|Kyurem|100/100
|-ability|p1a: Kyurem|Pressure
|switch|p2a: Gholdengo|Gholdengo|100/100
|
|upkeep
|turn|3
|
|t:|1757878964
|switch|p1a: Samurott|Samurott-Hisui, F|100/100
|move|p2a: Gholdengo|Make It Rain|p1a: Samurott
|-resisted|p1a: Samurott
|-damage|p1a: Samurott|77/100
|-unboost|p2a: Gholdengo|spa|1
|
|upkeep
|turn|4
|
|t:|1757878989
|switch|p2a: Slither Wing|Slither Wing|100/100
|move|p1a: Samurott|Razor Shell|p2a: Slither Wing
|-damage|p2a: Slither Wing|64/100
|
|upkeep
|turn|5
|
|t:|1757878993
|switch|p1a: Great Tusk|Great Tusk|100/100
|move|p2a: Slither Wing|Morning Sun|p2a: Slither Wing
|-heal|p2a: Slither Wing|100/100
|
|upkeep
|turn|6
|
|t:|1757878995
|move|p1a: Great Tusk|Stealth Rock|p2a: Slither Wing
|-sidestart|p2: Ineros|move: Stealth Rock
|move|p2a: Slither Wing|Will-O-Wisp|p1a: Great Tusk
|-status|p1a: Great Tusk|brn
|
|-damage|p1a: Great Tusk|94/100 brn|[from] brn
|upkeep
|turn|7
|
|t:|1757879002
|move|p1a: Great Tusk|Knock Off|p2a: Slither Wing
|-resisted|p2a: Slither Wing
|-crit|p2a: Slither Wing
|-damage|p2a: Slither Wing|90/100
|-enditem|p2a: Slither Wing|Heavy-Duty Boots|[from] move: Knock Off|[of] p1a: Great Tusk
|move|p2a: Slither Wing|U-turn|p1a: Great Tusk
|-resisted|p1a: Great Tusk
|-damage|p1a: Great Tusk|82/100 brn
|-damage|p2a: Slither Wing|73/100|[from] item: Rocky Helmet|[of] p1a: Great Tusk
|
|t:|1757879005
|-end|p2a: Slither Wing|Protosynthesis|[silent]
|switch|p2a: Walking Wake|Walking Wake|100/100|[from] U-turn
|
|-damage|p1a: Great Tusk|76/100 brn|[from] brn
|upkeep
|turn|8
|
|t:|1757879010
|-end|p1a: Great Tusk|Protosynthesis|[silent]
|switch|p1a: Gholdengo|Gholdengo|84/100
|move|p2a: Walking Wake|Knock Off|p1a: Gholdengo
|-supereffective|p1a: Gholdengo
|-damage|p1a: Gholdengo|44/100
|-enditem|p1a: Gholdengo|Choice Scarf|[from] move: Knock Off|[of] p2a: Walking Wake
|
|upkeep
|turn|9
|
|t:|1757879020
|switch|p1a: Samurott|Samurott-Hisui, F|77/100
|move|p2a: Walking Wake|Surf|p1a: Samurott
|-resisted|p1a: Samurott
|-damage|p1a: Samurott|60/100
|
|upkeep
|turn|10
|
|t:|1757879030
|move|p2a: Walking Wake|Flip Turn|p1a: Samurott
|-resisted|p1a: Samurott
|-damage|p1a: Samurott|51/100
|
|t:|1757879031
|-end|p2a: Walking Wake|Protosynthesis|[silent]
|switch|p2a: Slither Wing|Slither Wing|73/100|[from] Flip Turn
|-damage|p2a: Slither Wing|61/100|[from] Stealth Rock
|move|p1a: Samurott|Ceaseless Edge|p2a: Slither Wing
|-resisted|p2a: Slither Wing
|-damage|p2a: Slither Wing|44/100
|-sidestart|p2: Ineros|Spikes
|
|upkeep
|turn|11
|
|t:|1757879050
|switch|p1a: Great Tusk|Great Tusk|76/100 brn
|move|p2a: Slither Wing|Morning Sun|p2a: Slither Wing
|-heal|p2a: Slither Wing|94/100
|
|-damage|p1a: Great Tusk|70/100 brn|[from] brn
|upkeep
|turn|12
|inactive|Ineros has 270 seconds left.
|
|t:|1757879092
|move|p1a: Great Tusk|Knock Off|p2a: Slither Wing
|-resisted|p2a: Slither Wing
|-damage|p2a: Slither Wing|89/100
|move|p2a: Slither Wing|U-turn|p1a: Great Tusk
|-resisted|p1a: Great Tusk
|-damage|p1a: Great Tusk|58/100 brn
|-damage|p2a: Slither Wing|73/100|[from] item: Rocky Helmet|[of] p1a: Great Tusk
|
|t:|1757879105
|-end|p2a: Slither Wing|Protosynthesis|[silent]
|switch|p2a: Walking Wake|Walking Wake|100/100|[from] U-turn
|
|-damage|p1a: Great Tusk|52/100 brn|[from] brn
|upkeep
|turn|13
|
|t:|1757879123
|-end|p1a: Great Tusk|Protosynthesis|[silent]
|switch|p1a: Cinderace|Cinderace, M|100/100
|move|p2a: Walking Wake|Surf|p1a: Cinderace
|-supereffective|p1a: Cinderace
|-damage|p1a: Cinderace|0 fnt
|faint|p1a: Cinderace
|
|upkeep
|
|t:|1757879133
|switch|p1a: Samurott|Samurott-Hisui, F|51/100
|turn|14
|
|t:|1757879142
|move|p2a: Walking Wake|Flip Turn|p1a: Samurott
|-resisted|p1a: Samurott
|-damage|p1a: Samurott|42/100
|
|t:|1757879143
|-end|p2a: Walking Wake|Protosynthesis|[silent]
|switch|p2a: Slither Wing|Slither Wing|73/100|[from] Flip Turn
|-damage|p2a: Slither Wing|60/100|[from] Stealth Rock
|-damage|p2a: Slither Wing|48/100|[from] Spikes
|move|p1a: Samurott|Razor Shell|p2a: Slither Wing
|-damage|p2a: Slither Wing|9/100
|-unboost|p2a: Slither Wing|def|1
|
|upkeep
|turn|15
|
|t:|1757879146
|move|p2a: Slither Wing|First Impression|p1a: Samurott
|-supereffective|p1a: Samurott
|-damage|p1a: Samurott|0 fnt
|faint|p1a: Samurott
|
|upkeep
|
|t:|1757879151
|switch|p1a: Rick P|Dragonite, M|100/100
|turn|16
|
|t:|1757879156
|move|p1a: Rick P|Extreme Speed|p2a: Slither Wing
|-damage|p2a: Slither Wing|0 fnt
|faint|p2a: Slither Wing
|-end|p2a: Slither Wing|Protosynthesis|[silent]
|
|upkeep
|
|t:|1757879162
|switch|p2a: Pecharunt|Pecharunt|100/100
|turn|17
|
|t:|1757879167
|switch|p1a: Gholdengo|Gholdengo|44/100
|move|p2a: Pecharunt|Malignant Chain|p1a: Gholdengo
|-immune|p1a: Gholdengo
|
|upkeep
|turn|18
|
|t:|1757879172
|switch|p1a: Kyurem|Kyurem|100/100
|-ability|p1a: Kyurem|Pressure
|switch|p2a: Ting-Lu|Ting-Lu|100/100
|-damage|p2a: Ting-Lu|94/100|[from] Stealth Rock
|-damage|p2a: Ting-Lu|82/100|[from] Spikes
|-ability|p2a: Ting-Lu|Vessel of Ruin
|
|-heal|p2a: Ting-Lu|88/100|[from] item: Leftovers
|upkeep
|turn|19
|
|t:|1757879187
|move|p1a: Kyurem|Earth Power|p2a: Ting-Lu
|-damage|p2a: Ting-Lu|68/100
|move|p2a: Ting-Lu|Stealth Rock|p1a: Kyurem
|-sidestart|p1: tonkaman|move: Stealth Rock
|
|-heal|p2a: Ting-Lu|74/100|[from] item: Leftovers
|upkeep
|turn|20
|
|t:|1757879205
|switch|p1a: Great Tusk|Great Tusk|52/100 brn
|-damage|p1a: Great Tusk|49/100 brn|[from] Stealth Rock
|move|p2a: Ting-Lu|Whirlwind|p1a: Great Tusk
|-end|p1a: Great Tusk|Protosynthesis|[silent]
|drag|p1a: Gholdengo|Gholdengo|44/100
|-damage|p1a: Gholdengo|38/100|[from] Stealth Rock
|
|-heal|p2a: Ting-Lu|80/100|[from] item: Leftovers
|upkeep
|turn|21
|
|t:|1757879211
|move|p1a: Gholdengo|Trick|p2a: Ting-Lu
|-activate|p1a: Gholdengo|move: Trick|[of] p2a: Ting-Lu
|-enditem|p2a: Ting-Lu|Leftovers|[silent]|[from] move: Trick
|-item|p1a: Gholdengo|Leftovers|[from] move: Trick
|move|p2a: Ting-Lu|Spikes|p1a: Gholdengo
|-sidestart|p1: tonkaman|Spikes
|
|-heal|p1a: Gholdengo|44/100|[from] item: Leftovers
|upkeep
|turn|22
|
|t:|1757879214
|switch|p1a: Great Tusk|Great Tusk|49/100 brn
|-damage|p1a: Great Tusk|46/100 brn|[from] Stealth Rock
|-damage|p1a: Great Tusk|34/100 brn|[from] Spikes
|move|p2a: Ting-Lu|Ruination|p1a: Great Tusk
|-damage|p1a: Great Tusk|17/100 brn
|
|-damage|p1a: Great Tusk|11/100 brn|[from] brn
|upkeep
|turn|23
|
|t:|1757879219
|switch|p2a: Pecharunt|Pecharunt|100/100
|move|p1a: Great Tusk|Knock Off|p2a: Pecharunt
|-supereffective|p2a: Pecharunt
|-damage|p2a: Pecharunt|83/100
|-enditem|p2a: Pecharunt|Heavy-Duty Boots|[from] move: Knock Off|[of] p1a: Great Tusk
|
|-damage|p1a: Great Tusk|5/100 brn|[from] brn
|upkeep
|turn|24
|
|t:|1757879225
|move|p1a: Great Tusk|Headlong Rush|p2a: Pecharunt
|-supereffective|p2a: Pecharunt
|-damage|p2a: Pecharunt|53/100
|-unboost|p1a: Great Tusk|def|1
|-unboost|p1a: Great Tusk|spd|1
|move|p2a: Pecharunt|Recover|p2a: Pecharunt
|-heal|p2a: Pecharunt|100/100
|
|-damage|p1a: Great Tusk|0 fnt|[from] brn
|faint|p1a: Great Tusk
|-end|p1a: Great Tusk|Protosynthesis|[silent]
|upkeep
|
|t:|1757879236
|switch|p1a: Gholdengo|Gholdengo|44/100
|-damage|p1a: Gholdengo|38/100|[from] Stealth Rock
|-damage|p1a: Gholdengo|26/100|[from] Spikes
|turn|25
|
|t:|1757879247
|switch|p2a: Ting-Lu|Ting-Lu|80/100
|-damage|p2a: Ting-Lu|74/100|[from] Stealth Rock
|-damage|p2a: Ting-Lu|62/100|[from] Spikes
|-ability|p2a: Ting-Lu|Vessel of Ruin
|move|p1a: Gholdengo|Shadow Ball|p2a: Ting-Lu
|-resisted|p2a: Ting-Lu
|-damage|p2a: Ting-Lu|53/100
|
|-heal|p1a: Gholdengo|32/100|[from] item: Leftovers
|upkeep
|turn|26
|
|t:|1757879251
|move|p1a: Gholdengo|Focus Blast|p2a: Ting-Lu|[miss]
|-miss|p1a: Gholdengo|p2a: Ting-Lu
|move|p2a: Ting-Lu|Ruination|p1a: Gholdengo
|-damage|p1a: Gholdengo|16/100
|
|-heal|p1a: Gholdengo|22/100|[from] item: Leftovers
|upkeep
|turn|27
|
|t:|1757879253
|move|p1a: Gholdengo|Focus Blast|p2a: Ting-Lu|[miss]
|-miss|p1a: Gholdengo|p2a: Ting-Lu
|move|p2a: Ting-Lu|Ruination|p1a: Gholdengo
|-damage|p1a: Gholdengo|11/100
|
|-heal|p1a: Gholdengo|17/100|[from] item: Leftovers
|upkeep
|turn|28
|
|t:|1757879256
|move|p1a: Gholdengo|Focus Blast|p2a: Ting-Lu
|-supereffective|p2a: Ting-Lu
|-damage|p2a: Ting-Lu|20/100
|move|p2a: Ting-Lu|Spikes|p1a: Gholdengo
|-sidestart|p1: tonkaman|Spikes
|
|-heal|p1a: Gholdengo|23/100|[from] item: Leftovers
|upkeep
|turn|29
|
|t:|1757879258
|move|p1a: Gholdengo|Focus Blast|p2a: Ting-Lu|[miss]
|-miss|p1a: Gholdengo|p2a: Ting-Lu
|move|p2a: Ting-Lu|Spikes|p1a: Gholdengo
|-sidestart|p1: tonkaman|Spikes
|
|-heal|p1a: Gholdengo|29/100|[from] item: Leftovers
|upkeep
|turn|30
|
|t:|1757879262
|move|p1a: Gholdengo|Focus Blast|p2a: Ting-Lu
|-supereffective|p2a: Ting-Lu
|-damage|p2a: Ting-Lu|0 fnt
|faint|p2a: Ting-Lu
|
|-heal|p1a: Gholdengo|35/100|[from] item: Leftovers
|upkeep
|inactive|Ineros has 270 seconds left.
|
|t:|1757879297
|switch|p2a: Walking Wake|Walking Wake|100/100
|turn|31
|
|t:|1757879299
|move|p2a: Walking Wake|Surf|p1a: Gholdengo
|-damage|p1a: Gholdengo|0 fnt
|faint|p1a: Gholdengo
|
|upkeep
|
|t:|1757879305
|switch|p1a: Rick P|Dragonite, M|100/100
|-damage|p1a: Rick P|76/100|[from] Stealth Rock
|turn|32
|
|t:|1757879333
|-terastallize|p1a: Rick P|Fire
|move|p2a: Walking Wake|Flip Turn|p1a: Rick P
|-supereffective|p1a: Rick P
|-damage|p1a: Rick P|42/100
|
|t:|1757879337
|-end|p2a: Walking Wake|Protosynthesis|[silent]
|switch|p2a: Pecharunt|Pecharunt|100/100|[from] Flip Turn
|-damage|p2a: Pecharunt|88/100|[from] Stealth Rock
|-damage|p2a: Pecharunt|76/100|[from] Spikes
|move|p1a: Rick P|Dragon Dance|p1a: Rick P
|-boost|p1a: Rick P|atk|1
|-boost|p1a: Rick P|spe|1
|
|upkeep
|turn|33
|
|t:|1757879348
|-terastallize|p2a: Pecharunt|Dark
|move|p1a: Rick P|Scale Shot|p2a: Pecharunt
|-damage|p2a: Pecharunt|65/100
|-damage|p2a: Pecharunt|54/100
|-damage|p2a: Pecharunt|44/100
|-damage|p2a: Pecharunt|34/100
|-damage|p2a: Pecharunt|24/100
|-hitcount|p2a: Pecharunt|5
|-unboost|p1a: Rick P|def|1
|-boost|p1a: Rick P|spe|1
|move|p2a: Pecharunt|Foul Play|p1a: Rick P
|-damage|p1a: Rick P|0 fnt
|faint|p1a: Rick P
|
|upkeep
|
|t:|1757879355
|switch|p1a: Kyurem|Kyurem|100/100
|-damage|p1a: Kyurem|76/100|[from] Stealth Rock
|-damage|p1a: Kyurem|51/100|[from] Spikes
|-ability|p1a: Kyurem|Pressure
|turn|34
|
|t:|1757879364
|move|p1a: Kyurem|Freeze-Dry|p2a: Pecharunt
|-damage|p2a: Pecharunt|0 fnt
|faint|p2a: Pecharunt
|
|upkeep
|
|t:|1757879366
|switch|p2a: Gholdengo|Gholdengo|100/100
|-damage|p2a: Gholdengo|94/100|[from] Stealth Rock
|-damage|p2a: Gholdengo|82/100|[from] Spikes
|turn|35
|
|t:|1757879367
|move|p2a: Gholdengo|Make It Rain|p1a: Kyurem
|-supereffective|p1a: Kyurem
|-damage|p1a: Kyurem|0 fnt
|-unboost|p2a: Gholdengo|spa|1
|faint|p1a: Kyurem
|
|win|Ineros
|c|☆Ineros|gg
|c|☆tonkaman|Gg
