|j|☆zhuangmou
|j|☆KingPikaPika
|t:|1757948627
|gametype|singles
|player|p1|zhuangmou|red|1802
|player|p2|KingPikaPika|pokekid|1778
|gen|9
|tier|[Gen 9] OU
|rated|
|rule|HP Percentage Mod: HP is shown in percentages
|rule|Endless Battle Clause: Forcing endless battles is banned
|rule|Species Clause: Limit one of each Pokémon
|rule|OHKO Clause: OHKO moves are banned
|rule|Evasion Items Clause: Evasion items are banned
|rule|Evasion Moves Clause: Evasion moves are banned
|rule|Evasion Abilities Clause: Evasion abilities are banned
|rule|Sleep Moves Clause: Sleep-inducing moves are banned
|clearpoke
|poke|p1|Darkrai|
|poke|p1|Great Tusk|
|poke|p1|Landorus-Therian, M|
|poke|p1|Dragapult, F|
|poke|p1|Heatran, M|
|poke|p1|Primarina, F|
|poke|p2|Landorus-Therian, M|
|poke|p2|Clefable, M|
|poke|p2|Iron Treads|
|poke|p2|Raging Bolt|
|poke|p2|Ceruledge, F|
|poke|p2|Darkrai|
|teampreview
|inactive|Battle timer is ON: inactive players will automatically lose when time's up. (requested by zhuangmou)
|j| Dionysos
|l| Dionysos
|inactive|zhuangmou has 120 seconds left.
|
|t:|1757948659
|teamsize|p1|6
|teamsize|p2|6
|start
|switch|p1a: Primarina|Primarina, F, shiny|100/100
|switch|p2a: Iron Treads|Iron Treads|100/100
|-enditem|p2a: Iron Treads|Booster Energy
|-activate|p2a: Iron Treads|ability: Quark Drive|[fromitem]
|-start|p2a: Iron Treads|quarkdrivespe
|turn|1
|
|t:|1757948681
|move|p2a: Iron Treads|Stealth Rock|p1a: Primarina
|-sidestart|p1: zhuangmou|move: Stealth Rock
|move|p1a: Primarina|Psychic Noise|p2a: Iron Treads
|-supereffective|p2a: Iron Treads
|-damage|p2a: Iron Treads|0 fnt
|faint|p2a: Iron Treads
|-end|p2a: Iron Treads|Quark Drive|[silent]
|
|upkeep
|
|t:|1757948690
|switch|p2a: Raging Bolt|Raging Bolt|100/100
|-enditem|p2a: Raging Bolt|Booster Energy
|-activate|p2a: Raging Bolt|ability: Protosynthesis|[fromitem]
|-start|p2a: Raging Bolt|protosynthesisspa
|turn|2
|j| just-jaype
|
|t:|1757948707
|switch|p1a: Great Tusk|Great Tusk, shiny|100/100
|move|p2a: Raging Bolt|Thunderbolt|p1a: Great Tusk
|-immune|p1a: Great Tusk
|
|upkeep
|turn|3
|l| just-jaype
|
|t:|1757948718
|move|p1a: Great Tusk|Headlong Rush|p2a: Raging Bolt
|-supereffective|p2a: Raging Bolt
|-damage|p2a: Raging Bolt|0 fnt
|-unboost|p1a: Great Tusk|def|1
|-unboost|p1a: Great Tusk|spd|1
|faint|p2a: Raging Bolt
|-end|p2a: Raging Bolt|Protosynthesis|[silent]
|
|upkeep
|
|t:|1757948722
|switch|p2a: Ceruledge|Ceruledge, F|100/100
|turn|4
|j| Dionysos
|l| Dionysos
|
|t:|1757948741
|-end|p1a: Great Tusk|Protosynthesis|[silent]
|switch|p1a: Landorus|Landorus-Therian, M|100/100
|-damage|p1a: Landorus|88/100|[from] Stealth Rock
|-ability|p1a: Landorus|Intimidate|boost
|-unboost|p2a: Ceruledge|atk|1
|move|p2a: Ceruledge|Swords Dance|p2a: Ceruledge
|-boost|p2a: Ceruledge|atk|2
|
|upkeep
|turn|5
|
|t:|1757948747
|move|p2a: Ceruledge|Swords Dance|p2a: Ceruledge
|-boost|p2a: Ceruledge|atk|2
|move|p1a: Landorus|Psychic|p2a: Ceruledge
|-damage|p2a: Ceruledge|77/100
|
|upkeep
|turn|6
|
|t:|1757948752
|move|p2a: Ceruledge|Bitter Blade|p1a: Landorus
|-damage|p1a: Landorus|6/100
|-heal|p2a: Ceruledge|100/100|[from] drain|[of] p1a: Landorus
|-damage|p2a: Ceruledge|84/100|[from] item: Rocky Helmet|[of] p1a: Landorus
|move|p1a: Landorus|Earthquake|p2a: Ceruledge
|-supereffective|p2a: Ceruledge
|-damage|p2a: Ceruledge|0 fnt
|faint|p2a: Ceruledge
|
|upkeep
|
|t:|1757948761
|switch|p2a: Darkrai|Darkrai|100/100
|turn|7
|
|t:|1757948768
|move|p2a: Darkrai|Dark Pulse|p1a: Landorus
|-damage|p1a: Landorus|0 fnt
|faint|p1a: Landorus
|
|upkeep
|
|t:|1757948774
|switch|p1a: Primarina|Primarina, F, shiny|100/100
|-damage|p1a: Primarina|88/100|[from] Stealth Rock
|turn|8
|
|t:|1757948778
|move|p2a: Darkrai|Dark Pulse|p1a: Primarina
|-resisted|p1a: Primarina
|-crit|p1a: Primarina
|-damage|p1a: Primarina|73/100
|move|p1a: Primarina|Moonblast|p2a: Darkrai
|-supereffective|p2a: Darkrai
|-crit|p2a: Darkrai
|-damage|p2a: Darkrai|0 fnt
|faint|p2a: Darkrai
|
|upkeep
|
|t:|1757948781
|switch|p2a: Clefable|Clefable, M|100/100
|turn|9
|
|t:|1757948787
|move|p1a: Primarina|Psychic Noise|p2a: Clefable
|-damage|p2a: Clefable|70/100
|-start|p2a: Clefable|move: Heal Block
|move|p2a: Clefable|Calm Mind|p2a: Clefable
|-boost|p2a: Clefable|spa|1
|-boost|p2a: Clefable|spd|1
|
|upkeep
|turn|10
|
|t:|1757948809
|move|p1a: Primarina|Flip Turn|p2a: Clefable
|-damage|p2a: Clefable|60/100
|
|t:|1757948813
|switch|p1a: Heatran|Heatran, M|100/100|[from] Flip Turn
|-damage|p1a: Heatran|88/100|[from] Stealth Rock
|move|p2a: Clefable|Moonblast|p1a: Heatran
|-resisted|p1a: Heatran
|-damage|p1a: Heatran|80/100
|-unboost|p1a: Heatran|spa|1
|
|-heal|p1a: Heatran|86/100|[from] item: Leftovers
|-end|p2a: Clefable|move: Heal Block
|upkeep
|turn|11
|
|t:|1757948823
|move|p1a: Heatran|Magma Storm|p2a: Clefable
|-damage|p2a: Clefable|26/100
|-activate|p2a: Clefable|move: Magma Storm|[of] p1a: Heatran
|move|p2a: Clefable|Cosmic Power|p2a: Clefable
|-boost|p2a: Clefable|def|1
|-boost|p2a: Clefable|spd|1
|
|-heal|p1a: Heatran|92/100|[from] item: Leftovers
|-heal|p2a: Clefable|32/100|[from] item: Leftovers
|-damage|p2a: Clefable|20/100|[from] move: Magma Storm|[partiallytrapped]
|upkeep
|turn|12
|
|t:|1757948837
|switch|p1a: Dragapult|Dragapult, F|100/100
|-damage|p1a: Dragapult|88/100|[from] Stealth Rock
|move|p2a: Clefable|Moonlight|p2a: Clefable
|-heal|p2a: Clefable|70/100
|
|-heal|p2a: Clefable|76/100|[from] item: Leftovers
|-end|p2a: Clefable|Magma Storm|[partiallytrapped]|[silent]
|upkeep
|turn|13
|
|t:|1757948841
|-terastallize|p1a: Dragapult|Ghost
|move|p1a: Dragapult|Tera Blast|p2a: Clefable|[anim] Tera Blast Ghost
|-damage|p2a: Clefable|39/100
|move|p2a: Clefable|Moonblast|p1a: Dragapult
|-damage|p1a: Dragapult|22/100
|
|-heal|p2a: Clefable|45/100|[from] item: Leftovers
|upkeep
|turn|14
|
|t:|1757948846
|move|p1a: Dragapult|Tera Blast|p2a: Clefable|[anim] Tera Blast Ghost
|-damage|p2a: Clefable|3/100
|move|p2a: Clefable|Moonlight|p2a: Clefable
|-heal|p2a: Clefable|53/100
|
|-heal|p2a: Clefable|59/100|[from] item: Leftovers
|upkeep
|turn|15
|
|t:|1757948863
|move|p1a: Dragapult|Tera Blast|p2a: Clefable|[anim] Tera Blast Ghost
|-damage|p2a: Clefable|21/100
|move|p2a: Clefable|Moonlight|p2a: Clefable
|-heal|p2a: Clefable|71/100
|
|-heal|p2a: Clefable|77/100|[from] item: Leftovers
|upkeep
|turn|16
|
|t:|1757948866
|move|p1a: Dragapult|Tera Blast|p2a: Clefable|[anim] Tera Blast Ghost
|-damage|p2a: Clefable|38/100
|move|p2a: Clefable|Cosmic Power|p2a: Clefable
|-boost|p2a: Clefable|def|1
|-boost|p2a: Clefable|spd|1
|
|-heal|p2a: Clefable|44/100|[from] item: Leftovers
|upkeep
|turn|17
|
|t:|1757948869
|move|p1a: Dragapult|Tera Blast|p2a: Clefable|[anim] Tera Blast Ghost
|-damage|p2a: Clefable|15/100
|move|p2a: Clefable|Moonlight|p2a: Clefable
|-heal|p2a: Clefable|65/100
|
|-heal|p2a: Clefable|71/100|[from] item: Leftovers
|upkeep
|turn|18
|
|t:|1757948872
|move|p1a: Dragapult|Tera Blast|p2a: Clefable|[anim] Tera Blast Ghost
|-damage|p2a: Clefable|39/100
|move|p2a: Clefable|Cosmic Power|p2a: Clefable
|-boost|p2a: Clefable|def|1
|-boost|p2a: Clefable|spd|1
|
|-heal|p2a: Clefable|45/100|[from] item: Leftovers
|upkeep
|turn|19
|
|t:|1757948876
|move|p1a: Dragapult|Tera Blast|p2a: Clefable|[anim] Tera Blast Ghost
|-damage|p2a: Clefable|19/100
|move|p2a: Clefable|Moonlight|p2a: Clefable
|-heal|p2a: Clefable|69/100
|
|-heal|p2a: Clefable|75/100|[from] item: Leftovers
|upkeep
|turn|20
|
|t:|1757948879
|move|p1a: Dragapult|Tera Blast|p2a: Clefable|[anim] Tera Blast Ghost
|-damage|p2a: Clefable|50/100
|move|p2a: Clefable|Moonblast|p1a: Dragapult
|-damage|p1a: Dragapult|0 fnt
|faint|p1a: Dragapult
|
|-heal|p2a: Clefable|57/100|[from] item: Leftovers
|upkeep
|
|t:|1757948885
|switch|p1a: Heatran|Heatran, M|92/100
|-damage|p1a: Heatran|79/100|[from] Stealth Rock
|turn|21
|
|t:|1757948889
|move|p1a: Heatran|Magma Storm|p2a: Clefable
|-damage|p2a: Clefable|41/100
|-activate|p2a: Clefable|move: Magma Storm|[of] p1a: Heatran
|move|p2a: Clefable|Moonblast|p1a: Heatran
|-resisted|p1a: Heatran
|-damage|p1a: Heatran|71/100
|
|-heal|p1a: Heatran|78/100|[from] item: Leftovers
|-heal|p2a: Clefable|47/100|[from] item: Leftovers
|-damage|p2a: Clefable|35/100|[from] move: Magma Storm|[partiallytrapped]
|upkeep
|turn|22
|
|t:|1757948898
|move|p1a: Heatran|Earth Power|p2a: Clefable
|-damage|p2a: Clefable|25/100
|move|p2a: Clefable|Moonlight|p2a: Clefable
|-heal|p2a: Clefable|75/100
|
|-heal|p1a: Heatran|84/100|[from] item: Leftovers
|-heal|p2a: Clefable|81/100|[from] item: Leftovers
|-damage|p2a: Clefable|69/100|[from] move: Magma Storm|[partiallytrapped]
|upkeep
|turn|23
|
|t:|1757948905
|move|p1a: Heatran|Earth Power|p2a: Clefable
|-damage|p2a: Clefable|58/100
|move|p2a: Clefable|Calm Mind|p2a: Clefable
|-boost|p2a: Clefable|spa|1
|-boost|p2a: Clefable|spd|1
|
|-heal|p1a: Heatran|90/100|[from] item: Leftovers
|-heal|p2a: Clefable|64/100|[from] item: Leftovers
|-damage|p2a: Clefable|52/100|[from] move: Magma Storm|[partiallytrapped]
|upkeep
|turn|24
|
|t:|1757948909
|move|p1a: Heatran|Earth Power|p2a: Clefable
|-damage|p2a: Clefable|43/100
|-unboost|p2a: Clefable|spd|1
|move|p2a: Clefable|Calm Mind|p2a: Clefable
|-boost|p2a: Clefable|spa|1
|-boost|p2a: Clefable|spd|1
|
|-heal|p1a: Heatran|96/100|[from] item: Leftovers
|-heal|p2a: Clefable|49/100|[from] item: Leftovers
|-damage|p2a: Clefable|37/100|[from] move: Magma Storm|[partiallytrapped]
|upkeep
|turn|25
|
|t:|1757948916
|move|p1a: Heatran|Earth Power|p2a: Clefable
|-damage|p2a: Clefable|28/100
|move|p2a: Clefable|Moonlight|p2a: Clefable
|-heal|p2a: Clefable|78/100
|
|-heal|p1a: Heatran|100/100|[from] item: Leftovers
|-heal|p2a: Clefable|84/100|[from] item: Leftovers
|-damage|p2a: Clefable|72/100|[from] move: Magma Storm|[partiallytrapped]
|upkeep
|turn|26
|
|t:|1757948921
|move|p1a: Heatran|Earth Power|p2a: Clefable
|-damage|p2a: Clefable|63/100
|move|p2a: Clefable|Calm Mind|p2a: Clefable
|-boost|p2a: Clefable|spa|1
|-boost|p2a: Clefable|spd|1
|
|-heal|p2a: Clefable|69/100|[from] item: Leftovers
|-end|p2a: Clefable|Magma Storm|[partiallytrapped]
|upkeep
|turn|27
|
|t:|1757948924
|move|p1a: Heatran|Magma Storm|p2a: Clefable
|-damage|p2a: Clefable|57/100
|-activate|p2a: Clefable|move: Magma Storm|[of] p1a: Heatran
|move|p2a: Clefable|Moonblast|p1a: Heatran
|-resisted|p1a: Heatran
|-damage|p1a: Heatran|85/100
|-unboost|p1a: Heatran|spa|1
|
|-heal|p1a: Heatran|91/100|[from] item: Leftovers
|-heal|p2a: Clefable|63/100|[from] item: Leftovers
|-damage|p2a: Clefable|50/100|[from] move: Magma Storm|[partiallytrapped]
|upkeep
|turn|28
|
|t:|1757948938
|move|p1a: Heatran|Earth Power|p2a: Clefable
|-damage|p2a: Clefable|42/100
|move|p2a: Clefable|Moonblast|p1a: Heatran
|-resisted|p1a: Heatran
|-damage|p1a: Heatran|75/100
|
|-heal|p1a: Heatran|81/100|[from] item: Leftovers
|-heal|p2a: Clefable|48/100|[from] item: Leftovers
|-damage|p2a: Clefable|36/100|[from] move: Magma Storm|[partiallytrapped]
|upkeep
|turn|29
|
|t:|1757948946
|move|p1a: Heatran|Protect|p1a: Heatran
|-singleturn|p1a: Heatran|Protect
|move|p2a: Clefable|Moonblast|p1a: Heatran
|-activate|p1a: Heatran|move: Protect
|
|-heal|p1a: Heatran|87/100|[from] item: Leftovers
|-heal|p2a: Clefable|42/100|[from] item: Leftovers
|-damage|p2a: Clefable|30/100|[from] move: Magma Storm|[partiallytrapped]
|upkeep
|turn|30
|
|t:|1757948954
|move|p1a: Heatran|Earth Power|p2a: Clefable
|-damage|p2a: Clefable|22/100
|move|p2a: Clefable|Moonblast|p1a: Heatran
|-resisted|p1a: Heatran
|-damage|p1a: Heatran|70/100
|-unboost|p1a: Heatran|spa|1
|
|-heal|p1a: Heatran|76/100|[from] item: Leftovers
|-heal|p2a: Clefable|28/100|[from] item: Leftovers
|-damage|p2a: Clefable|15/100|[from] move: Magma Storm|[partiallytrapped]
|upkeep
|turn|31
|
|t:|1757948962
|move|p1a: Heatran|Protect|p1a: Heatran
|-singleturn|p1a: Heatran|Protect
|move|p2a: Clefable|Moonlight|p2a: Clefable
|-heal|p2a: Clefable|65/100
|
|-heal|p1a: Heatran|82/100|[from] item: Leftovers
|-heal|p2a: Clefable|72/100|[from] item: Leftovers
|-damage|p2a: Clefable|59/100|[from] move: Magma Storm|[partiallytrapped]
|upkeep
|turn|32
|
|t:|1757948971
|move|p1a: Heatran|Earth Power|p2a: Clefable
|-damage|p2a: Clefable|52/100
|move|p2a: Clefable|Calm Mind|p2a: Clefable
|-boost|p2a: Clefable|spa|1
|-boost|p2a: Clefable|spd|0
|
|-heal|p1a: Heatran|88/100|[from] item: Leftovers
|-heal|p2a: Clefable|58/100|[from] item: Leftovers
|-end|p2a: Clefable|Magma Storm|[partiallytrapped]
|upkeep
|turn|33
|
|t:|1757948976
|move|p1a: Heatran|Magma Storm|p2a: Clefable|[miss]
|-miss|p1a: Heatran|p2a: Clefable
|move|p2a: Clefable|Calm Mind|p2a: Clefable
|-boost|p2a: Clefable|spa|1
|-boost|p2a: Clefable|spd|0
|
|-heal|p1a: Heatran|94/100|[from] item: Leftovers
|-heal|p2a: Clefable|64/100|[from] item: Leftovers
|upkeep
|turn|34
|j| epicpikachu12
|
|t:|1757948979
|move|p1a: Heatran|Magma Storm|p2a: Clefable
|-damage|p2a: Clefable|52/100
|-activate|p2a: Clefable|move: Magma Storm|[of] p1a: Heatran
|move|p2a: Clefable|Moonblast|p1a: Heatran
|-resisted|p1a: Heatran
|-damage|p1a: Heatran|74/100
|
|-heal|p1a: Heatran|80/100|[from] item: Leftovers
|-heal|p2a: Clefable|58/100|[from] item: Leftovers
|-damage|p2a: Clefable|46/100|[from] move: Magma Storm|[partiallytrapped]
|upkeep
|turn|35
|
|t:|1757948986
|move|p1a: Heatran|Protect|p1a: Heatran
|-singleturn|p1a: Heatran|Protect
|move|p2a: Clefable|Cosmic Power|p2a: Clefable
|-boost|p2a: Clefable|def|1
|-boost|p2a: Clefable|spd|0
|
|-heal|p1a: Heatran|86/100|[from] item: Leftovers
|-heal|p2a: Clefable|52/100|[from] item: Leftovers
|-damage|p2a: Clefable|40/100|[from] move: Magma Storm|[partiallytrapped]
|upkeep
|turn|36
|
|t:|1757948996
|move|p1a: Heatran|Earth Power|p2a: Clefable
|-damage|p2a: Clefable|32/100
|move|p2a: Clefable|Moonblast|p1a: Heatran
|-resisted|p1a: Heatran
|-damage|p1a: Heatran|65/100
|
|-heal|p1a: Heatran|71/100|[from] item: Leftovers
|-heal|p2a: Clefable|38/100|[from] item: Leftovers
|-damage|p2a: Clefable|25/100|[from] move: Magma Storm|[partiallytrapped]
|upkeep
|turn|37
|
|t:|1757949001
|move|p1a: Heatran|Protect|p1a: Heatran
|-singleturn|p1a: Heatran|Protect
|move|p2a: Clefable|Cosmic Power|p2a: Clefable
|-boost|p2a: Clefable|def|1
|-boost|p2a: Clefable|spd|0
|
|-heal|p1a: Heatran|77/100|[from] item: Leftovers
|-heal|p2a: Clefable|31/100|[from] item: Leftovers
|-damage|p2a: Clefable|19/100|[from] move: Magma Storm|[partiallytrapped]
|upkeep
|turn|38
|
|t:|1757949005
|move|p1a: Heatran|Earth Power|p2a: Clefable
|-damage|p2a: Clefable|11/100
|move|p2a: Clefable|Moonblast|p1a: Heatran
|-resisted|p1a: Heatran
|-damage|p1a: Heatran|53/100
|
|-heal|p1a: Heatran|59/100|[from] item: Leftovers
|-heal|p2a: Clefable|17/100|[from] item: Leftovers
|-end|p2a: Clefable|Magma Storm|[partiallytrapped]
|upkeep
|turn|39
|
|t:|1757949014
|move|p1a: Heatran|Magma Storm|p2a: Clefable
|-damage|p2a: Clefable|4/100
|-activate|p2a: Clefable|move: Magma Storm|[of] p1a: Heatran
|move|p2a: Clefable|Moonblast|p1a: Heatran
|-resisted|p1a: Heatran
|-damage|p1a: Heatran|38/100
|
|-heal|p1a: Heatran|44/100|[from] item: Leftovers
|-heal|p2a: Clefable|10/100|[from] item: Leftovers
|-damage|p2a: Clefable|0 fnt|[from] move: Magma Storm|[partiallytrapped]
|faint|p2a: Clefable
|upkeep
|
|t:|1757949017
|switch|p2a: Landorus|Landorus-Therian, M|100/100
|-ability|p2a: Landorus|Intimidate|boost
|-unboost|p1a: Heatran|atk|1
|turn|40
|
|t:|1757949021
|move|p2a: Landorus|Substitute|p2a: Landorus
|-start|p2a: Landorus|Substitute
|-damage|p2a: Landorus|76/100
|move|p1a: Heatran|Magma Storm|p2a: Landorus|[miss]
|-miss|p1a: Heatran|p2a: Landorus
|
|-heal|p2a: Landorus|82/100|[from] item: Leftovers
|-heal|p1a: Heatran|50/100|[from] item: Leftovers
|upkeep
|turn|41
|
|t:|1757949028
|switch|p1a: Primarina|Primarina, F, shiny|73/100
|-damage|p1a: Primarina|61/100|[from] Stealth Rock
|move|p2a: Landorus|Bulk Up|p2a: Landorus
|-boost|p2a: Landorus|atk|1
|-boost|p2a: Landorus|def|1
|
|-heal|p2a: Landorus|88/100|[from] item: Leftovers
|upkeep
|turn|42
|
|t:|1757949035
|-terastallize|p2a: Landorus|Water
|move|p2a: Landorus|Bulk Up|p2a: Landorus
|-boost|p2a: Landorus|atk|1
|-boost|p2a: Landorus|def|1
|move|p1a: Primarina|Psychic Noise|p2a: Landorus
|-resisted|p2a: Landorus
|-damage|p2a: Landorus|69/100
|-start|p2a: Landorus|move: Heal Block
|
|upkeep
|turn|43
|
|t:|1757949041
|move|p2a: Landorus|Earthquake|p1a: Primarina
|-damage|p1a: Primarina|0 fnt
|faint|p1a: Primarina
|
|-end|p2a: Landorus|move: Heal Block
|upkeep
|
|t:|1757949054
|switch|p1a: Great Tusk|Great Tusk, shiny|100/100
|turn|44
|
|t:|1757949058
|move|p2a: Landorus|Bulk Up|p2a: Landorus
|-boost|p2a: Landorus|atk|1
|-boost|p2a: Landorus|def|1
|move|p1a: Great Tusk|Headlong Rush|p2a: Landorus
|-activate|p2a: Landorus|move: Substitute|[damage]
|-unboost|p1a: Great Tusk|def|1
|-unboost|p1a: Great Tusk|spd|1
|
|-heal|p2a: Landorus|75/100|[from] item: Leftovers
|upkeep
|turn|45
|
|t:|1757949065
|move|p2a: Landorus|Bulk Up|p2a: Landorus
|-boost|p2a: Landorus|atk|1
|-boost|p2a: Landorus|def|1
|move|p1a: Great Tusk|Headlong Rush|p2a: Landorus
|-end|p2a: Landorus|Substitute
|-unboost|p1a: Great Tusk|def|1
|-unboost|p1a: Great Tusk|spd|1
|
|-heal|p2a: Landorus|81/100|[from] item: Leftovers
|upkeep
|turn|46
|c|☆KingPikaPika|gg bro
|inactive|zhuangmou has 120 seconds left.
|
|t:|1757949100
|-end|p1a: Great Tusk|Protosynthesis|[silent]
|switch|p1a: Darkrai|Darkrai|100/100
|-damage|p1a: Darkrai|88/100|[from] Stealth Rock
|move|p2a: Landorus|Substitute|p2a: Landorus
|-start|p2a: Landorus|Substitute
|-damage|p2a: Landorus|57/100
|
|-heal|p2a: Landorus|63/100|[from] item: Leftovers
|upkeep
|turn|47
|
|t:|1757949104
|move|p1a: Darkrai|Dark Pulse|p2a: Landorus
|-end|p2a: Landorus|Substitute
|-damage|p1a: Darkrai|78/100|[from] item: Life Orb
|move|p2a: Landorus|Earthquake|p1a: Darkrai
|-damage|p1a: Darkrai|0 fnt
|faint|p1a: Darkrai
|
|-heal|p2a: Landorus|69/100|[from] item: Leftovers
|upkeep
|
|t:|1757949111
|switch|p1a: Great Tusk|Great Tusk, shiny|100/100
|turn|48
|
|t:|1757949115
|move|p2a: Landorus|Substitute|p2a: Landorus
|-start|p2a: Landorus|Substitute
|-damage|p2a: Landorus|44/100
|move|p1a: Great Tusk|Headlong Rush|p2a: Landorus
|-activate|p2a: Landorus|move: Substitute|[damage]
|-unboost|p1a: Great Tusk|def|1
|-unboost|p1a: Great Tusk|spd|1
|
|-heal|p2a: Landorus|50/100|[from] item: Leftovers
|upkeep
|turn|49
|
|t:|1757949118
|move|p2a: Landorus|Earthquake|p1a: Great Tusk
|-damage|p1a: Great Tusk|0 fnt
|faint|p1a: Great Tusk
|-end|p1a: Great Tusk|Protosynthesis|[silent]
|
|-heal|p2a: Landorus|56/100|[from] item: Leftovers
|upkeep
|
|t:|1757949120
|switch|p1a: Heatran|Heatran, M|50/100
|-damage|p1a: Heatran|38/100|[from] Stealth Rock
|turn|50
|c|☆zhuangmou|gg
|
|t:|1757949132
|move|p2a: Landorus|Bulk Up|p2a: Landorus
|-boost|p2a: Landorus|atk|1
|-boost|p2a: Landorus|def|1
|move|p1a: Heatran|Earth Power|p2a: Landorus
|-end|p2a: Landorus|Substitute
|
|-heal|p2a: Landorus|62/100|[from] item: Leftovers
|-heal|p1a: Heatran|44/100|[from] item: Leftovers
|upkeep
|turn|51
|
|t:|1757949136
|move|p2a: Landorus|Earthquake|p1a: Heatran
|-supereffective|p1a: Heatran
|-damage|p1a: Heatran|0 fnt
|faint|p1a: Heatran
|
|win|KingPikaPika
|raw|zhuangmou's rating: 1802 &rarr; <strong>1781</strong><br />(-21 for losing)
|raw|KingPikaPika's rating: 1778 &rarr; <strong>1799</strong><br />(+21 for winning)
|l|☆KingPikaPika
|player|p2|
|l|☆zhuangmou
|player|p1|
