|j|☆Buy my book azul
|j|☆Black Man Lover
|t:|1757898535
|gametype|singles
|player|p1|Buy my book azul|diantha-masters|1442
|player|p2|Black Man Lover|emmet|1509
|gen|9
|tier|[Gen 9] OU
|rated|
|rule|HP Percentage Mod: HP is shown in percentages
|rule|Endless Battle Clause: Forcing endless battles is banned
|rule|Species Clause: Limit one of each Pokémon
|rule|OHKO Clause: OHKO moves are banned
|rule|Evasion Items Clause: Evasion items are banned
|rule|Evasion Moves Clause: Evasion moves are banned
|rule|Evasion Abilities Clause: Evasion abilities are banned
|rule|Sleep Moves Clause: Sleep-inducing moves are banned
|clearpoke
|poke|p1|Garchomp, F|
|poke|p1|Dragapult, M|
|poke|p1|Samurott-Hisui, F|
|poke|p1|Scizor, F|
|poke|p1|Gholdengo|
|poke|p1|Ting-Lu|
|poke|p2|Darkrai|
|poke|p2|Iron Jugulis|
|poke|p2|Iron Treads|
|poke|p2|Primarina, F|
|poke|p2|Cinderace, F|
|poke|p2|Raging Bolt|
|teampreview
|
|t:|1757898556
|teamsize|p1|6
|teamsize|p2|6
|start
|switch|p1a: Samurott|Samurott-Hisui, F, shiny|100/100
|switch|p2a: Primarina|Primarina, F|100/100
|turn|1
|inactive|Battle timer is ON: inactive players will automatically lose when time's up. (requested by Buy my book azul)
|
|t:|1757898563
|move|p1a: Samurott|Ceaseless Edge|p2a: Primarina
|-resisted|p2a: Primarina
|-damage|p2a: Primarina|70/100
|-sidestart|p2: Black Man Lover|Spikes
|move|p2a: Primarina|Moonblast|p1a: Samurott
|-supereffective|p1a: Samurott
|-enditem|p1a: Samurott|Focus Sash
|-damage|p1a: Samurott|1/100
|-unboost|p1a: Samurott|spa|1
|
|upkeep
|turn|2
|
|t:|1757898568
|move|p1a: Samurott|Ceaseless Edge|p2a: Primarina
|-resisted|p2a: Primarina
|-damage|p2a: Primarina|41/100
|-sidestart|p2: Black Man Lover|Spikes
|move|p2a: Primarina|Flip Turn|p1a: Samurott
|-resisted|p1a: Samurott
|-crit|p1a: Samurott
|-damage|p1a: Samurott|0 fnt
|faint|p1a: Samurott
|
|t:|1757898575
|switch|p2a: Cinderace|Cinderace, F|100/100|[from] Flip Turn
|
|upkeep
|
|t:|1757898592
|switch|p1a: Ting-Lu|Ting-Lu|100/100
|-ability|p1a: Ting-Lu|Vessel of Ruin
|turn|3
|
|t:|1757898598
|move|p2a: Cinderace|Will-O-Wisp|p1a: Ting-Lu
|-status|p1a: Ting-Lu|brn
|move|p1a: Ting-Lu|Stealth Rock|p2a: Cinderace
|-sidestart|p2: Black Man Lover|move: Stealth Rock
|
|-damage|p1a: Ting-Lu|94/100 brn|[from] brn
|upkeep
|turn|4
|
|t:|1757898606
|move|p2a: Cinderace|Court Change|p2a: Cinderace
|-swapsideconditions
|-activate|p2a: Cinderace|move: Court Change
|move|p1a: Ting-Lu|Earthquake|p2a: Cinderace
|-supereffective|p2a: Cinderace
|-damage|p2a: Cinderace|57/100
|
|-heal|p1a: Ting-Lu|100/100 brn|[from] item: Leftovers
|-damage|p1a: Ting-Lu|94/100 brn|[from] brn
|upkeep
|turn|5
|
|t:|1757898610
|move|p2a: Cinderace|U-turn|p1a: Ting-Lu
|-supereffective|p1a: Ting-Lu
|-damage|p1a: Ting-Lu|73/100 brn
|
|t:|1757898621
|switch|p2a: Primarina|Primarina, F|41/100|[from] U-turn
|move|p1a: Ting-Lu|Stealth Rock|p2a: Primarina
|-sidestart|p2: Black Man Lover|move: Stealth Rock
|
|-heal|p1a: Ting-Lu|79/100 brn|[from] item: Leftovers
|-damage|p1a: Ting-Lu|73/100 brn|[from] brn
|upkeep
|turn|6
|
|t:|1757898627
|move|p2a: Primarina|Surf|p1a: Ting-Lu
|-supereffective|p1a: Ting-Lu
|-damage|p1a: Ting-Lu|32/100 brn
|move|p1a: Ting-Lu|Whirlwind|p2a: Primarina
|drag|p2a: Iron Jugulis|Iron Jugulis|100/100
|-damage|p2a: Iron Jugulis|76/100|[from] Stealth Rock
|-enditem|p2a: Iron Jugulis|Booster Energy
|-activate|p2a: Iron Jugulis|ability: Quark Drive|[fromitem]
|-start|p2a: Iron Jugulis|quarkdrivespe
|
|-heal|p1a: Ting-Lu|38/100 brn|[from] item: Leftovers
|-damage|p1a: Ting-Lu|32/100 brn|[from] brn
|upkeep
|turn|7
|
|t:|1757898636
|move|p2a: Iron Jugulis|Taunt|p1a: Ting-Lu
|-start|p1a: Ting-Lu|move: Taunt
|cant|p1a: Ting-Lu|move: Taunt|Whirlwind
|
|-heal|p1a: Ting-Lu|38/100 brn|[from] item: Leftovers
|-damage|p1a: Ting-Lu|32/100 brn|[from] brn
|upkeep
|turn|8
|
|t:|1757898653
|move|p2a: Iron Jugulis|Dark Pulse|p1a: Ting-Lu
|-resisted|p1a: Ting-Lu
|-damage|p1a: Ting-Lu|24/100 brn
|cant|p1a: Ting-Lu|flinch
|
|-heal|p1a: Ting-Lu|30/100 brn|[from] item: Leftovers
|-damage|p1a: Ting-Lu|24/100 brn|[from] brn
|upkeep
|turn|9
|
|t:|1757898672
|move|p2a: Iron Jugulis|Dark Pulse|p1a: Ting-Lu
|-resisted|p1a: Ting-Lu
|-damage|p1a: Ting-Lu|15/100 brn
|move|p1a: Ting-Lu|Ruination|p2a: Iron Jugulis|[miss]
|-miss|p1a: Ting-Lu|p2a: Iron Jugulis
|
|-heal|p1a: Ting-Lu|22/100 brn|[from] item: Leftovers
|-damage|p1a: Ting-Lu|15/100 brn|[from] brn
|-end|p1a: Ting-Lu|move: Taunt
|upkeep
|turn|10
|
|t:|1757898683
|move|p2a: Iron Jugulis|Hurricane|p1a: Ting-Lu
|-damage|p1a: Ting-Lu|0 fnt
|faint|p1a: Ting-Lu
|
|upkeep
|
|t:|1757898691
|switch|p1a: Scizor|Scizor, F|100/100
|-damage|p1a: Scizor|84/100|[from] Spikes
|-damage|p1a: Scizor|72/100|[from] Stealth Rock
|turn|11
|inactive|Black Man Lover has 120 seconds left.
|
|t:|1757898717
|move|p2a: Iron Jugulis|Dark Pulse|p1a: Scizor
|-damage|p1a: Scizor|20/100
|move|p1a: Scizor|U-turn|p2a: Iron Jugulis
|-damage|p2a: Iron Jugulis|3/100
|-message|Buy my book azul forfeited.
|
|win|Black Man Lover
|raw|Buy my book azul's rating: 1442 &rarr; <strong>1426</strong><br />(-16 for losing)
|raw|Black Man Lover's rating: 1509 &rarr; <strong>1525</strong><br />(+16 for winning)
|l|☆Buy my book azul
|player|p1|
