|j|☆hina210
|j|☆happyorunhappy春和景明
|t:|1757939756
|gametype|singles
|player|p1|hina210|lady-gen4|1517
|player|p2|happyorunhappy春和景明|iono|1498
|gen|9
|tier|[Gen 9] OU
|rated|
|rule|HP Percentage Mod: HP is shown in percentages
|rule|Endless Battle Clause: Forcing endless battles is banned
|rule|Species Clause: Limit one of each Pokémon
|rule|OHKO Clause: OHKO moves are banned
|rule|Evasion Items Clause: Evasion items are banned
|rule|Evasion Moves Clause: Evasion moves are banned
|rule|Evasion Abilities Clause: Evasion abilities are banned
|rule|Sleep Moves Clause: Sleep-inducing moves are banned
|clearpoke
|poke|p1|Glimmora, F|
|poke|p1|Iron Treads|
|poke|p1|Polteageist-Antique|
|poke|p1|Raging Bolt|
|poke|p1|Dragonite, F|
|poke|p1|Zamazenta-*|
|poke|p2|Tyranitar, M|
|poke|p2|Excadrill, M|
|poke|p2|Espeon, F|
|poke|p2|Tornadus-Therian, M|
|poke|p2|Hydrapple, M|
|poke|p2|Heatran, M|
|teampreview
|inactive|Battle timer is ON: inactive players will automatically lose when time's up. (requested by hina210)
|
|t:|1757939778
|teamsize|p1|6
|teamsize|p2|6
|start
|switch|p1a: 快龙一定要快|Dragonite, F|100/100
|switch|p2a: Heatran|Heatran, M, shiny|100/100
|turn|1
|c|☆happyorunhappy春和景明|居然是果仁
|
|t:|1757939787
|switch|p2a: Tornadus|Tornadus-Therian, M|100/100
|move|p1a: 快龙一定要快|Earthquake|p2a: Tornadus
|-immune|p2a: Tornadus
|
|upkeep
|turn|2
|
|t:|1757939793
|switch|p1a: Glimmora|Glimmora, F|100/100
|move|p2a: Tornadus|U-turn|p1a: Glimmora
|-resisted|p1a: Glimmora
|-damage|p1a: Glimmora|92/100
|-activate|p1a: Glimmora|ability: Toxic Debris
|-sidestart|p2: happyorunhappy春和景明|move: Toxic Spikes
|
|t:|1757939797
|switch|p2a: Excadrill|Excadrill, M, shiny|100/100|[from] U-turn
|-item|p2a: Excadrill|Air Balloon
|
|upkeep
|turn|3
|
|t:|1757939812
|switch|p1a: Polteageist|Polteageist-Antique|100/100
|move|p2a: Excadrill|Earthquake|p1a: Polteageist
|-enditem|p1a: Polteageist|Focus Sash
|-damage|p1a: Polteageist|1/100
|-ability|p1a: Polteageist|Weak Armor|boost
|-unboost|p1a: Polteageist|def|1
|-boost|p1a: Polteageist|spe|2
|
|upkeep
|turn|4
|
|t:|1757939826
|switch|p2a: Tornadus|Tornadus-Therian, M|100/100
|move|p1a: Polteageist|Shadow Ball|p2a: Tornadus
|-damage|p2a: Tornadus|67/100
|
|upkeep
|turn|5
|
|t:|1757939832
|move|p1a: Polteageist|Shadow Ball|p2a: Tornadus
|-damage|p2a: Tornadus|34/100
|-unboost|p2a: Tornadus|spd|1
|move|p2a: Tornadus|U-turn|p1a: Polteageist
|-resisted|p1a: Polteageist
|-damage|p1a: Polteageist|0 fnt
|faint|p1a: Polteageist
|
|t:|1757939836
|switch|p2a: Heatran|Heatran, M, shiny|100/100|[from] U-turn
|
|upkeep
|
|t:|1757939840
|switch|p1a: Iron Treads|Iron Treads|100/100
|-enditem|p1a: Iron Treads|Booster Energy
|-activate|p1a: Iron Treads|ability: Quark Drive|[fromitem]
|-start|p1a: Iron Treads|quarkdrivespe
|turn|6
|inactive|happyorunhappy春和景明 has 120 seconds left.
|j| amefurikoneko
|c|☆hina210|国人是对的
|c|☆happyorunhappy春和景明|23333
|c|☆hina210|偷偷开的小号
|inactive|happyorunhappy春和景明 has 90 seconds left.
|
|t:|1757939915
|-terastallize|p2a: Heatran|Grass
|move|p1a: Iron Treads|Knock Off|p2a: Heatran
|-damage|p2a: Heatran|79/100
|-enditem|p2a: Heatran|Leftovers|[from] move: Knock Off|[of] p1a: Iron Treads
|move|p2a: Heatran|Magma Storm|p1a: Iron Treads
|-supereffective|p1a: Iron Treads
|-crit|p1a: Iron Treads
|-damage|p1a: Iron Treads|0 fnt
|faint|p1a: Iron Treads
|-end|p1a: Iron Treads|Quark Drive|[silent]
|
|upkeep
|c|☆hina210|自己组的队一直连败 望周知
|c|☆hina210|我去
|c|☆hina210|ct都来了
|c|☆happyorunhappy春和景明|23333
|
|t:|1757939937
|switch|p1a: Glimmora|Glimmora, F|92/100
|turn|7
|
|t:|1757939946
|move|p1a: Glimmora|Power Gem|p2a: Heatran
|-damage|p2a: Heatran|50/100
|move|p2a: Heatran|Earth Power|p1a: Glimmora
|-supereffective|p1a: Glimmora
|-damage|p1a: Glimmora|0 fnt
|faint|p1a: Glimmora
|
|upkeep
|
|t:|1757939953
|switch|p1a: 快龙一定要快|Dragonite, F|100/100
|turn|8
|c|☆happyorunhappy春和景明|不ct你也照样死就是了
|
|t:|1757939958
|-terastallize|p1a: 快龙一定要快|Normal
|move|p1a: 快龙一定要快|Extreme Speed|p2a: Heatran
|-damage|p2a: Heatran|0 fnt
|faint|p2a: Heatran
|
|upkeep
|c|☆hina210|没，我加了耐放
|inactive|happyorunhappy春和景明 has 90 seconds left.
|c|☆hina210|除非你是拉满特攻了
|
|t:|1757939979
|switch|p2a: Excadrill|Excadrill, M, shiny|100/100
|-item|p2a: Excadrill|Air Balloon
|turn|9
|c|☆hina210|我这只带的蛮干
|
|t:|1757939987
|move|p1a: 快龙一定要快|Extreme Speed|p2a: Excadrill
|-resisted|p2a: Excadrill
|-crit|p2a: Excadrill
|-damage|p2a: Excadrill|20/100
|-enditem|p2a: Excadrill|Air Balloon
|move|p2a: Excadrill|Rapid Spin|p1a: 快龙一定要快
|-damage|p1a: 快龙一定要快|92/100
|-boost|p2a: Excadrill|spe|1
|-sideend|p2: happyorunhappy春和景明|Toxic Spikes|[from] move: Rapid Spin|[of] p2a: Excadrill
|
|upkeep
|turn|10
|c|☆happyorunhappy春和景明|那太贪了
|
|t:|1757939995
|switch|p2a: Hydrapple|Hydrapple, M, shiny|100/100
|move|p1a: 快龙一定要快|Extreme Speed|p2a: Hydrapple
|-damage|p2a: Hydrapple|58/100
|-damage|p1a: 快龙一定要快|75/100|[from] item: Rocky Helmet|[of] p2a: Hydrapple
|
|upkeep
|turn|11
|
|t:|1757940003
|move|p1a: 快龙一定要快|Extreme Speed|p2a: Hydrapple
|-damage|p2a: Hydrapple|22/100
|-damage|p1a: 快龙一定要快|59/100|[from] item: Rocky Helmet|[of] p2a: Hydrapple
|move|p2a: Hydrapple|Fickle Beam|p1a: 快龙一定要快
|-damage|p1a: 快龙一定要快|32/100
|
|upkeep
|turn|12
|
|t:|1757940011
|switch|p2a: Excadrill|Excadrill, M, shiny|20/100
|move|p1a: 快龙一定要快|Extreme Speed|p2a: Excadrill
|-resisted|p2a: Excadrill
|-damage|p2a: Excadrill|0 fnt
|faint|p2a: Excadrill
|
|upkeep
|
|t:|1757940012
|switch|p2a: Hydrapple|Hydrapple, M, shiny|55/100
|turn|13
|
|t:|1757940018
|switch|p1a: Zamazenta|Zamazenta|100/100
|-ability|p1a: Zamazenta|Dauntless Shield|boost
|-boost|p1a: Zamazenta|def|1
|move|p2a: Hydrapple|Giga Drain|p1a: Zamazenta
|-damage|p1a: Zamazenta|72/100
|-heal|p2a: Hydrapple|67/100|[from] drain|[of] p1a: Zamazenta
|
|-heal|p1a: Zamazenta|78/100|[from] item: Leftovers
|upkeep
|turn|14
|
|t:|1757940026
|move|p1a: Zamazenta|Body Press|p2a: Hydrapple
|-crit|p2a: Hydrapple
|-damage|p2a: Hydrapple|20/100
|-damage|p1a: Zamazenta|62/100|[from] item: Rocky Helmet|[of] p2a: Hydrapple
|move|p2a: Hydrapple|Nasty Plot|p2a: Hydrapple
|-boost|p2a: Hydrapple|spa|2
|
|-heal|p1a: Zamazenta|68/100|[from] item: Leftovers
|upkeep
|turn|15
|c|☆hina210|我去
|
|t:|1757940033
|switch|p2a: Tornadus|Tornadus-Therian, M|67/100
|move|p1a: Zamazenta|Body Press|p2a: Tornadus
|-resisted|p2a: Tornadus
|-damage|p2a: Tornadus|39/100
|
|-heal|p1a: Zamazenta|74/100|[from] item: Leftovers
|upkeep
|turn|16
|
|t:|1757940042
|switch|p1a: Raging Bolt|Raging Bolt|100/100
|-enditem|p1a: Raging Bolt|Booster Energy
|-activate|p1a: Raging Bolt|ability: Protosynthesis|[fromitem]
|-start|p1a: Raging Bolt|protosynthesisspa
|move|p2a: Tornadus|Bleakwind Storm|p1a: Raging Bolt
|-resisted|p1a: Raging Bolt
|-damage|p1a: Raging Bolt|82/100
|-unboost|p1a: Raging Bolt|spe|1
|
|upkeep
|turn|17
|
|t:|1757940053
|move|p2a: Tornadus|U-turn|p1a: Raging Bolt
|-damage|p1a: Raging Bolt|69/100
|
|t:|1757940055
|switch|p2a: Tyranitar|Tyranitar, M, shiny|100/100|[from] U-turn
|-weather|Sandstorm|[from] ability: Sand Stream|[of] p2a: Tyranitar
|move|p1a: Raging Bolt|Thunderbolt|p2a: Tyranitar
|-damage|p2a: Tyranitar|53/100
|
|-weather|Sandstorm|[upkeep]
|-damage|p1a: Raging Bolt|63/100|[from] Sandstorm
|upkeep
|turn|18
|
|t:|1757940061
|move|p2a: Tyranitar|Knock Off|p1a: Raging Bolt
|-damage|p1a: Raging Bolt|7/100
|move|p1a: Raging Bolt|Thunderbolt|p2a: Tyranitar
|-damage|p2a: Tyranitar|6/100
|
|-weather|Sandstorm|[upkeep]
|-damage|p1a: Raging Bolt|1/100|[from] Sandstorm
|upkeep
|turn|19
|
|t:|1757940069
|switch|p2a: Tornadus|Tornadus-Therian, M|73/100
|move|p1a: Raging Bolt|Thunderclap||[still]
|-fail|p1a: Raging Bolt
|
|-weather|Sandstorm|[upkeep]
|-damage|p2a: Tornadus|67/100|[from] Sandstorm
|-damage|p1a: Raging Bolt|0 fnt|[from] Sandstorm
|faint|p1a: Raging Bolt
|-end|p1a: Raging Bolt|Protosynthesis|[silent]
|upkeep
|
|t:|1757940071
|switch|p1a: 快龙一定要快|Dragonite, F, tera:Normal|32/100
|turn|20
|
|t:|1757940075
|move|p1a: 快龙一定要快|Extreme Speed|p2a: Tornadus
|-damage|p2a: Tornadus|0 fnt
|faint|p2a: Tornadus
|
|-weather|Sandstorm|[upkeep]
|-damage|p1a: 快龙一定要快|26/100|[from] Sandstorm
|upkeep
|
|t:|1757940079
|switch|p2a: Hydrapple|Hydrapple, M, shiny|54/100
|turn|21
|
|t:|1757940081
|move|p1a: 快龙一定要快|Extreme Speed|p2a: Hydrapple
|-damage|p2a: Hydrapple|18/100
|-damage|p1a: 快龙一定要快|9/100|[from] item: Rocky Helmet|[of] p2a: Hydrapple
|move|p2a: Hydrapple|Giga Drain|p1a: 快龙一定要快
|-damage|p1a: 快龙一定要快|0 fnt
|-heal|p2a: Hydrapple|22/100|[from] drain|[of] p1a: 快龙一定要快
|faint|p1a: 快龙一定要快
|
|-weather|none
|upkeep
|
|t:|1757940084
|switch|p1a: Zamazenta|Zamazenta|74/100
|turn|22
|c|☆hina210|应该无了
|c|☆hina210|hhh
|c|☆happyorunhappy春和景明|XD
|inactive|hina210 has 120 seconds left.
|c|☆hina210|那个ct太致命了 没办法
|-message|hina210 forfeited.
|
|win|happyorunhappy春和景明
|raw|hina210's rating: 1517 &rarr; <strong>1496</strong><br />(-21 for losing)
|raw|happyorunhappy春和景明's rating: 1498 &rarr; <strong>1519</strong><br />(+21 for winning)
|l|☆happyorunhappy春和景明
|player|p2|
|l| amefurikoneko
|l|☆hina210
|player|p1|
