|j|☆iamclouds
|j|☆Swag_SerotoninYT
|t:|1757847211
|gametype|singles
|player|p1|iamclouds|pokemaniac|1113
|player|p2|Swag_SerotoninYT|1|1155
|gen|9
|tier|[Gen 9] OU
|rated|
|rule|HP Percentage Mod: HP is shown in percentages
|rule|Endless Battle Clause: Forcing endless battles is banned
|rule|Species Clause: Limit one of each Pokémon
|rule|OHKO Clause: OHKO moves are banned
|rule|Evasion Items Clause: Evasion items are banned
|rule|Evasion Moves Clause: Evasion moves are banned
|rule|Evasion Abilities Clause: Evasion abilities are banned
|rule|Sleep Moves Clause: Sleep-inducing moves are banned
|clearpoke
|poke|p1|Toxapex, F|
|poke|p1|Clefable, M|
|poke|p1|Dragapult, M|
|poke|p1|Kingambit, M|
|poke|p1|Iron Valiant|
|poke|p1|Ting-Lu|
|poke|p2|Cacturne, F|
|poke|p2|Dodrio, M|
|poke|p2|Malamar, F|
|poke|p2|Blastoise, F|
|poke|p2|Masquerain, M|
|poke|p2|Perrserker, M|
|teampreview
|inactive|Battle timer is ON: inactive players will automatically lose when time's up. (requested by Swag_SerotoninYT)
|
|t:|1757847222
|teamsize|p1|6
|teamsize|p2|6
|start
|switch|p1a: Ting-Lu|Ting-Lu|100/100
|switch|p2a: Masquerain|Masquerain, M|100/100
|-ability|p2a: Masquerain|Intimidate|boost
|-unboost|p1a: Ting-Lu|atk|1
|-ability|p1a: Ting-Lu|Vessel of Ruin
|turn|1
|
|t:|1757847233
|move|p2a: Masquerain|Stun Spore|p1a: Ting-Lu|[miss]
|-miss|p2a: Masquerain|p1a: Ting-Lu
|move|p1a: Ting-Lu|Stealth Rock|p2a: Masquerain
|-sidestart|p2: Swag_SerotoninYT|move: Stealth Rock
|
|upkeep
|turn|2
|
|t:|1757847239
|move|p2a: Masquerain|Stun Spore|p1a: Ting-Lu|[miss]
|-miss|p2a: Masquerain|p1a: Ting-Lu
|move|p1a: Ting-Lu|Spikes|p2a: Masquerain
|-sidestart|p2: Swag_SerotoninYT|Spikes
|
|upkeep
|turn|3
|
|t:|1757847245
|move|p2a: Masquerain|Stun Spore|p1a: Ting-Lu
|-status|p1a: Ting-Lu|par
|move|p1a: Ting-Lu|Spikes|p2a: Masquerain
|-sidestart|p2: Swag_SerotoninYT|Spikes
|
|upkeep
|turn|4
|
|t:|1757847252
|move|p2a: Masquerain|Sticky Web|p1a: Ting-Lu
|-sidestart|p1: iamclouds|move: Sticky Web
|cant|p1a: Ting-Lu|par
|
|upkeep
|turn|5
|
|t:|1757847261
|switch|p2a: Blastoise|Blastoise, F|100/100
|-damage|p2a: Blastoise|88/100|[from] Stealth Rock
|-damage|p2a: Blastoise|72/100|[from] Spikes
|cant|p1a: Ting-Lu|par
|
|upkeep
|turn|6
|
|t:|1757847270
|move|p2a: Blastoise|Rapid Spin|p1a: Ting-Lu
|-damage|p1a: Ting-Lu|97/100 par
|-boost|p2a: Blastoise|spe|1
|-sideend|p2: Swag_SerotoninYT|Spikes|[from] move: Rapid Spin|[of] p2a: Blastoise
|-sideend|p2: Swag_SerotoninYT|Stealth Rock|[from] move: Rapid Spin|[of] p2a: Blastoise
|move|p1a: Ting-Lu|Whirlwind|p2a: Blastoise
|drag|p2a: Cacturne|Cacturne, F|100/100
|
|-heal|p1a: Ting-Lu|100/100 par|[from] item: Leftovers
|upkeep
|turn|7
|
|t:|1757847278
|switch|p2a: Blastoise|Blastoise, F|72/100
|move|p1a: Ting-Lu|Stealth Rock|p2a: Blastoise
|-sidestart|p2: Swag_SerotoninYT|move: Stealth Rock
|
|upkeep
|turn|8
|
|t:|1757847284
|move|p2a: Blastoise|Shell Smash|p2a: Blastoise
|-unboost|p2a: Blastoise|def|1
|-unboost|p2a: Blastoise|spd|1
|-boost|p2a: Blastoise|atk|2
|-boost|p2a: Blastoise|spa|2
|-boost|p2a: Blastoise|spe|2
|-enditem|p2a: Blastoise|White Herb
|-clearnegativeboost|p2a: Blastoise|[silent]
|cant|p1a: Ting-Lu|par
|
|upkeep
|turn|9
|
|t:|1757847293
|-terastallize|p2a: Blastoise|Water
|move|p2a: Blastoise|Hydro Pump|p1a: Ting-Lu
|-supereffective|p1a: Ting-Lu
|-damage|p1a: Ting-Lu|0 fnt
|faint|p1a: Ting-Lu
|
|upkeep
|
|t:|1757847302
|switch|p1a: Iron Valiant|Iron Valiant|100/100
|-activate|p1a: Iron Valiant|move: Sticky Web
|-unboost|p1a: Iron Valiant|spe|1
|turn|10
|
|t:|1757847309
|move|p2a: Blastoise|Hydro Pump|p1a: Iron Valiant
|-damage|p1a: Iron Valiant|0 fnt
|faint|p1a: Iron Valiant
|-end|p1a: Iron Valiant|Quark Drive|[silent]
|
|upkeep
|-message|iamclouds forfeited.
|
|win|Swag_SerotoninYT
|raw|iamclouds's rating: 1113 &rarr; <strong>1091</strong><br />(-22 for losing)
|raw|Swag_SerotoninYT's rating: 1155 &rarr; <strong>1177</strong><br />(+22 for winning)
|l|☆iamclouds
|player|p1|
|l|☆Swag_SerotoninYT
|player|p2|
