|j|☆coolalex123
|j|☆233322qyy
|t:|1757863754
|gametype|singles
|player|p1|coolalex123|rika|1130
|player|p2|233322qyy|266|1110
|gen|9
|tier|[Gen 9] OU
|rated|
|rule|HP Percentage Mod: HP is shown in percentages
|rule|Endless Battle Clause: Forcing endless battles is banned
|rule|Species Clause: Limit one of each Pokémon
|rule|OHKO Clause: OHKO moves are banned
|rule|Evasion Items Clause: Evasion items are banned
|rule|Evasion Moves Clause: Evasion moves are banned
|rule|Evasion Abilities Clause: Evasion abilities are banned
|rule|Sleep Moves Clause: Sleep-inducing moves are banned
|clearpoke
|poke|p1|Iron Moth|
|poke|p1|Walking Wake|
|poke|p1|Alomomola, M|
|poke|p1|Ceruledge, F|
|poke|p1|Enamorus, F|
|poke|p1|Great Tusk|
|poke|p2|Zoroark-Hisui, M|
|poke|p2|Arcanine-Hisui, M|
|poke|p2|Tornadus, M|
|poke|p2|Walking Wake|
|poke|p2|Ninetales, F|
|poke|p2|Galvantula, F|
|teampreview
|
|t:|1757863784
|teamsize|p1|6
|teamsize|p2|6
|start
|switch|p1a: burnt bug|Iron Moth|100/100
|switch|p2a: Tornadus|Tornadus, M, shiny|100/100
|-enditem|p1a: burnt bug|Booster Energy
|-activate|p1a: burnt bug|ability: Quark Drive|[fromitem]
|-start|p1a: burnt bug|quarkdrivespe
|turn|1
|
|t:|1757863813
|move|p2a: Tornadus|Tailwind|p2a: Tornadus
|-sidestart|p2: 233322qyy|move: Tailwind
|move|p1a: burnt bug|Toxic Spikes|p2a: Tornadus
|-sidestart|p2: 233322qyy|move: Toxic Spikes
|
|upkeep
|turn|2
|inactive|Battle timer is ON: inactive players will automatically lose when time's up. (requested by coolalex123)
|
|t:|1757863828
|-end|p1a: burnt bug|Quark Drive|[silent]
|switch|p1a: phantom|Ceruledge, F|100/100
|move|p2a: Tornadus|Icy Wind|p1a: phantom
|-resisted|p1a: phantom
|-damage|p1a: phantom|92/100
|-unboost|p1a: phantom|spe|1
|
|upkeep
|turn|3
|
|t:|1757863837
|move|p2a: Tornadus|Bleakwind Storm|p1a: phantom
|-damage|p1a: phantom|44/100
|-unboost|p1a: phantom|spe|1
|move|p1a: phantom|Bitter Blade|p2a: Tornadus
|-damage|p2a: Tornadus|47/100
|-heal|p1a: phantom|75/100|[from] drain|[of] p2a: Tornadus
|-damage|p1a: phantom|58/100|[from] item: Rocky Helmet|[of] p2a: Tornadus
|
|upkeep
|turn|4
|
|t:|1757863852
|move|p2a: Tornadus|Bleakwind Storm|p1a: phantom
|-damage|p1a: phantom|7/100
|move|p1a: phantom|Bitter Blade|p2a: Tornadus
|-damage|p2a: Tornadus|0 fnt
|-heal|p1a: phantom|35/100|[from] drain|[of] p2a: Tornadus
|-damage|p1a: phantom|18/100|[from] item: Rocky Helmet|[of] p2a: Tornadus
|faint|p2a: Tornadus
|
|-sideend|p2: 233322qyy|move: Tailwind
|upkeep
|
|t:|1757863865
|switch|p2a: Arkanilpferd|Arcanine-Hisui, M, shiny|100/100
|-status|p2a: Arkanilpferd|psn
|turn|5
|
|t:|1757863876
|switch|p1a: brick wall|Alomomola, M|100/100
|move|p2a: Arkanilpferd|Head Smash|p1a: brick wall|[miss]
|-miss|p2a: Arkanilpferd|p1a: brick wall
|
|-damage|p2a: Arkanilpferd|88/100 psn|[from] psn
|upkeep
|turn|6
|-message|233322qyy forfeited.
|
|win|coolalex123
|raw|coolalex123's rating: 1130 &rarr; <strong>1154</strong><br />(+24 for winning)
|raw|233322qyy's rating: 1110 &rarr; <strong>1086</strong><br />(-24 for losing)
|l|☆233322qyy
|player|p2|
|l|☆coolalex123
|player|p1|
