|j|☆Papagayo32
|j|☆Erikisherern
|t:|1757944893
|gametype|singles
|player|p1|Papagayo32|youngster-gen4dp|1364
|player|p2|Erikisherern|flannery|1345
|gen|9
|tier|[Gen 9] OU
|rated|
|rule|HP Percentage Mod: HP is shown in percentages
|rule|Endless Battle Clause: Forcing endless battles is banned
|rule|Species Clause: Limit one of each Pokémon
|rule|OHKO Clause: OHKO moves are banned
|rule|Evasion Items Clause: Evasion items are banned
|rule|Evasion Moves Clause: Evasion moves are banned
|rule|Evasion Abilities Clause: Evasion abilities are banned
|rule|Sleep Moves Clause: Sleep-inducing moves are banned
|clearpoke
|poke|p1|Dragapult, M|
|poke|p1|Slowbro, M|
|poke|p1|Empoleon, M|
|poke|p1|Gliscor, F|
|poke|p1|Ting-Lu|
|poke|p1|Weezing-Galar, M|
|poke|p2|Muk-Alola, M|
|poke|p2|Gliscor, M|
|poke|p2|Cinderace, M|
|poke|p2|Lokix, M|
|poke|p2|Orthworm, M|
|poke|p2|Clefable, F|
|teampreview
|
|t:|1757944904
|teamsize|p1|6
|teamsize|p2|6
|start
|switch|p1a: Gliscor|Gliscor, F|100/100
|switch|p2a: Muk|Muk-Alola, M|100/100
|turn|1
|
|t:|1757944911
|move|p1a: Gliscor|Protect|p1a: Gliscor
|-singleturn|p1a: Gliscor|Protect
|move|p2a: Muk|Knock Off|p1a: Gliscor
|-activate|p1a: Gliscor|move: Protect
|
|-status|p1a: Gliscor|tox|[from] item: Toxic Orb
|upkeep
|turn|2
|
|t:|1757944917
|switch|p1a: Weezing|Weezing-Galar, M|100/100
|-ability|p1a: Weezing|Neutralizing Gas
|switch|p2a: Gliscor|Gliscor, M|100/100
|
|-status|p2a: Gliscor|tox|[from] item: Toxic Orb
|upkeep
|turn|3
|
|t:|1757944929
|switch|p2a: Muk|Muk-Alola, M|100/100
|-end|p1a: Weezing|ability: Neutralizing Gas
|switch|p1a: Gliscor|Gliscor, F|100/100 tox
|
|upkeep
|turn|4
|
|t:|1757944934
|move|p1a: Gliscor|Protect|p1a: Gliscor
|-singleturn|p1a: Gliscor|Protect
|move|p2a: Muk|Knock Off|p1a: Gliscor
|-activate|p1a: Gliscor|move: Protect
|
|upkeep
|turn|5
|
|t:|1757944941
|switch|p2a: Orthworm|Orthworm, M, shiny|100/100
|move|p1a: Gliscor|Earthquake|p2a: Orthworm
|-immune|p2a: Orthworm|[from] ability: Earth Eater
|
|upkeep
|turn|6
|
|t:|1757944956
|switch|p1a: Slowbro|Slowbro, M|100/100
|move|p2a: Orthworm|Coil|p2a: Orthworm
|-boost|p2a: Orthworm|atk|1
|-boost|p2a: Orthworm|def|1
|-boost|p2a: Orthworm|accuracy|1
|
|upkeep
|turn|7
|
|t:|1757944968
|switch|p2a: Lokix|Lokix, M|100/100
|move|p1a: Slowbro|Scald|p2a: Lokix
|-damage|p2a: Lokix|46/100
|-status|p2a: Lokix|brn
|
|-damage|p2a: Lokix|40/100 brn|[from] brn
|upkeep
|turn|8
|
|t:|1757944974
|switch|p1a: Gliscor|Gliscor, F|100/100 tox
|move|p2a: Lokix|Knock Off|p1a: Gliscor
|-damage|p1a: Gliscor|83/100 tox
|-enditem|p1a: Gliscor|Toxic Orb|[from] move: Knock Off|[of] p2a: Lokix
|
|-heal|p1a: Gliscor|95/100 tox|[from] ability: Poison Heal
|-damage|p2a: Lokix|34/100 brn|[from] brn
|upkeep
|turn|9
|
|t:|1757944979
|move|p1a: Gliscor|Stealth Rock|p2a: Lokix
|-sidestart|p2: Erikisherern|move: Stealth Rock
|move|p2a: Lokix|U-turn|p1a: Gliscor
|-resisted|p1a: Gliscor
|-damage|p1a: Gliscor|82/100 tox
|
|t:|1757944981
|switch|p2a: Cinderace|Cinderace, M|100/100|[from] U-turn
|
|-heal|p1a: Gliscor|95/100 tox|[from] ability: Poison Heal
|upkeep
|turn|10
|
|t:|1757944988
|move|p2a: Cinderace|Pyro Ball|p1a: Gliscor
|-damage|p1a: Gliscor|51/100 tox
|move|p1a: Gliscor|Earthquake|p2a: Cinderace
|-supereffective|p2a: Cinderace
|-damage|p2a: Cinderace|4/100
|
|-heal|p1a: Gliscor|64/100 tox|[from] ability: Poison Heal
|upkeep
|turn|11
|
|t:|1757944991
|move|p1a: Gliscor|Protect|p1a: Gliscor
|-singleturn|p1a: Gliscor|Protect
|move|p2a: Cinderace|Pyro Ball|p1a: Gliscor
|-activate|p1a: Gliscor|move: Protect
|
|-heal|p1a: Gliscor|76/100 tox|[from] ability: Poison Heal
|upkeep
|turn|12
|
|t:|1757944996
|move|p2a: Cinderace|Pyro Ball|p1a: Gliscor
|-damage|p1a: Gliscor|31/100 tox
|move|p1a: Gliscor|Earthquake|p2a: Cinderace
|-supereffective|p2a: Cinderace
|-damage|p2a: Cinderace|0 fnt
|faint|p2a: Cinderace
|
|-heal|p1a: Gliscor|43/100 tox|[from] ability: Poison Heal
|upkeep
|
|t:|1757945002
|switch|p2a: Clefable|Clefable, F, shiny|100/100
|-damage|p2a: Clefable|88/100|[from] Stealth Rock
|turn|13
|
|t:|1757945009
|move|p1a: Gliscor|Toxic|p2a: Clefable|[miss]
|-miss|p1a: Gliscor|p2a: Clefable
|move|p2a: Clefable|Moonblast|p1a: Gliscor
|-damage|p1a: Gliscor|3/100 tox
|
|-heal|p1a: Gliscor|15/100 tox|[from] ability: Poison Heal
|upkeep
|turn|14
|
|t:|1757945022
|switch|p1a: Empoleon|Empoleon, M|100/100
|move|p2a: Clefable|Knock Off|p1a: Empoleon
|-damage|p1a: Empoleon|78/100
|-enditem|p1a: Empoleon|Choice Scarf|[from] move: Knock Off|[of] p2a: Clefable
|
|upkeep
|turn|15
|
|t:|1757945030
|switch|p2a: Lokix|Lokix, M|34/100 brn
|move|p1a: Empoleon|Knock Off|p2a: Lokix
|-resisted|p2a: Lokix
|-damage|p2a: Lokix|20/100 brn
|-enditem|p2a: Lokix|Heavy-Duty Boots|[from] move: Knock Off|[of] p1a: Empoleon
|
|-damage|p2a: Lokix|14/100 brn|[from] brn
|upkeep
|turn|16
|
|t:|1757945042
|switch|p1a: Ting-Lu|Ting-Lu|100/100
|-ability|p1a: Ting-Lu|Vessel of Ruin
|move|p2a: Lokix|Knock Off|p1a: Ting-Lu
|-resisted|p1a: Ting-Lu
|-damage|p1a: Ting-Lu|88/100
|-enditem|p1a: Ting-Lu|Leftovers|[from] move: Knock Off|[of] p2a: Lokix
|
|-damage|p2a: Lokix|8/100 brn|[from] brn
|upkeep
|turn|17
|
|t:|1757945048
|move|p2a: Lokix|U-turn|p1a: Ting-Lu
|-supereffective|p1a: Ting-Lu
|-damage|p1a: Ting-Lu|70/100
|
|t:|1757945053
|switch|p2a: Orthworm|Orthworm, M, shiny|100/100|[from] U-turn
|-damage|p2a: Orthworm|94/100|[from] Stealth Rock
|move|p1a: Ting-Lu|Spikes|p2a: Orthworm
|-sidestart|p2: Erikisherern|Spikes
|
|-heal|p2a: Orthworm|100/100|[from] item: Leftovers
|upkeep
|turn|18
|
|t:|1757945057
|switch|p1a: Slowbro|Slowbro, M|100/100
|move|p2a: Orthworm|Coil|p2a: Orthworm
|-boost|p2a: Orthworm|atk|1
|-boost|p2a: Orthworm|def|1
|-boost|p2a: Orthworm|accuracy|1
|
|upkeep
|turn|19
|
|t:|1757945060
|-terastallize|p2a: Orthworm|Fire
|move|p2a: Orthworm|Coil|p2a: Orthworm
|-boost|p2a: Orthworm|atk|1
|-boost|p2a: Orthworm|def|1
|-boost|p2a: Orthworm|accuracy|1
|move|p1a: Slowbro|Scald|p2a: Orthworm
|-supereffective|p2a: Orthworm
|-damage|p2a: Orthworm|41/100
|
|-heal|p2a: Orthworm|47/100|[from] item: Leftovers
|upkeep
|turn|20
|
|t:|1757945072
|move|p2a: Orthworm|Earthquake|p1a: Slowbro
|-damage|p1a: Slowbro|78/100
|move|p1a: Slowbro|Scald|p2a: Orthworm
|-supereffective|p2a: Orthworm
|-damage|p2a: Orthworm|0 fnt
|faint|p2a: Orthworm
|
|-heal|p1a: Slowbro|84/100|[from] item: Leftovers
|upkeep
|
|t:|1757945079
|switch|p2a: Lokix|Lokix, M|8/100 brn
|-damage|p2a: Lokix|0 fnt|[from] Stealth Rock
|faint|p2a: Lokix
|
|t:|1757945089
|switch|p2a: Muk|Muk-Alola, M|100/100
|-damage|p2a: Muk|88/100|[from] Stealth Rock
|-damage|p2a: Muk|76/100|[from] Spikes
|turn|21
|
|t:|1757945105
|switch|p1a: Weezing|Weezing-Galar, M|100/100
|-ability|p1a: Weezing|Neutralizing Gas
|move|p2a: Muk|Knock Off|p1a: Weezing
|-resisted|p1a: Weezing
|-damage|p1a: Weezing|83/100
|-enditem|p1a: Weezing|Heavy-Duty Boots|[from] move: Knock Off|[of] p2a: Muk
|
|-heal|p2a: Muk|82/100|[from] item: Black Sludge
|upkeep
|turn|22
|
|t:|1757945111
|move|p1a: Weezing|Strange Steam|p2a: Muk
|-damage|p2a: Muk|59/100
|move|p2a: Muk|Poison Jab|p1a: Weezing
|-damage|p1a: Weezing|54/100
|
|-heal|p2a: Muk|65/100|[from] item: Black Sludge
|upkeep
|turn|23
|-message|Erikisherern forfeited.
|
|win|Papagayo32
|raw|Papagayo32's rating: 1364 &rarr; <strong>1383</strong><br />(+19 for winning)
|raw|Erikisherern's rating: 1345 &rarr; <strong>1326</strong><br />(-19 for losing)
|l|☆Erikisherern
|player|p2|
