|j|☆yeeterdieabeater
|j|☆RaveDad
|t:|1757859264
|gametype|singles
|player|p1|yeeterdieabeater|harlequin|1096
|player|p2|RaveDad|1|1152
|gen|9
|tier|[Gen 9] OU
|rated|
|rule|HP Percentage Mod: HP is shown in percentages
|rule|Endless Battle Clause: Forcing endless battles is banned
|rule|Species Clause: Limit one of each Pokémon
|rule|OHKO Clause: OHKO moves are banned
|rule|Evasion Items Clause: Evasion items are banned
|rule|Evasion Moves Clause: Evasion moves are banned
|rule|Evasion Abilities Clause: Evasion abilities are banned
|rule|Sleep Moves Clause: Sleep-inducing moves are banned
|clearpoke
|poke|p1|Garganacl, M|
|poke|p1|Gliscor, M|
|poke|p1|Toxapex, M|
|poke|p1|Kingambit, F|
|poke|p1|Dragonite, F|
|poke|p1|Cinccino, F|
|poke|p2|Venusaur, M|
|poke|p2|Charizard, F|
|poke|p2|Meganium, M|
|poke|p2|Blaziken, M|
|poke|p2|Incineroar, F|
|poke|p2|Skeledirge, F|
|teampreview
|inactive|Battle timer is ON: inactive players will automatically lose when time's up. (requested by yeeterdieabeater)
|
|t:|1757859276
|teamsize|p1|6
|teamsize|p2|6
|start
|switch|p1a: Gliscor|Gliscor, M, shiny|100/100
|switch|p2a: Incineroar|Incineroar, F|100/100
|-ability|p2a: Incineroar|Intimidate|boost
|-unboost|p1a: Gliscor|atk|1
|turn|1
|
|t:|1757859291
|move|p1a: Gliscor|Earthquake|p2a: Incineroar
|-supereffective|p2a: Incineroar
|-damage|p2a: Incineroar|52/100
|move|p2a: Incineroar|Sunny Day|p2a: Incineroar
|-weather|SunnyDay
|
|-weather|SunnyDay|[upkeep]
|-status|p1a: Gliscor|tox|[from] item: Toxic Orb
|upkeep
|turn|2
|
|t:|1757859299
|move|p1a: Gliscor|Earthquake|p2a: Incineroar
|-supereffective|p2a: Incineroar
|-damage|p2a: Incineroar|1/100
|move|p2a: Incineroar|Parting Shot|p1a: Gliscor
|-unboost|p1a: Gliscor|atk|1
|-unboost|p1a: Gliscor|spa|1
|
|t:|1757859307
|switch|p2a: Charizard|Charizard, F|100/100|[from] Parting Shot
|
|-weather|SunnyDay|[upkeep]
|-damage|p2a: Charizard|88/100|[from] ability: Solar Power|[of] p2a: Charizard
|upkeep
|turn|3
|
|t:|1757859320
|move|p1a: Gliscor|Protect|p1a: Gliscor
|-singleturn|p1a: Gliscor|Protect
|move|p2a: Charizard|Fire Blast|p1a: Gliscor
|-activate|p1a: Gliscor|move: Protect
|
|-weather|SunnyDay|[upkeep]
|-damage|p2a: Charizard|76/100|[from] ability: Solar Power|[of] p2a: Charizard
|upkeep
|turn|4
|
|t:|1757859334
|move|p2a: Charizard|Ancient Power|p1a: Gliscor
|-damage|p1a: Gliscor|58/100 tox
|move|p1a: Gliscor|Poison Jab|p2a: Charizard
|-damage|p2a: Charizard|59/100
|
|-weather|SunnyDay|[upkeep]
|-damage|p2a: Charizard|46/100|[from] ability: Solar Power|[of] p2a: Charizard
|-heal|p1a: Gliscor|71/100 tox|[from] ability: Poison Heal
|upkeep
|turn|5
|
|t:|1757859345
|move|p1a: Gliscor|Protect|p1a: Gliscor
|-singleturn|p1a: Gliscor|Protect
|move|p2a: Charizard|Fire Blast|p1a: Gliscor
|-activate|p1a: Gliscor|move: Protect
|
|-weather|SunnyDay|[upkeep]
|-damage|p2a: Charizard|34/100|[from] ability: Solar Power|[of] p2a: Charizard
|-heal|p1a: Gliscor|83/100 tox|[from] ability: Poison Heal
|upkeep
|turn|6
|
|t:|1757859355
|move|p2a: Charizard|Fire Blast|p1a: Gliscor
|-damage|p1a: Gliscor|0 fnt
|faint|p1a: Gliscor
|
|-weather|SunnyDay|[upkeep]
|-damage|p2a: Charizard|21/100|[from] ability: Solar Power|[of] p2a: Charizard
|upkeep
|
|t:|1757859367
|switch|p1a: Toxapex|Toxapex, M, shiny|100/100
|turn|7
|
|t:|1757859373
|move|p2a: Charizard|Solar Beam||[still]
|-prepare|p2a: Charizard|Solar Beam
|-anim|p2a: Charizard|Solar Beam|p1a: Toxapex
|-damage|p1a: Toxapex|57/100
|move|p1a: Toxapex|Surf|p2a: Charizard
|-supereffective|p2a: Charizard
|-damage|p2a: Charizard|0 fnt
|faint|p2a: Charizard
|
|-weather|SunnyDay|[upkeep]
|-heal|p1a: Toxapex|63/100|[from] item: Black Sludge
|upkeep
|inactive|RaveDad has 120 seconds left.
|
|t:|1757859409
|switch|p2a: Meganium|Meganium, M|100/100
|turn|8
|
|t:|1757859417
|move|p2a: Meganium|Leech Seed|p1a: Toxapex
|-start|p1a: Toxapex|move: Leech Seed
|move|p1a: Toxapex|Sludge Bomb|p2a: Meganium
|-supereffective|p2a: Meganium
|-damage|p2a: Meganium|59/100
|
|-weather|none
|-heal|p1a: Toxapex|69/100|[from] item: Black Sludge
|-damage|p1a: Toxapex|57/100|[from] Leech Seed|[of] p2a: Meganium
|-heal|p2a: Meganium|69/100|[silent]
|upkeep
|turn|9
|inactive|RaveDad has 120 seconds left.
|
|t:|1757859432
|move|p2a: Meganium|Reflect|p2a: Meganium
|-sidestart|p2: RaveDad|Reflect
|move|p1a: Toxapex|Sludge Bomb|p2a: Meganium
|-supereffective|p2a: Meganium
|-damage|p2a: Meganium|32/100
|
|-heal|p1a: Toxapex|63/100|[from] item: Black Sludge
|-damage|p1a: Toxapex|50/100|[from] Leech Seed|[of] p2a: Meganium
|-heal|p2a: Meganium|42/100|[silent]
|upkeep
|turn|10
|
|t:|1757859441
|move|p2a: Meganium|Synthesis|p2a: Meganium
|-heal|p2a: Meganium|92/100
|move|p1a: Toxapex|Sludge Bomb|p2a: Meganium
|-supereffective|p2a: Meganium
|-damage|p2a: Meganium|55/100
|
|-heal|p1a: Toxapex|56/100|[from] item: Black Sludge
|-damage|p1a: Toxapex|44/100|[from] Leech Seed|[of] p2a: Meganium
|-heal|p2a: Meganium|65/100|[silent]
|upkeep
|turn|11
|
|t:|1757859454
|move|p2a: Meganium|Light Screen|p2a: Meganium
|-sidestart|p2: RaveDad|move: Light Screen
|move|p1a: Toxapex|Sludge Bomb|p2a: Meganium
|-supereffective|p2a: Meganium
|-damage|p2a: Meganium|47/100
|-status|p2a: Meganium|psn
|
|-heal|p1a: Toxapex|50/100|[from] item: Black Sludge
|-damage|p1a: Toxapex|38/100|[from] Leech Seed|[of] p2a: Meganium
|-heal|p2a: Meganium|57/100 psn|[silent]
|-damage|p2a: Meganium|44/100 psn|[from] psn
|upkeep
|turn|12
|inactive|RaveDad has 120 seconds left.
|
|t:|1757859470
|switch|p2a: Blaziken|Blaziken, M|100/100
|switch|p1a: Kingambit|Kingambit, F, shiny|100/100
|-activate|p1a: Kingambit|ability: Supreme Overlord
|-start|p1a: Kingambit|fallen1|[silent]
|
|upkeep
|turn|13
|inactive|RaveDad has 120 seconds left.
|
|t:|1757859490
|-end|p1a: Kingambit|fallen1|[silent]
|switch|p1a: Toxapex|Toxapex, M, shiny|71/100
|move|p2a: Blaziken|Swords Dance|p2a: Blaziken
|-boost|p2a: Blaziken|atk|2
|
|-heal|p1a: Toxapex|77/100|[from] item: Black Sludge
|-ability|p2a: Blaziken|Speed Boost|boost
|-boost|p2a: Blaziken|spe|1
|upkeep
|turn|14
|inactive|RaveDad has 120 seconds left.
|
|t:|1757859508
|move|p1a: Toxapex|Baneful Bunker|p1a: Toxapex
|-singleturn|p1a: Toxapex|move: Protect
|move|p2a: Blaziken|Close Combat|p1a: Toxapex
|-activate|p1a: Toxapex|move: Protect
|-status|p2a: Blaziken|psn
|
|-heal|p1a: Toxapex|83/100|[from] item: Black Sludge
|-damage|p2a: Blaziken|88/100 psn|[from] psn
|-ability|p2a: Blaziken|Speed Boost|boost
|-boost|p2a: Blaziken|spe|1
|upkeep
|turn|15
|
|t:|1757859519
|move|p2a: Blaziken|Close Combat|p1a: Toxapex
|-resisted|p1a: Toxapex
|-damage|p1a: Toxapex|35/100
|-unboost|p2a: Blaziken|def|1
|-unboost|p2a: Blaziken|spd|1
|move|p1a: Toxapex|Surf|p2a: Blaziken
|-supereffective|p2a: Blaziken
|-damage|p2a: Blaziken|22/100 psn
|
|-heal|p1a: Toxapex|41/100|[from] item: Black Sludge
|-damage|p2a: Blaziken|10/100 psn|[from] psn
|-ability|p2a: Blaziken|Speed Boost|boost
|-boost|p2a: Blaziken|spe|1
|upkeep
|turn|16
|
|t:|1757859532
|move|p1a: Toxapex|Baneful Bunker|p1a: Toxapex
|-singleturn|p1a: Toxapex|move: Protect
|move|p2a: Blaziken|Close Combat|p1a: Toxapex
|-activate|p1a: Toxapex|move: Protect
|
|-heal|p1a: Toxapex|47/100|[from] item: Black Sludge
|-damage|p2a: Blaziken|0 fnt|[from] psn
|faint|p2a: Blaziken
|-sideend|p2: RaveDad|Reflect
|upkeep
|
|t:|1757859543
|switch|p2a: Incineroar|Incineroar, F|1/100
|-ability|p2a: Incineroar|Intimidate|boost
|-unboost|p1a: Toxapex|atk|1
|turn|17
|
|t:|1757859549
|move|p2a: Incineroar|Sunny Day|p2a: Incineroar
|-weather|SunnyDay
|move|p1a: Toxapex|Venoshock|p2a: Incineroar
|-damage|p2a: Incineroar|0 fnt
|faint|p2a: Incineroar
|
|-weather|SunnyDay|[upkeep]
|-heal|p1a: Toxapex|53/100|[from] item: Black Sludge
|upkeep
|
|t:|1757859557
|switch|p2a: Venusaur|Venusaur, M|100/100
|turn|18
|
|t:|1757859565
|move|p2a: Venusaur|Growth|p2a: Venusaur
|-boost|p2a: Venusaur|atk|2
|-boost|p2a: Venusaur|spa|2
|move|p1a: Toxapex|Sludge Bomb|p2a: Venusaur
|-damage|p2a: Venusaur|83/100
|
|-weather|SunnyDay|[upkeep]
|-heal|p1a: Toxapex|59/100|[from] item: Black Sludge
|-sideend|p2: RaveDad|move: Light Screen
|upkeep
|turn|19
|
|t:|1757859574
|move|p2a: Venusaur|Giga Drain|p1a: Toxapex
|-damage|p1a: Toxapex|0 fnt
|-heal|p2a: Venusaur|100/100|[from] drain|[of] p1a: Toxapex
|faint|p1a: Toxapex
|-damage|p2a: Venusaur|91/100|[from] item: Life Orb
|
|-weather|SunnyDay|[upkeep]
|upkeep
|
|t:|1757859578
|switch|p1a: Cinccino|Cinccino, F, shiny|100/100
|turn|20
|
|t:|1757859589
|move|p2a: Venusaur|Giga Drain|p1a: Cinccino
|-enditem|p1a: Cinccino|Focus Sash
|-damage|p1a: Cinccino|1/100
|-heal|p2a: Venusaur|100/100|[from] drain|[of] p1a: Cinccino
|-damage|p2a: Venusaur|91/100|[from] item: Life Orb
|move|p1a: Cinccino|Triple Axel|p2a: Venusaur
|-supereffective|p2a: Venusaur
|-damage|p2a: Venusaur|67/100
|-supereffective|p2a: Venusaur
|-damage|p2a: Venusaur|24/100
|-supereffective|p2a: Venusaur
|-damage|p2a: Venusaur|0 fnt
|faint|p2a: Venusaur
|-hitcount|p2: Venusaur|3
|
|-weather|SunnyDay|[upkeep]
|upkeep
|inactive|RaveDad has 120 seconds left.
|
|t:|1757859606
|switch|p2a: Meganium|Meganium, M|44/100 psn
|turn|21
|
|t:|1757859614
|move|p1a: Cinccino|Bullet Seed|p2a: Meganium
|-resisted|p2a: Meganium
|-damage|p2a: Meganium|40/100 psn
|-resisted|p2a: Meganium
|-damage|p2a: Meganium|35/100 psn
|-hitcount|p2a: Meganium|2
|move|p2a: Meganium|Leech Seed|p1a: Cinccino
|-start|p1a: Cinccino|move: Leech Seed
|
|-weather|SunnyDay|[upkeep]
|-damage|p1a: Cinccino|0 fnt|[from] Leech Seed|[of] p2a: Meganium
|-heal|p2a: Meganium|35/100 psn|[silent]
|faint|p1a: Cinccino
|-damage|p2a: Meganium|23/100 psn|[from] psn
|upkeep
|
|t:|1757859630
|switch|p1a: Garganacl|Garganacl, M, shiny|100/100
|turn|22
|
|t:|1757859636
|-terastallize|p1a: Garganacl|Flying
|move|p2a: Meganium|Leech Seed|p1a: Garganacl
|-start|p1a: Garganacl|move: Leech Seed
|move|p1a: Garganacl|Salt Cure|p2a: Meganium
|-damage|p2a: Meganium|10/100 psn
|-start|p2a: Meganium|Salt Cure
|
|-weather|SunnyDay|[upkeep]
|-damage|p1a: Garganacl|88/100|[from] Leech Seed|[of] p2a: Meganium
|-heal|p2a: Meganium|24/100 psn|[silent]
|-damage|p2a: Meganium|11/100 psn|[from] psn
|-damage|p2a: Meganium|0 fnt|[from] Salt Cure
|faint|p2a: Meganium
|upkeep
|
|t:|1757859649
|switch|p2a: Skeledirge|Skeledirge, F|100/100
|turn|23
|
|t:|1757859653
|move|p2a: Skeledirge|Will-O-Wisp|p1a: Garganacl
|-immune|p1a: Garganacl|[from] ability: Purifying Salt
|move|p1a: Garganacl|Salt Cure|p2a: Skeledirge
|-supereffective|p2a: Skeledirge
|-damage|p2a: Skeledirge|78/100
|-start|p2a: Skeledirge|Salt Cure
|
|-weather|SunnyDay|[upkeep]
|-heal|p2a: Skeledirge|84/100|[from] item: Leftovers
|-heal|p1a: Garganacl|94/100|[from] item: Leftovers
|-damage|p1a: Garganacl|82/100|[from] Leech Seed|[of] p2a: Skeledirge
|-heal|p2a: Skeledirge|96/100|[silent]
|-damage|p2a: Skeledirge|84/100|[from] Salt Cure
|upkeep
|turn|24
|
|t:|1757859667
|switch|p1a: Dragonite|Dragonite, F, shiny|100/100
|move|p2a: Skeledirge|Torch Song|p1a: Dragonite
|-resisted|p1a: Dragonite
|-damage|p1a: Dragonite|88/100
|-boost|p2a: Skeledirge|spa|1
|
|-weather|none
|-heal|p2a: Skeledirge|90/100|[from] item: Leftovers
|-damage|p2a: Skeledirge|78/100|[from] Salt Cure
|upkeep
|turn|25
|
|t:|1757859678
|move|p1a: Dragonite|Outrage|p2a: Skeledirge
|-damage|p2a: Skeledirge|0 fnt
|faint|p2a: Skeledirge
|
|win|yeeterdieabeater
|raw|yeeterdieabeater's rating: 1096 &rarr; <strong>1126</strong><br />(+30 for winning)
|raw|RaveDad's rating: 1152 &rarr; <strong>1123</strong><br />(-29 for losing)
|l|☆yeeterdieabeater
|player|p1|
|l|☆RaveDad
|player|p2|
