|j|☆Rudragoat
|j|☆caijin
|t:|1757818291
|gametype|singles
|player|p1|Rudragoat|dawn|1089
|player|p2|caijin|bianca|1119
|gen|9
|tier|[Gen 9] OU
|rated|
|rule|HP Percentage Mod: HP is shown in percentages
|rule|Endless Battle Clause: Forcing endless battles is banned
|rule|Species Clause: Limit one of each Pokémon
|rule|OHKO Clause: OHKO moves are banned
|rule|Evasion Items Clause: Evasion items are banned
|rule|Evasion Moves Clause: Evasion moves are banned
|rule|Evasion Abilities Clause: Evasion abilities are banned
|rule|Sleep Moves Clause: Sleep-inducing moves are banned
|clearpoke
|poke|p1|Dragapult, M|
|poke|p1|Enamorus, F|
|poke|p1|Meowscarada, F|
|poke|p1|Landorus-Therian, M|
|poke|p1|Kingambit, F|
|poke|p1|Heatran, M|
|poke|p2|Serperior, F|
|poke|p2|Meowstic, M|
|poke|p2|Chandelure, M|
|poke|p2|Pawmot, F|
|poke|p2|Noivern, M|
|poke|p2|Florges-Blue, F|
|teampreview
|inactive|Battle timer is ON: inactive players will automatically lose when time's up. (requested by caijin)
|
|t:|1757818301
|teamsize|p1|6
|teamsize|p2|6
|start
|switch|p1a: Dragapult|Dragapult, M|100/100
|switch|p2a: Mirror|Meowstic, M|100/100
|turn|1
|
|t:|1757818312
|move|p2a: Mirror|Thunder Wave|p1a: Dragapult
|-status|p1a: Dragapult|par
|move|p1a: Dragapult|Shadow Ball|p2a: Mirror
|-supereffective|p2a: Mirror
|-damage|p2a: Mirror|17/100
|-unboost|p2a: Mirror|spd|1
|
|upkeep
|turn|2
|
|t:|1757818321
|switch|p1a: Enamorus|Enamorus, F|100/100
|move|p2a: Mirror|Light Screen|p2a: Mirror
|-sidestart|p2: caijin|move: Light Screen
|
|upkeep
|turn|3
|
|t:|1757818328
|move|p2a: Mirror|Thunder Wave|p1a: Enamorus|[miss]
|-miss|p2a: Mirror|p1a: Enamorus
|move|p1a: Enamorus|Mystical Fire|p2a: Mirror
|-damage|p2a: Mirror|0 fnt
|faint|p2a: Mirror
|
|upkeep
|
|t:|1757818339
|switch|p2a: Lisianthus|Florges-Blue, F|100/100
|turn|4
|
|t:|1757818356
|switch|p1a: Heatran|Heatran, M|100/100
|move|p2a: Lisianthus|Calm Mind|p2a: Lisianthus
|-boost|p2a: Lisianthus|spa|1
|-boost|p2a: Lisianthus|spd|1
|
|upkeep
|turn|5
|
|t:|1757818366
|switch|p2a: Shyouko|Chandelure, M|100/100
|move|p1a: Heatran|Flash Cannon|p2a: Shyouko
|-resisted|p2a: Shyouko
|-damage|p2a: Shyouko|88/100
|
|upkeep
|turn|6
|
|t:|1757818377
|move|p2a: Shyouko|Shadow Ball|p1a: Heatran
|-damage|p1a: Heatran|59/100
|-damage|p2a: Shyouko|78/100|[from] item: Life Orb
|move|p1a: Heatran|Earth Power|p2a: Shyouko
|-supereffective|p2a: Shyouko
|-damage|p2a: Shyouko|38/100
|
|-heal|p1a: Heatran|65/100|[from] item: Leftovers
|upkeep
|turn|7
|
|t:|1757818387
|move|p2a: Shyouko|Shadow Ball|p1a: Heatran
|-damage|p1a: Heatran|28/100
|-damage|p2a: Shyouko|28/100|[from] item: Life Orb
|move|p1a: Heatran|Earth Power|p2a: Shyouko
|-supereffective|p2a: Shyouko
|-damage|p2a: Shyouko|0 fnt
|faint|p2a: Shyouko
|
|-heal|p1a: Heatran|34/100|[from] item: Leftovers
|upkeep
|
|t:|1757818404
|switch|p2a: Apricot|Pawmot, F|100/100
|turn|8
|inactive|Rudragoat has 120 seconds left.
|
|t:|1757818450
|-terastallize|p1a: Heatran|Grass
|move|p2a: Apricot|Double Shock|p1a: Heatran
|-resisted|p1a: Heatran
|-damage|p1a: Heatran|8/100
|-start|p2a: Apricot|typechange|???/Fighting|[from] move: Double Shock
|move|p1a: Heatran|Earth Power|p2a: Apricot
|-damage|p2a: Apricot|75/100
|
|-heal|p1a: Heatran|14/100|[from] item: Leftovers
|upkeep
|turn|9
|
|t:|1757818464
|move|p2a: Apricot|Ice Punch|p1a: Heatran
|-supereffective|p1a: Heatran
|-damage|p1a: Heatran|0 fnt
|faint|p1a: Heatran
|
|-sideend|p2: caijin|move: Light Screen
|upkeep
|inactive|Rudragoat has 90 seconds left.
|
|t:|1757818494
|switch|p1a: Landorus|Landorus-Therian, M|100/100
|-ability|p1a: Landorus|Intimidate|boost
|-unboost|p2a: Apricot|atk|1
|turn|10
|inactive|Rudragoat has 90 seconds left.
|
|t:|1757818501
|switch|p2a: Camellia|Serperior, F|100/100
|move|p1a: Landorus|Stealth Rock|p2a: Camellia
|-sidestart|p2: caijin|move: Stealth Rock
|
|upkeep
|turn|11
|inactive|Rudragoat has 90 seconds left.
|
|t:|1757818528
|switch|p1a: Enamorus|Enamorus, F|100/100
|move|p2a: Camellia|Coil|p2a: Camellia
|-boost|p2a: Camellia|atk|1
|-boost|p2a: Camellia|def|1
|-boost|p2a: Camellia|accuracy|1
|
|upkeep
|turn|12
|
|t:|1757818536
|move|p2a: Camellia|Coil|p2a: Camellia
|-boost|p2a: Camellia|atk|1
|-boost|p2a: Camellia|def|1
|-boost|p2a: Camellia|accuracy|1
|move|p1a: Enamorus|Mystical Fire|p2a: Camellia
|-supereffective|p2a: Camellia
|-damage|p2a: Camellia|30/100
|-unboost|p2a: Camellia|spa|1
|
|upkeep
|turn|13
|
|t:|1757818549
|move|p2a: Camellia|Bullet Seed|p1a: Enamorus
|-resisted|p1a: Enamorus
|-damage|p1a: Enamorus|83/100
|-resisted|p1a: Enamorus
|-damage|p1a: Enamorus|66/100
|-resisted|p1a: Enamorus
|-damage|p1a: Enamorus|49/100
|-resisted|p1a: Enamorus
|-damage|p1a: Enamorus|30/100
|-hitcount|p1a: Enamorus|4
|move|p1a: Enamorus|Mystical Fire|p2a: Camellia
|-supereffective|p2a: Camellia
|-damage|p2a: Camellia|0 fnt
|faint|p2a: Camellia
|
|upkeep
|
|t:|1757818571
|switch|p2a: Lisianthus|Florges-Blue, F|100/100
|-damage|p2a: Lisianthus|88/100|[from] Stealth Rock
|turn|14
|inactive|Rudragoat has 90 seconds left.
|
|t:|1757818601
|move|p1a: Enamorus|Mystical Fire|p2a: Lisianthus
|-damage|p2a: Lisianthus|69/100
|-unboost|p2a: Lisianthus|spa|1
|move|p2a: Lisianthus|Moonblast|p1a: Enamorus
|-damage|p1a: Enamorus|0 fnt
|faint|p1a: Enamorus
|
|upkeep
|
|t:|1757818617
|switch|p1a: Meowscarada|Meowscarada, F|100/100
|turn|15
|
|t:|1757818623
|move|p1a: Meowscarada|Toxic Spikes|p2a: Lisianthus
|-start|p1a: Meowscarada|typechange|Poison|[from] ability: Protean
|-sidestart|p2: caijin|move: Toxic Spikes
|move|p2a: Lisianthus|Chilling Water|p1a: Meowscarada
|-damage|p1a: Meowscarada|81/100
|-unboost|p1a: Meowscarada|atk|1
|
|upkeep
|turn|16
|
|t:|1757818645
|switch|p1a: Kingambit|Kingambit, F|100/100
|-activate|p1a: Kingambit|ability: Supreme Overlord
|-start|p1a: Kingambit|fallen2|[silent]
|switch|p2a: Misty|Noivern, M|100/100
|
|upkeep
|turn|17
|inactive|Rudragoat has 60 seconds left.
|
|t:|1757818671
|move|p1a: Kingambit|Sucker Punch||[still]
|-fail|p1a: Kingambit
|move|p2a: Misty|Defog|p1a: Kingambit
|-unboost|p1a: Kingambit|evasion|1
|-sideend|p2: caijin|Toxic Spikes|[from] move: Defog|[of] p2a: Misty
|-sideend|p2: caijin|Stealth Rock|[from] move: Defog|[of] p2a: Misty
|
|upkeep
|turn|18
|
|t:|1757818683
|-end|p1a: Kingambit|fallen2|[silent]
|switch|p1a: Meowscarada|Meowscarada, F|81/100
|move|p2a: Misty|Whirlwind|p1a: Meowscarada
|drag|p1a: Landorus|Landorus-Therian, M|100/100
|-ability|p1a: Landorus|Intimidate|boost
|-unboost|p2a: Misty|atk|1
|
|upkeep
|turn|19
|inactive|Rudragoat has 60 seconds left.
|
|t:|1757818695
|move|p2a: Misty|Draco Meteor|p1a: Landorus
|-damage|p1a: Landorus|37/100
|-unboost|p2a: Misty|spa|2
|move|p1a: Landorus|Stone Edge|p2a: Misty|[miss]
|-miss|p1a: Landorus|p2a: Misty
|
|-heal|p1a: Landorus|43/100|[from] item: Leftovers
|upkeep
|turn|20
|inactive|Rudragoat has 60 seconds left.
|
|t:|1757818707
|switch|p2a: Lisianthus|Florges-Blue, F|69/100
|move|p1a: Landorus|Stone Edge|p2a: Lisianthus
|-damage|p2a: Lisianthus|19/100
|
|-heal|p1a: Landorus|49/100|[from] item: Leftovers
|upkeep
|turn|21
|
|t:|1757818717
|move|p1a: Landorus|Earthquake|p2a: Lisianthus
|-damage|p2a: Lisianthus|0 fnt
|faint|p2a: Lisianthus
|
|-heal|p1a: Landorus|55/100|[from] item: Leftovers
|upkeep
|
|t:|1757818725
|switch|p2a: Apricot|Pawmot, F|75/100
|turn|22
|
|t:|1757818728
|move|p2a: Apricot|Ice Punch|p1a: Landorus
|-supereffective|p1a: Landorus
|-damage|p1a: Landorus|0 fnt
|faint|p1a: Landorus
|
|upkeep
|
|t:|1757818738
|switch|p1a: Meowscarada|Meowscarada, F|81/100
|turn|23
|
|t:|1757818743
|switch|p2a: Misty|Noivern, M|100/100
|move|p1a: Meowscarada|Toxic Spikes|p2a: Misty
|-start|p1a: Meowscarada|typechange|Poison|[from] ability: Protean
|-sidestart|p2: caijin|move: Toxic Spikes
|
|upkeep
|turn|24
|inactive|Rudragoat has 90 seconds left.
|
|t:|1757818760
|switch|p1a: Dragapult|Dragapult, M|100/100 par
|move|p2a: Misty|Defog|p1a: Dragapult
|-unboost|p1a: Dragapult|evasion|1
|-sideend|p2: caijin|Toxic Spikes|[from] move: Defog|[of] p2a: Misty
|
|upkeep
|turn|25
|
|t:|1757818769
|move|p2a: Misty|Draco Meteor|p1a: Dragapult
|-supereffective|p1a: Dragapult
|-damage|p1a: Dragapult|0 fnt
|-unboost|p2a: Misty|spa|2
|faint|p1a: Dragapult
|
|upkeep
|
|t:|1757818776
|switch|p1a: Meowscarada|Meowscarada, F|81/100
|turn|26
|inactive|Rudragoat has 90 seconds left.
|
|t:|1757818783
|move|p1a: Meowscarada|Foul Play|p2a: Misty
|-start|p1a: Meowscarada|typechange|Dark|[from] ability: Protean
|-damage|p2a: Misty|75/100
|move|p2a: Misty|Defog|p1a: Meowscarada
|-unboost|p1a: Meowscarada|evasion|1
|
|upkeep
|turn|27
|
|t:|1757818795
|switch|p2a: Apricot|Pawmot, F|75/100
|move|p1a: Meowscarada|Foul Play|p2a: Apricot
|-resisted|p2a: Apricot
|-damage|p2a: Apricot|39/100
|
|upkeep
|turn|28
|
|t:|1757818807
|switch|p2a: Misty|Noivern, M|75/100
|move|p1a: Meowscarada|Energy Ball|p2a: Misty
|-resisted|p2a: Misty
|-damage|p2a: Misty|70/100
|
|upkeep
|turn|29
|
|t:|1757818815
|move|p2a: Misty|Boomburst|p1a: Meowscarada
|-damage|p1a: Meowscarada|14/100
|move|p1a: Meowscarada|Foul Play|p2a: Misty
|-damage|p2a: Misty|47/100
|
|upkeep
|turn|30
|
|t:|1757818824
|move|p1a: Meowscarada|Toxic Spikes|p2a: Misty
|-sidestart|p2: caijin|move: Toxic Spikes
|move|p2a: Misty|Boomburst|p1a: Meowscarada
|-damage|p1a: Meowscarada|0 fnt
|faint|p1a: Meowscarada
|
|upkeep
|
|t:|1757818830
|switch|p1a: Kingambit|Kingambit, F|100/100
|-activate|p1a: Kingambit|ability: Supreme Overlord
|-start|p1a: Kingambit|fallen5|[silent]
|turn|31
|
|t:|1757818846
|move|p1a: Kingambit|Sucker Punch||[still]
|-fail|p1a: Kingambit
|move|p2a: Misty|Defog|p1a: Kingambit
|-unboost|p1a: Kingambit|evasion|1
|-sideend|p2: caijin|Toxic Spikes|[from] move: Defog|[of] p2a: Misty
|
|upkeep
|turn|32
|
|t:|1757818853
|move|p1a: Kingambit|Sucker Punch|p2a: Misty
|-damage|p2a: Misty|0 fnt
|faint|p2a: Misty
|
|upkeep
|
|t:|1757818858
|switch|p2a: Apricot|Pawmot, F|39/100
|turn|33
|
|t:|1757818872
|-terastallize|p2a: Apricot|Electric
|move|p2a: Apricot|Mach Punch|p1a: Kingambit
|-supereffective|p1a: Kingambit
|-damage|p1a: Kingambit|22/100
|move|p1a: Kingambit|Sucker Punch||[still]
|-fail|p1a: Kingambit
|
|upkeep
|turn|34
|
|t:|1757818880
|move|p2a: Apricot|Mach Punch|p1a: Kingambit
|-supereffective|p1a: Kingambit
|-damage|p1a: Kingambit|0 fnt
|faint|p1a: Kingambit
|-end|p1a: Kingambit|fallen5|[silent]
|
|win|caijin
|raw|Rudragoat's rating: 1089 &rarr; <strong>1068</strong><br />(-21 for losing)
|raw|caijin's rating: 1119 &rarr; <strong>1142</strong><br />(+23 for winning)
