|j|☆electr0lytes
|j|☆forok1234
|t:|1757823259
|gametype|singles
|player|p1|electr0lytes|pokemaniac|1320
|player|p2|forok1234|266|1324
|gen|9
|tier|[Gen 9] OU
|rated|
|rule|HP Percentage Mod: HP is shown in percentages
|rule|Endless Battle Clause: Forcing endless battles is banned
|rule|Species Clause: Limit one of each Pokémon
|rule|OHKO Clause: OHKO moves are banned
|rule|Evasion Items Clause: Evasion items are banned
|rule|Evasion Moves Clause: Evasion moves are banned
|rule|Evasion Abilities Clause: Evasion abilities are banned
|rule|Sleep Moves Clause: Sleep-inducing moves are banned
|clearpoke
|poke|p1|Hawlucha, F|
|poke|p1|Dragonite, M|
|poke|p1|Rillaboom, F|
|poke|p1|Hatterene, F|
|poke|p1|Gholdengo|
|poke|p1|Dondozo, F|
|poke|p2|Gholdengo|
|poke|p2|Dragapult, M|
|poke|p2|Dragonite, M|
|poke|p2|Araquanid, F|
|poke|p2|Enamorus, F|
|poke|p2|Great Tusk|
|teampreview
|
|t:|1757823266
|teamsize|p1|6
|teamsize|p2|6
|start
|switch|p1a: Gholdengo|Gholdengo|100/100
|switch|p2a: Araquanid|Araquanid, F|100/100
|-item|p1a: Gholdengo|Air Balloon
|turn|1
|
|t:|1757823272
|switch|p1a: Hatterene|Hatterene, F|100/100
|move|p2a: Araquanid|Surf|p1a: Hatterene
|-damage|p1a: Hatterene|60/100
|
|-heal|p1a: Hatterene|66/100|[from] item: Leftovers
|upkeep
|turn|2
|
|t:|1757823280
|move|p2a: Araquanid|Surf|p1a: Hatterene
|-damage|p1a: Hatterene|31/100
|move|p1a: Hatterene|Nuzzle|p2a: Araquanid
|-supereffective|p2a: Araquanid
|-damage|p2a: Araquanid|91/100
|-status|p2a: Araquanid|par
|
|-heal|p1a: Hatterene|37/100|[from] item: Leftovers
|upkeep
|turn|3
|
|t:|1757823291
|switch|p1a: Gholdengo|Gholdengo|100/100
|-item|p1a: Gholdengo|Air Balloon
|move|p2a: Araquanid|Surf|p1a: Gholdengo
|-damage|p1a: Gholdengo|60/100
|-enditem|p1a: Gholdengo|Air Balloon
|
|upkeep
|turn|4
|
|t:|1757823293
|move|p1a: Gholdengo|Thunderbolt|p2a: Araquanid
|-supereffective|p2a: Araquanid
|-damage|p2a: Araquanid|54/100 par
|move|p2a: Araquanid|Sticky Web|p1a: Gholdengo
|-sidestart|p1: electr0lytes|move: Sticky Web
|
|upkeep
|turn|5
|
|t:|1757823306
|switch|p2a: Great Tusk|Great Tusk|100/100
|-enditem|p2a: Great Tusk|Booster Energy
|-activate|p2a: Great Tusk|ability: Protosynthesis|[fromitem]
|-start|p2a: Great Tusk|protosynthesisatk
|move|p1a: Gholdengo|Nasty Plot|p1a: Gholdengo
|-boost|p1a: Gholdengo|spa|2
|
|upkeep
|turn|6
|
|t:|1757823323
|-terastallize|p1a: Gholdengo|Grass
|move|p2a: Great Tusk|Ice Spinner|p1a: Gholdengo
|-supereffective|p1a: Gholdengo
|-damage|p1a: Gholdengo|0 fnt
|faint|p1a: Gholdengo
|
|upkeep
|
|t:|1757823330
|switch|p1a: Rillaboom|Rillaboom, F|100/100
|-activate|p1a: Rillaboom|move: Sticky Web
|-unboost|p1a: Rillaboom|spe|1
|-fieldstart|move: Grassy Terrain|[from] ability: Grassy Surge|[of] p1a: Rillaboom
|turn|7
|
|t:|1757823342
|-terastallize|p2a: Great Tusk|Steel
|move|p1a: Rillaboom|Grassy Glide|p2a: Great Tusk
|-resisted|p2a: Great Tusk
|-damage|p2a: Great Tusk|86/100
|move|p2a: Great Tusk|Ice Spinner|p1a: Rillaboom
|-supereffective|p1a: Rillaboom
|-damage|p1a: Rillaboom|32/100
|-fieldend|move: Grassy Terrain
|
|upkeep
|turn|8
|
|t:|1757823354
|switch|p1a: Dondozo|Dondozo, F|100/100
|-activate|p1a: Dondozo|move: Sticky Web
|-unboost|p1a: Dondozo|spe|1
|move|p2a: Great Tusk|Ice Spinner|p1a: Dondozo
|-resisted|p1a: Dondozo
|-damage|p1a: Dondozo|92/100
|
|-heal|p1a: Dondozo|98/100|[from] item: Leftovers
|upkeep
|turn|9
|
|t:|1757823390
|-end|p2a: Great Tusk|Protosynthesis|[silent]
|switch|p2a: Gholdengo|Gholdengo|100/100
|-item|p2a: Gholdengo|Air Balloon
|move|p1a: Dondozo|Body Press|p2a: Gholdengo
|-immune|p2a: Gholdengo
|
|-heal|p1a: Dondozo|100/100|[from] item: Leftovers
|upkeep
|turn|10
|
|t:|1757823396
|move|p2a: Gholdengo|Nasty Plot|p2a: Gholdengo
|-boost|p2a: Gholdengo|spa|2
|move|p1a: Dondozo|Avalanche|p2a: Gholdengo
|-resisted|p2a: Gholdengo
|-damage|p2a: Gholdengo|92/100
|-enditem|p2a: Gholdengo|Air Balloon
|
|upkeep
|turn|11
|
|t:|1757823423
|switch|p1a: Rillaboom|Rillaboom, F|32/100
|-activate|p1a: Rillaboom|move: Sticky Web
|-unboost|p1a: Rillaboom|spe|1
|-fieldstart|move: Grassy Terrain|[from] ability: Grassy Surge|[of] p1a: Rillaboom
|move|p2a: Gholdengo|Nasty Plot|p2a: Gholdengo
|-boost|p2a: Gholdengo|spa|2
|
|-heal|p2a: Gholdengo|98/100|[from] Grassy Terrain
|-heal|p1a: Rillaboom|38/100|[from] Grassy Terrain
|upkeep
|turn|12
|
|t:|1757823427
|move|p1a: Rillaboom|Grassy Glide|p2a: Gholdengo
|-resisted|p2a: Gholdengo
|-damage|p2a: Gholdengo|74/100
|move|p2a: Gholdengo|Shadow Ball|p1a: Rillaboom
|-damage|p1a: Rillaboom|0 fnt
|faint|p1a: Rillaboom
|
|-heal|p2a: Gholdengo|80/100|[from] Grassy Terrain
|upkeep
|
|t:|1757823430
|switch|p1a: Hawlucha|Hawlucha, F|100/100
|-enditem|p1a: Hawlucha|Grassy Seed
|-boost|p1a: Hawlucha|def|1|[from] item: Grassy Seed
|turn|13
|
|t:|1757823440
|move|p1a: Hawlucha|Thunder Punch|p2a: Gholdengo
|-damage|p2a: Gholdengo|54/100
|move|p2a: Gholdengo|Dazzling Gleam|p1a: Hawlucha
|-supereffective|p1a: Hawlucha
|-damage|p1a: Hawlucha|0 fnt
|faint|p1a: Hawlucha
|
|-heal|p2a: Gholdengo|60/100|[from] Grassy Terrain
|upkeep
|
|t:|1757823447
|switch|p1a: Dragonite|Dragonite, M|100/100
|turn|14
|
|t:|1757823452
|move|p2a: Gholdengo|Dazzling Gleam|p1a: Dragonite
|-supereffective|p1a: Dragonite
|-damage|p1a: Dragonite|13/100
|move|p1a: Dragonite|Earthquake|p2a: Gholdengo
|-supereffective|p2a: Gholdengo
|-damage|p2a: Gholdengo|16/100
|
|-heal|p2a: Gholdengo|22/100|[from] Grassy Terrain
|upkeep
|turn|15
|-message|electr0lytes forfeited.
|
|win|forok1234
|raw|electr0lytes's rating: 1320 &rarr; <strong>1300</strong><br />(-20 for losing)
|raw|forok1234's rating: 1324 &rarr; <strong>1344</strong><br />(+20 for winning)
|l|☆electr0lytes
|player|p1|
|l|☆forok1234
|player|p2|
