|j|☆wanghaoling8
|j|☆Kyommunism
|t:|1757909458
|gametype|singles
|player|p1|wanghaoling8|dawn|1419
|player|p2|Kyommunism|iris-gen5bw2|1460
|gen|9
|tier|[Gen 9] OU
|rated|
|rule|HP Percentage Mod: HP is shown in percentages
|rule|Endless Battle Clause: Forcing endless battles is banned
|rule|Species Clause: Limit one of each Pokémon
|rule|OHKO Clause: OHKO moves are banned
|rule|Evasion Items Clause: Evasion items are banned
|rule|Evasion Moves Clause: Evasion moves are banned
|rule|Evasion Abilities Clause: Evasion abilities are banned
|rule|Sleep Moves Clause: Sleep-inducing moves are banned
|clearpoke
|poke|p1|Raging Bolt|
|poke|p1|Great Tusk|
|poke|p1|Serperior, F|
|poke|p1|Lokix, F|
|poke|p1|Hatterene, F|
|poke|p1|Corviknight, M|
|poke|p2|Skeledirge, M|
|poke|p2|Ribombee, M|
|poke|p2|Goodra-Hisui, M|
|poke|p2|Raging Bolt|
|poke|p2|Trevenant, M|
|poke|p2|Corviknight, M|
|teampreview
|inactive|Battle timer is ON: inactive players will automatically lose when time's up. (requested by Kyommunism)
|inactive|wanghaoling8 also wants the timer to be on.
|
|t:|1757909477
|teamsize|p1|6
|teamsize|p2|6
|start
|switch|p1a: Lokix|Lokix, F|100/100
|switch|p2a: Ribombee|Ribombee, M, shiny|100/100
|turn|1
|
|t:|1757909482
|switch|p1a: Hatterene|Hatterene, F|100/100
|move|p2a: Ribombee|Quiver Dance|p2a: Ribombee
|-boost|p2a: Ribombee|spa|1
|-boost|p2a: Ribombee|spd|1
|-boost|p2a: Ribombee|spe|1
|
|upkeep
|turn|2
|
|t:|1757909487
|move|p2a: Ribombee|Quiver Dance|p2a: Ribombee
|-boost|p2a: Ribombee|spa|1
|-boost|p2a: Ribombee|spd|1
|-boost|p2a: Ribombee|spe|1
|move|p1a: Hatterene|Nuzzle|p2a: Ribombee
|-damage|p2a: Ribombee|96/100
|-enditem|p2a: Ribombee|Kee Berry|[eat]
|-boost|p2a: Ribombee|def|1|[from] item: Kee Berry
|
|upkeep
|turn|3
|
|t:|1757909514
|move|p2a: Ribombee|Quiver Dance|p2a: Ribombee
|-boost|p2a: Ribombee|spa|1
|-boost|p2a: Ribombee|spd|1
|-boost|p2a: Ribombee|spe|1
|move|p1a: Hatterene|Nuzzle|p2a: Ribombee
|-damage|p2a: Ribombee|93/100
|
|upkeep
|turn|4
|
|t:|1757909517
|move|p2a: Ribombee|Quiver Dance|p2a: Ribombee
|-boost|p2a: Ribombee|spa|1
|-boost|p2a: Ribombee|spd|1
|-boost|p2a: Ribombee|spe|1
|move|p1a: Hatterene|Draining Kiss|p2a: Ribombee
|-damage|p2a: Ribombee|82/100
|
|upkeep
|turn|5
|
|t:|1757909522
|move|p2a: Ribombee|Quiver Dance|p2a: Ribombee
|-boost|p2a: Ribombee|spa|1
|-boost|p2a: Ribombee|spd|1
|-boost|p2a: Ribombee|spe|1
|move|p1a: Hatterene|Draining Kiss|p2a: Ribombee
|-damage|p2a: Ribombee|72/100
|
|upkeep
|turn|6
|
|t:|1757909528
|switch|p1a: Lokix|Lokix, F|100/100
|move|p2a: Ribombee|Quiver Dance|p2a: Ribombee
|-boost|p2a: Ribombee|spa|1
|-boost|p2a: Ribombee|spd|1
|-boost|p2a: Ribombee|spe|1
|
|upkeep
|turn|7
|
|t:|1757909535
|-terastallize|p2a: Ribombee|Fire
|move|p1a: Lokix|First Impression|p2a: Ribombee
|-resisted|p2a: Ribombee
|-damage|p2a: Ribombee|30/100
|move|p2a: Ribombee|Draining Kiss|p1a: Lokix
|-supereffective|p1a: Lokix
|-damage|p1a: Lokix|0 fnt
|-heal|p2a: Ribombee|95/100|[from] drain|[of] p1a: Lokix
|faint|p1a: Lokix
|
|upkeep
|-message|wanghaoling8 forfeited.
|
|win|Kyommunism
|raw|wanghaoling8's rating: 1419 &rarr; <strong>1401</strong><br />(-18 for losing)
|raw|Kyommunism's rating: 1460 &rarr; <strong>1478</strong><br />(+18 for winning)
|l|☆wanghaoling8
|player|p1|
|l|☆Kyommunism
|player|p2|
