|j|☆Gammamon
|j|☆flygonisdragon
|t:|1757832078
|gametype|singles
|player|p1|Gammamon|steven|1527
|player|p2|flygonisdragon|serena-masters|1529
|gen|9
|tier|[Gen 9] OU
|rated|
|rule|HP Percentage Mod: HP is shown in percentages
|rule|Endless Battle Clause: Forcing endless battles is banned
|rule|Species Clause: Limit one of each Pokémon
|rule|OHKO Clause: OHKO moves are banned
|rule|Evasion Items Clause: Evasion items are banned
|rule|Evasion Moves Clause: Evasion moves are banned
|rule|Evasion Abilities Clause: Evasion abilities are banned
|rule|Sleep Moves Clause: Sleep-inducing moves are banned
|clearpoke
|poke|p1|Iron Moth|
|poke|p1|Ting-Lu|
|poke|p1|Torkoal, F|
|poke|p1|Walking Wake|
|poke|p1|Great Tusk|
|poke|p1|Slither Wing|
|poke|p2|Volcanion|
|poke|p2|Metagross|
|poke|p2|Zamazenta-*|
|poke|p2|Rillaboom, F|
|poke|p2|Fezandipiti, M|
|poke|p2|Regidrago|
|teampreview
|
|t:|1757832106
|teamsize|p1|6
|teamsize|p2|6
|start
|switch|p1a: Slither Wing|Slither Wing|100/100
|switch|p2a: Regidrago|Regidrago|100/100
|turn|1
|
|t:|1757832120
|move|p1a: Slither Wing|First Impression|p2a: Regidrago
|-damage|p2a: Regidrago|14/100
|move|p2a: Regidrago|Draco Meteor|p1a: Slither Wing
|-damage|p1a: Slither Wing|0 fnt
|-unboost|p2a: Regidrago|spa|2
|faint|p1a: Slither Wing
|-end|p1a: Slither Wing|Protosynthesis|[silent]
|
|upkeep
|
|t:|1757832126
|switch|p1a: Ting-Lu|Ting-Lu|100/100
|-ability|p1a: Ting-Lu|Vessel of Ruin
|turn|2
|
|t:|1757832133
|switch|p2a: Volcanion|Volcanion|100/100
|move|p1a: Ting-Lu|Spikes|p2a: Volcanion
|-sidestart|p2: flygonisdragon|Spikes
|
|upkeep
|turn|3
|
|t:|1757832139
|switch|p1a: Walking Wake|Walking Wake|100/100
|move|p2a: Volcanion|Steam Eruption|p1a: Walking Wake
|-resisted|p1a: Walking Wake
|-damage|p1a: Walking Wake|71/100
|-status|p1a: Walking Wake|brn
|
|-damage|p1a: Walking Wake|65/100 brn|[from] brn
|upkeep
|turn|4
|
|t:|1757832148
|switch|p2a: Fezandipiti|Fezandipiti, M|100/100
|move|p1a: Walking Wake|Flamethrower|p2a: Fezandipiti
|-damage|p2a: Fezandipiti|75/100
|
|-damage|p1a: Walking Wake|59/100 brn|[from] brn
|upkeep
|turn|5
|
|t:|1757832211
|-end|p1a: Walking Wake|Protosynthesis|[silent]
|switch|p1a: Torkoal|Torkoal, F|100/100
|-weather|SunnyDay|[from] ability: Drought|[of] p1a: Torkoal
|move|p2a: Fezandipiti|U-turn|p1a: Torkoal
|-resisted|p1a: Torkoal
|-damage|p1a: Torkoal|97/100
|
|t:|1757832215
|switch|p2a: Regidrago|Regidrago|14/100|[from] U-turn
|-damage|p2a: Regidrago|2/100|[from] Spikes
|
|-weather|SunnyDay|[upkeep]
|upkeep
|turn|6
|
|t:|1757832220
|switch|p1a: Ting-Lu|Ting-Lu|100/100
|-ability|p1a: Ting-Lu|Vessel of Ruin
|move|p2a: Regidrago|Draco Meteor|p1a: Ting-Lu
|-damage|p1a: Ting-Lu|50/100
|-unboost|p2a: Regidrago|spa|2
|
|-weather|SunnyDay|[upkeep]
|upkeep
|turn|7
|
|t:|1757832226
|move|p2a: Regidrago|Draco Meteor|p1a: Ting-Lu
|-damage|p1a: Ting-Lu|23/100
|-unboost|p2a: Regidrago|spa|2
|move|p1a: Ting-Lu|Spikes|p2a: Regidrago
|-sidestart|p2: flygonisdragon|Spikes
|
|-weather|SunnyDay|[upkeep]
|upkeep
|turn|8
|
|t:|1757832228
|move|p2a: Regidrago|Draco Meteor|p1a: Ting-Lu
|-damage|p1a: Ting-Lu|6/100
|-unboost|p2a: Regidrago|spa|2
|move|p1a: Ting-Lu|Spikes|p2a: Regidrago
|-sidestart|p2: flygonisdragon|Spikes
|
|-weather|SunnyDay|[upkeep]
|upkeep
|turn|9
|
|t:|1757832231
|move|p2a: Regidrago|Draco Meteor|p1a: Ting-Lu
|-damage|p1a: Ting-Lu|0 fnt
|faint|p1a: Ting-Lu
|
|-weather|SunnyDay|[upkeep]
|upkeep
|
|t:|1757832234
|switch|p1a: Torkoal|Torkoal, F|97/100
|turn|10
|
|t:|1757832235
|move|p2a: Regidrago|Draco Meteor|p1a: Torkoal
|-damage|p1a: Torkoal|59/100
|move|p1a: Torkoal|Stealth Rock|p2a: Regidrago
|-sidestart|p2: flygonisdragon|move: Stealth Rock
|
|-weather|SunnyDay|[upkeep]
|upkeep
|turn|11
|
|t:|1757832241
|move|p2a: Regidrago|Draco Meteor|p1a: Torkoal
|-damage|p1a: Torkoal|19/100
|move|p1a: Torkoal|Rapid Spin|p2a: Regidrago
|-damage|p2a: Regidrago|0 fnt
|-boost|p1a: Torkoal|spe|1
|faint|p2a: Regidrago
|
|-weather|SunnyDay|[upkeep]
|upkeep
|
|t:|1757832255
|switch|p2a: Metagross|Metagross|100/100
|-damage|p2a: Metagross|76/100|[from] Spikes
|-damage|p2a: Metagross|70/100|[from] Stealth Rock
|turn|12
|
|t:|1757832260
|move|p2a: Metagross|Psychic Fangs|p1a: Torkoal
|-damage|p1a: Torkoal|0 fnt
|faint|p1a: Torkoal
|-damage|p2a: Metagross|60/100|[from] item: Life Orb
|
|-weather|none
|upkeep
|
|t:|1757832263
|switch|p1a: Iron Moth|Iron Moth|100/100
|turn|13
|
|t:|1757832271
|move|p1a: Iron Moth|Fiery Dance|p2a: Metagross
|-supereffective|p2a: Metagross
|-damage|p2a: Metagross|0 fnt
|-boost|p1a: Iron Moth|spa|1
|faint|p2a: Metagross
|
|upkeep
|
|t:|1757832282
|switch|p2a: Volcanion|Volcanion|100/100
|-damage|p2a: Volcanion|76/100|[from] Spikes
|-damage|p2a: Volcanion|51/100|[from] Stealth Rock
|turn|14
|
|t:|1757832284
|-end|p1a: Iron Moth|Quark Drive|[silent]
|switch|p1a: Walking Wake|Walking Wake|59/100 brn
|move|p2a: Volcanion|Steam Eruption|p1a: Walking Wake
|-resisted|p1a: Walking Wake
|-damage|p1a: Walking Wake|33/100 brn
|
|-damage|p1a: Walking Wake|27/100 brn|[from] brn
|upkeep
|turn|15
|
|t:|1757832289
|move|p1a: Walking Wake|Dragon Pulse|p2a: Volcanion
|-damage|p2a: Volcanion|0 fnt
|faint|p2a: Volcanion
|
|-damage|p1a: Walking Wake|21/100 brn|[from] brn
|upkeep
|
|t:|1757832306
|switch|p2a: Zamazenta|Zamazenta|100/100
|-damage|p2a: Zamazenta|75/100|[from] Spikes
|-damage|p2a: Zamazenta|69/100|[from] Stealth Rock
|-ability|p2a: Zamazenta|Dauntless Shield|boost
|-boost|p2a: Zamazenta|def|1
|turn|16
|
|t:|1757832318
|move|p2a: Zamazenta|Substitute|p2a: Zamazenta
|-start|p2a: Zamazenta|Substitute
|-damage|p2a: Zamazenta|44/100
|move|p1a: Walking Wake|Dragon Pulse|p2a: Zamazenta
|-end|p2a: Zamazenta|Substitute
|
|-heal|p2a: Zamazenta|50/100|[from] item: Leftovers
|-damage|p1a: Walking Wake|15/100 brn|[from] brn
|upkeep
|turn|17
|
|t:|1757832321
|move|p2a: Zamazenta|Body Press|p1a: Walking Wake
|-damage|p1a: Walking Wake|0 fnt
|faint|p1a: Walking Wake
|-end|p1a: Walking Wake|Protosynthesis|[silent]
|
|-heal|p2a: Zamazenta|57/100|[from] item: Leftovers
|upkeep
|
|t:|1757832327
|switch|p1a: Iron Moth|Iron Moth|100/100
|turn|18
|
|t:|1757832334
|-terastallize|p2a: Zamazenta|Fire
|move|p2a: Zamazenta|Body Press|p1a: Iron Moth
|-resisted|p1a: Iron Moth
|-damage|p1a: Iron Moth|59/100
|move|p1a: Iron Moth|Fiery Dance|p2a: Zamazenta
|-resisted|p2a: Zamazenta
|-damage|p2a: Zamazenta|33/100
|-boost|p1a: Iron Moth|spa|1
|
|-heal|p2a: Zamazenta|39/100|[from] item: Leftovers
|upkeep
|turn|19
|
|t:|1757832346
|-end|p1a: Iron Moth|Quark Drive|[silent]
|switch|p1a: Great Tusk|Great Tusk|100/100
|move|p2a: Zamazenta|Body Press|p1a: Great Tusk
|-damage|p1a: Great Tusk|71/100
|
|-heal|p2a: Zamazenta|45/100|[from] item: Leftovers
|upkeep
|turn|20
|
|t:|1757832356
|-terastallize|p1a: Great Tusk|Ghost
|move|p2a: Zamazenta|Iron Defense|p2a: Zamazenta
|-boost|p2a: Zamazenta|def|2
|move|p1a: Great Tusk|Bulk Up|p1a: Great Tusk
|-boost|p1a: Great Tusk|atk|1
|-boost|p1a: Great Tusk|def|1
|
|-heal|p2a: Zamazenta|52/100|[from] item: Leftovers
|upkeep
|turn|21
|
|t:|1757832365
|move|p2a: Zamazenta|Crunch|p1a: Great Tusk
|-supereffective|p1a: Great Tusk
|-damage|p1a: Great Tusk|53/100
|move|p1a: Great Tusk|Bulk Up|p1a: Great Tusk
|-boost|p1a: Great Tusk|atk|1
|-boost|p1a: Great Tusk|def|1
|
|-heal|p2a: Zamazenta|58/100|[from] item: Leftovers
|upkeep
|turn|22
|
|t:|1757832373
|move|p2a: Zamazenta|Iron Defense|p2a: Zamazenta
|-boost|p2a: Zamazenta|def|2
|move|p1a: Great Tusk|Rapid Spin|p2a: Zamazenta
|-damage|p2a: Zamazenta|51/100
|-boost|p1a: Great Tusk|spe|1
|
|-heal|p2a: Zamazenta|57/100|[from] item: Leftovers
|upkeep
|turn|23
|
|t:|1757832379
|move|p1a: Great Tusk|Bulk Up|p1a: Great Tusk
|-boost|p1a: Great Tusk|atk|1
|-boost|p1a: Great Tusk|def|1
|move|p2a: Zamazenta|Iron Defense|p2a: Zamazenta
|-boost|p2a: Zamazenta|def|1
|
|-heal|p2a: Zamazenta|64/100|[from] item: Leftovers
|upkeep
|turn|24
|
|t:|1757832384
|move|p1a: Great Tusk|Bulk Up|p1a: Great Tusk
|-boost|p1a: Great Tusk|atk|1
|-boost|p1a: Great Tusk|def|1
|move|p2a: Zamazenta|Crunch|p1a: Great Tusk
|-supereffective|p1a: Great Tusk
|-damage|p1a: Great Tusk|45/100
|
|-heal|p2a: Zamazenta|70/100|[from] item: Leftovers
|upkeep
|turn|25
|
|t:|1757832388
|move|p1a: Great Tusk|Bulk Up|p1a: Great Tusk
|-boost|p1a: Great Tusk|atk|1
|-boost|p1a: Great Tusk|def|1
|move|p2a: Zamazenta|Substitute|p2a: Zamazenta
|-start|p2a: Zamazenta|Substitute
|-damage|p2a: Zamazenta|45/100
|
|-heal|p2a: Zamazenta|51/100|[from] item: Leftovers
|upkeep
|turn|26
|
|t:|1757832390
|move|p1a: Great Tusk|Bulk Up|p1a: Great Tusk
|-boost|p1a: Great Tusk|atk|1
|-boost|p1a: Great Tusk|def|1
|move|p2a: Zamazenta|Crunch|p1a: Great Tusk
|-supereffective|p1a: Great Tusk
|-damage|p1a: Great Tusk|37/100
|-unboost|p1a: Great Tusk|def|1
|
|-heal|p2a: Zamazenta|57/100|[from] item: Leftovers
|upkeep
|turn|27
|
|t:|1757832392
|move|p1a: Great Tusk|Headlong Rush|p2a: Zamazenta
|-supereffective|p2a: Zamazenta
|-end|p2a: Zamazenta|Substitute
|-unboost|p1a: Great Tusk|def|1
|-unboost|p1a: Great Tusk|spd|1
|move|p2a: Zamazenta|Crunch|p1a: Great Tusk
|-supereffective|p1a: Great Tusk
|-damage|p1a: Great Tusk|28/100
|
|-heal|p2a: Zamazenta|63/100|[from] item: Leftovers
|upkeep
|turn|28
|
|t:|1757832396
|move|p1a: Great Tusk|Headlong Rush|p2a: Zamazenta
|-supereffective|p2a: Zamazenta
|-damage|p2a: Zamazenta|0 fnt
|-unboost|p1a: Great Tusk|def|1
|-unboost|p1a: Great Tusk|spd|1
|faint|p2a: Zamazenta
|
|upkeep
|
|t:|1757832402
|switch|p2a: Rillaboom|Rillaboom, F|100/100
|-damage|p2a: Rillaboom|76/100|[from] Spikes
|-damage|p2a: Rillaboom|63/100|[from] Stealth Rock
|-fieldstart|move: Grassy Terrain|[from] ability: Grassy Surge|[of] p2a: Rillaboom
|turn|29
|
|t:|1757832405
|move|p2a: Rillaboom|Grassy Glide|p1a: Great Tusk
|-damage|p1a: Great Tusk|12/100
|move|p1a: Great Tusk|Ice Spinner|p2a: Rillaboom
|-supereffective|p2a: Rillaboom
|-damage|p2a: Rillaboom|0 fnt
|-fieldend|move: Grassy Terrain
|faint|p2a: Rillaboom
|
|upkeep
|
|t:|1757832408
|switch|p2a: Fezandipiti|Fezandipiti, M|75/100
|turn|30
|
|t:|1757832410
|move|p1a: Great Tusk|Headlong Rush|p2a: Fezandipiti
|-supereffective|p2a: Fezandipiti
|-damage|p2a: Fezandipiti|0 fnt
|-unboost|p1a: Great Tusk|def|1
|-unboost|p1a: Great Tusk|spd|1
|faint|p2a: Fezandipiti
|
|win|Gammamon
|raw|Gammamon's rating: 1527 &rarr; <strong>1547</strong><br />(+20 for winning)
|raw|flygonisdragon's rating: 1529 &rarr; <strong>1509</strong><br />(-20 for losing)
|l|☆flygonisdragon
|player|p2|
|c|☆Gammamon|gg
|l|☆Gammamon
|player|p1|
