|j|☆Ramirux36OXD
|j|☆loneslopeman
|t:|1757913412
|gametype|singles
|player|p1|Ramirux36OXD|ghetsis|1195
|player|p2|loneslopeman|1|1213
|gen|9
|tier|[Gen 9] OU
|rated|
|rule|HP Percentage Mod: HP is shown in percentages
|rule|Endless Battle Clause: Forcing endless battles is banned
|rule|Species Clause: Limit one of each Pokémon
|rule|OHKO Clause: OHKO moves are banned
|rule|Evasion Items Clause: Evasion items are banned
|rule|Evasion Moves Clause: Evasion moves are banned
|rule|Evasion Abilities Clause: Evasion abilities are banned
|rule|Sleep Moves Clause: Sleep-inducing moves are banned
|clearpoke
|poke|p1|Spiritomb, F|
|poke|p1|Muk-Alola, F|
|poke|p1|Samurott-Hisui, M|
|poke|p1|Krookodile, M|
|poke|p1|Hydreigon, M|
|poke|p1|Kingambit, F|
|poke|p2|Zarude-Dada|
|poke|p2|Torkoal, M|
|poke|p2|Scream Tail|
|poke|p2|Great Tusk|
|poke|p2|Zamazenta-*|
|poke|p2|Walking Wake|
|teampreview
|inactive|Battle timer is ON: inactive players will automatically lose when time's up. (requested by Ramirux36OXD)
|
|t:|1757913429
|teamsize|p1|6
|teamsize|p2|6
|start
|switch|p1a: Spiritomb|Spiritomb, F|100/100
|switch|p2a: Walking Wake|Walking Wake|100/100
|turn|1
|
|t:|1757913436
|move|p2a: Walking Wake|Draco Meteor|p1a: Spiritomb
|-damage|p1a: Spiritomb|15/100
|-unboost|p2a: Walking Wake|spa|2
|-damage|p2a: Walking Wake|91/100|[from] item: Life Orb
|move|p1a: Spiritomb|Will-O-Wisp|p2a: Walking Wake
|-status|p2a: Walking Wake|brn
|
|-heal|p1a: Spiritomb|21/100|[from] item: Leftovers
|-damage|p2a: Walking Wake|85/100 brn|[from] brn
|upkeep
|turn|2
|
|t:|1757913445
|move|p1a: Spiritomb|Protect|p1a: Spiritomb
|-singleturn|p1a: Spiritomb|Protect
|move|p2a: Walking Wake|Flip Turn|p1a: Spiritomb
|-activate|p1a: Spiritomb|move: Protect
|
|-heal|p1a: Spiritomb|27/100|[from] item: Leftovers
|-damage|p2a: Walking Wake|78/100 brn|[from] brn
|upkeep
|turn|3
|
|t:|1757913449
|move|p2a: Walking Wake|Draco Meteor|p1a: Spiritomb
|-damage|p1a: Spiritomb|0 fnt
|-unboost|p2a: Walking Wake|spa|2
|faint|p1a: Spiritomb
|-damage|p2a: Walking Wake|69/100 brn|[from] item: Life Orb
|
|-damage|p2a: Walking Wake|62/100 brn|[from] brn
|upkeep
|
|t:|1757913456
|switch|p1a: Krookodile|Krookodile, M|100/100
|turn|4
|
|t:|1757913460
|move|p2a: Walking Wake|Flip Turn|p1a: Krookodile
|-supereffective|p1a: Krookodile
|-damage|p1a: Krookodile|77/100
|-damage|p2a: Walking Wake|53/100 brn|[from] item: Life Orb
|
|t:|1757913468
|-end|p2a: Walking Wake|Protosynthesis|[silent]
|switch|p2a: Zarude|Zarude-Dada|100/100|[from] Flip Turn
|move|p1a: Krookodile|Crunch|p2a: Zarude
|-resisted|p2a: Zarude
|-damage|p2a: Zarude|83/100
|-unboost|p2a: Zarude|def|1
|
|-heal|p2a: Zarude|89/100|[from] item: Leftovers
|upkeep
|turn|5
|
|t:|1757913477
|move|p1a: Krookodile|Gunk Shot|p2a: Zarude
|-supereffective|p2a: Zarude
|-damage|p2a: Zarude|0 fnt
|faint|p2a: Zarude
|-ability|p1a: Krookodile|Moxie|boost
|-boost|p1a: Krookodile|atk|1
|
|upkeep
|inactive|loneslopeman has 120 seconds left.
|inactive|loneslopeman has 90 seconds left.
|
|t:|1757913550
|switch|p2a: Walking Wake|Walking Wake|53/100 brn
|turn|6
|
|t:|1757913559
|move|p2a: Walking Wake|Draco Meteor|p1a: Krookodile
|-damage|p1a: Krookodile|4/100
|-unboost|p2a: Walking Wake|spa|2
|-damage|p2a: Walking Wake|43/100 brn|[from] item: Life Orb
|move|p1a: Krookodile|Earthquake|p2a: Walking Wake
|-crit|p2a: Walking Wake
|-damage|p2a: Walking Wake|0 fnt
|faint|p2a: Walking Wake
|-end|p2a: Walking Wake|Protosynthesis|[silent]
|-ability|p1a: Krookodile|Moxie|boost
|-boost|p1a: Krookodile|atk|1
|
|upkeep
|
|t:|1757913569
|switch|p2a: Zamazenta|Zamazenta|100/100
|-ability|p2a: Zamazenta|Dauntless Shield|boost
|-boost|p2a: Zamazenta|def|1
|turn|7
|
|t:|1757913581
|move|p2a: Zamazenta|Body Press|p1a: Krookodile
|-supereffective|p1a: Krookodile
|-damage|p1a: Krookodile|0 fnt
|faint|p1a: Krookodile
|
|upkeep
|
|t:|1757913588
|switch|p1a: Muk|Muk-Alola, F|100/100
|turn|8
|inactive|loneslopeman has 90 seconds left.
|
|t:|1757913593
|switch|p2a: Torkoal|Torkoal, M|100/100
|-weather|SunnyDay|[from] ability: Drought|[of] p2a: Torkoal
|move|p1a: Muk|Curse|p1a: Muk
|-unboost|p1a: Muk|spe|1
|-boost|p1a: Muk|atk|1
|-boost|p1a: Muk|def|1
|
|-weather|SunnyDay|[upkeep]
|upkeep
|turn|9
|
|t:|1757913598
|move|p1a: Muk|Knock Off|p2a: Torkoal
|-crit|p2a: Torkoal
|-damage|p2a: Torkoal|49/100
|-enditem|p2a: Torkoal|Heat Rock|[from] move: Knock Off|[of] p1a: Muk
|move|p2a: Torkoal|Lava Plume|p1a: Muk
|-damage|p1a: Muk|72/100
|-status|p1a: Muk|brn
|
|-weather|SunnyDay|[upkeep]
|-heal|p1a: Muk|78/100 brn|[from] item: Leftovers
|-damage|p1a: Muk|72/100 brn|[from] brn
|upkeep
|turn|10
|
|t:|1757913605
|move|p1a: Muk|Curse|p1a: Muk
|-unboost|p1a: Muk|spe|1
|-boost|p1a: Muk|atk|1
|-boost|p1a: Muk|def|1
|move|p2a: Torkoal|Lava Plume|p1a: Muk
|-crit|p1a: Muk
|-damage|p1a: Muk|30/100 brn
|
|-weather|SunnyDay|[upkeep]
|-heal|p1a: Muk|36/100 brn|[from] item: Leftovers
|-damage|p1a: Muk|30/100 brn|[from] brn
|upkeep
|turn|11
|
|t:|1757913611
|move|p2a: Torkoal|Lava Plume|p1a: Muk
|-damage|p1a: Muk|2/100 brn
|move|p1a: Muk|Poison Jab|p2a: Torkoal
|-damage|p2a: Torkoal|28/100
|-status|p2a: Torkoal|psn
|
|-weather|SunnyDay|[upkeep]
|-heal|p1a: Muk|8/100 brn|[from] item: Leftovers
|-damage|p2a: Torkoal|16/100 psn|[from] psn
|-damage|p1a: Muk|2/100 brn|[from] brn
|upkeep
|turn|12
|inactive|loneslopeman has 120 seconds left.
|
|t:|1757913619
|move|p2a: Torkoal|Lava Plume|p1a: Muk
|-damage|p1a: Muk|0 fnt
|faint|p1a: Muk
|
|-weather|SunnyDay|[upkeep]
|-damage|p2a: Torkoal|4/100 psn|[from] psn
|upkeep
|
|t:|1757913621
|switch|p1a: Samurott|Samurott-Hisui, M|100/100
|turn|13
|
|t:|1757913623
|move|p1a: Samurott|Ceaseless Edge|p2a: Torkoal
|-damage|p2a: Torkoal|0 fnt
|-sidestart|p2: loneslopeman|Spikes
|faint|p2a: Torkoal
|-damage|p1a: Samurott|91/100|[from] item: Life Orb
|
|-weather|SunnyDay|[upkeep]
|upkeep
|
|t:|1757913634
|switch|p2a: Scream Tail|Scream Tail|100/100
|-damage|p2a: Scream Tail|88/100|[from] Spikes
|-activate|p2a: Scream Tail|ability: Protosynthesis
|-start|p2a: Scream Tail|protosynthesisspd
|turn|14
|
|t:|1757913638
|move|p1a: Samurott|Ceaseless Edge|p2a: Scream Tail
|-damage|p2a: Scream Tail|49/100
|-sidestart|p2: loneslopeman|Spikes
|-damage|p1a: Samurott|81/100|[from] item: Life Orb
|move|p2a: Scream Tail|Reflect|p2a: Scream Tail
|-sidestart|p2: loneslopeman|Reflect
|
|-weather|SunnyDay|[upkeep]
|upkeep
|turn|15
|
|t:|1757913645
|move|p1a: Samurott|Aqua Cutter|p2a: Scream Tail
|-damage|p2a: Scream Tail|39/100
|-damage|p1a: Samurott|71/100|[from] item: Life Orb
|move|p2a: Scream Tail|Light Screen|p2a: Scream Tail
|-sidestart|p2: loneslopeman|move: Light Screen
|
|-weather|none
|-end|p2a: Scream Tail|Protosynthesis
|upkeep
|turn|16
|
|t:|1757913649
|-end|p2a: Scream Tail|Protosynthesis|[silent]
|switch|p2a: Zamazenta|Zamazenta|100/100
|-damage|p2a: Zamazenta|84/100|[from] Spikes
|move|p1a: Samurott|Ceaseless Edge|p2a: Zamazenta
|-resisted|p2a: Zamazenta
|-crit|p2a: Zamazenta
|-damage|p2a: Zamazenta|55/100
|-sidestart|p2: loneslopeman|Spikes
|-damage|p1a: Samurott|61/100|[from] item: Life Orb
|
|-heal|p2a: Zamazenta|61/100|[from] item: Leftovers
|upkeep
|turn|17
|
|t:|1757913658
|move|p2a: Zamazenta|Body Press|p1a: Samurott
|-supereffective|p1a: Samurott
|-crit|p1a: Samurott
|-damage|p1a: Samurott|0 fnt
|faint|p1a: Samurott
|
|-heal|p2a: Zamazenta|67/100|[from] item: Leftovers
|upkeep
|
|t:|1757913660
|switch|p1a: Kingambit|Kingambit, F|100/100
|-activate|p1a: Kingambit|ability: Supreme Overlord
|-start|p1a: Kingambit|fallen4|[silent]
|turn|18
|
|t:|1757913667
|-terastallize|p1a: Kingambit|Ghost
|move|p2a: Zamazenta|Iron Defense|p2a: Zamazenta
|-boost|p2a: Zamazenta|def|2
|move|p1a: Kingambit|Swords Dance|p1a: Kingambit
|-boost|p1a: Kingambit|atk|2
|
|-heal|p2a: Zamazenta|73/100|[from] item: Leftovers
|upkeep
|turn|19
|
|t:|1757913674
|-terastallize|p2a: Zamazenta|Dark
|move|p2a: Zamazenta|Crunch|p1a: Kingambit
|-supereffective|p1a: Kingambit
|-damage|p1a: Kingambit|58/100
|move|p1a: Kingambit|Iron Head|p2a: Zamazenta
|-damage|p2a: Zamazenta|56/100
|
|-heal|p2a: Zamazenta|62/100|[from] item: Leftovers
|upkeep
|turn|20
|
|t:|1757913682
|move|p2a: Zamazenta|Crunch|p1a: Kingambit
|-supereffective|p1a: Kingambit
|-damage|p1a: Kingambit|15/100
|-unboost|p1a: Kingambit|def|1
|move|p1a: Kingambit|Iron Head|p2a: Zamazenta
|-damage|p2a: Zamazenta|45/100
|
|-heal|p2a: Zamazenta|51/100|[from] item: Leftovers
|upkeep
|turn|21
|
|t:|1757913689
|move|p1a: Kingambit|Sucker Punch||[still]
|-fail|p1a: Kingambit
|move|p2a: Zamazenta|Iron Defense|p2a: Zamazenta
|-boost|p2a: Zamazenta|def|2
|
|-heal|p2a: Zamazenta|57/100|[from] item: Leftovers
|-sideend|p2: loneslopeman|Reflect
|upkeep
|turn|22
|
|t:|1757913692
|move|p1a: Kingambit|Sucker Punch|p2a: Zamazenta
|-resisted|p2a: Zamazenta
|-damage|p2a: Zamazenta|44/100
|move|p2a: Zamazenta|Crunch|p1a: Kingambit
|-supereffective|p1a: Kingambit
|-crit|p1a: Kingambit
|-damage|p1a: Kingambit|0 fnt
|faint|p1a: Kingambit
|-end|p1a: Kingambit|fallen4|[silent]
|
|-heal|p2a: Zamazenta|50/100|[from] item: Leftovers
|-sideend|p2: loneslopeman|move: Light Screen
|upkeep
|
|t:|1757913694
|switch|p1a: Hydreigon|Hydreigon, M|100/100
|turn|23
|
|t:|1757913698
|move|p1a: Hydreigon|Flamethrower|p2a: Zamazenta
|-damage|p2a: Zamazenta|21/100
|-damage|p1a: Hydreigon|91/100|[from] item: Life Orb
|move|p2a: Zamazenta|Body Press|p1a: Hydreigon
|-supereffective|p1a: Hydreigon
|-damage|p1a: Hydreigon|0 fnt
|faint|p1a: Hydreigon
|
|win|loneslopeman
|raw|Ramirux36OXD's rating: 1195 &rarr; <strong>1171</strong><br />(-24 for losing)
|raw|loneslopeman's rating: 1213 &rarr; <strong>1237</strong><br />(+24 for winning)
|l|☆Ramirux36OXD
|player|p1|
|l|☆loneslopeman
|player|p2|
