|j|☆maractus' no1 fan
|j|☆chaheed
|t:|1757916563
|gametype|singles
|player|p1|maractus' no1 fan|170|1619
|player|p2|chaheed|ninjaboy|1737
|gen|9
|tier|[Gen 9] OU
|rated|
|rule|HP Percentage Mod: HP is shown in percentages
|rule|Endless Battle Clause: Forcing endless battles is banned
|rule|Species Clause: Limit one of each Pokémon
|rule|OHKO Clause: OHKO moves are banned
|rule|Evasion Items Clause: Evasion items are banned
|rule|Evasion Moves Clause: Evasion moves are banned
|rule|Evasion Abilities Clause: Evasion abilities are banned
|rule|Sleep Moves Clause: Sleep-inducing moves are banned
|clearpoke
|poke|p1|Ceruledge, F|
|poke|p1|Alomomola, M|
|poke|p1|Iron Crown|
|poke|p1|Great Tusk|
|poke|p1|Latios, M|
|poke|p1|Kingambit, M|
|poke|p2|Dragonite, F|
|poke|p2|Dragapult, F|
|poke|p2|Iron Moth|
|poke|p2|Greninja-*, M|
|poke|p2|Serperior, M|
|poke|p2|Iron Treads|
|teampreview
|inactive|Battle timer is ON: inactive players will automatically lose when time's up. (requested by chaheed)
|
|t:|1757916597
|teamsize|p1|6
|teamsize|p2|6
|start
|switch|p1a: Great Tusk|Great Tusk|100/100
|switch|p2a: Dragapult|Dragapult, F|100/100
|turn|1
|
|t:|1757916604
|move|p2a: Dragapult|Hydro Pump|p1a: Great Tusk|[miss]
|-miss|p2a: Dragapult|p1a: Great Tusk
|move|p1a: Great Tusk|Knock Off|p2a: Dragapult
|-supereffective|p2a: Dragapult
|-enditem|p2a: Dragapult|Focus Sash
|-damage|p2a: Dragapult|1/100
|-damage|p1a: Great Tusk|91/100|[from] item: Life Orb
|
|upkeep
|turn|2
|
|t:|1757916614
|move|p2a: Dragapult|Hydro Pump|p1a: Great Tusk|[miss]
|-miss|p2a: Dragapult|p1a: Great Tusk
|move|p1a: Great Tusk|Knock Off|p2a: Dragapult
|-supereffective|p2a: Dragapult
|-damage|p2a: Dragapult|0 fnt
|faint|p2a: Dragapult
|-damage|p1a: Great Tusk|81/100|[from] item: Life Orb
|
|upkeep
|
|t:|1757916625
|switch|p2a: Serperior|Serperior, M|100/100
|turn|3
|
|t:|1757916642
|-terastallize|p1a: Great Tusk|Dark
|move|p2a: Serperior|Leaf Storm|p1a: Great Tusk
|-damage|p1a: Great Tusk|12/100
|-boost|p2a: Serperior|spa|2
|move|p1a: Great Tusk|Rapid Spin|p2a: Serperior
|-damage|p2a: Serperior|73/100
|-boost|p1a: Great Tusk|spe|1
|-damage|p1a: Great Tusk|2/100|[from] item: Life Orb
|
|upkeep
|turn|4
|
|t:|1757916659
|switch|p2a: Iron Treads|Iron Treads|100/100
|-enditem|p2a: Iron Treads|Booster Energy
|-activate|p2a: Iron Treads|ability: Quark Drive|[fromitem]
|-start|p2a: Iron Treads|quarkdrivespe
|move|p1a: Great Tusk|Knock Off|p2a: Iron Treads
|-damage|p2a: Iron Treads|59/100
|-damage|p1a: Great Tusk|0 fnt|[from] item: Life Orb
|faint|p1a: Great Tusk
|-end|p1a: Great Tusk|Protosynthesis|[silent]
|
|upkeep
|
|t:|1757916671
|switch|p1a: Latios|Latios, M|100/100
|turn|5
|
|t:|1757916678
|move|p2a: Iron Treads|Stealth Rock|p1a: Latios
|-sidestart|p1: maractus' no1 fan|move: Stealth Rock
|move|p1a: Latios|Calm Mind|p1a: Latios
|-boost|p1a: Latios|spa|1
|-boost|p1a: Latios|spd|1
|
|upkeep
|turn|6
|
|t:|1757916683
|move|p2a: Iron Treads|Ice Spinner|p1a: Latios
|-supereffective|p1a: Latios
|-damage|p1a: Latios|32/100
|move|p1a: Latios|Calm Mind|p1a: Latios
|-boost|p1a: Latios|spa|1
|-boost|p1a: Latios|spd|1
|
|upkeep
|turn|7
|-message|maractus' no1 fan forfeited.
|
|win|chaheed
|raw|maractus&apos; no1 fan's rating: 1619 &rarr; <strong>1606</strong><br />(-13 for losing)
|raw|chaheed's rating: 1737 &rarr; <strong>1750</strong><br />(+13 for winning)
|l|☆maractus' no1 fan
|player|p1|
|l|☆chaheed
|player|p2|
