|j|☆Eniycc
|j|☆Pokrammer
|t:|1757824443
|gametype|singles
|player|p1|Eniycc|n|1333
|player|p2|Pokrammer|2|1318
|gen|9
|tier|[Gen 9] OU
|rated|
|rule|HP Percentage Mod: HP is shown in percentages
|rule|Endless Battle Clause: Forcing endless battles is banned
|rule|Species Clause: Limit one of each Pokémon
|rule|OHKO Clause: OHKO moves are banned
|rule|Evasion Items Clause: Evasion items are banned
|rule|Evasion Moves Clause: Evasion moves are banned
|rule|Evasion Abilities Clause: Evasion abilities are banned
|rule|Sleep Moves Clause: Sleep-inducing moves are banned
|clearpoke
|poke|p1|Dragonite, F|
|poke|p1|Zamazenta-*|
|poke|p1|Iron Crown|
|poke|p1|Ogerpon-Wellspring, F|
|poke|p1|Weezing-Galar, F|
|poke|p1|Samurott-Hisui, M|
|poke|p2|Iron Hands|
|poke|p2|Pecharunt|
|poke|p2|Corviknight, M|
|poke|p2|Kyurem|
|poke|p2|Necrozma|
|poke|p2|Primarina, M|
|teampreview
|inactive|Battle timer is ON: inactive players will automatically lose when time's up. (requested by Eniycc)
|
|t:|1757824459
|teamsize|p1|6
|teamsize|p2|6
|start
|switch|p1a: Dauntless|Samurott-Hisui, M|100/100
|switch|p2a: Necrozma|Necrozma, shiny|100/100
|turn|1
|
|t:|1757824472
|move|p1a: Dauntless|Ceaseless Edge|p2a: Necrozma
|-supereffective|p2a: Necrozma
|-damage|p2a: Necrozma|32/100
|-sidestart|p2: Pokrammer|Spikes
|-damage|p1a: Dauntless|91/100|[from] item: Life Orb
|move|p2a: Necrozma|Dragon Dance|p2a: Necrozma
|-boost|p2a: Necrozma|atk|1
|-boost|p2a: Necrozma|spe|1
|
|upkeep
|turn|2
|
|t:|1757824491
|move|p2a: Necrozma|X-Scissor|p1a: Dauntless
|-supereffective|p1a: Dauntless
|-damage|p1a: Dauntless|13/100
|move|p1a: Dauntless|Ceaseless Edge|p2a: Necrozma
|-supereffective|p2a: Necrozma
|-damage|p2a: Necrozma|0 fnt
|-sidestart|p2: Pokrammer|Spikes
|faint|p2a: Necrozma
|-damage|p1a: Dauntless|3/100|[from] item: Life Orb
|
|upkeep
|
|t:|1757824495
|switch|p2a: Corviknight|Corviknight, M, shiny|100/100
|-ability|p2a: Corviknight|Pressure
|turn|3
|
|t:|1757824514
|move|p1a: Dauntless|Sacred Sword|p2a: Corviknight
|-damage|p2a: Corviknight|65/100
|-damage|p1a: Dauntless|0 fnt|[from] item: Rocky Helmet|[of] p2a: Corviknight
|faint|p1a: Dauntless
|move|p2a: Corviknight|Defog|p1: Dauntless|[notarget]
|-fail|p2a: Corviknight
|
|upkeep
|
|t:|1757824529
|switch|p1a: Iron Crown|Iron Crown|100/100
|turn|4
|
|t:|1757824541
|switch|p2a: Kyurem|Kyurem, shiny|100/100
|-damage|p2a: Kyurem|84/100|[from] Spikes
|-ability|p2a: Kyurem|Pressure
|-terastallize|p1a: Iron Crown|Steel
|move|p1a: Iron Crown|Tachyon Cutter|p2a: Kyurem
|-supereffective|p2a: Kyurem
|-damage|p2a: Kyurem|0 fnt
|faint|p2a: Kyurem
|-hitcount|p2: Kyurem|1
|
|upkeep
|
|t:|1757824544
|switch|p2a: Corviknight|Corviknight, M, shiny|65/100
|-ability|p2a: Corviknight|Pressure
|turn|5
|
|t:|1757824554
|move|p1a: Iron Crown|Tachyon Cutter|p2a: Corviknight
|-resisted|p2a: Corviknight
|-damage|p2a: Corviknight|41/100
|-resisted|p2a: Corviknight
|-damage|p2a: Corviknight|15/100
|-hitcount|p2a: Corviknight|2
|move|p2a: Corviknight|Defog|p1a: Iron Crown
|-unboost|p1a: Iron Crown|evasion|1
|-sideend|p2: Pokrammer|Spikes|[from] move: Defog|[of] p2a: Corviknight
|
|upkeep
|turn|6
|
|t:|1757824562
|move|p1a: Iron Crown|Tachyon Cutter|p2a: Corviknight
|-resisted|p2a: Corviknight
|-damage|p2a: Corviknight|0 fnt
|faint|p2a: Corviknight
|-hitcount|p2: Corviknight|1
|
|upkeep
|
|t:|1757824566
|switch|p2a: Iron Hands|Iron Hands|100/100
|-enditem|p2a: Iron Hands|Booster Energy
|-activate|p2a: Iron Hands|ability: Quark Drive|[fromitem]
|-start|p2a: Iron Hands|quarkdriveatk
|turn|7
|
|t:|1757824570
|move|p1a: Iron Crown|Tachyon Cutter|p2a: Iron Hands
|-resisted|p2a: Iron Hands
|-damage|p2a: Iron Hands|76/100
|-resisted|p2a: Iron Hands
|-damage|p2a: Iron Hands|53/100
|-hitcount|p2a: Iron Hands|2
|move|p2a: Iron Hands|Swords Dance|p2a: Iron Hands
|-boost|p2a: Iron Hands|atk|2
|
|upkeep
|turn|8
|
|t:|1757824578
|move|p1a: Iron Crown|Tachyon Cutter|p2a: Iron Hands
|-resisted|p2a: Iron Hands
|-damage|p2a: Iron Hands|28/100
|-resisted|p2a: Iron Hands
|-damage|p2a: Iron Hands|7/100
|-hitcount|p2a: Iron Hands|2
|move|p2a: Iron Hands|Drain Punch|p1a: Iron Crown
|-supereffective|p1a: Iron Crown
|-damage|p1a: Iron Crown|0 fnt
|-heal|p2a: Iron Hands|38/100|[from] drain|[of] p1a: Iron Crown
|faint|p1a: Iron Crown
|-end|p1a: Iron Crown|Quark Drive|[silent]
|
|upkeep
|
|t:|1757824592
|switch|p1a: Ogerpon|Ogerpon-Wellspring, F|100/100
|turn|9
|
|t:|1757824602
|-terastallize|p2a: Iron Hands|Grass
|move|p1a: Ogerpon|Ivy Cudgel|p2a: Iron Hands|[anim] Ivy Cudgel Water
|-resisted|p2a: Iron Hands
|-damage|p2a: Iron Hands|20/100
|move|p2a: Iron Hands|Drain Punch|p1a: Ogerpon
|-damage|p1a: Ogerpon|0 fnt
|-heal|p2a: Iron Hands|49/100|[from] drain|[of] p1a: Ogerpon
|faint|p1a: Ogerpon
|
|upkeep
|
|t:|1757824613
|switch|p1a: Dragonite|Dragonite, F|100/100
|turn|10
|
|t:|1757824622
|move|p1a: Dragonite|Dragon Dance|p1a: Dragonite
|-boost|p1a: Dragonite|atk|1
|-boost|p1a: Dragonite|spe|1
|move|p2a: Iron Hands|Ice Punch|p1a: Dragonite
|-supereffective|p1a: Dragonite
|-damage|p1a: Dragonite|0 fnt
|faint|p1a: Dragonite
|
|upkeep
|
|t:|1757824631
|switch|p1a: Zamazenta|Zamazenta|100/100
|-ability|p1a: Zamazenta|Dauntless Shield|boost
|-boost|p1a: Zamazenta|def|1
|turn|11
|
|t:|1757824635
|move|p1a: Zamazenta|Iron Defense|p1a: Zamazenta
|-boost|p1a: Zamazenta|def|2
|move|p2a: Iron Hands|Drain Punch|p1a: Zamazenta
|-damage|p1a: Zamazenta|62/100
|-heal|p2a: Iron Hands|62/100|[from] drain|[of] p1a: Zamazenta
|
|-heal|p1a: Zamazenta|68/100|[from] item: Leftovers
|upkeep
|turn|12
|
|t:|1757824649
|move|p1a: Zamazenta|Body Press|p2a: Iron Hands
|-damage|p2a: Iron Hands|4/100
|move|p2a: Iron Hands|Supercell Slam|p1a: Zamazenta
|-damage|p1a: Zamazenta|24/100
|
|-heal|p1a: Zamazenta|30/100|[from] item: Leftovers
|upkeep
|turn|13
|
|t:|1757824660
|move|p1a: Zamazenta|Crunch|p2a: Iron Hands
|-damage|p2a: Iron Hands|0 fnt
|faint|p2a: Iron Hands
|-end|p2a: Iron Hands|Quark Drive|[silent]
|
|-heal|p1a: Zamazenta|36/100|[from] item: Leftovers
|upkeep
|
|t:|1757824666
|switch|p2a: Pecharunt|Pecharunt|100/100
|turn|14
|
|t:|1757824675
|move|p1a: Zamazenta|Crunch|p2a: Pecharunt
|-supereffective|p2a: Pecharunt
|-damage|p2a: Pecharunt|68/100
|move|p2a: Pecharunt|Malignant Chain|p1a: Zamazenta
|-damage|p1a: Zamazenta|1/100
|-status|p1a: Zamazenta|tox
|-start|p1a: Zamazenta|confusion|[from] ability: Poison Puppeteer|[of] p2a: Pecharunt
|
|-heal|p1a: Zamazenta|7/100 tox|[from] item: Leftovers
|-damage|p1a: Zamazenta|1/100 tox|[from] psn
|upkeep
|turn|15
|
|t:|1757824687
|switch|p2a: Primarina|Primarina, M|100/100
|-activate|p1a: Zamazenta|confusion
|move|p1a: Zamazenta|Crunch|p2a: Primarina
|-resisted|p2a: Primarina
|-damage|p2a: Primarina|88/100
|-unboost|p2a: Primarina|def|1
|
|-heal|p1a: Zamazenta|7/100 tox|[from] item: Leftovers
|-damage|p1a: Zamazenta|0 fnt|[from] psn
|faint|p1a: Zamazenta
|upkeep
|
|t:|1757824697
|switch|p1a: Weezing|Weezing-Galar, F|100/100
|-ability|p1a: Weezing|Neutralizing Gas
|turn|16
|
|t:|1757824705
|move|p1a: Weezing|Toxic|p2a: Primarina
|-status|p2a: Primarina|tox
|move|p2a: Primarina|Sparkling Aria|p1a: Weezing
|-damage|p1a: Weezing|12/100
|-damage|p2a: Primarina|78/100 tox|[from] item: Life Orb
|
|-heal|p1a: Weezing|18/100|[from] item: Leftovers
|-damage|p2a: Primarina|72/100 tox|[from] psn
|upkeep
|turn|17
|-message|Eniycc forfeited.
|
|win|Pokrammer
|raw|Eniycc's rating: 1333 &rarr; <strong>1312</strong><br />(-21 for losing)
|raw|Pokrammer's rating: 1318 &rarr; <strong>1339</strong><br />(+21 for winning)
|l|☆Eniycc
|player|p1|
|l|☆Pokrammer
|player|p2|
