|j|☆Huvygamers
|j|☆ausmafeetfan
|t:|1757827541
|gametype|singles
|player|p1|Huvygamers|lady-gen4|1059
|player|p2|ausmafeetfan|265|1108
|gen|9
|tier|[Gen 9] OU
|rated|
|rule|HP Percentage Mod: HP is shown in percentages
|rule|Endless Battle Clause: Forcing endless battles is banned
|rule|Species Clause: Limit one of each Pokémon
|rule|OHKO Clause: OHKO moves are banned
|rule|Evasion Items Clause: Evasion items are banned
|rule|Evasion Moves Clause: Evasion moves are banned
|rule|Evasion Abilities Clause: Evasion abilities are banned
|rule|Sleep Moves Clause: Sleep-inducing moves are banned
|clearpoke
|poke|p1|Dragapult, M|
|poke|p1|Great Tusk|
|poke|p1|Iron Valiant|
|poke|p1|Ting-Lu|
|poke|p1|Gholdengo|
|poke|p1|Kingambit, M|
|poke|p2|Mismagius, M|
|poke|p2|Araquanid, M|
|poke|p2|Ceruledge, F|
|poke|p2|Rotom-Heat|
|poke|p2|Great Tusk|
|poke|p2|Meowscarada, M|
|teampreview
|
|t:|1757827594
|teamsize|p1|6
|teamsize|p2|6
|start
|switch|p1a: Dragapult|Dragapult, M|100/100
|switch|p2a: Araquanid|Araquanid, M|100/100
|turn|1
|
|t:|1757827606
|move|p1a: Dragapult|Draco Meteor|p2a: Araquanid
|-damage|p2a: Araquanid|49/100
|-unboost|p1a: Dragapult|spa|2
|move|p2a: Araquanid|Sticky Web|p1a: Dragapult
|-sidestart|p1: Huvygamers|move: Sticky Web
|
|upkeep
|turn|2
|
|t:|1757827613
|move|p1a: Dragapult|Draco Meteor|p2a: Araquanid
|-damage|p2a: Araquanid|22/100
|-unboost|p1a: Dragapult|spa|2
|move|p2a: Araquanid|Surf|p1a: Dragapult
|-resisted|p1a: Dragapult
|-crit|p1a: Dragapult
|-damage|p1a: Dragapult|43/100
|
|upkeep
|turn|3
|-enditem|p2a: Araquanid|Custap Berry|[eat]
|-activate|p2a: Araquanid|item: Custap Berry|[consumed]
|
|t:|1757827617
|move|p2a: Araquanid|Surf|p1a: Dragapult
|-resisted|p1a: Dragapult
|-damage|p1a: Dragapult|5/100
|move|p1a: Dragapult|Draco Meteor|p2a: Araquanid
|-damage|p2a: Araquanid|6/100
|-unboost|p1a: Dragapult|spa|2
|
|upkeep
|turn|4
|
|t:|1757827626
|-terastallize|p1a: Dragapult|Dragon
|move|p1a: Dragapult|Draco Meteor|p2a: Araquanid
|-damage|p2a: Araquanid|0 fnt
|faint|p2a: Araquanid
|
|upkeep
|
|t:|1757827636
|switch|p2a: Ceruledge|Ceruledge, F|100/100
|turn|5
|
|t:|1757827639
|move|p1a: Dragapult|Draco Meteor|p2a: Ceruledge
|-damage|p2a: Ceruledge|74/100
|move|p2a: Ceruledge|Swords Dance|p2a: Ceruledge
|-boost|p2a: Ceruledge|atk|2
|
|upkeep
|turn|6
|
|t:|1757827645
|move|p2a: Ceruledge|Shadow Sneak|p1a: Dragapult
|-damage|p1a: Dragapult|0 fnt
|faint|p1a: Dragapult
|
|upkeep
|
|t:|1757827654
|switch|p1a: Ting-Lu|Ting-Lu|100/100
|-activate|p1a: Ting-Lu|move: Sticky Web
|-unboost|p1a: Ting-Lu|spe|1
|-ability|p1a: Ting-Lu|Vessel of Ruin
|turn|7
|
|t:|1757827672
|switch|p2a: Great Tusk|Great Tusk|100/100
|move|p1a: Ting-Lu|Earth Power|p2a: Great Tusk
|-damage|p2a: Great Tusk|72/100
|
|upkeep
|turn|8
|
|t:|1757827682
|move|p2a: Great Tusk|Knock Off|p1a: Ting-Lu
|-resisted|p1a: Ting-Lu
|-damage|p1a: Ting-Lu|92/100
|-enditem|p1a: Ting-Lu|Leftovers|[from] move: Knock Off|[of] p2a: Great Tusk
|move|p1a: Ting-Lu|Ruination|p2a: Great Tusk
|-damage|p2a: Great Tusk|36/100
|
|upkeep
|turn|9
|
|t:|1757827690
|move|p2a: Great Tusk|Close Combat|p1a: Ting-Lu
|-supereffective|p1a: Ting-Lu
|-damage|p1a: Ting-Lu|22/100
|-unboost|p2a: Great Tusk|def|1
|-unboost|p2a: Great Tusk|spd|1
|move|p1a: Ting-Lu|Ruination|p2a: Great Tusk
|-damage|p2a: Great Tusk|19/100
|
|upkeep
|turn|10
|
|t:|1757827700
|move|p2a: Great Tusk|Close Combat|p1a: Ting-Lu
|-supereffective|p1a: Ting-Lu
|-damage|p1a: Ting-Lu|0 fnt
|-unboost|p2a: Great Tusk|def|1
|-unboost|p2a: Great Tusk|spd|1
|faint|p1a: Ting-Lu
|
|upkeep
|
|t:|1757827707
|switch|p1a: Great Tusk|Great Tusk|100/100
|-activate|p1a: Great Tusk|move: Sticky Web
|-unboost|p1a: Great Tusk|spe|1
|turn|11
|
|t:|1757827712
|-end|p2a: Great Tusk|Protosynthesis|[silent]
|switch|p2a: Mismagius|Mismagius, M|100/100
|move|p1a: Great Tusk|Earthquake|p2a: Mismagius
|-immune|p2a: Mismagius|[from] ability: Levitate
|
|upkeep
|turn|12
|
|t:|1757827719
|move|p2a: Mismagius|Substitute|p2a: Mismagius
|-start|p2a: Mismagius|Substitute
|-damage|p2a: Mismagius|76/100
|move|p1a: Great Tusk|Rapid Spin|p2a: Mismagius
|-immune|p2a: Mismagius
|
|upkeep
|turn|13
|
|t:|1757827729
|move|p2a: Mismagius|Nasty Plot|p2a: Mismagius
|-boost|p2a: Mismagius|spa|2
|move|p1a: Great Tusk|Stealth Rock|p2a: Mismagius
|-sidestart|p2: ausmafeetfan|move: Stealth Rock
|
|upkeep
|turn|14
|
|t:|1757827744
|move|p2a: Mismagius|Nasty Plot|p2a: Mismagius
|-boost|p2a: Mismagius|spa|2
|move|p1a: Great Tusk|Close Combat|p2a: Mismagius
|-immune|p2a: Mismagius
|
|upkeep
|turn|15
|
|t:|1757827751
|move|p2a: Mismagius|Draining Kiss|p1a: Great Tusk
|-supereffective|p1a: Great Tusk
|-damage|p1a: Great Tusk|0 fnt
|-heal|p2a: Mismagius|100/100|[from] drain|[of] p1a: Great Tusk
|faint|p1a: Great Tusk
|-end|p1a: Great Tusk|Protosynthesis|[silent]
|-damage|p2a: Mismagius|91/100|[from] item: Life Orb
|
|upkeep
|
|t:|1757827757
|switch|p1a: Iron Valiant|Iron Valiant|100/100
|-activate|p1a: Iron Valiant|move: Sticky Web
|-unboost|p1a: Iron Valiant|spe|1
|-enditem|p1a: Iron Valiant|Booster Energy
|-activate|p1a: Iron Valiant|ability: Quark Drive|[fromitem]
|-start|p1a: Iron Valiant|quarkdrivespa
|turn|16
|
|t:|1757827761
|move|p2a: Mismagius|Draining Kiss|p1a: Iron Valiant
|-supereffective|p1a: Iron Valiant
|-damage|p1a: Iron Valiant|0 fnt
|-heal|p2a: Mismagius|100/100|[from] drain|[of] p1a: Iron Valiant
|faint|p1a: Iron Valiant
|-end|p1a: Iron Valiant|Quark Drive|[silent]
|-damage|p2a: Mismagius|91/100|[from] item: Life Orb
|
|upkeep
|
|t:|1757827765
|switch|p1a: Gholdengo|Gholdengo|100/100
|-item|p1a: Gholdengo|Air Balloon
|turn|17
|
|t:|1757827768
|move|p2a: Mismagius|Shadow Ball|p1a: Gholdengo
|-supereffective|p1a: Gholdengo
|-damage|p1a: Gholdengo|0 fnt
|-enditem|p1a: Gholdengo|Air Balloon
|faint|p1a: Gholdengo
|-damage|p2a: Mismagius|81/100|[from] item: Life Orb
|
|upkeep
|
|t:|1757827772
|switch|p1a: Kingambit|Kingambit, M|100/100
|-activate|p1a: Kingambit|move: Sticky Web
|-unboost|p1a: Kingambit|spe|1
|-activate|p1a: Kingambit|ability: Supreme Overlord
|-start|p1a: Kingambit|fallen5|[silent]
|turn|18
|
|t:|1757827779
|move|p2a: Mismagius|Draining Kiss|p1a: Kingambit
|-damage|p1a: Kingambit|44/100
|-heal|p2a: Mismagius|100/100|[from] drain|[of] p1a: Kingambit
|-damage|p2a: Mismagius|91/100|[from] item: Life Orb
|move|p1a: Kingambit|Kowtow Cleave|p2a: Mismagius
|-supereffective|p2a: Mismagius
|-end|p2a: Mismagius|Substitute
|
|upkeep
|turn|19
|
|t:|1757827789
|move|p2a: Mismagius|Substitute|p2a: Mismagius
|-start|p2a: Mismagius|Substitute
|-damage|p2a: Mismagius|66/100
|move|p1a: Kingambit|Iron Head|p2a: Mismagius
|-end|p2a: Mismagius|Substitute
|
|upkeep
|turn|20
|
|t:|1757827795
|move|p2a: Mismagius|Substitute|p2a: Mismagius
|-start|p2a: Mismagius|Substitute
|-damage|p2a: Mismagius|41/100
|move|p1a: Kingambit|Iron Head|p2a: Mismagius
|-end|p2a: Mismagius|Substitute
|
|upkeep
|turn|21
|
|t:|1757827800
|move|p2a: Mismagius|Draining Kiss|p1a: Kingambit
|-damage|p1a: Kingambit|0 fnt
|-heal|p2a: Mismagius|92/100|[from] drain|[of] p1a: Kingambit
|faint|p1a: Kingambit
|-end|p1a: Kingambit|fallen5|[silent]
|-damage|p2a: Mismagius|82/100|[from] item: Life Orb
|
|win|ausmafeetfan
|raw|Huvygamers's rating: 1059 &rarr; <strong>1043</strong><br />(-16 for losing)
|raw|ausmafeetfan's rating: 1108 &rarr; <strong>1129</strong><br />(+21 for winning)
