|j|☆flygonisdragon
|j|☆U_Quokka
|t:|1757824512
|gametype|singles
|player|p1|flygonisdragon|serena-masters|1395
|player|p2|U_Quokka|waiter-gen4dp|1338
|gen|9
|tier|[Gen 9] OU
|rated|
|rule|HP Percentage Mod: HP is shown in percentages
|rule|Endless Battle Clause: Forcing endless battles is banned
|rule|Species Clause: Limit one of each Pokémon
|rule|OHKO Clause: OHKO moves are banned
|rule|Evasion Items Clause: Evasion items are banned
|rule|Evasion Moves Clause: Evasion moves are banned
|rule|Evasion Abilities Clause: Evasion abilities are banned
|rule|Sleep Moves Clause: Sleep-inducing moves are banned
|clearpoke
|poke|p1|Zapdos-Galar|
|poke|p1|Volcanion|
|poke|p1|Kommo-o, F|
|poke|p1|Fezandipiti, M|
|poke|p1|Clodsire, M|
|poke|p1|Scizor, M|
|poke|p2|Iron Crown|
|poke|p2|Meowscarada, M|
|poke|p2|Great Tusk|
|poke|p2|Pecharunt|
|poke|p2|Ting-Lu|
|poke|p2|Iron Valiant|
|teampreview
|inactive|Battle timer is ON: inactive players will automatically lose when time's up. (requested by flygonisdragon)
|
|t:|1757824536
|teamsize|p1|6
|teamsize|p2|6
|start
|switch|p1a: Zapdos|Zapdos-Galar|100/100
|switch|p2a: Pecharunt|Pecharunt|100/100
|turn|1
|
|t:|1757824549
|move|p1a: Zapdos|U-turn|p2a: Pecharunt
|-resisted|p2a: Pecharunt
|-damage|p2a: Pecharunt|97/100
|
|t:|1757824551
|switch|p1a: Fezandipiti|Fezandipiti, M|100/100|[from] U-turn
|move|p2a: Pecharunt|Malignant Chain|p1a: Fezandipiti
|-damage|p1a: Fezandipiti|83/100
|
|upkeep
|turn|2
|
|t:|1757824559
|move|p1a: Fezandipiti|Tailwind|p1a: Fezandipiti
|-sidestart|p1: flygonisdragon|move: Tailwind
|move|p2a: Pecharunt|Parting Shot|p1a: Fezandipiti
|-unboost|p1a: Fezandipiti|atk|1
|-unboost|p1a: Fezandipiti|spa|1
|
|t:|1757824565
|switch|p2a: Iron Crown|Iron Crown|100/100|[from] Parting Shot
|
|upkeep
|turn|3
|
|t:|1757824574
|switch|p1a: Volcanion|Volcanion|100/100
|move|p2a: Iron Crown|Psychic Noise|p1a: Volcanion
|-damage|p1a: Volcanion|30/100
|-start|p1a: Volcanion|move: Heal Block
|
|upkeep
|turn|4
|inactive|U_Quokka has 120 seconds left.
|
|t:|1757824628
|-end|p2a: Iron Crown|Quark Drive|[silent]
|switch|p2a: Great Tusk|Great Tusk|100/100
|move|p1a: Volcanion|Fire Blast|p2a: Great Tusk
|-damage|p2a: Great Tusk|0 fnt
|faint|p2a: Great Tusk
|-end|p2a: Great Tusk|Protosynthesis|[silent]
|
|-end|p1a: Volcanion|move: Heal Block
|upkeep
|
|t:|1757824631
|switch|p2a: Iron Valiant|Iron Valiant|100/100
|-enditem|p2a: Iron Valiant|Booster Energy
|-activate|p2a: Iron Valiant|ability: Quark Drive|[fromitem]
|-start|p2a: Iron Valiant|quarkdrivespe
|turn|5
|
|t:|1757824643
|switch|p1a: Fezandipiti|Fezandipiti, M|83/100
|move|p2a: Iron Valiant|Close Combat|p1a: Fezandipiti
|-resisted|p1a: Fezandipiti
|-damage|p1a: Fezandipiti|70/100
|-unboost|p2a: Iron Valiant|def|1
|-unboost|p2a: Iron Valiant|spd|1
|
|-sideend|p1: flygonisdragon|move: Tailwind
|upkeep
|turn|6
|
|t:|1757824649
|move|p2a: Iron Valiant|Knock Off|p1a: Fezandipiti
|-resisted|p1a: Fezandipiti
|-damage|p1a: Fezandipiti|56/100
|-enditem|p1a: Fezandipiti|Heavy-Duty Boots|[from] move: Knock Off|[of] p2a: Iron Valiant
|move|p1a: Fezandipiti|Moonblast|p2a: Iron Valiant
|-supereffective|p2a: Iron Valiant
|-damage|p2a: Iron Valiant|0 fnt
|faint|p2a: Iron Valiant
|-end|p2a: Iron Valiant|Quark Drive|[silent]
|
|upkeep
|inactive|U_Quokka has 120 seconds left.
|
|t:|1757824659
|switch|p2a: Ting-Lu|Ting-Lu|100/100
|-ability|p2a: Ting-Lu|Vessel of Ruin
|turn|7
|
|t:|1757824663
|move|p1a: Fezandipiti|U-turn|p2a: Ting-Lu
|-supereffective|p2a: Ting-Lu
|-damage|p2a: Ting-Lu|85/100
|
|t:|1757824666
|switch|p1a: Zapdos|Zapdos-Galar|100/100|[from] U-turn
|move|p2a: Ting-Lu|Stealth Rock|p1a: Zapdos
|-sidestart|p1: flygonisdragon|move: Stealth Rock
|
|-heal|p2a: Ting-Lu|92/100|[from] item: Leftovers
|upkeep
|turn|8
|
|t:|1757824674
|switch|p2a: Pecharunt|Pecharunt|97/100
|move|p1a: Zapdos|Knock Off|p2a: Pecharunt
|-supereffective|p2a: Pecharunt
|-damage|p2a: Pecharunt|50/100
|-enditem|p2a: Pecharunt|Heavy-Duty Boots|[from] move: Knock Off|[of] p1a: Zapdos
|
|upkeep
|turn|9
|
|t:|1757824689
|switch|p1a: Clodsire|Clodsire, M|100/100
|-damage|p1a: Clodsire|94/100|[from] Stealth Rock
|move|p2a: Pecharunt|Recover|p2a: Pecharunt
|-heal|p2a: Pecharunt|99/100
|
|-heal|p1a: Clodsire|100/100|[from] item: Leftovers
|upkeep
|turn|10
|
|t:|1757824697
|move|p2a: Pecharunt|Parting Shot|p1a: Clodsire
|-unboost|p1a: Clodsire|atk|1
|-unboost|p1a: Clodsire|spa|1
|
|t:|1757824706
|switch|p2a: Iron Crown|Iron Crown|100/100|[from] Parting Shot
|move|p1a: Clodsire|Stealth Rock|p2a: Iron Crown
|-sidestart|p2: U_Quokka|move: Stealth Rock
|
|upkeep
|turn|11
|inactive|flygonisdragon has 120 seconds left.
|inactive|U_Quokka has 120 seconds left.
|inactive|flygonisdragon has 90 seconds left.
|
|t:|1757824776
|switch|p1a: Volcanion|Volcanion|30/100
|-damage|p1a: Volcanion|5/100|[from] Stealth Rock
|-terastallize|p2a: Iron Crown|Steel
|move|p2a: Iron Crown|Tachyon Cutter|p1a: Volcanion
|-resisted|p1a: Volcanion
|-damage|p1a: Volcanion|0 fnt
|faint|p1a: Volcanion
|-hitcount|p1: Volcanion|1
|
|upkeep
|inactive|flygonisdragon has 90 seconds left.
|inactive|flygonisdragon has 60 seconds left.
|
|t:|1757824832
|switch|p1a: Zapdos|Zapdos-Galar|100/100
|-damage|p1a: Zapdos|88/100|[from] Stealth Rock
|turn|12
|inactive|U_Quokka has 120 seconds left.
|
|t:|1757824839
|-end|p2a: Iron Crown|Quark Drive|[silent]
|switch|p2a: Pecharunt|Pecharunt|99/100
|-damage|p2a: Pecharunt|87/100|[from] Stealth Rock
|move|p1a: Zapdos|Close Combat|p2a: Pecharunt
|-immune|p2a: Pecharunt
|
|upkeep
|turn|13
|
|t:|1757824843
|move|p1a: Zapdos|Close Combat|p2a: Pecharunt
|-immune|p2a: Pecharunt
|move|p2a: Pecharunt|Parting Shot|p1a: Zapdos
|-unboost|p1a: Zapdos|atk|1
|-ability|p1a: Zapdos|Defiant|boost
|-boost|p1a: Zapdos|atk|2
|-unboost|p1a: Zapdos|spa|1
|-ability|p1a: Zapdos|Defiant|boost
|-boost|p1a: Zapdos|atk|2
|c|☆U_Quokka|whoops
|inactive|U_Quokka has 120 seconds left.
|c|☆U_Quokka|ggs
|
|t:|1757824863
|switch|p2a: Ting-Lu|Ting-Lu|92/100|[from] Parting Shot
|-damage|p2a: Ting-Lu|85/100|[from] Stealth Rock
|-ability|p2a: Ting-Lu|Vessel of Ruin
|
|-heal|p2a: Ting-Lu|92/100|[from] item: Leftovers
|upkeep
|turn|14
|
|t:|1757824868
|switch|p1a: Fezandipiti|Fezandipiti, M|56/100
|-damage|p1a: Fezandipiti|44/100|[from] Stealth Rock
|switch|p2a: Pecharunt|Pecharunt|87/100
|-damage|p2a: Pecharunt|75/100|[from] Stealth Rock
|
|upkeep
|turn|15
|
|t:|1757824871
|move|p1a: Fezandipiti|Roost|p1a: Fezandipiti
|-heal|p1a: Fezandipiti|94/100
|-singleturn|p1a: Fezandipiti|move: Roost
|move|p2a: Pecharunt|Recover|p2a: Pecharunt
|-heal|p2a: Pecharunt|100/100
|
|upkeep
|turn|16
|
|t:|1757824875
|move|p1a: Fezandipiti|U-turn|p2a: Pecharunt
|-resisted|p2a: Pecharunt
|-damage|p2a: Pecharunt|99/100
|
|t:|1757824878
|switch|p1a: Zapdos|Zapdos-Galar|88/100|[from] U-turn
|-damage|p1a: Zapdos|76/100|[from] Stealth Rock
|move|p2a: Pecharunt|Malignant Chain|p1a: Zapdos
|-damage|p1a: Zapdos|37/100
|
|upkeep
|turn|17
|
|t:|1757824883
|move|p1a: Zapdos|Brave Bird|p2a: Pecharunt
|-damage|p2a: Pecharunt|55/100
|-damage|p1a: Zapdos|20/100|[from] Recoil
|move|p2a: Pecharunt|Malignant Chain|p1a: Zapdos
|-damage|p1a: Zapdos|0 fnt
|faint|p1a: Zapdos
|
|upkeep
|
|t:|1757824893
|switch|p1a: Scizor|Scizor, M|100/100
|-damage|p1a: Scizor|88/100|[from] Stealth Rock
|turn|18
|
|t:|1757824897
|move|p2a: Pecharunt|Recover|p2a: Pecharunt
|-heal|p2a: Pecharunt|100/100
|move|p1a: Scizor|Swords Dance|p1a: Scizor
|-boost|p1a: Scizor|atk|2
|
|upkeep
|turn|19
|
|t:|1757824906
|move|p2a: Pecharunt|Parting Shot|p1a: Scizor
|-unboost|p1a: Scizor|atk|1
|-unboost|p1a: Scizor|spa|1
|
|t:|1757824911
|switch|p2a: Ting-Lu|Ting-Lu|92/100|[from] Parting Shot
|-damage|p2a: Ting-Lu|85/100|[from] Stealth Rock
|-ability|p2a: Ting-Lu|Vessel of Ruin
|move|p1a: Scizor|Knock Off|p2a: Ting-Lu
|-resisted|p2a: Ting-Lu
|-damage|p2a: Ting-Lu|67/100
|-enditem|p2a: Ting-Lu|Leftovers|[from] move: Knock Off|[of] p1a: Scizor
|-damage|p1a: Scizor|78/100|[from] item: Life Orb
|
|upkeep
|turn|20
|
|t:|1757824918
|move|p1a: Scizor|Swords Dance|p1a: Scizor
|-boost|p1a: Scizor|atk|2
|move|p2a: Ting-Lu|Earthquake|p1a: Scizor
|-damage|p1a: Scizor|35/100
|
|upkeep
|turn|21
|
|t:|1757824924
|move|p1a: Scizor|Close Combat|p2a: Ting-Lu
|-supereffective|p2a: Ting-Lu
|-damage|p2a: Ting-Lu|0 fnt
|-unboost|p1a: Scizor|def|1
|-unboost|p1a: Scizor|spd|1
|faint|p2a: Ting-Lu
|-damage|p1a: Scizor|25/100|[from] item: Life Orb
|
|upkeep
|
|t:|1757824931
|switch|p2a: Pecharunt|Pecharunt|100/100
|-damage|p2a: Pecharunt|88/100|[from] Stealth Rock
|turn|22
|
|t:|1757824942
|move|p1a: Scizor|Bullet Punch|p2a: Pecharunt
|-damage|p2a: Pecharunt|32/100
|-damage|p1a: Scizor|15/100|[from] item: Life Orb
|move|p2a: Pecharunt|Hex|p1a: Scizor
|-damage|p1a: Scizor|0 fnt
|faint|p1a: Scizor
|
|upkeep
|
|t:|1757824961
|switch|p1a: Kommo-o|Kommo-o, F|100/100
|-damage|p1a: Kommo-o|94/100|[from] Stealth Rock
|turn|23
|
|t:|1757824976
|move|p1a: Kommo-o|Clangorous Soul|p1a: Kommo-o
|-boost|p1a: Kommo-o|atk|1
|-boost|p1a: Kommo-o|def|1
|-boost|p1a: Kommo-o|spa|1
|-boost|p1a: Kommo-o|spd|1
|-boost|p1a: Kommo-o|spe|1
|-damage|p1a: Kommo-o|61/100
|-enditem|p1a: Kommo-o|Throat Spray
|-boost|p1a: Kommo-o|spa|1|[from] item: Throat Spray
|move|p2a: Pecharunt|Malignant Chain|p1a: Kommo-o
|-damage|p1a: Kommo-o|38/100
|
|upkeep
|turn|24
|
|t:|1757824989
|move|p1a: Kommo-o|Clanging Scales|p2a: Pecharunt
|-damage|p2a: Pecharunt|0 fnt
|faint|p2a: Pecharunt
|-unboost|p1a: Kommo-o|def|1
|
|upkeep
|
|t:|1757824998
|switch|p2a: Iron Crown|Iron Crown, tera:Steel|100/100
|-damage|p2a: Iron Crown|94/100|[from] Stealth Rock
|turn|25
|
|t:|1757825003
|move|p1a: Kommo-o|Flamethrower|p2a: Iron Crown
|-supereffective|p2a: Iron Crown
|-damage|p2a: Iron Crown|0 fnt
|faint|p2a: Iron Crown
|-end|p2a: Iron Crown|Quark Drive|[silent]
|
|upkeep
|
|t:|1757825006
|switch|p2a: Meowscarada|Meowscarada, M|100/100
|-damage|p2a: Meowscarada|88/100|[from] Stealth Rock
|turn|26
|
|t:|1757825008
|move|p1a: Kommo-o|Clanging Scales|p2a: Meowscarada
|-damage|p2a: Meowscarada|0 fnt
|faint|p2a: Meowscarada
|
|win|flygonisdragon
|raw|flygonisdragon's rating: 1395 &rarr; <strong>1412</strong><br />(+17 for winning)
|raw|U_Quokka's rating: 1338 &rarr; <strong>1321</strong><br />(-17 for losing)
|l|☆flygonisdragon
|player|p1|
|l|☆U_Quokka
|player|p2|
