|j|☆T3H8thGYM
|j|☆GYM ELITE
|t:|1757797615
|gametype|singles
|player|p1|T3H8thGYM|harlequin|1000
|player|p2|GYM ELITE|veteran-gen4|1084
|gen|9
|tier|[Gen 9] OU
|rated|
|rule|HP Percentage Mod: HP is shown in percentages
|rule|Endless Battle Clause: Forcing endless battles is banned
|rule|Species Clause: Limit one of each Pokémon
|rule|OHKO Clause: OHKO moves are banned
|rule|Evasion Items Clause: Evasion items are banned
|rule|Evasion Moves Clause: Evasion moves are banned
|rule|Evasion Abilities Clause: Evasion abilities are banned
|rule|Sleep Moves Clause: Sleep-inducing moves are banned
|clearpoke
|poke|p1|Clodsire, F|
|poke|p1|Sandy Shocks|
|poke|p1|Mamoswine, F|
|poke|p1|Ursaluna, M|
|poke|p1|Garchomp, M|
|poke|p1|Gliscor, F|
|poke|p2|Weavile, F|
|poke|p2|Blaziken, F|
|poke|p2|Dragapult, M|
|poke|p2|Gliscor, M|
|poke|p2|Rotom-Wash|
|poke|p2|Grimmsnarl, M|
|teampreview
|inactive|Battle timer is ON: inactive players will automatically lose when time's up. (requested by GYM ELITE)
|c|☆T3H8thGYM|Don’t be shook, my ground types bout to get it quaking in here. Glhf
|
|t:|1757797641
|teamsize|p1|6
|teamsize|p2|6
|start
|switch|p1a: Horace higina|Clodsire, F, shiny|100/100
|switch|p2a: Weavile|Weavile, F, shiny|100/100
|-ability|p2a: Weavile|Pressure
|turn|1
|c|☆GYM ELITE|Lol love the pun and challenging teams
|
|t:|1757797668
|switch|p1a: KorbilboDaDestroy|Mamoswine, F|100/100
|move|p2a: Weavile|Ice Spinner|p1a: KorbilboDaDestroy
|-damage|p1a: KorbilboDaDestroy|30/100
|
|upkeep
|turn|2
|c|☆T3H8thGYM|👁️👅👁️
|
|t:|1757797693
|switch|p2a: Rotom|Rotom-Wash|100/100
|move|p1a: KorbilboDaDestroy|Ice Shard|p2a: Rotom
|-resisted|p2a: Rotom
|-damage|p2a: Rotom|85/100
|
|upkeep
|turn|3
|
|t:|1757797705
|switch|p1a: Horace higina|Clodsire, F, shiny|100/100
|move|p2a: Rotom|Hydro Pump|p1a: Horace higina
|-immune|p1a: Horace higina|[from] ability: Water Absorb
|
|upkeep
|turn|4
|
|t:|1757797716
|switch|p2a: Gliscor|Gliscor, M|100/100
|move|p1a: Horace higina|Toxic|p2a: Gliscor
|-status|p2a: Gliscor|tox
|
|upkeep
|turn|5
|c|☆T3H8thGYM|Shiii
|
|t:|1757797730
|move|p2a: Gliscor|Knock Off|p1a: Horace higina
|-damage|p1a: Horace higina|75/100
|-enditem|p1a: Horace higina|Black Sludge|[from] move: Knock Off|[of] p2a: Gliscor
|move|p1a: Horace higina|Chilling Water|p2a: Gliscor
|-supereffective|p2a: Gliscor
|-damage|p2a: Gliscor|85/100 tox
|-unboost|p2a: Gliscor|atk|1
|
|-heal|p2a: Gliscor|98/100 tox|[from] ability: Poison Heal
|upkeep
|turn|6
|
|t:|1757797748
|switch|p1a: GuyBehindWalmart|Gliscor, F, shiny|100/100
|move|p2a: Gliscor|Knock Off|p1a: GuyBehindWalmart
|-damage|p1a: GuyBehindWalmart|89/100
|-enditem|p1a: GuyBehindWalmart|Toxic Orb|[from] move: Knock Off|[of] p2a: Gliscor
|
|-heal|p2a: Gliscor|100/100 tox|[from] ability: Poison Heal
|upkeep
|turn|7
|c|☆GYM ELITE|Guy behind walmart lmao
|inactive|T3H8thGYM has 120 seconds left.
|c|☆T3H8thGYM|👁️👄👁️
|inactive|GYM ELITE has 120 seconds left.
|
|t:|1757797784
|move|p2a: Gliscor|Knock Off|p1a: GuyBehindWalmart
|-damage|p1a: GuyBehindWalmart|82/100
|move|p1a: GuyBehindWalmart|Swords Dance|p1a: GuyBehindWalmart
|-boost|p1a: GuyBehindWalmart|atk|2
|
|upkeep
|turn|8
|inactive|GYM ELITE has 120 seconds left.
|
|t:|1757797795
|switch|p2a: Rotom|Rotom-Wash|85/100
|move|p1a: GuyBehindWalmart|Swords Dance|p1a: GuyBehindWalmart
|-boost|p1a: GuyBehindWalmart|atk|2
|
|upkeep
|turn|9
|inactive|T3H8thGYM has 120 seconds left.
|inactive|GYM ELITE has 120 seconds left.
|
|t:|1757797812
|-terastallize|p1a: GuyBehindWalmart|Water
|move|p2a: Rotom|Hydro Pump|p1a: GuyBehindWalmart
|-resisted|p1a: GuyBehindWalmart
|-damage|p1a: GuyBehindWalmart|50/100
|move|p1a: GuyBehindWalmart|Brick Break|p2a: Rotom
|-damage|p2a: Rotom|23/100
|
|upkeep
|turn|10
|inactive|GYM ELITE has 120 seconds left.
|
|t:|1757797825
|switch|p2a: Dragapult|Dragapult, M|100/100
|switch|p1a: KorbilboDaDestroy|Mamoswine, F|30/100
|
|upkeep
|turn|11
|
|t:|1757797833
|switch|p2a: Rotom|Rotom-Wash|23/100
|move|p1a: KorbilboDaDestroy|Ice Shard|p2a: Rotom
|-resisted|p2a: Rotom
|-damage|p2a: Rotom|7/100
|
|upkeep
|turn|12
|
|t:|1757797839
|move|p1a: KorbilboDaDestroy|Ice Shard|p2a: Rotom
|-resisted|p2a: Rotom
|-damage|p2a: Rotom|0 fnt
|faint|p2a: Rotom
|
|upkeep
|
|t:|1757797850
|switch|p2a: Gliscor|Gliscor, M|100/100 tox
|turn|13
|
|t:|1757797856
|-terastallize|p2a: Gliscor|Water
|move|p1a: KorbilboDaDestroy|Ice Shard|p2a: Gliscor
|-resisted|p2a: Gliscor
|-damage|p2a: Gliscor|94/100 tox
|move|p2a: Gliscor|Earthquake|p1a: KorbilboDaDestroy
|-damage|p1a: KorbilboDaDestroy|0 fnt
|faint|p1a: KorbilboDaDestroy
|
|-heal|p2a: Gliscor|100/100 tox|[from] ability: Poison Heal
|upkeep
|
|t:|1757797864
|switch|p1a: Kachow|Sandy Shocks, shiny|100/100
|turn|14
|
|t:|1757797872
|move|p2a: Gliscor|Protect|p2a: Gliscor
|-singleturn|p2a: Gliscor|Protect
|move|p1a: Kachow|Volt Switch|p2a: Gliscor
|-activate|p2a: Gliscor|move: Protect
|
|upkeep
|turn|15
|c|☆T3H8thGYM|👀
|
|t:|1757797886
|move|p1a: Kachow|Volt Switch|p2a: Gliscor
|-supereffective|p2a: Gliscor
|-damage|p2a: Gliscor|0 fnt
|faint|p2a: Gliscor
|
|t:|1757797905
|-end|p1a: Kachow|Protosynthesis|[silent]
|switch|p1a: Ursanus great bear|Ursaluna, M|100/100|[from] Volt Switch
|
|-status|p1a: Ursanus great bear|brn|[from] item: Flame Orb
|upkeep
|c|☆GYM ELITE|Sandy shocks is so good
|
|t:|1757797915
|switch|p2a: Weavile|Weavile, F, shiny|100/100
|-ability|p2a: Weavile|Pressure
|turn|16
|c|☆T3H8thGYM|Fast as all hell
|
|t:|1757797925
|move|p2a: Weavile|Ice Spinner|p1a: Ursanus great bear
|-supereffective|p1a: Ursanus great bear
|-damage|p1a: Ursanus great bear|13/100 brn
|move|p1a: Ursanus great bear|Facade|p2a: Weavile
|-damage|p2a: Weavile|0 fnt
|faint|p2a: Weavile
|
|-damage|p1a: Ursanus great bear|7/100 brn|[from] brn
|upkeep
|
|t:|1757797936
|switch|p2a: Grimmsnarl|Grimmsnarl, M|100/100
|turn|17
|c|☆T3H8thGYM|MY WALL
|c|☆T3H8thGYM|🫦
|
|t:|1757797955
|switch|p1a: GuyBehindWalmart|Gliscor, F, shiny, tera:Water|50/100
|move|p2a: Grimmsnarl|Play Rough|p1a: GuyBehindWalmart
|-damage|p1a: GuyBehindWalmart|0 fnt
|faint|p1a: GuyBehindWalmart
|
|upkeep
|
|t:|1757797964
|switch|p1a: Horace higina|Clodsire, F, shiny|75/100
|turn|18
|
|t:|1757797982
|switch|p2a: Blaziken|Blaziken, F|100/100
|move|p1a: Horace higina|Toxic|p2a: Blaziken
|-status|p2a: Blaziken|tox
|
|-damage|p2a: Blaziken|95/100 tox|[from] psn
|upkeep
|turn|19
|
|t:|1757797992
|move|p2a: Blaziken|Swords Dance|p2a: Blaziken
|-boost|p2a: Blaziken|atk|2
|move|p1a: Horace higina|Chilling Water|p2a: Blaziken
|-supereffective|p2a: Blaziken
|-damage|p2a: Blaziken|76/100 tox
|-unboost|p2a: Blaziken|atk|1
|
|-damage|p2a: Blaziken|64/100 tox|[from] psn
|-ability|p2a: Blaziken|Speed Boost|boost
|-boost|p2a: Blaziken|spe|1
|upkeep
|turn|20
|
|t:|1757798003
|move|p2a: Blaziken|Earthquake|p1a: Horace higina
|-supereffective|p1a: Horace higina
|-damage|p1a: Horace higina|0 fnt
|faint|p1a: Horace higina
|
|-damage|p2a: Blaziken|46/100 tox|[from] psn
|-ability|p2a: Blaziken|Speed Boost|boost
|-boost|p2a: Blaziken|spe|1
|upkeep
|
|t:|1757798010
|switch|p1a: Sam|Garchomp, M|100/100
|turn|21
|
|t:|1757798015
|move|p2a: Blaziken|Close Combat|p1a: Sam
|-damage|p1a: Sam|1/100
|-unboost|p2a: Blaziken|def|1
|-unboost|p2a: Blaziken|spd|1
|-damage|p2a: Blaziken|34/100 tox|[from] ability: Rough Skin|[of] p1a: Sam
|move|p1a: Sam|Scale Shot|p2a: Blaziken|[miss]
|-miss|p1a: Sam|p2a: Blaziken
|
|-damage|p2a: Blaziken|10/100 tox|[from] psn
|-ability|p2a: Blaziken|Speed Boost|boost
|-boost|p2a: Blaziken|spe|1
|upkeep
|turn|22
|
|t:|1757798028
|switch|p1a: Ursanus great bear|Ursaluna, M|7/100 brn
|move|p2a: Blaziken|Close Combat|p1a: Ursanus great bear
|-supereffective|p1a: Ursanus great bear
|-damage|p1a: Ursanus great bear|0 fnt
|-unboost|p2a: Blaziken|def|1
|-unboost|p2a: Blaziken|spd|1
|faint|p1a: Ursanus great bear
|
|-damage|p2a: Blaziken|0 fnt|[from] psn
|faint|p2a: Blaziken
|upkeep
|
|t:|1757798043
|switch|p2a: Dragapult|Dragapult, M|100/100
|switch|p1a: Kachow|Sandy Shocks, shiny|100/100
|turn|23
|
|t:|1757798051
|move|p2a: Dragapult|Substitute|p2a: Dragapult
|-start|p2a: Dragapult|Substitute
|-damage|p2a: Dragapult|76/100
|move|p1a: Kachow|Volt Switch|p2a: Dragapult
|-resisted|p2a: Dragapult
|-end|p2a: Dragapult|Substitute
|
|t:|1757798053
|-end|p1a: Kachow|Protosynthesis|[silent]
|switch|p1a: Sam|Garchomp, M|1/100|[from] Volt Switch
|
|-heal|p2a: Dragapult|82/100|[from] item: Leftovers
|upkeep
|turn|24
|
|t:|1757798063
|move|p2a: Dragapult|Dragon Darts|p1a: Sam
|-supereffective|p1a: Sam
|-damage|p1a: Sam|0 fnt
|faint|p1a: Sam
|
|-heal|p2a: Dragapult|88/100|[from] item: Leftovers
|upkeep
|
|t:|1757798065
|switch|p1a: Kachow|Sandy Shocks, shiny|100/100
|turn|25
|
|t:|1757798078
|move|p2a: Dragapult|Dragon Darts|p1a: Kachow
|-damage|p1a: Kachow|73/100
|-anim|p2a: Dragapult|Dragon Darts|p1a: Kachow
|-damage|p1a: Kachow|45/100
|move|p1a: Kachow|Flash Cannon|p2a: Dragapult
|-damage|p2a: Dragapult|33/100
|
|-heal|p2a: Dragapult|39/100|[from] item: Leftovers
|upkeep
|turn|26
|
|t:|1757798086
|move|p2a: Dragapult|Dragon Darts|p1a: Kachow
|-damage|p1a: Kachow|18/100
|-anim|p2a: Dragapult|Dragon Darts|p1a: Kachow
|-damage|p1a: Kachow|0 fnt
|faint|p1a: Kachow
|-end|p1a: Kachow|Protosynthesis|[silent]
|
|win|GYM ELITE
|raw|T3H8thGYM's rating: 1000 &rarr; <strong>1000</strong><br />(+0 for losing)
|raw|GYM ELITE's rating: 1084 &rarr; <strong>1105</strong><br />(+21 for winning)
|c|☆T3H8thGYM|Gg yo
|c|☆GYM ELITE|great game and well played types
|c|☆T3H8thGYM|Thank you 🙏🏽
|l|☆T3H8thGYM
|player|p1|
