|j|☆BeheeyemUBER
|j|☆CilenTreeco
|t:|1757824616
|gametype|singles
|player|p1|BeheeyemUBER|barry|1315
|player|p2|CilenTreeco|102|1225
|gen|9
|tier|[Gen 9] OU
|rated|
|rule|HP Percentage Mod: HP is shown in percentages
|rule|Endless Battle Clause: Forcing endless battles is banned
|rule|Species Clause: Limit one of each Pokémon
|rule|OHKO Clause: OHKO moves are banned
|rule|Evasion Items Clause: Evasion items are banned
|rule|Evasion Moves Clause: Evasion moves are banned
|rule|Evasion Abilities Clause: Evasion abilities are banned
|rule|Sleep Moves Clause: Sleep-inducing moves are banned
|clearpoke
|poke|p1|Glimmora, F|
|poke|p1|Kingambit, M|
|poke|p1|Zamazenta-*|
|poke|p1|Dragapult, F|
|poke|p1|Ting-Lu|
|poke|p1|Ceruledge, M|
|poke|p2|Gholdengo|
|poke|p2|Quaquaval, F|
|poke|p2|Armarouge, F|
|poke|p2|Goodra-Hisui, M|
|poke|p2|Toxicroak, M|
|poke|p2|Mamoswine, F|
|teampreview
|inactive|Battle timer is ON: inactive players will automatically lose when time's up. (requested by BeheeyemUBER)
|
|t:|1757824638
|teamsize|p1|6
|teamsize|p2|6
|start
|switch|p1a: Glimmora|Glimmora, F|100/100
|switch|p2a: Toxicroak|Toxicroak, M|100/100
|turn|1
|
|t:|1757824642
|move|p1a: Glimmora|Meteor Beam||[still]
|-prepare|p1a: Glimmora|Meteor Beam
|-boost|p1a: Glimmora|spa|1
|-enditem|p1a: Glimmora|Power Herb
|-anim|p1a: Glimmora|Meteor Beam|p2a: Toxicroak
|-resisted|p2a: Toxicroak
|-damage|p2a: Toxicroak|24/100
|move|p2a: Toxicroak|Swords Dance|p2a: Toxicroak
|-boost|p2a: Toxicroak|atk|2
|
|upkeep
|turn|2
|
|t:|1757824652
|move|p1a: Glimmora|Earth Power|p2a: Toxicroak
|-supereffective|p2a: Toxicroak
|-damage|p2a: Toxicroak|0 fnt
|faint|p2a: Toxicroak
|
|upkeep
|
|t:|1757824656
|switch|p2a: Mamoswine|Mamoswine, F|100/100
|turn|3
|
|t:|1757824662
|-terastallize|p1a: Glimmora|Grass
|move|p2a: Mamoswine|Earthquake|p1a: Glimmora
|-resisted|p1a: Glimmora
|-damage|p1a: Glimmora|67/100
|-activate|p1a: Glimmora|ability: Toxic Debris
|-sidestart|p2: CilenTreeco|move: Toxic Spikes
|move|p1a: Glimmora|Sludge Wave|p2a: Mamoswine
|-resisted|p2a: Mamoswine
|-damage|p2a: Mamoswine|50/100
|
|upkeep
|turn|4
|
|t:|1757824672
|switch|p2a: Goodra|Goodra-Hisui, M|100/100
|move|p1a: Glimmora|Sludge Wave|p2a: Goodra
|-immune|p2a: Goodra
|
|upkeep
|turn|5
|
|t:|1757824684
|move|p1a: Glimmora|Earth Power|p2a: Goodra
|-supereffective|p2a: Goodra
|-crit|p2a: Goodra
|-damage|p2a: Goodra|47/100
|move|p2a: Goodra|Dragon Tail|p1a: Glimmora
|-damage|p1a: Glimmora|40/100
|-activate|p1a: Glimmora|ability: Toxic Debris
|-sidestart|p2: CilenTreeco|move: Toxic Spikes
|drag|p1a: Ceruledge|Ceruledge, M|100/100
|
|upkeep
|turn|6
|
|t:|1757824688
|move|p1a: Ceruledge|Swords Dance|p1a: Ceruledge
|-boost|p1a: Ceruledge|atk|2
|move|p2a: Goodra|Knock Off|p1a: Ceruledge
|-supereffective|p1a: Ceruledge
|-damage|p1a: Ceruledge|35/100
|-ability|p1a: Ceruledge|Weak Armor|boost
|-unboost|p1a: Ceruledge|def|1
|-boost|p1a: Ceruledge|spe|2
|-enditem|p1a: Ceruledge|Focus Sash|[from] move: Knock Off|[of] p2a: Goodra
|
|upkeep
|turn|7
|
|t:|1757824694
|switch|p2a: Quaquaval|Quaquaval, F|100/100
|-status|p2a: Quaquaval|tox
|move|p1a: Ceruledge|Bitter Blade|p2a: Quaquaval
|-resisted|p2a: Quaquaval
|-damage|p2a: Quaquaval|39/100 tox
|-heal|p1a: Ceruledge|68/100|[from] drain|[of] p2a: Quaquaval
|
|-damage|p2a: Quaquaval|33/100 tox|[from] psn
|upkeep
|turn|8
|
|t:|1757824708
|move|p2a: Quaquaval|Aqua Jet|p1a: Ceruledge
|-supereffective|p1a: Ceruledge
|-damage|p1a: Ceruledge|0 fnt
|faint|p1a: Ceruledge
|-ability|p2a: Quaquaval|Moxie|boost
|-boost|p2a: Quaquaval|atk|1
|
|-damage|p2a: Quaquaval|21/100 tox|[from] psn
|upkeep
|inactive|BeheeyemUBER has 120 seconds left.
|
|t:|1757824740
|switch|p1a: Glimmora|Glimmora, F, tera:Grass|40/100
|turn|9
|
|t:|1757824748
|move|p1a: Glimmora|Sludge Wave|p2a: Quaquaval
|-damage|p2a: Quaquaval|0 fnt
|faint|p2a: Quaquaval
|
|upkeep
|
|t:|1757824752
|switch|p2a: Mamoswine|Mamoswine, F|50/100
|-status|p2a: Mamoswine|tox
|turn|10
|
|t:|1757824760
|move|p2a: Mamoswine|Icicle Crash|p1a: Glimmora
|-supereffective|p1a: Glimmora
|-damage|p1a: Glimmora|0 fnt
|faint|p1a: Glimmora
|
|-damage|p2a: Mamoswine|44/100 tox|[from] psn
|upkeep
|
|t:|1757824764
|switch|p1a: Zamazenta|Zamazenta|100/100
|-ability|p1a: Zamazenta|Dauntless Shield|boost
|-boost|p1a: Zamazenta|def|1
|turn|11
|
|t:|1757824768
|switch|p2a: Gholdengo|Gholdengo, shiny|100/100
|-item|p2a: Gholdengo|Air Balloon
|move|p1a: Zamazenta|Iron Defense|p1a: Zamazenta
|-boost|p1a: Zamazenta|def|2
|
|upkeep
|turn|12
|
|t:|1757824776
|-terastallize|p2a: Gholdengo|Flying
|move|p1a: Zamazenta|Crunch|p2a: Gholdengo
|-damage|p2a: Gholdengo|77/100
|-enditem|p2a: Gholdengo|Air Balloon
|move|p2a: Gholdengo|Nasty Plot|p2a: Gholdengo
|-boost|p2a: Gholdengo|spa|2
|
|upkeep
|turn|13
|
|t:|1757824781
|move|p1a: Zamazenta|Body Press|p2a: Gholdengo
|-resisted|p2a: Gholdengo
|-damage|p2a: Gholdengo|32/100
|move|p2a: Gholdengo|Shadow Ball|p1a: Zamazenta
|-damage|p1a: Zamazenta|29/100
|-unboost|p1a: Zamazenta|spd|1
|
|-heal|p1a: Zamazenta|36/100|[from] item: Leftovers
|upkeep
|turn|14
|
|t:|1757824784
|move|p1a: Zamazenta|Body Press|p2a: Gholdengo
|-resisted|p2a: Gholdengo
|-damage|p2a: Gholdengo|0 fnt
|faint|p2a: Gholdengo
|
|-heal|p1a: Zamazenta|42/100|[from] item: Leftovers
|upkeep
|
|t:|1757824789
|switch|p2a: Armarouge|Armarouge, F, shiny|100/100
|-status|p2a: Armarouge|tox
|turn|15
|
|t:|1757824815
|move|p1a: Zamazenta|Body Press|p2a: Armarouge
|-resisted|p2a: Armarouge
|-damage|p2a: Armarouge|51/100 tox
|-ability|p2a: Armarouge|Weak Armor|boost
|-unboost|p2a: Armarouge|def|1
|-boost|p2a: Armarouge|spe|2
|move|p2a: Armarouge|Armor Cannon|p1a: Zamazenta
|-damage|p1a: Zamazenta|0 fnt
|-unboost|p2a: Armarouge|def|1
|-unboost|p2a: Armarouge|spd|1
|faint|p1a: Zamazenta
|
|-damage|p2a: Armarouge|45/100 tox|[from] psn
|upkeep
|
|t:|1757824827
|switch|p1a: Kingambit|Kingambit, M|100/100
|-activate|p1a: Kingambit|ability: Supreme Overlord
|-start|p1a: Kingambit|fallen3|[silent]
|turn|16
|
|t:|1757824831
|move|p1a: Kingambit|Sucker Punch||[still]
|-fail|p1a: Kingambit
|move|p2a: Armarouge|Substitute|p2a: Armarouge
|-start|p2a: Armarouge|Substitute
|-damage|p2a: Armarouge|20/100 tox
|
|-damage|p2a: Armarouge|8/100 tox|[from] psn
|upkeep
|turn|17
|
|t:|1757824836
|-end|p1a: Kingambit|fallen3|[silent]
|switch|p1a: Ting-Lu|Ting-Lu|100/100
|-ability|p1a: Ting-Lu|Vessel of Ruin
|move|p2a: Armarouge|Armor Cannon|p1a: Ting-Lu
|-damage|p1a: Ting-Lu|75/100
|-unboost|p2a: Armarouge|def|1
|-unboost|p2a: Armarouge|spd|1
|
|-heal|p1a: Ting-Lu|81/100|[from] item: Leftovers
|-damage|p2a: Armarouge|0 fnt|[from] psn
|faint|p2a: Armarouge
|upkeep
|-message|CilenTreeco forfeited.
|
|win|BeheeyemUBER
|raw|BeheeyemUBER's rating: 1315 &rarr; <strong>1330</strong><br />(+15 for winning)
|raw|CilenTreeco's rating: 1225 &rarr; <strong>1206</strong><br />(-19 for losing)
|l|☆CilenTreeco
|player|p2|
|l|☆BeheeyemUBER
|player|p1|
