|j|☆vryfast
|j|☆I_AM_EX
|t:|1757882957
|gametype|singles
|player|p1|vryfast|101|1161
|player|p2|I_AM_EX|cynthia|1181
|gen|9
|tier|[Gen 9] OU
|rated|
|rule|HP Percentage Mod: HP is shown in percentages
|rule|Endless Battle Clause: Forcing endless battles is banned
|rule|Species Clause: Limit one of each Pokémon
|rule|OHKO Clause: OHKO moves are banned
|rule|Evasion Items Clause: Evasion items are banned
|rule|Evasion Moves Clause: Evasion moves are banned
|rule|Evasion Abilities Clause: Evasion abilities are banned
|rule|Sleep Moves Clause: Sleep-inducing moves are banned
|clearpoke
|poke|p1|Dragapult, M|
|poke|p1|Inteleon, M|
|poke|p1|Masquerain, F|
|poke|p1|Donphan, F|
|poke|p1|Gholdengo|
|poke|p1|Feraligatr, M|
|poke|p2|Clodsire, M|
|poke|p2|Toxapex, F|
|poke|p2|Alomomola, M|
|poke|p2|Dondozo, F|
|poke|p2|Blissey, F|
|poke|p2|Ting-Lu|
|teampreview
|inactive|Battle timer is ON: inactive players will automatically lose when time's up. (requested by vryfast)
|
|t:|1757882975
|teamsize|p1|6
|teamsize|p2|6
|start
|switch|p1a: Donphan|Donphan, F|100/100
|switch|p2a: Ting-Lu|Ting-Lu|100/100
|-ability|p2a: Ting-Lu|Vessel of Ruin
|turn|1
|
|t:|1757882985
|move|p1a: Donphan|Stealth Rock|p2a: Ting-Lu
|-sidestart|p2: I_AM_EX|move: Stealth Rock
|move|p2a: Ting-Lu|Earthquake|p1a: Donphan
|-damage|p1a: Donphan|74/100
|
|upkeep
|turn|2
|
|t:|1757883000
|move|p1a: Donphan|Body Press|p2a: Ting-Lu
|-supereffective|p2a: Ting-Lu
|-damage|p2a: Ting-Lu|69/100
|move|p2a: Ting-Lu|Earthquake|p1a: Donphan
|-damage|p1a: Donphan|45/100
|
|upkeep
|turn|3
|
|t:|1757883009
|switch|p1a: Masquerain|Masquerain, F|100/100
|-ability|p1a: Masquerain|Intimidate|boost
|-unboost|p2a: Ting-Lu|atk|1
|switch|p2a: Toxapex|Toxapex, F|100/100
|
|upkeep
|turn|4
|
|t:|1757883018
|move|p2a: Toxapex|Toxic|p1a: Masquerain
|-status|p1a: Masquerain|tox
|move|p1a: Masquerain|Whirlwind|p2a: Toxapex
|drag|p2a: Dondozo|Dondozo, F|100/100
|
|-damage|p1a: Masquerain|94/100 tox|[from] psn
|upkeep
|turn|5
|
|t:|1757883030
|switch|p2a: Toxapex|Toxapex, F|100/100
|move|p1a: Masquerain|Sticky Web|p2a: Toxapex
|-sidestart|p2: I_AM_EX|move: Sticky Web
|
|-damage|p1a: Masquerain|82/100 tox|[from] psn
|upkeep
|turn|6
|
|t:|1757883036
|move|p2a: Toxapex|Toxic Spikes|p1a: Masquerain
|-sidestart|p1: vryfast|move: Toxic Spikes
|move|p1a: Masquerain|Whirlwind|p2a: Toxapex
|drag|p2a: Clodsire|Clodsire, M|100/100
|
|-damage|p1a: Masquerain|64/100 tox|[from] psn
|upkeep
|turn|7
|
|t:|1757883054
|switch|p2a: Toxapex|Toxapex, F|100/100
|move|p1a: Masquerain|Whirlwind|p2a: Toxapex
|drag|p2a: Ting-Lu|Ting-Lu|69/100
|-ability|p2a: Ting-Lu|Vessel of Ruin
|
|-damage|p1a: Masquerain|39/100 tox|[from] psn
|upkeep
|turn|8
|c|☆vryfast|Your team makes me wanna vomit yuck
|c|☆I_AM_EX|ty
|
|t:|1757883075
|switch|p2a: Toxapex|Toxapex, F|100/100
|move|p1a: Masquerain|U-turn|p2a: Toxapex
|-resisted|p2a: Toxapex
|-damage|p2a: Toxapex|94/100
|
|t:|1757883081
|switch|p1a: Donphan|Donphan, F|45/100|[from] U-turn
|
|upkeep
|turn|9
|
|t:|1757883094
|move|p1a: Donphan|Rapid Spin|p2a: Toxapex
|-damage|p2a: Toxapex|83/100
|-boost|p1a: Donphan|spe|1
|-sideend|p1: vryfast|Toxic Spikes|[from] move: Rapid Spin|[of] p1a: Donphan
|move|p2a: Toxapex|Toxic|p1a: Donphan
|-status|p1a: Donphan|tox
|
|-damage|p1a: Donphan|38/100 tox|[from] psn
|upkeep
|turn|10
|
|t:|1757883104
|move|p1a: Donphan|Earthquake|p2a: Toxapex
|-supereffective|p2a: Toxapex
|-damage|p2a: Toxapex|21/100
|move|p2a: Toxapex|Toxic Spikes|p1a: Donphan
|-sidestart|p1: vryfast|move: Toxic Spikes
|
|-damage|p1a: Donphan|26/100 tox|[from] psn
|upkeep
|turn|11
|
|t:|1757883113
|switch|p2a: Alomomola|Alomomola, M|100/100
|move|p1a: Donphan|Rapid Spin|p2a: Alomomola
|-damage|p2a: Alomomola|91/100
|-boost|p1a: Donphan|spe|1
|-sideend|p1: vryfast|Toxic Spikes|[from] move: Rapid Spin|[of] p1a: Donphan
|
|-damage|p1a: Donphan|7/100 tox|[from] psn
|upkeep
|turn|12
|
|t:|1757883121
|move|p1a: Donphan|Earthquake|p2a: Alomomola
|-damage|p2a: Alomomola|60/100
|move|p2a: Alomomola|Wish|p2a: Alomomola
|
|-damage|p1a: Donphan|0 fnt|[from] psn
|faint|p1a: Donphan
|upkeep
|
|t:|1757883128
|switch|p1a: Feraligatr|Feraligatr, M, shiny|100/100
|turn|13
|
|t:|1757883145
|move|p1a: Feraligatr|Dragon Dance|p1a: Feraligatr
|-boost|p1a: Feraligatr|atk|1
|-boost|p1a: Feraligatr|spe|1
|move|p2a: Alomomola|Whirlpool|p1a: Feraligatr
|-resisted|p1a: Feraligatr
|-damage|p1a: Feraligatr|98/100
|-activate|p1a: Feraligatr|move: Whirlpool|[of] p2a: Alomomola
|
|-heal|p2a: Alomomola|100/100|[from] move: Wish|[wisher] Alomomola
|-damage|p1a: Feraligatr|85/100|[from] move: Whirlpool|[partiallytrapped]
|upkeep
|turn|14
|
|t:|1757883158
|move|p1a: Feraligatr|Dragon Dance|p1a: Feraligatr
|-boost|p1a: Feraligatr|atk|1
|-boost|p1a: Feraligatr|spe|1
|move|p2a: Alomomola|Chilling Water|p1a: Feraligatr
|-resisted|p1a: Feraligatr
|-damage|p1a: Feraligatr|80/100
|-unboost|p1a: Feraligatr|atk|1
|
|-damage|p1a: Feraligatr|68/100|[from] move: Whirlpool|[partiallytrapped]
|upkeep
|turn|15
|
|t:|1757883168
|move|p1a: Feraligatr|Liquidation|p2a: Alomomola
|-resisted|p2a: Alomomola
|-damage|p2a: Alomomola|79/100
|move|p2a: Alomomola|Chilling Water|p1a: Feraligatr
|-resisted|p1a: Feraligatr
|-damage|p1a: Feraligatr|64/100
|-unboost|p1a: Feraligatr|atk|1
|
|-damage|p1a: Feraligatr|52/100|[from] move: Whirlpool|[partiallytrapped]
|upkeep
|turn|16
|
|t:|1757883176
|move|p1a: Feraligatr|Crunch|p2a: Alomomola
|-damage|p2a: Alomomola|61/100
|move|p2a: Alomomola|Chilling Water|p1a: Feraligatr
|-resisted|p1a: Feraligatr
|-crit|p1a: Feraligatr
|-damage|p1a: Feraligatr|44/100
|-unboost|p1a: Feraligatr|atk|1
|
|-damage|p1a: Feraligatr|32/100|[from] move: Whirlpool|[partiallytrapped]
|upkeep
|turn|17
|
|t:|1757883188
|move|p1a: Feraligatr|Crunch|p2a: Alomomola
|-damage|p2a: Alomomola|47/100
|move|p2a: Alomomola|Wish|p2a: Alomomola
|
|-end|p1a: Feraligatr|Whirlpool|[partiallytrapped]
|upkeep
|turn|18
|
|t:|1757883193
|move|p1a: Feraligatr|Crunch|p2a: Alomomola
|-damage|p2a: Alomomola|35/100
|move|p2a: Alomomola|Whirlpool|p1a: Feraligatr
|-resisted|p1a: Feraligatr
|-damage|p1a: Feraligatr|29/100
|-activate|p1a: Feraligatr|move: Whirlpool|[of] p2a: Alomomola
|
|-heal|p2a: Alomomola|85/100|[from] move: Wish|[wisher] Alomomola
|-damage|p1a: Feraligatr|17/100|[from] move: Whirlpool|[partiallytrapped]
|upkeep
|turn|19
|
|t:|1757883203
|move|p1a: Feraligatr|Ice Punch|p2a: Alomomola
|-resisted|p2a: Alomomola
|-damage|p2a: Alomomola|79/100
|move|p2a: Alomomola|Chilling Water|p1a: Feraligatr
|-resisted|p1a: Feraligatr
|-damage|p1a: Feraligatr|11/100
|-unboost|p1a: Feraligatr|atk|1
|
|-damage|p1a: Feraligatr|0 fnt|[from] move: Whirlpool|[partiallytrapped]
|faint|p1a: Feraligatr
|upkeep
|
|t:|1757883208
|switch|p1a: Gholdengo|Gholdengo|100/100
|turn|20
|
|t:|1757883228
|move|p2a: Alomomola|Protect|p2a: Alomomola
|-singleturn|p2a: Alomomola|Protect
|move|p1a: Gholdengo|Nasty Plot|p1a: Gholdengo
|-boost|p1a: Gholdengo|spa|2
|
|upkeep
|turn|21
|inactive|I_AM_EX has 120 seconds left.
|
|t:|1757883256
|switch|p2a: Toxapex|Toxapex, F|54/100
|move|p1a: Gholdengo|Nasty Plot|p1a: Gholdengo
|-boost|p1a: Gholdengo|spa|2
|
|upkeep
|turn|22
|
|t:|1757883262
|move|p1a: Gholdengo|Thunderbolt|p2a: Toxapex
|-supereffective|p2a: Toxapex
|-crit|p2a: Toxapex
|-damage|p2a: Toxapex|0 fnt
|faint|p2a: Toxapex
|
|upkeep
|inactive|I_AM_EX has 120 seconds left.
|
|t:|1757883273
|switch|p2a: Clodsire|Clodsire, M|100/100
|turn|23
|
|t:|1757883276
|move|p1a: Gholdengo|Make It Rain|p2a: Clodsire
|-damage|p2a: Clodsire|63/100
|-unboost|p1a: Gholdengo|spa|1
|move|p2a: Clodsire|Amnesia|p2a: Clodsire
|-boost|p2a: Clodsire|spd|2
|
|upkeep
|turn|24
|
|t:|1757883286
|switch|p1a: Dragapult|Dragapult, M|100/100
|move|p2a: Clodsire|Amnesia|p2a: Clodsire
|-boost|p2a: Clodsire|spd|2
|
|upkeep
|turn|25
|
|t:|1757883298
|move|p1a: Dragapult|Will-O-Wisp|p2a: Clodsire
|-status|p2a: Clodsire|brn
|move|p2a: Clodsire|Poison Jab|p1a: Dragapult
|-resisted|p1a: Dragapult
|-damage|p1a: Dragapult|93/100
|-status|p1a: Dragapult|psn
|
|-damage|p1a: Dragapult|81/100 psn|[from] psn
|-damage|p2a: Clodsire|57/100 brn|[from] brn
|upkeep
|turn|26
|
|t:|1757883310
|move|p1a: Dragapult|U-turn|p2a: Clodsire
|-resisted|p2a: Clodsire
|-damage|p2a: Clodsire|46/100 brn
|
|t:|1757883312
|switch|p1a: Masquerain|Masquerain, F|39/100 tox|[from] U-turn
|-ability|p1a: Masquerain|Intimidate|boost
|-unboost|p2a: Clodsire|atk|1
|move|p2a: Clodsire|Recover|p2a: Clodsire
|-heal|p2a: Clodsire|96/100 brn
|
|-damage|p1a: Masquerain|33/100 tox|[from] psn
|-damage|p2a: Clodsire|90/100 brn|[from] brn
|upkeep
|turn|27
|
|t:|1757883325
|move|p2a: Clodsire|Spikes|p1a: Masquerain
|-sidestart|p1: vryfast|Spikes
|move|p1a: Masquerain|Whirlwind|p2a: Clodsire
|drag|p2a: Ting-Lu|Ting-Lu|69/100
|-ability|p2a: Ting-Lu|Vessel of Ruin
|
|-damage|p1a: Masquerain|21/100 tox|[from] psn
|upkeep
|turn|28
|
|t:|1757883344
|switch|p2a: Clodsire|Clodsire, M|90/100 brn
|move|p1a: Masquerain|U-turn|p2a: Clodsire
|-resisted|p2a: Clodsire
|-damage|p2a: Clodsire|77/100 brn
|
|t:|1757883354
|switch|p1a: Inteleon|Inteleon, M|100/100|[from] U-turn
|-damage|p1a: Inteleon|88/100|[from] Spikes
|
|-damage|p2a: Clodsire|71/100 brn|[from] brn
|upkeep
|turn|29
|
|t:|1757883370
|switch|p2a: Alomomola|Alomomola, M|100/100
|-terastallize|p1a: Inteleon|Water
|move|p1a: Inteleon|Snipe Shot|p2a: Alomomola
|-resisted|p2a: Alomomola
|-crit|p2a: Alomomola
|-damage|p2a: Alomomola|18/100
|
|upkeep
|turn|30
|
|t:|1757883378
|switch|p2a: Dondozo|Dondozo, F|100/100
|move|p1a: Inteleon|Snipe Shot|p2a: Dondozo
|-resisted|p2a: Dondozo
|-crit|p2a: Dondozo
|-damage|p2a: Dondozo|37/100
|
|upkeep
|turn|31
|
|t:|1757883403
|switch|p2a: Blissey|Blissey, F|100/100
|move|p1a: Inteleon|Snipe Shot|p2a: Blissey
|-damage|p2a: Blissey|85/100
|
|upkeep
|turn|32
|
|t:|1757883414
|switch|p1a: Masquerain|Masquerain, F|21/100 tox
|-ability|p1a: Masquerain|Intimidate|boost
|-unboost|p2a: Blissey|atk|1
|move|p2a: Blissey|Seismic Toss|p1a: Masquerain
|-damage|p1a: Masquerain|0 fnt
|faint|p1a: Masquerain
|
|upkeep
|
|t:|1757883421
|switch|p1a: Dragapult|Dragapult, M|81/100 psn
|-damage|p1a: Dragapult|68/100 psn|[from] Spikes
|turn|33
|
|t:|1757883438
|switch|p2a: Clodsire|Clodsire, M|71/100 brn
|move|p1a: Dragapult|U-turn|p2a: Clodsire
|-resisted|p2a: Clodsire
|-damage|p2a: Clodsire|61/100 brn
|
|t:|1757883443
|switch|p1a: Inteleon|Inteleon, M, tera:Water|88/100|[from] U-turn
|-damage|p1a: Inteleon|76/100|[from] Spikes
|
|-damage|p2a: Clodsire|54/100 brn|[from] brn
|upkeep
|turn|34
|
|t:|1757883450
|switch|p2a: Blissey|Blissey, F|85/100
|move|p1a: Inteleon|Snipe Shot|p2a: Blissey
|-damage|p2a: Blissey|66/100
|
|upkeep
|turn|35
|
|t:|1757883458
|switch|p1a: Dragapult|Dragapult, M|68/100 psn
|-damage|p1a: Dragapult|56/100 psn|[from] Spikes
|move|p2a: Blissey|Seismic Toss|p1a: Dragapult
|-immune|p1a: Dragapult
|
|-damage|p1a: Dragapult|44/100 psn|[from] psn
|upkeep
|turn|36
|
|t:|1757883469
|move|p1a: Dragapult|U-turn|p2a: Blissey
|-damage|p2a: Blissey|24/100
|
|t:|1757883473
|switch|p1a: Inteleon|Inteleon, M, tera:Water|76/100|[from] U-turn
|-damage|p1a: Inteleon|63/100|[from] Spikes
|move|p2a: Blissey|Seismic Toss|p1a: Inteleon
|-damage|p1a: Inteleon|28/100
|
|upkeep
|turn|37
|
|t:|1757883480
|move|p1a: Inteleon|Snipe Shot|p2a: Blissey
|-damage|p2a: Blissey|9/100
|move|p2a: Blissey|Soft-Boiled|p2a: Blissey
|-heal|p2a: Blissey|59/100
|
|upkeep
|turn|38
|
|t:|1757883488
|move|p1a: Inteleon|Vacuum Wave|p2a: Blissey
|-supereffective|p2a: Blissey
|-damage|p2a: Blissey|50/100
|move|p2a: Blissey|Stealth Rock|p1a: Inteleon
|-sidestart|p1: vryfast|move: Stealth Rock
|
|upkeep
|turn|39
|
|t:|1757883495
|move|p1a: Inteleon|Snipe Shot|p2a: Blissey
|-damage|p2a: Blissey|32/100
|move|p2a: Blissey|Soft-Boiled|p2a: Blissey
|-heal|p2a: Blissey|82/100
|
|upkeep
|turn|40
|
|t:|1757883503
|switch|p1a: Gholdengo|Gholdengo|100/100
|-damage|p1a: Gholdengo|88/100|[from] Spikes
|-damage|p1a: Gholdengo|82/100|[from] Stealth Rock
|move|p2a: Blissey|Seismic Toss|p1a: Gholdengo
|-immune|p1a: Gholdengo
|
|upkeep
|turn|41
|
|t:|1757883513
|move|p1a: Gholdengo|Nasty Plot|p1a: Gholdengo
|-boost|p1a: Gholdengo|spa|2
|move|p2a: Blissey|Calm Mind|p2a: Blissey
|-boost|p2a: Blissey|spa|1
|-boost|p2a: Blissey|spd|1
|
|upkeep
|turn|42
|
|t:|1757883521
|move|p1a: Gholdengo|Nasty Plot|p1a: Gholdengo
|-boost|p1a: Gholdengo|spa|2
|move|p2a: Blissey|Calm Mind|p2a: Blissey
|-boost|p2a: Blissey|spa|1
|-boost|p2a: Blissey|spd|1
|
|upkeep
|turn|43
|
|t:|1757883527
|move|p1a: Gholdengo|Nasty Plot|p1a: Gholdengo
|-boost|p1a: Gholdengo|spa|2
|move|p2a: Blissey|Calm Mind|p2a: Blissey
|-boost|p2a: Blissey|spa|1
|-boost|p2a: Blissey|spd|1
|
|upkeep
|turn|44
|
|t:|1757883532
|move|p1a: Gholdengo|Make It Rain|p2a: Blissey
|-damage|p2a: Blissey|51/100
|-unboost|p1a: Gholdengo|spa|1
|move|p2a: Blissey|Calm Mind|p2a: Blissey
|-boost|p2a: Blissey|spa|1
|-boost|p2a: Blissey|spd|1
|
|upkeep
|turn|45
|
|t:|1757883540
|move|p1a: Gholdengo|Make It Rain|p2a: Blissey
|-damage|p2a: Blissey|30/100
|-unboost|p1a: Gholdengo|spa|1
|move|p2a: Blissey|Soft-Boiled|p2a: Blissey
|-heal|p2a: Blissey|80/100
|
|upkeep
|turn|46
|
|t:|1757883548
|move|p1a: Gholdengo|Make It Rain|p2a: Blissey
|-damage|p2a: Blissey|61/100
|-unboost|p1a: Gholdengo|spa|1
|move|p2a: Blissey|Calm Mind|p2a: Blissey
|-boost|p2a: Blissey|spa|1
|-boost|p2a: Blissey|spd|1
|
|upkeep
|turn|47
|
|t:|1757883557
|move|p1a: Gholdengo|Nasty Plot|p1a: Gholdengo
|-boost|p1a: Gholdengo|spa|2
|move|p2a: Blissey|Calm Mind|p2a: Blissey
|-boost|p2a: Blissey|spa|1
|-boost|p2a: Blissey|spd|1
|
|upkeep
|turn|48
|
|t:|1757883566
|move|p1a: Gholdengo|Nasty Plot|p1a: Gholdengo
|-boost|p1a: Gholdengo|spa|1
|move|p2a: Blissey|Calm Mind|p2a: Blissey
|-boost|p2a: Blissey|spa|0
|-boost|p2a: Blissey|spd|0
|
|upkeep
|turn|49
|
|t:|1757883572
|move|p1a: Gholdengo|Thunderbolt|p2a: Blissey
|-damage|p2a: Blissey|51/100
|move|p2a: Blissey|Soft-Boiled|p2a: Blissey
|-heal|p2a: Blissey|100/100
|
|upkeep
|turn|50
|
|t:|1757883583
|move|p1a: Gholdengo|Thunderbolt|p2a: Blissey
|-damage|p2a: Blissey|91/100
|-status|p2a: Blissey|par
|cant|p2a: Blissey|par
|
|upkeep
|turn|51
|
|t:|1757883589
|move|p1a: Gholdengo|Thunderbolt|p2a: Blissey
|-damage|p2a: Blissey|83/100 par
|cant|p2a: Blissey|par
|
|upkeep
|turn|52
|
|t:|1757883594
|move|p1a: Gholdengo|Thunderbolt|p2a: Blissey
|-damage|p2a: Blissey|73/100 par
|move|p2a: Blissey|Stealth Rock||[still]
|-fail|p2a: Blissey
|
|upkeep
|turn|53
|
|t:|1757883601
|move|p1a: Gholdengo|Thunderbolt|p2a: Blissey
|-damage|p2a: Blissey|65/100 par
|cant|p2a: Blissey|par
|
|upkeep
|turn|54
|
|t:|1757883607
|move|p1a: Gholdengo|Thunderbolt|p2a: Blissey
|-damage|p2a: Blissey|55/100 par
|cant|p2a: Blissey|par
|
|upkeep
|turn|55
|
|t:|1757883612
|move|p1a: Gholdengo|Thunderbolt|p2a: Blissey
|-damage|p2a: Blissey|46/100 par
|move|p2a: Blissey|Stealth Rock||[still]
|-fail|p2a: Blissey
|
|upkeep
|turn|56
|
|t:|1757883617
|move|p1a: Gholdengo|Make It Rain|p2a: Blissey
|-damage|p2a: Blissey|29/100 par
|-unboost|p1a: Gholdengo|spa|1
|cant|p2a: Blissey|par
|
|upkeep
|turn|57
|
|t:|1757883624
|move|p1a: Gholdengo|Make It Rain|p2a: Blissey
|-damage|p2a: Blissey|12/100 par
|-unboost|p1a: Gholdengo|spa|1
|move|p2a: Blissey|Soft-Boiled|p2a: Blissey
|-heal|p2a: Blissey|62/100 par
|
|upkeep
|turn|58
|
|t:|1757883632
|move|p1a: Gholdengo|Nasty Plot|p1a: Gholdengo
|-boost|p1a: Gholdengo|spa|2
|cant|p2a: Blissey|par
|
|upkeep
|turn|59
|
|t:|1757883638
|move|p1a: Gholdengo|Thunderbolt|p2a: Blissey
|-damage|p2a: Blissey|52/100 par
|cant|p2a: Blissey|par
|
|upkeep
|turn|60
|
|t:|1757883643
|move|p1a: Gholdengo|Thunderbolt|p2a: Blissey
|-damage|p2a: Blissey|43/100 par
|move|p2a: Blissey|Soft-Boiled|p2a: Blissey
|-heal|p2a: Blissey|93/100 par
|
|upkeep
|turn|61
|
|t:|1757883649
|move|p1a: Gholdengo|Thunderbolt|p2a: Blissey
|-damage|p2a: Blissey|84/100 par
|move|p2a: Blissey|Stealth Rock||[still]
|-fail|p2a: Blissey
|
|upkeep
|turn|62
|
|t:|1757883655
|move|p1a: Gholdengo|Thunderbolt|p2a: Blissey
|-damage|p2a: Blissey|74/100 par
|cant|p2a: Blissey|par
|
|upkeep
|turn|63
|
|t:|1757883661
|move|p1a: Gholdengo|Thunderbolt|p2a: Blissey
|-damage|p2a: Blissey|65/100 par
|move|p2a: Blissey|Stealth Rock||[still]
|-fail|p2a: Blissey
|
|upkeep
|turn|64
|
|t:|1757883665
|move|p1a: Gholdengo|Thunderbolt|p2a: Blissey
|-damage|p2a: Blissey|56/100 par
|move|p2a: Blissey|Stealth Rock||[still]
|-fail|p2a: Blissey
|
|upkeep
|turn|65
|
|t:|1757883673
|move|p1a: Gholdengo|Thunderbolt|p2a: Blissey
|-damage|p2a: Blissey|47/100 par
|cant|p2a: Blissey|par
|
|upkeep
|turn|66
|
|t:|1757883678
|move|p1a: Gholdengo|Thunderbolt|p2a: Blissey
|-damage|p2a: Blissey|37/100 par
|cant|p2a: Blissey|par
|
|upkeep
|turn|67
|
|t:|1757883683
|move|p1a: Gholdengo|Thunderbolt|p2a: Blissey
|-damage|p2a: Blissey|29/100 par
|move|p2a: Blissey|Soft-Boiled|p2a: Blissey
|-heal|p2a: Blissey|79/100 par
|
|upkeep
|turn|68
|
|t:|1757883689
|move|p1a: Gholdengo|Thunderbolt|p2a: Blissey
|-damage|p2a: Blissey|69/100 par
|move|p2a: Blissey|Stealth Rock||[still]
|-fail|p2a: Blissey
|
|upkeep
|turn|69
|
|t:|1757883694
|move|p1a: Gholdengo|Thunderbolt|p2a: Blissey
|-damage|p2a: Blissey|61/100 par
|move|p2a: Blissey|Stealth Rock||[still]
|-fail|p2a: Blissey
|
|upkeep
|turn|70
|
|t:|1757883699
|move|p1a: Gholdengo|Thunderbolt|p2a: Blissey
|-damage|p2a: Blissey|52/100 par
|move|p2a: Blissey|Stealth Rock||[still]
|-fail|p2a: Blissey
|
|upkeep
|turn|71
|
|t:|1757883704
|move|p1a: Gholdengo|Thunderbolt|p2a: Blissey
|-damage|p2a: Blissey|42/100 par
|cant|p2a: Blissey|par
|
|upkeep
|turn|72
|
|t:|1757883714
|move|p1a: Gholdengo|Shadow Ball|p2a: Blissey
|-immune|p2a: Blissey
|move|p2a: Blissey|Soft-Boiled|p2a: Blissey
|-heal|p2a: Blissey|92/100 par
|
|upkeep
|turn|73
|
|t:|1757883722
|move|p1a: Gholdengo|Thunderbolt|p2a: Blissey
|-damage|p2a: Blissey|83/100 par
|move|p2a: Blissey|Stealth Rock||[still]
|-fail|p2a: Blissey
|
|upkeep
|turn|74
|
|t:|1757883727
|move|p1a: Gholdengo|Thunderbolt|p2a: Blissey
|-damage|p2a: Blissey|73/100 par
|move|p2a: Blissey|Stealth Rock||[still]
|-fail|p2a: Blissey
|
|upkeep
|turn|75
|
|t:|1757883732
|move|p1a: Gholdengo|Thunderbolt|p2a: Blissey
|-damage|p2a: Blissey|65/100 par
|move|p2a: Blissey|Stealth Rock||[still]
|-fail|p2a: Blissey
|
|upkeep
|turn|76
|
|t:|1757883741
|move|p1a: Gholdengo|Make It Rain|p2a: Blissey
|-damage|p2a: Blissey|46/100 par
|-unboost|p1a: Gholdengo|spa|1
|move|p2a: Blissey|Stealth Rock||[still]
|-fail|p2a: Blissey
|
|upkeep
|turn|77
|
|t:|1757883754
|move|p1a: Gholdengo|Nasty Plot|p1a: Gholdengo
|-boost|p1a: Gholdengo|spa|1
|cant|p2a: Blissey|par
|
|upkeep
|turn|78
|
|t:|1757883759
|move|p1a: Gholdengo|Make It Rain|p2a: Blissey
|-damage|p2a: Blissey|29/100 par
|-unboost|p1a: Gholdengo|spa|1
|cant|p2a: Blissey|par
|
|upkeep
|turn|79
|
|t:|1757883767
|move|p1a: Gholdengo|Nasty Plot|p1a: Gholdengo
|-boost|p1a: Gholdengo|spa|1
|cant|p2a: Blissey|par
|
|upkeep
|turn|80
|
|t:|1757883773
|move|p1a: Gholdengo|Shadow Ball|p2a: Blissey
|-immune|p2a: Blissey
|cant|p2a: Blissey|par
|
|upkeep
|turn|81
|
|t:|1757883778
|move|p1a: Gholdengo|Shadow Ball|p2a: Blissey
|-immune|p2a: Blissey
|move|p2a: Blissey|Stealth Rock||[still]
|-fail|p2a: Blissey
|
|upkeep
|turn|82
|
|t:|1757883785
|move|p1a: Gholdengo|Shadow Ball|p2a: Blissey
|-immune|p2a: Blissey
|move|p2a: Blissey|Stealth Rock||[still]
|-fail|p2a: Blissey
|
|upkeep
|turn|83
|
|t:|1757883790
|move|p1a: Gholdengo|Shadow Ball|p2a: Blissey
|-immune|p2a: Blissey
|cant|p2a: Blissey|par
|
|upkeep
|turn|84
|
|t:|1757883796
|move|p1a: Gholdengo|Shadow Ball|p2a: Blissey
|-immune|p2a: Blissey
|move|p2a: Blissey|Stealth Rock||[still]
|-fail|p2a: Blissey
|
|upkeep
|turn|85
|
|t:|1757883801
|move|p1a: Gholdengo|Shadow Ball|p2a: Blissey
|-immune|p2a: Blissey
|cant|p2a: Blissey|par
|
|upkeep
|turn|86
|
|t:|1757883803
|move|p1a: Gholdengo|Shadow Ball|p2a: Blissey
|-immune|p2a: Blissey
|move|p2a: Blissey|Stealth Rock||[still]
|-fail|p2a: Blissey
|
|upkeep
|turn|87
|
|t:|1757883806
|move|p1a: Gholdengo|Shadow Ball|p2a: Blissey
|-immune|p2a: Blissey
|cant|p2a: Blissey|par
|
|upkeep
|turn|88
|
|t:|1757883807
|move|p1a: Gholdengo|Shadow Ball|p2a: Blissey
|-immune|p2a: Blissey
|move|p2a: Blissey|Stealth Rock||[still]
|-fail|p2a: Blissey
|
|upkeep
|turn|89
|
|t:|1757883809
|move|p1a: Gholdengo|Shadow Ball|p2a: Blissey
|-immune|p2a: Blissey
|cant|p2a: Blissey|par
|
|upkeep
|turn|90
|
|t:|1757883811
|move|p1a: Gholdengo|Shadow Ball|p2a: Blissey
|-immune|p2a: Blissey
|move|p2a: Blissey|Stealth Rock||[still]
|-fail|p2a: Blissey
|
|upkeep
|turn|91
|
|t:|1757883812
|move|p1a: Gholdengo|Shadow Ball|p2a: Blissey
|-immune|p2a: Blissey
|move|p2a: Blissey|Stealth Rock||[still]
|-fail|p2a: Blissey
|
|upkeep
|turn|92
|
|t:|1757883813
|move|p1a: Gholdengo|Shadow Ball|p2a: Blissey
|-immune|p2a: Blissey
|move|p2a: Blissey|Stealth Rock||[still]
|-fail|p2a: Blissey
|
|upkeep
|turn|93
|
|t:|1757883817
|move|p1a: Gholdengo|Shadow Ball|p2a: Blissey
|-immune|p2a: Blissey
|cant|p2a: Blissey|par
|
|upkeep
|turn|94
|
|t:|1757883822
|move|p1a: Gholdengo|Shadow Ball|p2a: Blissey
|-immune|p2a: Blissey
|move|p2a: Blissey|Stealth Rock||[still]
|-fail|p2a: Blissey
|
|upkeep
|turn|95
|
|t:|1757883827
|move|p1a: Gholdengo|Shadow Ball|p2a: Blissey
|-immune|p2a: Blissey
|move|p2a: Blissey|Stealth Rock||[still]
|-fail|p2a: Blissey
|
|upkeep
|turn|96
|
|t:|1757883830
|move|p1a: Gholdengo|Shadow Ball|p2a: Blissey
|-immune|p2a: Blissey
|move|p2a: Blissey|Stealth Rock||[still]
|-fail|p2a: Blissey
|
|upkeep
|turn|97
|
|t:|1757883832
|move|p1a: Gholdengo|Shadow Ball|p2a: Blissey
|-immune|p2a: Blissey
|move|p2a: Blissey|Stealth Rock||[still]
|-fail|p2a: Blissey
|
|upkeep
|turn|98
|
|t:|1757883834
|move|p1a: Gholdengo|Shadow Ball|p2a: Blissey
|-immune|p2a: Blissey
|move|p2a: Blissey|Stealth Rock||[still]
|-fail|p2a: Blissey
|
|upkeep
|turn|99
|
|t:|1757883836
|move|p1a: Gholdengo|Shadow Ball|p2a: Blissey
|-immune|p2a: Blissey
|move|p2a: Blissey|Stealth Rock||[still]
|-fail|p2a: Blissey
|
|upkeep
|turn|100
|
|t:|1757883838
|move|p1a: Gholdengo|Shadow Ball|p2a: Blissey
|-immune|p2a: Blissey
|move|p2a: Blissey|Stealth Rock||[still]
|-fail|p2a: Blissey
|
|upkeep
|turn|101
|
|t:|1757883840
|move|p1a: Gholdengo|Nasty Plot|p1a: Gholdengo
|-boost|p1a: Gholdengo|spa|0
|move|p2a: Blissey|Stealth Rock||[still]
|-fail|p2a: Blissey
|
|upkeep
|turn|102
|
|t:|1757883843
|move|p1a: Gholdengo|Nasty Plot|p1a: Gholdengo
|-boost|p1a: Gholdengo|spa|0
|move|p2a: Blissey|Calm Mind|p2a: Blissey
|-boost|p2a: Blissey|spa|0
|-boost|p2a: Blissey|spd|0
|
|upkeep
|turn|103
|
|t:|1757883845
|move|p1a: Gholdengo|Nasty Plot|p1a: Gholdengo
|-boost|p1a: Gholdengo|spa|0
|cant|p2a: Blissey|par
|
|upkeep
|turn|104
|
|t:|1757883847
|move|p1a: Gholdengo|Nasty Plot|p1a: Gholdengo
|-boost|p1a: Gholdengo|spa|0
|move|p2a: Blissey|Calm Mind|p2a: Blissey
|-boost|p2a: Blissey|spa|0
|-boost|p2a: Blissey|spd|0
|
|upkeep
|turn|105
|
|t:|1757883848
|move|p1a: Gholdengo|Nasty Plot|p1a: Gholdengo
|-boost|p1a: Gholdengo|spa|0
|move|p2a: Blissey|Calm Mind|p2a: Blissey
|-boost|p2a: Blissey|spa|0
|-boost|p2a: Blissey|spd|0
|
|upkeep
|turn|106
|
|t:|1757883849
|move|p1a: Gholdengo|Nasty Plot|p1a: Gholdengo
|-boost|p1a: Gholdengo|spa|0
|move|p2a: Blissey|Calm Mind|p2a: Blissey
|-boost|p2a: Blissey|spa|0
|-boost|p2a: Blissey|spd|0
|
|upkeep
|turn|107
|
|t:|1757883851
|move|p1a: Gholdengo|Nasty Plot|p1a: Gholdengo
|-boost|p1a: Gholdengo|spa|0
|cant|p2a: Blissey|par
|
|upkeep
|turn|108
|
|t:|1757883852
|move|p1a: Gholdengo|Nasty Plot|p1a: Gholdengo
|-boost|p1a: Gholdengo|spa|0
|move|p2a: Blissey|Calm Mind|p2a: Blissey
|-boost|p2a: Blissey|spa|0
|-boost|p2a: Blissey|spd|0
|
|upkeep
|turn|109
|
|t:|1757883853
|move|p1a: Gholdengo|Nasty Plot|p1a: Gholdengo
|-boost|p1a: Gholdengo|spa|0
|move|p2a: Blissey|Calm Mind|p2a: Blissey
|-boost|p2a: Blissey|spa|0
|-boost|p2a: Blissey|spd|0
|
|upkeep
|turn|110
|
|t:|1757883855
|move|p1a: Gholdengo|Nasty Plot|p1a: Gholdengo
|-boost|p1a: Gholdengo|spa|0
|cant|p2a: Blissey|par
|
|upkeep
|turn|111
|
|t:|1757883856
|move|p1a: Gholdengo|Nasty Plot|p1a: Gholdengo
|-boost|p1a: Gholdengo|spa|0
|move|p2a: Blissey|Calm Mind|p2a: Blissey
|-boost|p2a: Blissey|spa|0
|-boost|p2a: Blissey|spd|0
|
|upkeep
|turn|112
|
|t:|1757883857
|move|p1a: Gholdengo|Nasty Plot|p1a: Gholdengo
|-boost|p1a: Gholdengo|spa|0
|move|p2a: Blissey|Calm Mind|p2a: Blissey
|-boost|p2a: Blissey|spa|0
|-boost|p2a: Blissey|spd|0
|
|upkeep
|turn|113
|
|t:|1757883859
|move|p1a: Gholdengo|Nasty Plot|p1a: Gholdengo
|-boost|p1a: Gholdengo|spa|0
|move|p2a: Blissey|Calm Mind|p2a: Blissey
|-boost|p2a: Blissey|spa|0
|-boost|p2a: Blissey|spd|0
|
|upkeep
|turn|114
|
|t:|1757883860
|move|p1a: Gholdengo|Nasty Plot|p1a: Gholdengo
|-boost|p1a: Gholdengo|spa|0
|move|p2a: Blissey|Calm Mind|p2a: Blissey
|-boost|p2a: Blissey|spa|0
|-boost|p2a: Blissey|spd|0
|
|upkeep
|turn|115
|
|t:|1757883861
|move|p1a: Gholdengo|Nasty Plot|p1a: Gholdengo
|-boost|p1a: Gholdengo|spa|0
|move|p2a: Blissey|Calm Mind|p2a: Blissey
|-boost|p2a: Blissey|spa|0
|-boost|p2a: Blissey|spd|0
|
|upkeep
|turn|116
|
|t:|1757883862
|move|p1a: Gholdengo|Nasty Plot|p1a: Gholdengo
|-boost|p1a: Gholdengo|spa|0
|move|p2a: Blissey|Calm Mind|p2a: Blissey
|-boost|p2a: Blissey|spa|0
|-boost|p2a: Blissey|spd|0
|
|upkeep
|turn|117
|
|t:|1757883864
|move|p1a: Gholdengo|Nasty Plot|p1a: Gholdengo
|-boost|p1a: Gholdengo|spa|0
|move|p2a: Blissey|Calm Mind|p2a: Blissey
|-boost|p2a: Blissey|spa|0
|-boost|p2a: Blissey|spd|0
|
|upkeep
|turn|118
|
|t:|1757883872
|move|p1a: Gholdengo|Nasty Plot|p1a: Gholdengo
|-boost|p1a: Gholdengo|spa|0
|move|p2a: Blissey|Calm Mind|p2a: Blissey
|-boost|p2a: Blissey|spa|0
|-boost|p2a: Blissey|spd|0
|
|upkeep
|turn|119
|
|t:|1757883873
|move|p1a: Gholdengo|Nasty Plot|p1a: Gholdengo
|-boost|p1a: Gholdengo|spa|0
|cant|p2a: Blissey|par
|
|upkeep
|turn|120
|
|t:|1757883879
|move|p1a: Gholdengo|Nasty Plot|p1a: Gholdengo
|-boost|p1a: Gholdengo|spa|0
|move|p2a: Blissey|Calm Mind|p2a: Blissey
|-boost|p2a: Blissey|spa|0
|-boost|p2a: Blissey|spd|0
|
|upkeep
|turn|121
|
|t:|1757883884
|move|p1a: Gholdengo|Nasty Plot|p1a: Gholdengo
|-boost|p1a: Gholdengo|spa|0
|move|p2a: Blissey|Calm Mind|p2a: Blissey
|-boost|p2a: Blissey|spa|0
|-boost|p2a: Blissey|spd|0
|
|upkeep
|turn|122
|
|t:|1757883891
|move|p1a: Gholdengo|Nasty Plot|p1a: Gholdengo
|-boost|p1a: Gholdengo|spa|0
|move|p2a: Blissey|Calm Mind|p2a: Blissey
|-boost|p2a: Blissey|spa|0
|-boost|p2a: Blissey|spd|0
|
|upkeep
|turn|123
|
|t:|1757883893
|move|p1a: Gholdengo|Shadow Ball|p2a: Blissey
|-immune|p2a: Blissey
|move|p2a: Blissey|Calm Mind|p2a: Blissey
|-boost|p2a: Blissey|spa|0
|-boost|p2a: Blissey|spd|0
|
|upkeep
|turn|124
|
|t:|1757883895
|move|p1a: Gholdengo|Shadow Ball|p2a: Blissey
|-immune|p2a: Blissey
|move|p2a: Blissey|Calm Mind|p2a: Blissey
|-boost|p2a: Blissey|spa|0
|-boost|p2a: Blissey|spd|0
|
|upkeep
|turn|125
|
|t:|1757883905
|-curestatus|p2a: Blissey|par|[from] ability: Natural Cure
|switch|p2a: Alomomola|Alomomola, M|52/100
|-activate|p1a: Gholdengo|move: Struggle
|move|p1a: Gholdengo|Struggle|p2a: Alomomola
|-damage|p2a: Alomomola|49/100
|-damage|p1a: Gholdengo|57/100|[from] recoil
|
|upkeep
|turn|126
|
|t:|1757883913
|-activate|p1a: Gholdengo|move: Struggle
|move|p1a: Gholdengo|Struggle|p2a: Alomomola
|-damage|p2a: Alomomola|46/100
|-damage|p1a: Gholdengo|32/100|[from] recoil
|-enditem|p1a: Gholdengo|Sitrus Berry|[eat]
|-heal|p1a: Gholdengo|57/100|[from] item: Sitrus Berry
|move|p2a: Alomomola|Wish|p2a: Alomomola
|
|upkeep
|turn|127
|
|t:|1757883923
|move|p2a: Alomomola|Protect|p2a: Alomomola
|-singleturn|p2a: Alomomola|Protect
|-activate|p1a: Gholdengo|move: Struggle
|move|p1a: Gholdengo|Struggle|p2a: Alomomola
|-activate|p2a: Alomomola|move: Protect
|
|-heal|p2a: Alomomola|96/100|[from] move: Wish|[wisher] Alomomola
|upkeep
|turn|128
|-message|vryfast forfeited.
|
|win|I_AM_EX
|raw|vryfast's rating: 1161 &rarr; <strong>1137</strong><br />(-24 for losing)
|raw|I_AM_EX's rating: 1181 &rarr; <strong>1205</strong><br />(+24 for winning)
|l|☆vryfast
|player|p1|
