|j|☆jamel1
|j|☆tommy1928
|t:|1757830121
|gametype|singles
|player|p1|jamel1|cyrus|1635
|player|p2|tommy1928|101|1561
|gen|9
|tier|[Gen 9] OU
|rated|
|rule|HP Percentage Mod: HP is shown in percentages
|rule|Endless Battle Clause: Forcing endless battles is banned
|rule|Species Clause: Limit one of each Pokémon
|rule|OHKO Clause: OHKO moves are banned
|rule|Evasion Items Clause: Evasion items are banned
|rule|Evasion Moves Clause: Evasion moves are banned
|rule|Evasion Abilities Clause: Evasion abilities are banned
|rule|Sleep Moves Clause: Sleep-inducing moves are banned
|clearpoke
|poke|p1|Sandaconda, F|
|poke|p1|Deoxys-Defense|
|poke|p1|Gyarados, F|
|poke|p1|Maushold|
|poke|p1|Serperior, M|
|poke|p1|Kommo-o, F|
|poke|p2|Torkoal, M|
|poke|p2|Ceruledge, M|
|poke|p2|Raging Bolt|
|poke|p2|Great Tusk|
|poke|p2|Walking Wake|
|poke|p2|Alomomola, F|
|teampreview
|
|t:|1757830124
|teamsize|p1|6
|teamsize|p2|6
|start
|switch|p1a: Sandaconda|Sandaconda, F|100/100
|switch|p2a: Torkoal|Torkoal, M, shiny|100/100
|-weather|SunnyDay|[from] ability: Drought|[of] p2a: Torkoal
|turn|1
|inactive|Battle timer is ON: inactive players will automatically lose when time's up. (requested by tommy1928)
|
|t:|1757830128
|move|p1a: Sandaconda|Glare|p2a: Torkoal
|-status|p2a: Torkoal|par
|move|p2a: Torkoal|Will-O-Wisp|p1a: Sandaconda
|-status|p1a: Sandaconda|brn
|
|-weather|SunnyDay|[upkeep]
|-damage|p1a: Sandaconda|95/100 brn|[from] brn
|upkeep
|turn|2
|
|t:|1757830132
|move|p1a: Sandaconda|Stealth Rock|p2a: Torkoal
|-sidestart|p2: tommy1928|move: Stealth Rock
|move|p2a: Torkoal|Stealth Rock|p1a: Sandaconda
|-sidestart|p1: jamel1|move: Stealth Rock
|
|-weather|SunnyDay|[upkeep]
|-activate|p1a: Sandaconda|ability: Shed Skin
|-curestatus|p1a: Sandaconda|brn|[msg]
|upkeep
|turn|3
|
|t:|1757830137
|move|p1a: Sandaconda|Earthquake|p2a: Torkoal
|-supereffective|p2a: Torkoal
|-damage|p2a: Torkoal|36/100 par
|cant|p2a: Torkoal|par
|
|-weather|SunnyDay|[upkeep]
|upkeep
|turn|4
|
|t:|1757830144
|switch|p2a: Great Tusk|Great Tusk|100/100
|-damage|p2a: Great Tusk|98/100|[from] Stealth Rock
|-activate|p2a: Great Tusk|ability: Protosynthesis
|-start|p2a: Great Tusk|protosynthesisdef
|move|p1a: Sandaconda|Earthquake|p2a: Great Tusk
|-damage|p2a: Great Tusk|80/100
|
|-weather|SunnyDay|[upkeep]
|upkeep
|turn|5
|
|t:|1757830147
|move|p1a: Sandaconda|Glare|p2a: Great Tusk
|-status|p2a: Great Tusk|par
|move|p2a: Great Tusk|Rapid Spin|p1a: Sandaconda
|-damage|p1a: Sandaconda|80/100
|-boost|p2a: Great Tusk|spe|1
|-sideend|p2: tommy1928|Stealth Rock|[from] move: Rapid Spin|[of] p2a: Great Tusk
|
|-weather|SunnyDay|[upkeep]
|upkeep
|turn|6
|
|t:|1757830152
|-end|p2a: Great Tusk|Protosynthesis|[silent]
|switch|p2a: Raging Bolt|Raging Bolt|100/100
|-activate|p2a: Raging Bolt|ability: Protosynthesis
|-start|p2a: Raging Bolt|protosynthesisdef
|move|p1a: Sandaconda|Stealth Rock|p2a: Raging Bolt
|-sidestart|p2: tommy1928|move: Stealth Rock
|
|-weather|SunnyDay|[upkeep]
|upkeep
|turn|7
|
|t:|1757830154
|move|p1a: Sandaconda|Earthquake|p2a: Raging Bolt
|-supereffective|p2a: Raging Bolt
|-damage|p2a: Raging Bolt|62/100
|move|p2a: Raging Bolt|Substitute|p2a: Raging Bolt
|-start|p2a: Raging Bolt|Substitute
|-damage|p2a: Raging Bolt|37/100
|
|-weather|SunnyDay|[upkeep]
|-heal|p2a: Raging Bolt|43/100|[from] item: Leftovers
|upkeep
|turn|8
|
|t:|1757830159
|-terastallize|p2a: Raging Bolt|Bug
|move|p1a: Sandaconda|Earthquake|p2a: Raging Bolt
|-resisted|p2a: Raging Bolt
|-activate|p2a: Raging Bolt|move: Substitute|[damage]
|move|p2a: Raging Bolt|Calm Mind|p2a: Raging Bolt
|-boost|p2a: Raging Bolt|spa|1
|-boost|p2a: Raging Bolt|spd|1
|
|-weather|none
|-end|p2a: Raging Bolt|Protosynthesis
|-heal|p2a: Raging Bolt|50/100|[from] item: Leftovers
|upkeep
|turn|9
|
|t:|1757830163
|move|p1a: Sandaconda|Iron Head|p2a: Raging Bolt
|-activate|p2a: Raging Bolt|move: Substitute|[damage]
|move|p2a: Raging Bolt|Calm Mind|p2a: Raging Bolt
|-boost|p2a: Raging Bolt|spa|1
|-boost|p2a: Raging Bolt|spd|1
|
|-heal|p2a: Raging Bolt|56/100|[from] item: Leftovers
|upkeep
|turn|10
|
|t:|1757830169
|move|p1a: Sandaconda|Iron Head|p2a: Raging Bolt
|-end|p2a: Raging Bolt|Substitute
|move|p2a: Raging Bolt|Substitute|p2a: Raging Bolt
|-start|p2a: Raging Bolt|Substitute
|-damage|p2a: Raging Bolt|31/100
|
|-heal|p2a: Raging Bolt|37/100|[from] item: Leftovers
|upkeep
|turn|11
|
|t:|1757830172
|move|p1a: Sandaconda|Iron Head|p2a: Raging Bolt
|-activate|p2a: Raging Bolt|move: Substitute|[damage]
|move|p2a: Raging Bolt|Calm Mind|p2a: Raging Bolt
|-boost|p2a: Raging Bolt|spa|1
|-boost|p2a: Raging Bolt|spd|1
|
|-heal|p2a: Raging Bolt|43/100|[from] item: Leftovers
|upkeep
|turn|12
|
|t:|1757830179
|move|p1a: Sandaconda|Earthquake|p2a: Raging Bolt
|-resisted|p2a: Raging Bolt
|-end|p2a: Raging Bolt|Substitute
|move|p2a: Raging Bolt|Dragon Pulse|p1a: Sandaconda
|-damage|p1a: Sandaconda|0 fnt
|faint|p1a: Sandaconda
|
|-heal|p2a: Raging Bolt|49/100|[from] item: Leftovers
|upkeep
|
|t:|1757830186
|switch|p1a: Serperior|Serperior, M, shiny|100/100
|-damage|p1a: Serperior|88/100|[from] Stealth Rock
|turn|13
|
|t:|1757830192
|move|p1a: Serperior|Light Screen|p1a: Serperior
|-sidestart|p1: jamel1|move: Light Screen
|move|p2a: Raging Bolt|Substitute|p2a: Raging Bolt
|-start|p2a: Raging Bolt|Substitute
|-damage|p2a: Raging Bolt|25/100
|
|-heal|p2a: Raging Bolt|31/100|[from] item: Leftovers
|upkeep
|turn|14
|
|t:|1757830204
|move|p1a: Serperior|Leaf Storm|p2a: Raging Bolt
|-resisted|p2a: Raging Bolt
|-activate|p2a: Raging Bolt|move: Substitute|[damage]
|-boost|p1a: Serperior|spa|2
|move|p2a: Raging Bolt|Calm Mind|p2a: Raging Bolt
|-boost|p2a: Raging Bolt|spa|1
|-boost|p2a: Raging Bolt|spd|1
|
|-heal|p2a: Raging Bolt|37/100|[from] item: Leftovers
|upkeep
|turn|15
|
|t:|1757830210
|move|p1a: Serperior|Tera Blast|p2a: Raging Bolt
|-activate|p2a: Raging Bolt|move: Substitute|[damage]
|move|p2a: Raging Bolt|Dragon Pulse|p1a: Serperior
|-damage|p1a: Serperior|19/100
|
|-heal|p2a: Raging Bolt|43/100|[from] item: Leftovers
|upkeep
|turn|16
|
|t:|1757830220
|move|p1a: Serperior|Leaf Storm|p2a: Raging Bolt
|-resisted|p2a: Raging Bolt
|-end|p2a: Raging Bolt|Substitute
|-boost|p1a: Serperior|spa|2
|move|p2a: Raging Bolt|Substitute|p2a: Raging Bolt
|-start|p2a: Raging Bolt|Substitute
|-damage|p2a: Raging Bolt|18/100
|
|-heal|p2a: Raging Bolt|24/100|[from] item: Leftovers
|upkeep
|turn|17
|
|t:|1757830225
|move|p1a: Serperior|Leaf Storm|p2a: Raging Bolt
|-resisted|p2a: Raging Bolt
|-activate|p2a: Raging Bolt|move: Substitute|[damage]
|-boost|p1a: Serperior|spa|2
|move|p2a: Raging Bolt|Dragon Pulse|p1a: Serperior
|-damage|p1a: Serperior|0 fnt
|faint|p1a: Serperior
|
|-heal|p2a: Raging Bolt|30/100|[from] item: Leftovers
|upkeep
|
|t:|1757830228
|switch|p1a: Maushold|Maushold|100/100
|-damage|p1a: Maushold|88/100|[from] Stealth Rock
|turn|18
|
|t:|1757830232
|move|p1a: Maushold|Population Bomb|p2a: Raging Bolt
|-end|p2a: Raging Bolt|Substitute
|-damage|p2a: Raging Bolt|24/100
|-damage|p2a: Raging Bolt|18/100
|-damage|p2a: Raging Bolt|11/100
|-damage|p2a: Raging Bolt|5/100
|-damage|p2a: Raging Bolt|0 fnt
|faint|p2a: Raging Bolt
|-end|p2a: Raging Bolt|Protosynthesis|[silent]
|-hitcount|p2: Raging Bolt|6
|
|upkeep
|
|t:|1757830252
|switch|p2a: Great Tusk|Great Tusk|80/100 par
|-damage|p2a: Great Tusk|77/100 par|[from] Stealth Rock
|turn|19
|
|t:|1757830254
|move|p1a: Maushold|Population Bomb|p2a: Great Tusk
|-damage|p2a: Great Tusk|72/100 par
|-damage|p2a: Great Tusk|67/100 par
|-damage|p2a: Great Tusk|63/100 par
|-damage|p2a: Great Tusk|58/100 par
|-damage|p2a: Great Tusk|53/100 par
|-crit|p2a: Great Tusk
|-damage|p2a: Great Tusk|45/100 par
|-damage|p2a: Great Tusk|40/100 par
|-damage|p2a: Great Tusk|35/100 par
|-damage|p2a: Great Tusk|30/100 par
|-damage|p2a: Great Tusk|25/100 par
|-hitcount|p2a: Great Tusk|10
|move|p2a: Great Tusk|Rapid Spin|p1a: Maushold
|-damage|p1a: Maushold|73/100
|-boost|p2a: Great Tusk|spe|1
|-sideend|p2: tommy1928|Stealth Rock|[from] move: Rapid Spin|[of] p2a: Great Tusk
|
|upkeep
|turn|20
|
|t:|1757830269
|-end|p2a: Great Tusk|Protosynthesis|[silent]
|switch|p2a: Ceruledge|Ceruledge, M|100/100
|-item|p2a: Ceruledge|Air Balloon
|move|p1a: Maushold|Tidy Up|p1a: Maushold
|-sideend|p1: jamel1|Stealth Rock
|-activate|p1a: Maushold|move: Tidy Up
|-boost|p1a: Maushold|atk|1
|-boost|p1a: Maushold|spe|1
|
|-sideend|p1: jamel1|move: Light Screen
|upkeep
|turn|21
|
|t:|1757830275
|move|p1a: Maushold|Thunder Wave|p2a: Ceruledge|[miss]
|-miss|p1a: Maushold|p2a: Ceruledge
|move|p2a: Ceruledge|Bitter Blade|p1a: Maushold
|-damage|p1a: Maushold|19/100
|
|upkeep
|turn|22
|
|t:|1757830282
|switch|p2a: Torkoal|Torkoal, M, shiny|36/100 par
|-weather|SunnyDay|[from] ability: Drought|[of] p2a: Torkoal
|move|p1a: Maushold|Thunder Wave|p2a: Torkoal
|-fail|p2a: Torkoal|par
|
|-weather|SunnyDay|[upkeep]
|upkeep
|turn|23
|
|t:|1757830292
|move|p1a: Maushold|Population Bomb|p2a: Torkoal
|-damage|p2a: Torkoal|25/100 par
|-damage|p2a: Torkoal|15/100 par
|-damage|p2a: Torkoal|4/100 par
|-hitcount|p2a: Torkoal|3
|move|p2a: Torkoal|Overheat|p1a: Maushold|[miss]
|-miss|p2a: Torkoal|p1a: Maushold
|
|-weather|SunnyDay|[upkeep]
|upkeep
|turn|24
|
|t:|1757830309
|switch|p2a: Walking Wake|Walking Wake|100/100
|-activate|p2a: Walking Wake|ability: Protosynthesis
|-start|p2a: Walking Wake|protosynthesisspe
|move|p1a: Maushold|Population Bomb|p2a: Walking Wake
|-damage|p2a: Walking Wake|82/100
|-damage|p2a: Walking Wake|66/100
|-damage|p2a: Walking Wake|49/100
|-damage|p2a: Walking Wake|32/100
|-damage|p2a: Walking Wake|15/100
|-damage|p2a: Walking Wake|0 fnt
|faint|p2a: Walking Wake
|-end|p2a: Walking Wake|Protosynthesis|[silent]
|-hitcount|p2: Walking Wake|6
|
|-weather|SunnyDay|[upkeep]
|upkeep
|
|t:|1757830315
|switch|p2a: Great Tusk|Great Tusk|25/100 par
|-activate|p2a: Great Tusk|ability: Protosynthesis
|-start|p2a: Great Tusk|protosynthesisdef
|turn|25
|
|t:|1757830319
|move|p1a: Maushold|Population Bomb|p2a: Great Tusk
|-damage|p2a: Great Tusk|20/100 par
|-damage|p2a: Great Tusk|14/100 par
|-damage|p2a: Great Tusk|8/100 par
|-damage|p2a: Great Tusk|3/100 par
|-damage|p2a: Great Tusk|0 fnt
|faint|p2a: Great Tusk
|-end|p2a: Great Tusk|Protosynthesis|[silent]
|-hitcount|p2: Great Tusk|5
|
|-weather|SunnyDay|[upkeep]
|upkeep
|
|t:|1757830325
|switch|p2a: Alomomola|Alomomola, F|100/100
|turn|26
|
|t:|1757830329
|move|p1a: Maushold|Population Bomb|p2a: Alomomola|[miss]
|-miss|p1a: Maushold|p2a: Alomomola
|move|p2a: Alomomola|Flip Turn|p1a: Maushold
|-damage|p1a: Maushold|12/100
|
|t:|1757830337
|switch|p2a: Ceruledge|Ceruledge, M|100/100|[from] Flip Turn
|-item|p2a: Ceruledge|Air Balloon
|
|-weather|SunnyDay|[upkeep]
|upkeep
|turn|27
|
|t:|1757830339
|move|p1a: Maushold|Thunder Wave|p2a: Ceruledge
|-status|p2a: Ceruledge|par
|move|p2a: Ceruledge|Bitter Blade|p1a: Maushold
|-damage|p1a: Maushold|0 fnt
|faint|p1a: Maushold
|
|-weather|SunnyDay|[upkeep]
|upkeep
|
|t:|1757830347
|switch|p1a: Kommo-o|Kommo-o, F|100/100
|turn|28
|
|t:|1757830353
|move|p1a: Kommo-o|Earthquake|p2a: Ceruledge
|-immune|p2a: Ceruledge
|move|p2a: Ceruledge|Swords Dance|p2a: Ceruledge
|-boost|p2a: Ceruledge|atk|2
|
|-weather|SunnyDay|[upkeep]
|upkeep
|turn|29
|
|t:|1757830363
|switch|p1a: Gyarados|Gyarados, F, shiny|100/100
|move|p2a: Ceruledge|Poltergeist|p1a: Gyarados
|-activate|p1a: Gyarados|move: Poltergeist|Leftovers
|-crit|p1a: Gyarados
|-damage|p1a: Gyarados|0 fnt
|faint|p1a: Gyarados
|
|-weather|none
|upkeep
|
|t:|1757830365
|switch|p1a: Deoxys|Deoxys-Defense|100/100
|-ability|p1a: Deoxys|Pressure
|turn|30
|
|t:|1757830374
|move|p1a: Deoxys|Cosmic Power|p1a: Deoxys
|-boost|p1a: Deoxys|def|1
|-boost|p1a: Deoxys|spd|1
|move|p2a: Ceruledge|Poltergeist|p1a: Deoxys
|-activate|p1a: Deoxys|move: Poltergeist|Weakness Policy
|-supereffective|p1a: Deoxys
|-damage|p1a: Deoxys|2/100
|-enditem|p1a: Deoxys|Weakness Policy
|-boost|p1a: Deoxys|atk|2|[from] item: Weakness Policy
|-boost|p1a: Deoxys|spa|2|[from] item: Weakness Policy
|
|upkeep
|turn|31
|
|t:|1757830378
|cant|p2a: Ceruledge|par
|move|p1a: Deoxys|Recover|p1a: Deoxys
|-heal|p1a: Deoxys|52/100
|
|upkeep
|turn|32
|
|t:|1757830391
|move|p1a: Deoxys|Recover|p1a: Deoxys
|-heal|p1a: Deoxys|100/100
|move|p2a: Ceruledge|Poltergeist||[still]
|-fail|p2a: Ceruledge
|
|upkeep
|turn|33
|
|t:|1757830399
|move|p1a: Deoxys|Stored Power|p2a: Ceruledge
|-damage|p2a: Ceruledge|26/100 par
|-enditem|p2a: Ceruledge|Air Balloon
|move|p2a: Ceruledge|Swords Dance|p2a: Ceruledge
|-boost|p2a: Ceruledge|atk|2
|
|upkeep
|turn|34
|
|t:|1757830402
|move|p1a: Deoxys|Stored Power|p2a: Ceruledge
|-damage|p2a: Ceruledge|0 fnt
|faint|p2a: Ceruledge
|
|upkeep
|-message|tommy1928 forfeited.
|
|win|jamel1
|raw|jamel1's rating: 1635 &rarr; <strong>1651</strong><br />(+16 for winning)
|raw|tommy1928's rating: 1561 &rarr; <strong>1545</strong><br />(-16 for losing)
|l|☆tommy1928
|player|p2|
