|j|☆3idk
|j|☆KingPikaPika
|t:|1757936725
|gametype|singles
|player|p1|3idk|lusamine-masters|1586
|player|p2|KingPikaPika|pokekid|1662
|gen|9
|tier|[Gen 9] OU
|rated|
|rule|HP Percentage Mod: HP is shown in percentages
|rule|Endless Battle Clause: Forcing endless battles is banned
|rule|Species Clause: Limit one of each Pokémon
|rule|OHKO Clause: OHKO moves are banned
|rule|Evasion Items Clause: Evasion items are banned
|rule|Evasion Moves Clause: Evasion moves are banned
|rule|Evasion Abilities Clause: Evasion abilities are banned
|rule|Sleep Moves Clause: Sleep-inducing moves are banned
|clearpoke
|poke|p1|Tyranitar, F|
|poke|p1|Excadrill, M|
|poke|p1|Keldeo-Resolute|
|poke|p1|Tornadus-Therian, M|
|poke|p1|Heatran, M|
|poke|p1|Hydrapple, F|
|poke|p2|Rillaboom, M|
|poke|p2|Hydreigon, M|
|poke|p2|Jirachi|
|poke|p2|Alomomola, F|
|poke|p2|Cinderace, M|
|poke|p2|Great Tusk|
|teampreview
|inactive|Battle timer is ON: inactive players will automatically lose when time's up. (requested by 3idk)
|
|t:|1757936754
|teamsize|p1|6
|teamsize|p2|6
|start
|switch|p1a: Tornadus|Tornadus-Therian, M|100/100
|switch|p2a: Jirachi|Jirachi|100/100
|turn|1
|inactive|3idk has 120 seconds left.
|
|t:|1757936812
|move|p1a: Tornadus|Taunt|p2a: Jirachi
|-start|p2a: Jirachi|move: Taunt
|cant|p2a: Jirachi|move: Taunt|Thunder Wave
|
|upkeep
|turn|2
|inactive|KingPikaPika has 120 seconds left.
|
|t:|1757936849
|switch|p2a: Alomomola|Alomomola, F|100/100
|move|p1a: Tornadus|U-turn|p2a: Alomomola
|-damage|p2a: Alomomola|91/100
|j| ADM02
|inactive|3idk has 90 seconds left.
|
|t:|1757936871
|switch|p1a: Hydrapple|Hydrapple, F|100/100|[from] U-turn
|
|upkeep
|turn|3
|inactive|KingPikaPika has 120 seconds left.
|j| Dionysos
|
|t:|1757936902
|move|p2a: Alomomola|Flip Turn|p1a: Hydrapple
|-resisted|p1a: Hydrapple
|-damage|p1a: Hydrapple|98/100
|-damage|p2a: Alomomola|75/100|[from] item: Rocky Helmet|[of] p1a: Hydrapple
|
|t:|1757936905
|switch|p2a: Jirachi|Jirachi|100/100|[from] Flip Turn
|move|p1a: Hydrapple|Nasty Plot|p1a: Hydrapple
|-boost|p1a: Hydrapple|spa|2
|
|upkeep
|turn|4
|
|t:|1757936917
|move|p2a: Jirachi|Encore|p1a: Hydrapple
|-start|p1a: Hydrapple|Encore
|move|p1a: Hydrapple|Nasty Plot|p1a: Hydrapple
|-boost|p1a: Hydrapple|spa|2
|
|upkeep
|turn|5
|
|t:|1757936922
|switch|p1a: Excadrill|Excadrill, M|100/100
|-item|p1a: Excadrill|Air Balloon
|move|p2a: Jirachi|Doom Desire|p1a: Excadrill
|-start|p2a: Jirachi|Doom Desire
|
|upkeep
|turn|6
|
|t:|1757936930
|switch|p2a: Alomomola|Alomomola, F|100/100
|move|p1a: Excadrill|Earthquake|p2a: Alomomola
|-damage|p2a: Alomomola|63/100
|
|upkeep
|turn|7
|inactive|3idk has 120 seconds left.
|
|t:|1757936936
|switch|p1a: Hydrapple|Hydrapple, F|100/100
|move|p2a: Alomomola|Flip Turn|p1a: Hydrapple
|-resisted|p1a: Hydrapple
|-damage|p1a: Hydrapple|98/100
|-damage|p2a: Alomomola|47/100|[from] item: Rocky Helmet|[of] p1a: Hydrapple
|
|t:|1757936943
|switch|p2a: Hydreigon|Hydreigon, M|100/100|[from] Flip Turn
|
|-end|p1a: Hydrapple|move: Doom Desire
|-damage|p1a: Hydrapple|42/100
|upkeep
|turn|8
|
|t:|1757936951
|switch|p1a: Heatran|Heatran, M|100/100
|move|p2a: Hydreigon|Draco Meteor|p1a: Heatran
|-resisted|p1a: Heatran
|-damage|p1a: Heatran|69/100
|-unboost|p2a: Hydreigon|spa|2
|
|-heal|p1a: Heatran|76/100|[from] item: Leftovers
|upkeep
|turn|9
|
|t:|1757936961
|switch|p2a: Alomomola|Alomomola, F|80/100
|move|p1a: Heatran|Stealth Rock|p2a: Alomomola
|-sidestart|p2: KingPikaPika|move: Stealth Rock
|
|-heal|p1a: Heatran|82/100|[from] item: Leftovers
|upkeep
|turn|10
|
|t:|1757936966
|switch|p1a: Hydrapple|Hydrapple, F|75/100
|move|p2a: Alomomola|Scald|p1a: Hydrapple
|-resisted|p1a: Hydrapple
|-damage|p1a: Hydrapple|72/100
|
|upkeep
|turn|11
|j| Jey2
|
|t:|1757936980
|move|p2a: Alomomola|Flip Turn|p1a: Hydrapple
|-resisted|p1a: Hydrapple
|-damage|p1a: Hydrapple|70/100
|-damage|p2a: Alomomola|64/100|[from] item: Rocky Helmet|[of] p1a: Hydrapple
|
|t:|1757936982
|switch|p2a: Jirachi|Jirachi|100/100|[from] Flip Turn
|-damage|p2a: Jirachi|94/100|[from] Stealth Rock
|move|p1a: Hydrapple|Earth Power|p2a: Jirachi
|-supereffective|p2a: Jirachi
|-damage|p2a: Jirachi|49/100
|
|upkeep
|turn|12
|
|t:|1757937003
|move|p2a: Jirachi|Doom Desire|p1a: Hydrapple
|-start|p2a: Jirachi|Doom Desire
|move|p1a: Hydrapple|Earth Power|p2a: Jirachi
|-supereffective|p2a: Jirachi
|-damage|p2a: Jirachi|1/100
|
|upkeep
|turn|13
|
|t:|1757937008
|move|p2a: Jirachi|Psychic Noise|p1a: Hydrapple
|-damage|p1a: Hydrapple|38/100
|-start|p1a: Hydrapple|move: Heal Block
|move|p1a: Hydrapple|Fickle Beam|p2a: Jirachi
|-resisted|p2a: Jirachi
|-damage|p2a: Jirachi|0 fnt
|faint|p2a: Jirachi
|
|upkeep
|
|t:|1757937015
|switch|p2a: Cinderace|Cinderace, M|100/100
|turn|14
|
|t:|1757937020
|switch|p1a: Heatran|Heatran, M|82/100
|move|p2a: Cinderace|Court Change|p2a: Cinderace
|-swapsideconditions
|-activate|p2a: Cinderace|move: Court Change
|
|-end|p1a: Heatran|move: Doom Desire
|-resisted|p1a: Heatran
|-damage|p1a: Heatran|73/100
|-heal|p1a: Heatran|79/100|[from] item: Leftovers
|upkeep
|turn|15
|
|t:|1757937026
|switch|p2a: Great Tusk|Great Tusk|100/100
|switch|p1a: Tornadus|Tornadus-Therian, M|100/100
|
|upkeep
|turn|16
|
|t:|1757937031
|-end|p2a: Great Tusk|Protosynthesis|[silent]
|switch|p2a: Alomomola|Alomomola, F|97/100
|move|p1a: Tornadus|Bleakwind Storm|p2a: Alomomola
|-damage|p2a: Alomomola|77/100
|
|upkeep
|turn|17
|
|t:|1757937035
|move|p1a: Tornadus|Taunt|p2a: Alomomola
|-start|p2a: Alomomola|move: Taunt
|move|p2a: Alomomola|Flip Turn|p1a: Tornadus
|-damage|p1a: Tornadus|82/100
|
|t:|1757937045
|switch|p2a: Cinderace|Cinderace, M|100/100|[from] Flip Turn
|
|upkeep
|turn|18
|j| zhuangmou
|inactive|3idk has 120 seconds left.
|
|t:|1757937082
|move|p2a: Cinderace|U-turn|p1a: Tornadus
|-resisted|p1a: Tornadus
|-damage|p1a: Tornadus|72/100
|
|t:|1757937085
|switch|p2a: Alomomola|Alomomola, F|100/100|[from] U-turn
|move|p1a: Tornadus|U-turn|p2a: Alomomola
|-damage|p2a: Alomomola|90/100
|inactive|3idk has 120 seconds left.
|
|t:|1757937092
|switch|p1a: Hydrapple|Hydrapple, F|71/100|[from] U-turn
|-damage|p1a: Hydrapple|59/100|[from] Stealth Rock
|
|upkeep
|turn|19
|
|t:|1757937096
|move|p1a: Hydrapple|Giga Drain|p2a: Alomomola
|-supereffective|p2a: Alomomola
|-damage|p2a: Alomomola|57/100
|-heal|p1a: Hydrapple|78/100|[from] drain|[of] p2a: Alomomola
|move|p2a: Alomomola|Mirror Coat|p1a: Hydrapple
|-damage|p1a: Hydrapple|2/100
|
|upkeep
|turn|20
|
|t:|1757937103
|switch|p1a: Tornadus|Tornadus-Therian, M|100/100
|move|p2a: Alomomola|Flip Turn|p1a: Tornadus
|-damage|p1a: Tornadus|81/100
|j| biryanilover
|
|t:|1757937110
|switch|p2a: Cinderace|Cinderace, M|100/100|[from] Flip Turn
|
|upkeep
|turn|21
|
|t:|1757937125
|move|p2a: Cinderace|Will-O-Wisp|p1a: Tornadus
|-status|p1a: Tornadus|brn
|move|p1a: Tornadus|U-turn|p2a: Cinderace
|-resisted|p2a: Cinderace
|-damage|p2a: Cinderace|96/100
|
|t:|1757937130
|switch|p1a: Keldeo|Keldeo-Resolute|100/100|[from] U-turn
|-damage|p1a: Keldeo|94/100|[from] Stealth Rock
|
|upkeep
|turn|22
|
|t:|1757937133
|switch|p2a: Alomomola|Alomomola, F|91/100
|move|p1a: Keldeo|Flip Turn|p2a: Alomomola
|-resisted|p2a: Alomomola
|-damage|p2a: Alomomola|86/100
|
|t:|1757937141
|switch|p1a: Hydrapple|Hydrapple, F|36/100|[from] Flip Turn
|-damage|p1a: Hydrapple|23/100|[from] Stealth Rock
|
|upkeep
|turn|23
|
|t:|1757937147
|switch|p1a: Tornadus|Tornadus-Therian, M|100/100 brn
|move|p2a: Alomomola|Flip Turn|p1a: Tornadus
|-damage|p1a: Tornadus|81/100 brn
|
|t:|1757937149
|switch|p2a: Cinderace|Cinderace, M|96/100|[from] Flip Turn
|
|-damage|p1a: Tornadus|75/100 brn|[from] brn
|upkeep
|turn|24
|
|t:|1757937152
|move|p2a: Cinderace|Pyro Ball|p1a: Tornadus
|-damage|p1a: Tornadus|28/100 brn
|move|p1a: Tornadus|U-turn|p2a: Cinderace
|-resisted|p2a: Cinderace
|-damage|p2a: Cinderace|91/100
|j| heatraniac
|
|t:|1757937162
|switch|p1a: Keldeo|Keldeo-Resolute|94/100|[from] U-turn
|-damage|p1a: Keldeo|88/100|[from] Stealth Rock
|
|upkeep
|turn|25
|
|t:|1757937165
|move|p2a: Cinderace|U-turn|p1a: Keldeo
|-resisted|p1a: Keldeo
|-damage|p1a: Keldeo|77/100
|
|t:|1757937167
|switch|p2a: Alomomola|Alomomola, F|100/100|[from] U-turn
|move|p1a: Keldeo|Secret Sword|p2a: Alomomola
|-damage|p2a: Alomomola|55/100
|
|upkeep
|turn|26
|j| guochangyu
|
|t:|1757937175
|switch|p1a: Tornadus|Tornadus-Therian, M|61/100 brn
|move|p2a: Alomomola|Flip Turn|p1a: Tornadus
|-damage|p1a: Tornadus|42/100 brn
|
|t:|1757937179
|switch|p2a: Cinderace|Cinderace, M|91/100|[from] Flip Turn
|
|-damage|p1a: Tornadus|36/100 brn|[from] brn
|upkeep
|turn|27
|j| Raining Drawing
|
|t:|1757937186
|switch|p1a: Tyranitar|Tyranitar, F|100/100
|-damage|p1a: Tyranitar|88/100|[from] Stealth Rock
|-weather|Sandstorm|[from] ability: Sand Stream|[of] p1a: Tyranitar
|move|p2a: Cinderace|U-turn|p1a: Tyranitar
|-supereffective|p1a: Tyranitar
|-damage|p1a: Tyranitar|51/100
|
|t:|1757937189
|switch|p2a: Great Tusk|Great Tusk|100/100|[from] U-turn
|
|-weather|Sandstorm|[upkeep]
|upkeep
|turn|28
|
|t:|1757937194
|switch|p1a: Tornadus|Tornadus-Therian, M|69/100 brn
|move|p2a: Great Tusk|Headlong Rush|p1a: Tornadus
|-immune|p1a: Tornadus
|
|-weather|Sandstorm|[upkeep]
|-damage|p1a: Tornadus|63/100 brn|[from] Sandstorm
|-damage|p1a: Tornadus|57/100 brn|[from] brn
|upkeep
|turn|29
|
|t:|1757937201
|-end|p2a: Great Tusk|Protosynthesis|[silent]
|switch|p2a: Alomomola|Alomomola, F|88/100
|move|p1a: Tornadus|U-turn|p2a: Alomomola
|-damage|p2a: Alomomola|83/100
|
|t:|1757937207
|switch|p1a: Hydrapple|Hydrapple, F|57/100|[from] U-turn
|-damage|p1a: Hydrapple|44/100|[from] Stealth Rock
|
|-weather|Sandstorm|[upkeep]
|-damage|p2a: Alomomola|77/100|[from] Sandstorm
|-damage|p1a: Hydrapple|38/100|[from] Sandstorm
|upkeep
|turn|30
|j| Puyu Paz
|
|t:|1757937212
|switch|p1a: Tornadus|Tornadus-Therian, M|90/100 brn
|move|p2a: Alomomola|Flip Turn|p1a: Tornadus
|-damage|p1a: Tornadus|74/100 brn
|
|t:|1757937217
|switch|p2a: Cinderace|Cinderace, M|91/100|[from] Flip Turn
|
|-weather|Sandstorm|[upkeep]
|-damage|p2a: Cinderace|85/100|[from] Sandstorm
|-damage|p1a: Tornadus|68/100 brn|[from] Sandstorm
|-damage|p1a: Tornadus|62/100 brn|[from] brn
|upkeep
|turn|31
|j| 4idklol
|
|t:|1757937219
|move|p2a: Cinderace|Pyro Ball|p1a: Tornadus
|-damage|p1a: Tornadus|8/100 brn
|move|p1a: Tornadus|U-turn|p2a: Cinderace
|-resisted|p2a: Cinderace
|-damage|p2a: Cinderace|81/100
|
|t:|1757937230
|switch|p1a: Keldeo|Keldeo-Resolute|77/100|[from] U-turn
|-damage|p1a: Keldeo|71/100|[from] Stealth Rock
|
|-weather|none
|upkeep
|turn|32
|
|t:|1757937233
|move|p2a: Cinderace|U-turn|p1a: Keldeo
|-resisted|p1a: Keldeo
|-damage|p1a: Keldeo|60/100
|
|t:|1757937235
|switch|p2a: Alomomola|Alomomola, F|100/100|[from] U-turn
|move|p1a: Keldeo|Secret Sword|p2a: Alomomola
|-damage|p2a: Alomomola|56/100
|
|upkeep
|turn|33
|j| orangesloveme
|
|t:|1757937242
|move|p1a: Keldeo|Secret Sword|p2a: Alomomola
|-damage|p2a: Alomomola|11/100
|move|p2a: Alomomola|Flip Turn|p1a: Keldeo
|-resisted|p1a: Keldeo
|-damage|p1a: Keldeo|51/100
|
|t:|1757937250
|switch|p2a: Great Tusk|Great Tusk|100/100|[from] Flip Turn
|
|upkeep
|turn|34
|j| megatron331
|
|t:|1757937258
|switch|p1a: Hydrapple|Hydrapple, F|72/100
|-damage|p1a: Hydrapple|59/100|[from] Stealth Rock
|move|p2a: Great Tusk|Ice Spinner|p1a: Hydrapple
|-supereffective|p1a: Hydrapple
|-damage|p1a: Hydrapple|3/100
|-damage|p2a: Great Tusk|84/100|[from] item: Rocky Helmet|[of] p1a: Hydrapple
|
|-heal|p2a: Great Tusk|90/100|[from] item: Leftovers
|upkeep
|turn|35
|j| timmy tuskknuckles
|
|t:|1757937270
|switch|p1a: Tornadus|Tornadus-Therian, M|41/100 brn
|move|p2a: Great Tusk|Rapid Spin|p1a: Tornadus
|-damage|p1a: Tornadus|26/100 brn
|-boost|p2a: Great Tusk|spe|1
|
|-heal|p2a: Great Tusk|96/100|[from] item: Leftovers
|-damage|p1a: Tornadus|20/100 brn|[from] brn
|upkeep
|turn|36
|
|t:|1757937274
|switch|p1a: Heatran|Heatran, M|79/100
|-damage|p1a: Heatran|66/100|[from] Stealth Rock
|move|p2a: Great Tusk|Ice Spinner|p1a: Heatran
|-resisted|p1a: Heatran
|-damage|p1a: Heatran|62/100
|
|-heal|p2a: Great Tusk|100/100|[from] item: Leftovers
|-heal|p1a: Heatran|68/100|[from] item: Leftovers
|upkeep
|turn|37
|
|t:|1757937282
|move|p2a: Great Tusk|Bulk Up|p2a: Great Tusk
|-boost|p2a: Great Tusk|atk|1
|-boost|p2a: Great Tusk|def|1
|move|p1a: Heatran|Magma Storm|p2a: Great Tusk
|-damage|p2a: Great Tusk|44/100
|-activate|p2a: Great Tusk|move: Magma Storm|[of] p1a: Heatran
|
|-heal|p2a: Great Tusk|50/100|[from] item: Leftovers
|-heal|p1a: Heatran|74/100|[from] item: Leftovers
|-damage|p2a: Great Tusk|38/100|[from] move: Magma Storm|[partiallytrapped]
|upkeep
|turn|38
|j| malamar official
|
|t:|1757937289
|switch|p1a: Hydrapple|Hydrapple, F|36/100
|-damage|p1a: Hydrapple|24/100|[from] Stealth Rock
|move|p2a: Great Tusk|Ice Spinner|p1a: Hydrapple
|-supereffective|p1a: Hydrapple
|-damage|p1a: Hydrapple|0 fnt
|-damage|p2a: Great Tusk|21/100|[from] item: Rocky Helmet|[of] p1a: Hydrapple
|faint|p1a: Hydrapple
|
|-heal|p2a: Great Tusk|27/100|[from] item: Leftovers
|-end|p2a: Great Tusk|Magma Storm|[partiallytrapped]|[silent]
|upkeep
|
|t:|1757937297
|switch|p1a: Keldeo|Keldeo-Resolute|51/100
|-damage|p1a: Keldeo|44/100|[from] Stealth Rock
|turn|39
|
|t:|1757937300
|-terastallize|p2a: Great Tusk|Ghost
|move|p1a: Keldeo|Vacuum Wave|p2a: Great Tusk
|-immune|p2a: Great Tusk
|move|p2a: Great Tusk|Headlong Rush|p1a: Keldeo
|-damage|p1a: Keldeo|0 fnt
|-unboost|p2a: Great Tusk|def|1
|-unboost|p2a: Great Tusk|spd|1
|faint|p1a: Keldeo
|
|-heal|p2a: Great Tusk|33/100|[from] item: Leftovers
|upkeep
|
|t:|1757937305
|switch|p1a: Tyranitar|Tyranitar, F|51/100
|-damage|p1a: Tyranitar|39/100|[from] Stealth Rock
|-weather|Sandstorm|[from] ability: Sand Stream|[of] p1a: Tyranitar
|turn|40
|
|t:|1757937309
|move|p2a: Great Tusk|Headlong Rush|p1a: Tyranitar
|-supereffective|p1a: Tyranitar
|-damage|p1a: Tyranitar|0 fnt
|-unboost|p2a: Great Tusk|def|1
|-unboost|p2a: Great Tusk|spd|1
|faint|p1a: Tyranitar
|
|-weather|Sandstorm|[upkeep]
|-damage|p2a: Great Tusk|27/100|[from] Sandstorm
|-heal|p2a: Great Tusk|33/100|[from] item: Leftovers
|upkeep
|l| ADM02
|
|t:|1757937315
|switch|p1a: Excadrill|Excadrill, M|100/100
|-damage|p1a: Excadrill|97/100|[from] Stealth Rock
|-item|p1a: Excadrill|Air Balloon
|turn|41
|
|t:|1757937319
|move|p1a: Excadrill|Earthquake|p2a: Great Tusk
|-damage|p2a: Great Tusk|0 fnt
|faint|p2a: Great Tusk
|-end|p2a: Great Tusk|Protosynthesis|[silent]
|
|-weather|Sandstorm|[upkeep]
|upkeep
|l| malamar official
|l| timmy tuskknuckles
|l| megatron331
|l| orangesloveme
|l| 4idklol
|
|t:|1757937326
|switch|p2a: Rillaboom|Rillaboom, M, shiny|100/100
|-fieldstart|move: Grassy Terrain|[from] ability: Grassy Surge|[of] p2a: Rillaboom
|turn|42
|
|t:|1757937331
|switch|p1a: Heatran|Heatran, M|74/100
|-damage|p1a: Heatran|62/100|[from] Stealth Rock
|move|p2a: Rillaboom|Grassy Glide|p1a: Heatran
|-resisted|p1a: Heatran
|-damage|p1a: Heatran|49/100
|-status|p2a: Rillaboom|brn|[from] ability: Flame Body|[of] p1a: Heatran
|
|-weather|Sandstorm|[upkeep]
|-damage|p2a: Rillaboom|94/100 brn|[from] Sandstorm
|-heal|p2a: Rillaboom|100/100 brn|[from] Grassy Terrain
|-heal|p1a: Heatran|55/100|[from] Grassy Terrain
|-heal|p1a: Heatran|61/100|[from] item: Leftovers
|-damage|p2a: Rillaboom|94/100 brn|[from] brn
|upkeep
|turn|43
|j| DA Scizor Enjoyer
|
|t:|1757937338
|switch|p2a: Hydreigon|Hydreigon, M|100/100
|switch|p1a: Excadrill|Excadrill, M|97/100
|-damage|p1a: Excadrill|94/100|[from] Stealth Rock
|-item|p1a: Excadrill|Air Balloon
|
|-weather|Sandstorm|[upkeep]
|-damage|p2a: Hydreigon|94/100|[from] Sandstorm
|upkeep
|turn|44
|
|t:|1757937343
|move|p1a: Excadrill|Iron Head|p2a: Hydreigon
|-damage|p2a: Hydreigon|42/100
|cant|p2a: Hydreigon|flinch
|
|-weather|none
|upkeep
|turn|45
|
|t:|1757937349
|move|p2a: Hydreigon|Heat Wave|p1a: Excadrill
|-supereffective|p1a: Excadrill
|-damage|p1a: Excadrill|0 fnt
|-enditem|p1a: Excadrill|Air Balloon
|faint|p1a: Excadrill
|
|upkeep
|
|t:|1757937353
|switch|p1a: Tornadus|Tornadus-Therian, M|53/100 brn
|turn|46
|-message|3idk forfeited.
|
|win|KingPikaPika
|raw|3idk's rating: 1586 &rarr; <strong>1570</strong><br />(-16 for losing)
|raw|KingPikaPika's rating: 1662 &rarr; <strong>1678</strong><br />(+16 for winning)
|l|☆3idk
|player|p1|
|l|☆KingPikaPika
|player|p2|
|l| Puyu Paz
|l| Jey2
|l| Dionysos
|l| biryanilover
|j| biryanilover
|l| biryanilover
|l| heatraniac
|j| heatraniac
