|j|☆p0rg
|j|☆Munch144447
|t:|1757860582
|gametype|singles
|player|p1|p0rg|boarder|1149
|player|p2|Munch144447|101|1099
|gen|9
|tier|[Gen 9] OU
|rated|
|rule|HP Percentage Mod: HP is shown in percentages
|rule|Endless Battle Clause: Forcing endless battles is banned
|rule|Species Clause: Limit one of each Pokémon
|rule|OHKO Clause: OHKO moves are banned
|rule|Evasion Items Clause: Evasion items are banned
|rule|Evasion Moves Clause: Evasion moves are banned
|rule|Evasion Abilities Clause: Evasion abilities are banned
|rule|Sleep Moves Clause: Sleep-inducing moves are banned
|clearpoke
|poke|p1|Slowking-Galar, M|
|poke|p1|Ting-Lu|
|poke|p1|Glastrier|
|poke|p1|Conkeldurr, F|
|poke|p1|Araquanid, M|
|poke|p1|Hoopa-Unbound|
|poke|p2|Tropius, M|
|poke|p2|Espeon, F|
|poke|p2|Skuntank, M|
|poke|p2|Drednaw, M|
|poke|p2|Camerupt, M|
|poke|p2|Abomasnow, F|
|teampreview
|inactive|Battle timer is ON: inactive players will automatically lose when time's up. (requested by p0rg)
|inactive|Munch144447 has 120 seconds left.
|
|t:|1757860615
|teamsize|p1|6
|teamsize|p2|6
|start
|switch|p1a: Slowking|Slowking-Galar, M|100/100
|switch|p2a: Skuntank|Skuntank, M|100/100
|turn|1
|
|t:|1757860623
|move|p2a: Skuntank|Knock Off|p1a: Slowking
|-supereffective|p1a: Slowking
|-damage|p1a: Slowking|0 fnt
|-enditem|p1a: Slowking|Leftovers|[from] move: Knock Off|[of] p2a: Skuntank
|faint|p1a: Slowking
|-damage|p2a: Skuntank|91/100|[from] item: Life Orb
|
|upkeep
|
|t:|1757860636
|switch|p1a: Ting-Lu|Ting-Lu|100/100
|-ability|p1a: Ting-Lu|Vessel of Ruin
|turn|2
|
|t:|1757860644
|move|p2a: Skuntank|Knock Off|p1a: Ting-Lu
|-resisted|p1a: Ting-Lu
|-damage|p1a: Ting-Lu|89/100
|-enditem|p1a: Ting-Lu|Lum Berry|[from] move: Knock Off|[of] p2a: Skuntank
|-damage|p2a: Skuntank|81/100|[from] item: Life Orb
|move|p1a: Ting-Lu|Stealth Rock|p2a: Skuntank
|-sidestart|p2: Munch144447|move: Stealth Rock
|
|upkeep
|turn|3
|
|t:|1757860653
|switch|p2a: Abomasnow|Abomasnow, F|100/100
|-damage|p2a: Abomasnow|75/100|[from] Stealth Rock
|-weather|Snowscape|[from] ability: Snow Warning|[of] p2a: Abomasnow
|move|p1a: Ting-Lu|Earthquake|p2a: Abomasnow
|-resisted|p2a: Abomasnow
|-damage|p2a: Abomasnow|66/100
|
|-weather|Snowscape|[upkeep]
|upkeep
|turn|4
|
|t:|1757860671
|switch|p1a: Conkeldurr|Conkeldurr, F|100/100
|move|p2a: Abomasnow|Aurora Veil|p2a: Abomasnow
|-sidestart|p2: Munch144447|move: Aurora Veil
|
|-weather|Snowscape|[upkeep]
|upkeep
|turn|5
|
|t:|1757860679
|move|p2a: Abomasnow|Leech Seed|p1a: Conkeldurr
|-start|p1a: Conkeldurr|move: Leech Seed
|move|p1a: Conkeldurr|Fire Punch|p2a: Abomasnow
|-supereffective|p2a: Abomasnow
|-damage|p2a: Abomasnow|3/100
|
|-weather|Snowscape|[upkeep]
|-damage|p1a: Conkeldurr|88/100|[from] Leech Seed|[of] p2a: Abomasnow
|-heal|p2a: Abomasnow|16/100|[silent]
|upkeep
|turn|6
|
|t:|1757860688
|move|p2a: Abomasnow|Giga Drain|p1a: Conkeldurr
|-damage|p1a: Conkeldurr|56/100
|-heal|p2a: Abomasnow|34/100|[from] drain|[of] p1a: Conkeldurr
|move|p1a: Conkeldurr|Fire Punch|p2a: Abomasnow
|-supereffective|p2a: Abomasnow
|-damage|p2a: Abomasnow|0 fnt
|faint|p2a: Abomasnow
|
|-weather|Snowscape|[upkeep]
|upkeep
|
|t:|1757860696
|switch|p2a: Drednaw|Drednaw, M|100/100
|-damage|p2a: Drednaw|88/100|[from] Stealth Rock
|turn|7
|
|t:|1757860713
|switch|p1a: Hoopa|Hoopa-Unbound|100/100
|-terastallize|p2a: Drednaw|Water
|move|p2a: Drednaw|Shell Smash|p2a: Drednaw
|-unboost|p2a: Drednaw|def|1
|-unboost|p2a: Drednaw|spd|1
|-boost|p2a: Drednaw|atk|2
|-boost|p2a: Drednaw|spa|2
|-boost|p2a: Drednaw|spe|2
|-enditem|p2a: Drednaw|White Herb
|-clearnegativeboost|p2a: Drednaw|[silent]
|
|-weather|none
|upkeep
|turn|8
|
|t:|1757860731
|move|p2a: Drednaw|Liquidation|p1a: Hoopa
|-damage|p1a: Hoopa|0 fnt
|faint|p1a: Hoopa
|
|upkeep
|
|t:|1757860737
|switch|p1a: Conkeldurr|Conkeldurr, F|56/100
|turn|9
|
|t:|1757860750
|move|p1a: Conkeldurr|Mach Punch|p2a: Drednaw
|-damage|p2a: Drednaw|66/100
|move|p2a: Drednaw|Liquidation|p1a: Conkeldurr
|-damage|p1a: Conkeldurr|0 fnt
|faint|p1a: Conkeldurr
|
|upkeep
|inactive|p0rg has 120 seconds left.
|
|t:|1757860772
|switch|p1a: Araquanid|Araquanid, M|100/100
|turn|10
|inactive|p0rg has 120 seconds left.
|
|t:|1757860783
|move|p2a: Drednaw|Head Smash|p1a: Araquanid
|-supereffective|p1a: Araquanid
|-damage|p1a: Araquanid|0 fnt
|faint|p1a: Araquanid
|-damage|p2a: Drednaw|25/100|[from] Recoil
|
|upkeep
|
|t:|1757860791
|switch|p1a: Glastrier|Glastrier|100/100
|turn|11
|inactive|p0rg has 120 seconds left.
|
|t:|1757860806
|-terastallize|p1a: Glastrier|Fairy
|move|p2a: Drednaw|Head Smash|p1a: Glastrier
|-damage|p1a: Glastrier|0 fnt
|faint|p1a: Glastrier
|-damage|p2a: Drednaw|0 fnt|[from] Recoil
|faint|p2a: Drednaw
|
|-sideend|p2: Munch144447|move: Aurora Veil
|upkeep
|
|t:|1757860814
|switch|p2a: Tropius|Tropius, M|100/100
|switch|p1a: Ting-Lu|Ting-Lu|89/100
|-damage|p2a: Tropius|75/100|[from] Stealth Rock
|-ability|p1a: Ting-Lu|Vessel of Ruin
|turn|12
|
|t:|1757860825
|move|p2a: Tropius|Leech Seed|p1a: Ting-Lu|[miss]
|-miss|p2a: Tropius|p1a: Ting-Lu
|move|p1a: Ting-Lu|Rock Slide|p2a: Tropius
|-supereffective|p2a: Tropius
|-damage|p2a: Tropius|35/100
|
|upkeep
|turn|13
|
|t:|1757860832
|move|p2a: Tropius|Substitute|p2a: Tropius
|-start|p2a: Tropius|Substitute
|-damage|p2a: Tropius|10/100
|-enditem|p2a: Tropius|Starf Berry|[eat]
|-boost|p2a: Tropius|atk|2|[from] item: Starf Berry
|move|p1a: Ting-Lu|Rock Slide|p2a: Tropius
|-supereffective|p2a: Tropius
|-end|p2a: Tropius|Substitute
|
|-item|p2a: Tropius|Starf Berry|[from] ability: Harvest
|upkeep
|-enditem|p2a: Tropius|Starf Berry|[eat]
|-boost|p2a: Tropius|spa|2|[from] item: Starf Berry
|turn|14
|inactive|p0rg has 120 seconds left.
|
|t:|1757860848
|move|p2a: Tropius|Synthesis|p2a: Tropius
|-heal|p2a: Tropius|60/100
|move|p1a: Ting-Lu|Rock Slide|p2a: Tropius
|-supereffective|p2a: Tropius
|-damage|p2a: Tropius|22/100
|
|-item|p2a: Tropius|Starf Berry|[from] ability: Harvest
|upkeep
|-enditem|p2a: Tropius|Starf Berry|[eat]
|-boost|p2a: Tropius|def|2|[from] item: Starf Berry
|turn|15
|
|t:|1757860859
|move|p2a: Tropius|Giga Drain|p1a: Ting-Lu
|-supereffective|p1a: Ting-Lu
|-damage|p1a: Ting-Lu|40/100
|-heal|p2a: Tropius|54/100|[from] drain|[of] p1a: Ting-Lu
|move|p1a: Ting-Lu|Rock Slide|p2a: Tropius
|-supereffective|p2a: Tropius
|-damage|p2a: Tropius|35/100
|
|upkeep
|turn|16
|
|t:|1757860868
|move|p2a: Tropius|Substitute|p2a: Tropius
|-start|p2a: Tropius|Substitute
|-damage|p2a: Tropius|10/100
|move|p1a: Ting-Lu|Rest|p1a: Ting-Lu
|-status|p1a: Ting-Lu|slp|[from] move: Rest
|-heal|p1a: Ting-Lu|100/100 slp|[silent]
|
|-item|p2a: Tropius|Starf Berry|[from] ability: Harvest
|upkeep
|-enditem|p2a: Tropius|Starf Berry|[eat]
|-boost|p2a: Tropius|spd|2|[from] item: Starf Berry
|turn|17
|inactive|p0rg has 120 seconds left.
|
|t:|1757860879
|move|p2a: Tropius|Giga Drain|p1a: Ting-Lu
|-supereffective|p1a: Ting-Lu
|-crit|p1a: Ting-Lu
|-damage|p1a: Ting-Lu|27/100 slp
|-heal|p2a: Tropius|57/100|[from] drain|[of] p1a: Ting-Lu
|cant|p1a: Ting-Lu|slp
|
|upkeep
|turn|18
|inactive|p0rg has 120 seconds left.
|
|t:|1757860886
|move|p2a: Tropius|Giga Drain|p1a: Ting-Lu
|-supereffective|p1a: Ting-Lu
|-damage|p1a: Ting-Lu|0 fnt
|-heal|p2a: Tropius|74/100|[from] drain|[of] p1a: Ting-Lu
|faint|p1a: Ting-Lu
|
|win|Munch144447
|raw|p0rg's rating: 1149 &rarr; <strong>1120</strong><br />(-29 for losing)
|raw|Munch144447's rating: 1099 &rarr; <strong>1128</strong><br />(+29 for winning)
|c|☆Munch144447|gg
|c|☆p0rg|what did I just witness
|c|☆Munch144447|just fun sets
|c|☆Munch144447|starf berry is fun
|c|☆p0rg|what is a starf berry
|c|☆p0rg|does it boost a randoim stat
|c|☆Munch144447|Randomly raises a stat by 2x
|c|☆Munch144447|yea
|c|☆p0rg|bruh
|c|☆Munch144447|Cool af yea
|l|☆p0rg
|player|p1|
|c|☆Munch144447|Had a lotta success doing it with exeggutor
|l|☆Munch144447
|player|p2|
