|j|☆nah just click
|j|☆srah89
|t:|1757948060
|gametype|singles
|player|p1|nah just click|1|1341
|player|p2|srah89|bruno|1360
|gen|9
|tier|[Gen 9] OU
|rated|
|rule|HP Percentage Mod: HP is shown in percentages
|rule|Endless Battle Clause: Forcing endless battles is banned
|rule|Species Clause: Limit one of each Pokémon
|rule|OHKO Clause: OHKO moves are banned
|rule|Evasion Items Clause: Evasion items are banned
|rule|Evasion Moves Clause: Evasion moves are banned
|rule|Evasion Abilities Clause: Evasion abilities are banned
|rule|Sleep Moves Clause: Sleep-inducing moves are banned
|clearpoke
|poke|p1|Gholdengo|
|poke|p1|Landorus-Therian, M|
|poke|p1|Ogerpon-Wellspring, F|
|poke|p1|Great Tusk|
|poke|p1|Iron Moth|
|poke|p1|Primarina, F|
|poke|p2|Dragalge, F|
|poke|p2|Landorus-Therian, M|
|poke|p2|Azumarill, M|
|poke|p2|Zamazenta-*|
|poke|p2|Garganacl, F|
|poke|p2|Drifblim, M|
|teampreview
|inactive|Battle timer is ON: inactive players will automatically lose when time's up. (requested by nah just click)
|
|t:|1757948083
|teamsize|p1|6
|teamsize|p2|6
|start
|switch|p1a: Landorus|Landorus-Therian, M|100/100
|switch|p2a: Azumarill|Azumarill, M|100/100
|-ability|p1a: Landorus|Intimidate|boost
|-unboost|p2a: Azumarill|atk|1
|turn|1
|
|t:|1757948091
|move|p1a: Landorus|U-turn|p2a: Azumarill
|-resisted|p2a: Azumarill
|-damage|p2a: Azumarill|84/100
|
|t:|1757948093
|switch|p1a: Ogerpon|Ogerpon-Wellspring, F|100/100|[from] U-turn
|move|p2a: Azumarill|Ice Spinner|p1a: Ogerpon
|-damage|p1a: Ogerpon|73/100
|
|upkeep
|turn|2
|
|t:|1757948116
|switch|p2a: Dragalge|Dragalge, F|100/100
|move|p1a: Ogerpon|Knock Off|p2a: Dragalge
|-damage|p2a: Dragalge|59/100
|-enditem|p2a: Dragalge|Wise Glasses|[from] move: Knock Off|[of] p1a: Ogerpon
|
|upkeep
|turn|3
|
|t:|1757948124
|move|p1a: Ogerpon|U-turn|p2a: Dragalge
|-resisted|p2a: Dragalge
|-damage|p2a: Dragalge|44/100
|
|t:|1757948125
|switch|p1a: Gholdengo|Gholdengo|100/100|[from] U-turn
|move|p2a: Dragalge|Draco Meteor|p1a: Gholdengo
|-resisted|p1a: Gholdengo
|-damage|p1a: Gholdengo|52/100
|-unboost|p2a: Dragalge|spa|2
|
|upkeep
|turn|4
|
|t:|1757948134
|switch|p2a: Landorus|Landorus-Therian, M|100/100
|-ability|p2a: Landorus|Intimidate|boost
|-unboost|p1a: Gholdengo|atk|1
|move|p1a: Gholdengo|Make It Rain|p2a: Landorus
|-damage|p2a: Landorus|30/100
|-unboost|p1a: Gholdengo|spa|1
|
|upkeep
|turn|5
|
|t:|1757948142
|switch|p1a: Landorus|Landorus-Therian, M|100/100
|-ability|p1a: Landorus|Intimidate|boost
|-unboost|p2a: Landorus|atk|1
|move|p2a: Landorus|Stealth Rock|p1a: Landorus
|-sidestart|p1: nah just click|move: Stealth Rock
|
|upkeep
|turn|6
|
|t:|1757948146
|move|p1a: Landorus|Stealth Rock|p2a: Landorus
|-sidestart|p2: srah89|move: Stealth Rock
|move|p2a: Landorus|Smack Down|p1a: Landorus
|-crit|p1a: Landorus
|-damage|p1a: Landorus|72/100
|-start|p1a: Landorus|Smack Down
|
|upkeep
|turn|7
|
|t:|1757948151
|switch|p1a: Ogerpon|Ogerpon-Wellspring, F|73/100
|-damage|p1a: Ogerpon|61/100|[from] Stealth Rock
|move|p2a: Landorus|Earthquake|p1a: Ogerpon
|-resisted|p1a: Ogerpon
|-damage|p1a: Ogerpon|41/100
|
|upkeep
|turn|8
|
|t:|1757948155
|move|p1a: Ogerpon|Knock Off|p2a: Landorus
|-damage|p2a: Landorus|0 fnt
|-damage|p1a: Ogerpon|25/100|[from] item: Rocky Helmet|[of] p2a: Landorus
|-enditem|p2a: Landorus|Rocky Helmet|[from] move: Knock Off|[of] p1a: Ogerpon
|faint|p2a: Landorus
|
|upkeep
|
|t:|1757948161
|switch|p2a: Zamazenta|Zamazenta|100/100
|-damage|p2a: Zamazenta|94/100|[from] Stealth Rock
|-ability|p2a: Zamazenta|Dauntless Shield|boost
|-boost|p2a: Zamazenta|def|1
|turn|9
|
|t:|1757948168
|move|p2a: Zamazenta|Body Press|p1a: Ogerpon
|-damage|p1a: Ogerpon|0 fnt
|faint|p1a: Ogerpon
|
|-heal|p2a: Zamazenta|100/100|[from] item: Leftovers
|upkeep
|
|t:|1757948177
|switch|p1a: Great Tusk|Great Tusk|100/100
|-damage|p1a: Great Tusk|98/100|[from] Stealth Rock
|turn|10
|
|t:|1757948182
|switch|p2a: Drifblim|Drifblim, M|100/100
|move|p1a: Great Tusk|Rapid Spin|p2a: Drifblim
|-immune|p2a: Drifblim
|
|-heal|p1a: Great Tusk|100/100|[from] item: Leftovers
|upkeep
|turn|11
|
|t:|1757948193
|-end|p1a: Great Tusk|Protosynthesis|[silent]
|switch|p1a: Iron Moth|Iron Moth|100/100
|-damage|p1a: Iron Moth|76/100|[from] Stealth Rock
|-enditem|p1a: Iron Moth|Booster Energy
|-activate|p1a: Iron Moth|ability: Quark Drive|[fromitem]
|-start|p1a: Iron Moth|quarkdrivespe
|move|p2a: Drifblim|Strength Sap|p1a: Iron Moth
|-unboost|p1a: Iron Moth|atk|1
|
|upkeep
|turn|12
|
|t:|1757948212
|switch|p2a: Dragalge|Dragalge, F|44/100
|-damage|p2a: Dragalge|32/100|[from] Stealth Rock
|move|p1a: Iron Moth|Substitute|p1a: Iron Moth
|-start|p1a: Iron Moth|Substitute
|-damage|p1a: Iron Moth|51/100
|
|upkeep
|turn|13
|
|t:|1757948231
|move|p1a: Iron Moth|Fiery Dance|p2a: Dragalge
|-resisted|p2a: Dragalge
|-damage|p2a: Dragalge|13/100
|move|p2a: Dragalge|Shadow Ball|p1a: Iron Moth
|-activate|p1a: Iron Moth|move: Substitute|[damage]
|
|upkeep
|turn|14
|
|t:|1757948238
|move|p1a: Iron Moth|Fiery Dance|p2a: Dragalge
|-resisted|p2a: Dragalge
|-damage|p2a: Dragalge|0 fnt
|faint|p2a: Dragalge
|
|upkeep
|
|t:|1757948243
|switch|p2a: Azumarill|Azumarill, M|84/100
|-damage|p2a: Azumarill|72/100|[from] Stealth Rock
|turn|15
|
|t:|1757948247
|move|p1a: Iron Moth|Sludge Wave|p2a: Azumarill
|-supereffective|p2a: Azumarill
|-damage|p2a: Azumarill|1/100
|move|p2a: Azumarill|Liquidation|p1a: Iron Moth
|-supereffective|p1a: Iron Moth
|-end|p1a: Iron Moth|Substitute
|
|upkeep
|turn|16
|
|t:|1757948259
|move|p2a: Azumarill|Aqua Jet|p1a: Iron Moth
|-supereffective|p1a: Iron Moth
|-damage|p1a: Iron Moth|0 fnt
|faint|p1a: Iron Moth
|-end|p1a: Iron Moth|Quark Drive|[silent]
|
|upkeep
|
|t:|1757948266
|switch|p1a: Primarina|Primarina, F|100/100
|-damage|p1a: Primarina|88/100|[from] Stealth Rock
|turn|17
|
|t:|1757948273
|move|p1a: Primarina|Aqua Jet|p2a: Azumarill
|-resisted|p2a: Azumarill
|-damage|p2a: Azumarill|0 fnt
|faint|p2a: Azumarill
|
|upkeep
|
|t:|1757948279
|switch|p2a: Drifblim|Drifblim, M|100/100
|turn|18
|
|t:|1757948296
|switch|p1a: Landorus|Landorus-Therian, M|72/100
|-damage|p1a: Landorus|59/100|[from] Stealth Rock
|-ability|p1a: Landorus|Intimidate|boost
|-unboost|p2a: Drifblim|atk|1
|move|p2a: Drifblim|Will-O-Wisp|p1a: Landorus
|-status|p1a: Landorus|brn
|
|-damage|p1a: Landorus|53/100 brn|[from] brn
|upkeep
|turn|19
|
|t:|1757948303
|move|p1a: Landorus|U-turn|p2a: Drifblim
|-resisted|p2a: Drifblim
|-crit|p2a: Drifblim
|-damage|p2a: Drifblim|96/100
|
|t:|1757948304
|switch|p1a: Primarina|Primarina, F|88/100|[from] U-turn
|-damage|p1a: Primarina|76/100|[from] Stealth Rock
|move|p2a: Drifblim|Shadow Ball|p1a: Primarina
|-damage|p1a: Primarina|54/100
|
|upkeep
|turn|20
|
|t:|1757948310
|move|p2a: Drifblim|Shadow Ball|p1a: Primarina
|-damage|p1a: Primarina|32/100
|move|p1a: Primarina|Sparkling Aria|p2a: Drifblim
|-damage|p2a: Drifblim|0 fnt
|faint|p2a: Drifblim
|
|upkeep
|
|t:|1757948318
|switch|p2a: Zamazenta|Zamazenta|100/100
|-damage|p2a: Zamazenta|94/100|[from] Stealth Rock
|turn|21
|
|t:|1757948327
|move|p2a: Zamazenta|Body Press|p1a: Primarina
|-resisted|p1a: Primarina
|-damage|p1a: Primarina|15/100
|move|p1a: Primarina|Sparkling Aria|p2a: Zamazenta
|-damage|p2a: Zamazenta|3/100
|
|-heal|p2a: Zamazenta|10/100|[from] item: Leftovers
|upkeep
|turn|22
|
|t:|1757948332
|move|p2a: Zamazenta|Body Press|p1a: Primarina
|-resisted|p1a: Primarina
|-damage|p1a: Primarina|0 fnt
|faint|p1a: Primarina
|
|-heal|p2a: Zamazenta|16/100|[from] item: Leftovers
|upkeep
|
|t:|1757948336
|switch|p1a: Gholdengo|Gholdengo|52/100
|-damage|p1a: Gholdengo|46/100|[from] Stealth Rock
|turn|23
|
|t:|1757948340
|move|p2a: Zamazenta|Protect|p2a: Zamazenta
|-singleturn|p2a: Zamazenta|Protect
|move|p1a: Gholdengo|Make It Rain|p2a: Zamazenta
|-activate|p2a: Zamazenta|move: Protect
|
|-heal|p2a: Zamazenta|22/100|[from] item: Leftovers
|upkeep
|turn|24
|
|t:|1757948346
|switch|p2a: Garganacl|Garganacl, F|100/100
|-damage|p2a: Garganacl|88/100|[from] Stealth Rock
|move|p1a: Gholdengo|Make It Rain|p2a: Garganacl
|-supereffective|p2a: Garganacl
|-damage|p2a: Garganacl|0 fnt
|-unboost|p1a: Gholdengo|spa|1
|faint|p2a: Garganacl
|
|upkeep
|-message|srah89 forfeited.
|
|win|nah just click
|raw|nah just click's rating: 1362 &rarr; <strong>1382</strong><br />(+20 for winning)
|raw|srah89's rating: 1360 &rarr; <strong>1340</strong><br />(-20 for losing)
|l|☆srah89
|player|p2|
|l|☆nah just click
|player|p1|
