|j|☆Bill6pher
|j|☆niloswan
|t:|1757946469
|gametype|singles
|player|p1|Bill6pher|169|1446
|player|p2|niloswan|zinzolin|1452
|gen|9
|tier|[Gen 9] OU
|rated|
|rule|HP Percentage Mod: HP is shown in percentages
|rule|Endless Battle Clause: Forcing endless battles is banned
|rule|Species Clause: Limit one of each Pokémon
|rule|OHKO Clause: OHKO moves are banned
|rule|Evasion Items Clause: Evasion items are banned
|rule|Evasion Moves Clause: Evasion moves are banned
|rule|Evasion Abilities Clause: Evasion abilities are banned
|rule|Sleep Moves Clause: Sleep-inducing moves are banned
|clearpoke
|poke|p1|Darkrai|
|poke|p1|Slowking-Galar, M|
|poke|p1|Kingambit, F|
|poke|p1|Great Tusk|
|poke|p1|Glimmora, F|
|poke|p1|Gholdengo|
|poke|p2|Iron Valiant|
|poke|p2|Tinkaton, F|
|poke|p2|Sinistcha|
|poke|p2|Great Tusk|
|poke|p2|Scizor, F|
|poke|p2|Slowbro, M|
|teampreview
|inactive|Battle timer is ON: inactive players will automatically lose when time's up. (requested by niloswan)
|inactive|Bill6pher also wants the timer to be on.
|inactive|niloswan has 120 seconds left.
|inactive|niloswan has 90 seconds left.
|
|t:|1757946538
|teamsize|p1|6
|teamsize|p2|6
|start
|switch|p1a: Gholdengo|Gholdengo|100/100
|switch|p2a: Sinistcha|Sinistcha|100/100
|turn|1
|
|t:|1757946545
|-terastallize|p2a: Sinistcha|Poison
|move|p1a: Gholdengo|Trick|p2a: Sinistcha
|-activate|p1a: Gholdengo|move: Trick|[of] p2a: Sinistcha
|-item|p2a: Sinistcha|Choice Scarf|[from] move: Trick
|-item|p1a: Gholdengo|Leftovers|[from] move: Trick
|move|p2a: Sinistcha|Calm Mind|p2a: Sinistcha
|-boost|p2a: Sinistcha|spa|1
|-boost|p2a: Sinistcha|spd|1
|
|upkeep
|turn|2
|c|☆Bill6pher|jte dis non
|c|☆niloswan|j'ai bien compris
|c|☆niloswan|la DA
|c|☆Bill6pher|da ??
|
|t:|1757946573
|switch|p2a: Scizor|Scizor, F|100/100
|move|p1a: Gholdengo|Shadow Ball|p2a: Scizor
|-damage|p2a: Scizor|49/100
|
|upkeep
|turn|3
|c|☆niloswan|la meta
|inactive|niloswan has 120 seconds left.
|
|t:|1757946601
|switch|p2a: Sinistcha|Sinistcha, tera:Poison|100/100
|move|p1a: Gholdengo|Shadow Ball|p2a: Sinistcha
|-damage|p2a: Sinistcha|50/100
|
|upkeep
|turn|4
|
|t:|1757946608
|move|p1a: Gholdengo|Shadow Ball|p2a: Sinistcha
|-damage|p2a: Sinistcha|0 fnt
|faint|p2a: Sinistcha
|
|upkeep
|
|t:|1757946614
|switch|p2a: Great Tusk|Great Tusk|100/100
|-enditem|p2a: Great Tusk|Booster Energy
|-activate|p2a: Great Tusk|ability: Protosynthesis|[fromitem]
|-start|p2a: Great Tusk|protosynthesisatk
|turn|5
|inactive|niloswan has 120 seconds left.
|
|t:|1757946623
|switch|p1a: Great Tusk|Great Tusk|100/100
|move|p2a: Great Tusk|Headlong Rush|p1a: Great Tusk
|-damage|p1a: Great Tusk|63/100
|-unboost|p2a: Great Tusk|def|1
|-unboost|p2a: Great Tusk|spd|1
|
|-heal|p1a: Great Tusk|69/100|[from] item: Leftovers
|upkeep
|turn|6
|
|t:|1757946632
|move|p2a: Great Tusk|Ice Spinner|p1a: Great Tusk
|-supereffective|p1a: Great Tusk
|-damage|p1a: Great Tusk|34/100
|move|p1a: Great Tusk|Earthquake|p2a: Great Tusk
|-damage|p2a: Great Tusk|55/100
|
|-heal|p1a: Great Tusk|40/100|[from] item: Leftovers
|upkeep
|turn|7
|
|t:|1757946639
|-end|p2a: Great Tusk|Protosynthesis|[silent]
|switch|p2a: Slowbro|Slowbro, M|100/100
|move|p1a: Great Tusk|Stealth Rock|p2a: Slowbro
|-sidestart|p2: niloswan|move: Stealth Rock
|
|-heal|p1a: Great Tusk|46/100|[from] item: Leftovers
|upkeep
|turn|8
|
|t:|1757946650
|-end|p1a: Great Tusk|Protosynthesis|[silent]
|switch|p1a: Slowking|Slowking-Galar, M|100/100
|move|p2a: Slowbro|Scald|p1a: Slowking
|-damage|p1a: Slowking|83/100
|
|upkeep
|turn|9
|
|t:|1757946658
|move|p2a: Slowbro|Calm Mind|p2a: Slowbro
|-boost|p2a: Slowbro|spa|1
|-boost|p2a: Slowbro|spd|1
|-prepare|p1a: Slowking|Chilly Reception|[premajor]
|move|p1a: Slowking|Chilly Reception|p1a: Slowking
|-weather|Snowscape
|
|t:|1757946664
|switch|p1a: Kingambit|Kingambit, F|100/100|[from] Chilly Reception
|
|-weather|Snowscape|[upkeep]
|upkeep
|turn|10
|c|☆niloswan|jss dans la merde
|c|☆Bill6pher|ah ba la
|c|☆Bill6pher|y'a pas dmiracle pour toi jcrois
|
|t:|1757946680
|move|p1a: Kingambit|Kowtow Cleave|p2a: Slowbro
|-supereffective|p2a: Slowbro
|-damage|p2a: Slowbro|35/100
|move|p2a: Slowbro|Scald|p1a: Kingambit
|-damage|p1a: Kingambit|59/100
|
|-weather|Snowscape|[upkeep]
|-heal|p2a: Slowbro|41/100|[from] item: Leftovers
|upkeep
|turn|11
|
|t:|1757946698
|switch|p2a: Great Tusk|Great Tusk|55/100
|-damage|p2a: Great Tusk|52/100|[from] Stealth Rock
|move|p1a: Kingambit|Kowtow Cleave|p2a: Great Tusk
|-resisted|p2a: Great Tusk
|-damage|p2a: Great Tusk|29/100
|
|-weather|Snowscape|[upkeep]
|upkeep
|turn|12
|
|t:|1757946712
|-end|p1a: Kingambit|fallenundefined|[silent]
|switch|p1a: Great Tusk|Great Tusk|46/100
|move|p2a: Great Tusk|Headlong Rush|p1a: Great Tusk
|-damage|p1a: Great Tusk|16/100
|-unboost|p2a: Great Tusk|def|1
|-unboost|p2a: Great Tusk|spd|1
|
|-weather|Snowscape|[upkeep]
|-heal|p1a: Great Tusk|22/100|[from] item: Leftovers
|upkeep
|turn|13
|
|t:|1757946722
|move|p2a: Great Tusk|Headlong Rush|p1a: Great Tusk
|-damage|p1a: Great Tusk|0 fnt
|-unboost|p2a: Great Tusk|def|1
|-unboost|p2a: Great Tusk|spd|1
|faint|p1a: Great Tusk
|-end|p1a: Great Tusk|Protosynthesis|[silent]
|
|-weather|none
|upkeep
|
|t:|1757946733
|switch|p1a: Gholdengo|Gholdengo|100/100
|turn|14
|c|☆niloswan|tera vol?
|c|☆Bill6pher|non
|
|t:|1757946747
|move|p2a: Great Tusk|Headlong Rush|p1a: Gholdengo
|-supereffective|p1a: Gholdengo
|-damage|p1a: Gholdengo|0 fnt
|-unboost|p2a: Great Tusk|def|1
|-unboost|p2a: Great Tusk|spd|1
|faint|p1a: Gholdengo
|
|upkeep
|c|☆niloswan|merci
|c|☆niloswan|c'est très sympa de ta part
|c|☆Bill6pher|np
|
|t:|1757946765
|switch|p1a: Darkrai|Darkrai|100/100
|turn|15
|
|t:|1757946774
|-end|p2a: Great Tusk|Protosynthesis|[silent]
|switch|p2a: Tinkaton|Tinkaton, F|100/100
|-damage|p2a: Tinkaton|94/100|[from] Stealth Rock
|-ability|p2a: Tinkaton|Mold Breaker
|-item|p2a: Tinkaton|Air Balloon
|move|p1a: Darkrai|Dark Pulse|p2a: Tinkaton
|-resisted|p2a: Tinkaton
|-damage|p2a: Tinkaton|75/100
|-enditem|p2a: Tinkaton|Air Balloon
|
|upkeep
|turn|16
|
|t:|1757946790
|switch|p1a: Slowking|Slowking-Galar, M|100/100
|move|p2a: Tinkaton|Thunder Wave|p1a: Slowking
|-status|p1a: Slowking|par
|
|upkeep
|turn|17
|
|t:|1757946796
|move|p2a: Tinkaton|Stealth Rock|p1a: Slowking
|-sidestart|p1: Bill6pher|move: Stealth Rock
|cant|p1a: Slowking|par
|
|upkeep
|turn|18
|inactive|niloswan has 120 seconds left.
|
|t:|1757946827
|switch|p2a: Slowbro|Slowbro, M|74/100
|-damage|p2a: Slowbro|61/100|[from] Stealth Rock
|cant|p1a: Slowking|par
|
|-heal|p2a: Slowbro|68/100|[from] item: Leftovers
|upkeep
|turn|19
|inactive|niloswan has 120 seconds left.
|
|t:|1757946841
|move|p2a: Slowbro|Calm Mind|p2a: Slowbro
|-boost|p2a: Slowbro|spa|1
|-boost|p2a: Slowbro|spd|1
|-prepare|p1a: Slowking|Chilly Reception|[premajor]
|move|p1a: Slowking|Chilly Reception|p1a: Slowking
|-weather|Snowscape
|
|t:|1757946853
|switch|p1a: Kingambit|Kingambit, F|59/100|[from] Chilly Reception
|-damage|p1a: Kingambit|53/100|[from] Stealth Rock
|-activate|p1a: Kingambit|ability: Supreme Overlord
|-start|p1a: Kingambit|fallen2|[silent]
|
|-weather|Snowscape|[upkeep]
|-heal|p2a: Slowbro|74/100|[from] item: Leftovers
|upkeep
|turn|20
|
|t:|1757946861
|move|p1a: Kingambit|Kowtow Cleave|p2a: Slowbro
|-supereffective|p2a: Slowbro
|-damage|p2a: Slowbro|0 fnt
|faint|p2a: Slowbro
|
|-weather|Snowscape|[upkeep]
|upkeep
|
|t:|1757946871
|switch|p2a: Great Tusk|Great Tusk|29/100
|-damage|p2a: Great Tusk|26/100|[from] Stealth Rock
|turn|21
|
|t:|1757946879
|move|p1a: Kingambit|Sucker Punch|p2a: Great Tusk
|-resisted|p2a: Great Tusk
|-damage|p2a: Great Tusk|5/100
|move|p2a: Great Tusk|Headlong Rush|p1a: Kingambit
|-supereffective|p1a: Kingambit
|-damage|p1a: Kingambit|0 fnt
|-unboost|p2a: Great Tusk|def|1
|-unboost|p2a: Great Tusk|spd|1
|faint|p1a: Kingambit
|-end|p1a: Kingambit|fallen2|[silent]
|
|-weather|Snowscape|[upkeep]
|upkeep
|-message|Bill6pher forfeited.
|
|win|niloswan
|raw|Bill6pher's rating: 1446 &rarr; <strong>1426</strong><br />(-20 for losing)
|raw|niloswan's rating: 1452 &rarr; <strong>1472</strong><br />(+20 for winning)
|l|☆Bill6pher
|player|p1|
|c|☆niloswan|je remonte la pente
|c|☆niloswan|gg
|l|☆niloswan
|player|p2|
