|j|☆doomfletch
|j|☆Poupoule07
|t:|1757938513
|gametype|singles
|player|p1|doomfletch|101|1282
|player|p2|Poupoule07|265|1306
|gen|9
|tier|[Gen 9] OU
|rated|
|rule|HP Percentage Mod: HP is shown in percentages
|rule|Endless Battle Clause: Forcing endless battles is banned
|rule|Species Clause: Limit one of each Pokémon
|rule|OHKO Clause: OHKO moves are banned
|rule|Evasion Items Clause: Evasion items are banned
|rule|Evasion Moves Clause: Evasion moves are banned
|rule|Evasion Abilities Clause: Evasion abilities are banned
|rule|Sleep Moves Clause: Sleep-inducing moves are banned
|clearpoke
|poke|p1|Slowking-Galar, M|
|poke|p1|Great Tusk|
|poke|p1|Hydreigon, M|
|poke|p1|Skarmory, F|
|poke|p1|Raikou|
|poke|p1|Crawdaunt, F|
|poke|p2|Manaphy|
|poke|p2|Glimmora, F|
|poke|p2|Enamorus, F|
|poke|p2|Dragapult, M|
|poke|p2|Kingambit, F|
|poke|p2|Iron Moth|
|teampreview
|
|t:|1757938526
|teamsize|p1|6
|teamsize|p2|6
|start
|switch|p1a: Raikou|Raikou|100/100
|switch|p2a: Manaphy|Manaphy|100/100
|turn|1
|
|t:|1757938542
|switch|p2a: Dragapult|Dragapult, M|100/100
|move|p1a: Raikou|Thunderbolt|p2a: Dragapult
|-resisted|p2a: Dragapult
|-crit|p2a: Dragapult
|-damage|p2a: Dragapult|55/100
|
|upkeep
|turn|2
|
|t:|1757938556
|move|p2a: Dragapult|Dragon Dance|p2a: Dragapult
|-boost|p2a: Dragapult|atk|1
|-boost|p2a: Dragapult|spe|1
|move|p1a: Raikou|Thunderbolt|p2a: Dragapult
|-resisted|p2a: Dragapult
|-damage|p2a: Dragapult|28/100
|
|upkeep
|turn|3
|
|t:|1757938569
|switch|p1a: Skarmory|Skarmory, F|100/100
|move|p2a: Dragapult|Dragon Darts|p1a: Skarmory
|-resisted|p1a: Skarmory
|-damage|p1a: Skarmory|87/100
|-ability|p1a: Skarmory|Weak Armor|boost
|-unboost|p1a: Skarmory|def|1
|-boost|p1a: Skarmory|spe|2
|-anim|p2a: Dragapult|Dragon Darts|p1a: Skarmory
|-resisted|p1a: Skarmory
|-damage|p1a: Skarmory|66/100
|-ability|p1a: Skarmory|Weak Armor|boost
|-unboost|p1a: Skarmory|def|1
|-boost|p1a: Skarmory|spe|2
|
|upkeep
|turn|4
|
|t:|1757938588
|move|p2a: Dragapult|Dragon Darts|p1a: Skarmory
|-resisted|p1a: Skarmory
|-damage|p1a: Skarmory|37/100
|-ability|p1a: Skarmory|Weak Armor|boost
|-unboost|p1a: Skarmory|def|1
|-boost|p1a: Skarmory|spe|2
|-anim|p2a: Dragapult|Dragon Darts|p1a: Skarmory
|-resisted|p1a: Skarmory
|-damage|p1a: Skarmory|3/100
|-ability|p1a: Skarmory|Weak Armor|boost
|-unboost|p1a: Skarmory|def|1
|move|p1a: Skarmory|Roost|p1a: Skarmory
|-heal|p1a: Skarmory|53/100
|-singleturn|p1a: Skarmory|move: Roost
|
|upkeep
|turn|5
|
|t:|1757938604
|move|p1a: Skarmory|Brave Bird|p2a: Dragapult
|-damage|p2a: Dragapult|0 fnt
|faint|p2a: Dragapult
|-damage|p1a: Skarmory|44/100|[from] Recoil
|
|upkeep
|
|t:|1757938612
|switch|p2a: Kingambit|Kingambit, F|100/100
|-activate|p2a: Kingambit|ability: Supreme Overlord
|-start|p2a: Kingambit|fallen1|[silent]
|turn|6
|
|t:|1757938618
|switch|p1a: Great Tusk|Great Tusk|100/100
|move|p2a: Kingambit|Sucker Punch||[still]
|-fail|p2a: Kingambit
|
|upkeep
|turn|7
|
|t:|1757938625
|-end|p2a: Kingambit|fallen1|[silent]
|switch|p2a: Glimmora|Glimmora, F|100/100
|move|p1a: Great Tusk|Stealth Rock|p2a: Glimmora
|-sidestart|p2: Poupoule07|move: Stealth Rock
|
|upkeep
|turn|8
|
|t:|1757938631
|move|p2a: Glimmora|Mortal Spin|p1a: Great Tusk
|-resisted|p1a: Great Tusk
|-damage|p1a: Great Tusk|99/100
|-status|p1a: Great Tusk|psn
|-sideend|p2: Poupoule07|Stealth Rock|[from] move: Mortal Spin|[of] p2a: Glimmora
|move|p1a: Great Tusk|Earthquake|p2a: Glimmora
|-supereffective|p2a: Glimmora
|-enditem|p2a: Glimmora|Focus Sash
|-damage|p2a: Glimmora|1/100
|-activate|p2a: Glimmora|ability: Toxic Debris
|-sidestart|p1: doomfletch|move: Toxic Spikes
|
|-heal|p1a: Great Tusk|100/100 psn|[from] item: Leftovers
|-damage|p1a: Great Tusk|88/100 psn|[from] psn
|upkeep
|turn|9
|
|t:|1757938660
|move|p2a: Glimmora|Earth Power|p1a: Great Tusk
|-damage|p1a: Great Tusk|50/100 psn
|move|p1a: Great Tusk|Rapid Spin|p2a: Glimmora
|-resisted|p2a: Glimmora
|-damage|p2a: Glimmora|0 fnt
|-boost|p1a: Great Tusk|spe|1
|-activate|p2a: Glimmora|ability: Toxic Debris
|-sidestart|p1: doomfletch|move: Toxic Spikes
|-sideend|p1: doomfletch|Toxic Spikes|[from] move: Rapid Spin|[of] p1a: Great Tusk
|faint|p2a: Glimmora
|
|-heal|p1a: Great Tusk|56/100 psn|[from] item: Leftovers
|-damage|p1a: Great Tusk|44/100 psn|[from] psn
|upkeep
|
|t:|1757938674
|switch|p2a: Enamorus|Enamorus, F|100/100
|turn|10
|
|t:|1757938692
|switch|p2a: Iron Moth|Iron Moth|100/100
|-enditem|p2a: Iron Moth|Booster Energy
|-activate|p2a: Iron Moth|ability: Quark Drive|[fromitem]
|-start|p2a: Iron Moth|quarkdrivespe
|move|p1a: Great Tusk|Stealth Rock|p2a: Iron Moth
|-sidestart|p2: Poupoule07|move: Stealth Rock
|
|-heal|p1a: Great Tusk|50/100 psn|[from] item: Leftovers
|-damage|p1a: Great Tusk|38/100 psn|[from] psn
|upkeep
|turn|11
|
|t:|1757938706
|move|p2a: Iron Moth|Fiery Dance|p1a: Great Tusk
|-damage|p1a: Great Tusk|0 fnt
|-boost|p2a: Iron Moth|spa|1
|faint|p1a: Great Tusk
|-end|p1a: Great Tusk|Protosynthesis|[silent]
|
|upkeep
|
|t:|1757938711
|switch|p1a: Slowking|Slowking-Galar, M|100/100
|turn|12
|
|t:|1757938716
|move|p2a: Iron Moth|Substitute|p2a: Iron Moth
|-start|p2a: Iron Moth|Substitute
|-damage|p2a: Iron Moth|76/100
|move|p1a: Slowking|Psyshock|p2a: Iron Moth
|-supereffective|p2a: Iron Moth
|-end|p2a: Iron Moth|Substitute
|
|upkeep
|turn|13
|
|t:|1757938726
|-end|p2a: Iron Moth|Quark Drive|[silent]
|switch|p2a: Kingambit|Kingambit, F|100/100
|-damage|p2a: Kingambit|94/100|[from] Stealth Rock
|-activate|p2a: Kingambit|ability: Supreme Overlord
|-start|p2a: Kingambit|fallen2|[silent]
|move|p1a: Slowking|Psyshock|p2a: Kingambit
|-immune|p2a: Kingambit
|
|upkeep
|turn|14
|
|t:|1757938736
|move|p2a: Kingambit|Kowtow Cleave|p1a: Slowking
|-supereffective|p1a: Slowking
|-damage|p1a: Slowking|0 fnt
|faint|p1a: Slowking
|
|upkeep
|
|t:|1757938742
|switch|p1a: Crawdaunt|Crawdaunt, F|100/100
|turn|15
|
|t:|1757938762
|move|p2a: Kingambit|Sucker Punch|p1a: Crawdaunt
|-resisted|p1a: Crawdaunt
|-damage|p1a: Crawdaunt|56/100
|move|p1a: Crawdaunt|Knock Off|p2a: Kingambit
|-resisted|p2a: Kingambit
|-damage|p2a: Kingambit|59/100
|-enditem|p2a: Kingambit|Black Glasses|[from] move: Knock Off|[of] p1a: Crawdaunt
|
|upkeep
|turn|16
|
|t:|1757938771
|switch|p1a: Raikou|Raikou|100/100
|move|p2a: Kingambit|Kowtow Cleave|p1a: Raikou
|-damage|p1a: Raikou|25/100
|
|upkeep
|turn|17
|
|t:|1757938779
|switch|p1a: Crawdaunt|Crawdaunt, F|56/100
|move|p2a: Kingambit|Sucker Punch||[still]
|-fail|p2a: Kingambit
|
|upkeep
|turn|18
|
|t:|1757938785
|move|p1a: Crawdaunt|Crabhammer|p2a: Kingambit
|-damage|p2a: Kingambit|0 fnt
|faint|p2a: Kingambit
|-end|p2a: Kingambit|fallen2|[silent]
|
|upkeep
|
|t:|1757938793
|switch|p2a: Enamorus|Enamorus, F|100/100
|-damage|p2a: Enamorus|76/100|[from] Stealth Rock
|turn|19
|
|t:|1757938799
|switch|p1a: Skarmory|Skarmory, F|44/100
|move|p2a: Enamorus|Moonblast|p1a: Skarmory
|-resisted|p1a: Skarmory
|-damage|p1a: Skarmory|11/100
|
|-heal|p2a: Enamorus|82/100|[from] item: Leftovers
|upkeep
|turn|20
|
|t:|1757938809
|move|p2a: Enamorus|Substitute|p2a: Enamorus
|-start|p2a: Enamorus|Substitute
|-damage|p2a: Enamorus|57/100
|move|p1a: Skarmory|Brave Bird|p2a: Enamorus
|-end|p2a: Enamorus|Substitute
|-damage|p1a: Skarmory|4/100|[from] Recoil|[of] p2a: Enamorus
|
|-heal|p2a: Enamorus|63/100|[from] item: Leftovers
|upkeep
|turn|21
|c|☆doomfletch|whats the logic there
|
|t:|1757938826
|move|p2a: Enamorus|Moonblast|p1a: Skarmory
|-resisted|p1a: Skarmory
|-damage|p1a: Skarmory|0 fnt
|faint|p1a: Skarmory
|
|-heal|p2a: Enamorus|69/100|[from] item: Leftovers
|upkeep
|
|t:|1757938832
|switch|p1a: Raikou|Raikou|25/100
|turn|22
|
|t:|1757938855
|-terastallize|p2a: Enamorus|Steel
|move|p1a: Raikou|Volt Switch|p2a: Enamorus
|-damage|p2a: Enamorus|19/100
|
|t:|1757938863
|switch|p1a: Hydreigon|Hydreigon, M|100/100|[from] Volt Switch
|move|p2a: Enamorus|Moonblast|p1a: Hydreigon
|-supereffective|p1a: Hydreigon
|-damage|p1a: Hydreigon|0 fnt
|faint|p1a: Hydreigon
|
|-heal|p2a: Enamorus|25/100|[from] item: Leftovers
|upkeep
|
|t:|1757938870
|switch|p1a: Raikou|Raikou|25/100
|turn|23
|
|t:|1757938884
|move|p1a: Raikou|Volt Switch|p2a: Enamorus
|-damage|p2a: Enamorus|0 fnt
|faint|p2a: Enamorus
|
|t:|1757938887
|switch|p1a: Crawdaunt|Crawdaunt, F|56/100|[from] Volt Switch
|
|upkeep
|
|t:|1757938892
|switch|p2a: Manaphy|Manaphy|100/100
|-damage|p2a: Manaphy|88/100|[from] Stealth Rock
|turn|24
|
|t:|1757938900
|move|p2a: Manaphy|Energy Ball|p1a: Crawdaunt
|-supereffective|p1a: Crawdaunt
|-damage|p1a: Crawdaunt|0 fnt
|faint|p1a: Crawdaunt
|
|-heal|p2a: Manaphy|94/100|[from] item: Leftovers
|upkeep
|-message|doomfletch forfeited.
|
|win|Poupoule07
|raw|doomfletch's rating: 1282 &rarr; <strong>1259</strong><br />(-23 for losing)
|raw|Poupoule07's rating: 1306 &rarr; <strong>1325</strong><br />(+19 for winning)
|l|☆doomfletch
|player|p1|
|l|☆Poupoule07
|player|p2|
