|j|☆imgodslayer
|j|☆imprisonpaulgeorge
|t:|1757867231
|gametype|singles
|player|p1|imgodslayer|benga|1431
|player|p2|imprisonpaulgeorge|102|1466
|gen|9
|tier|[Gen 9] OU
|rated|
|rule|HP Percentage Mod: HP is shown in percentages
|rule|Endless Battle Clause: Forcing endless battles is banned
|rule|Species Clause: Limit one of each Pokémon
|rule|OHKO Clause: OHKO moves are banned
|rule|Evasion Items Clause: Evasion items are banned
|rule|Evasion Moves Clause: Evasion moves are banned
|rule|Evasion Abilities Clause: Evasion abilities are banned
|rule|Sleep Moves Clause: Sleep-inducing moves are banned
|clearpoke
|poke|p1|Araquanid, F|
|poke|p1|Pelipper, M|
|poke|p1|Raging Bolt|
|poke|p1|Great Tusk|
|poke|p1|Poliwrath, M|
|poke|p1|Goodra-Hisui, F|
|poke|p2|Heatran, M|
|poke|p2|Rillaboom, M|
|poke|p2|Ogerpon-Wellspring, F|
|poke|p2|Dragapult, M|
|poke|p2|Great Tusk|
|poke|p2|Bronzong|
|teampreview
|inactive|Battle timer is ON: inactive players will automatically lose when time's up. (requested by imgodslayer)
|
|t:|1757867241
|teamsize|p1|6
|teamsize|p2|6
|start
|switch|p1a: Pelipper|Pelipper, M|100/100
|switch|p2a: Starlink|Bronzong, shiny|100/100
|-weather|RainDance|[from] ability: Drizzle|[of] p1a: Pelipper
|turn|1
|
|t:|1757867244
|move|p1a: Pelipper|Weather Ball|p2a: Starlink
|-damage|p2a: Starlink|38/100
|move|p2a: Starlink|Stealth Rock|p1a: Pelipper
|-sidestart|p1: imgodslayer|move: Stealth Rock
|
|-weather|RainDance|[upkeep]
|upkeep
|turn|2
|
|t:|1757867252
|move|p1a: Pelipper|Weather Ball|p2a: Starlink
|-damage|p2a: Starlink|0 fnt
|faint|p2a: Starlink
|
|-weather|RainDance|[upkeep]
|upkeep
|
|t:|1757867255
|switch|p2a: Starscream|Dragapult, M|100/100
|turn|3
|
|t:|1757867264
|switch|p2a: Starburst|Great Tusk|100/100
|switch|p1a: Goodra|Goodra-Hisui, F|100/100
|-damage|p1a: Goodra|94/100|[from] Stealth Rock
|
|-weather|RainDance|[upkeep]
|upkeep
|turn|4
|
|t:|1757867272
|switch|p1a: Great Tusk|Great Tusk|100/100
|-damage|p1a: Great Tusk|98/100|[from] Stealth Rock
|move|p2a: Starburst|Close Combat|p1a: Great Tusk
|-damage|p1a: Great Tusk|61/100
|-unboost|p2a: Starburst|def|1
|-unboost|p2a: Starburst|spd|1
|-damage|p2a: Starburst|84/100|[from] item: Rocky Helmet|[of] p1a: Great Tusk
|
|-weather|RainDance|[upkeep]
|upkeep
|turn|5
|
|t:|1757867277
|-end|p2a: Starburst|Protosynthesis|[silent]
|switch|p2a: Starscream|Dragapult, M|100/100
|move|p1a: Great Tusk|Stealth Rock|p2a: Starscream
|-sidestart|p2: imprisonpaulgeorge|move: Stealth Rock
|
|-weather|RainDance|[upkeep]
|upkeep
|turn|6
|
|t:|1757867281
|move|p2a: Starscream|Draco Meteor|p1a: Great Tusk
|-damage|p1a: Great Tusk|0 fnt
|-unboost|p2a: Starscream|spa|2
|faint|p1a: Great Tusk
|-end|p1a: Great Tusk|Protosynthesis|[silent]
|
|-weather|RainDance|[upkeep]
|upkeep
|
|t:|1757867287
|switch|p1a: Raging Bolt|Raging Bolt|100/100
|-damage|p1a: Raging Bolt|88/100|[from] Stealth Rock
|-enditem|p1a: Raging Bolt|Booster Energy
|-activate|p1a: Raging Bolt|ability: Protosynthesis|[fromitem]
|-start|p1a: Raging Bolt|protosynthesisspa
|turn|7
|
|t:|1757867292
|switch|p2a: Starblaze|Heatran, M|100/100
|-damage|p2a: Starblaze|88/100|[from] Stealth Rock
|move|p1a: Raging Bolt|Dragon Pulse|p2a: Starblaze
|-resisted|p2a: Starblaze
|-damage|p2a: Starblaze|68/100
|
|-weather|RainDance|[upkeep]
|-heal|p2a: Starblaze|74/100|[from] item: Leftovers
|upkeep
|turn|8
|
|t:|1757867306
|switch|p2a: Starscream|Dragapult, M|100/100
|-damage|p2a: Starscream|88/100|[from] Stealth Rock
|move|p1a: Raging Bolt|Thunder|p2a: Starscream
|-resisted|p2a: Starscream
|-damage|p2a: Starscream|27/100
|-status|p2a: Starscream|par
|
|-weather|none
|upkeep
|turn|9
|-message|imprisonpaulgeorge forfeited.
|
|win|imgodslayer
|raw|imgodslayer's rating: 1431 &rarr; <strong>1453</strong><br />(+22 for winning)
|raw|imprisonpaulgeorge's rating: 1466 &rarr; <strong>1444</strong><br />(-22 for losing)
|l|☆imprisonpaulgeorge
|player|p2|
|l|☆imgodslayer
|player|p1|
