|j|☆dvdegvedgebed
|j|☆Tub Of Mayonnaise
|t:|1757903141
|gametype|singles
|player|p1|dvdegvedgebed|170|1119
|player|p2|Tub Of Mayonnaise|clown|1125
|gen|9
|tier|[Gen 9] OU
|rated|
|rule|HP Percentage Mod: HP is shown in percentages
|rule|Endless Battle Clause: Forcing endless battles is banned
|rule|Species Clause: Limit one of each Pokémon
|rule|OHKO Clause: OHKO moves are banned
|rule|Evasion Items Clause: Evasion items are banned
|rule|Evasion Moves Clause: Evasion moves are banned
|rule|Evasion Abilities Clause: Evasion abilities are banned
|rule|Sleep Moves Clause: Sleep-inducing moves are banned
|clearpoke
|poke|p1|Cacturne, F|
|poke|p1|Arbok, M|
|poke|p1|Regice|
|poke|p1|Lucario, M|
|poke|p1|Oricorio-Pom-Pom, F|
|poke|p1|Sableye, M|
|poke|p2|Ogerpon-Wellspring, F|
|poke|p2|Gholdengo|
|poke|p2|Rillaboom, M|
|poke|p2|Landorus-Therian, M|
|poke|p2|Zamazenta-*|
|poke|p2|Hatterene, F|
|teampreview
|
|t:|1757903162
|teamsize|p1|6
|teamsize|p2|6
|start
|switch|p1a: Regice|Regice|100/100
|switch|p2a: Rillaboom|Rillaboom, M|100/100
|-fieldstart|move: Grassy Terrain|[from] ability: Grassy Surge|[of] p2a: Rillaboom
|turn|1
|
|t:|1757903170
|switch|p1a: Sableye|Sableye, M|100/100
|move|p2a: Rillaboom|U-turn|p1a: Sableye
|-damage|p1a: Sableye|48/100
|
|t:|1757903181
|switch|p2a: Gholdengo|Gholdengo|100/100|[from] U-turn
|-enditem|p2a: Gholdengo|Grassy Seed
|-boost|p2a: Gholdengo|def|1|[from] item: Grassy Seed
|
|-heal|p1a: Sableye|54/100|[from] Grassy Terrain
|-heal|p1a: Sableye|60/100|[from] item: Leftovers
|upkeep
|turn|2
|inactive|Battle timer is ON: inactive players will automatically lose when time's up. (requested by Tub Of Mayonnaise)
|
|t:|1757903192
|switch|p1a: Arbok|Arbok, M|100/100
|-ability|p1a: Arbok|Intimidate|boost
|-unboost|p2a: Gholdengo|atk|1
|move|p2a: Gholdengo|Make It Rain|p1a: Arbok
|-damage|p1a: Arbok|18/100
|-unboost|p2a: Gholdengo|spa|1
|
|-heal|p1a: Arbok|24/100|[from] Grassy Terrain
|-heal|p1a: Arbok|30/100|[from] item: Black Sludge
|upkeep
|turn|3
|
|t:|1757903201
|switch|p1a: Lucario|Lucario, M|100/100
|move|p2a: Gholdengo|Make It Rain|p1a: Lucario
|-resisted|p1a: Lucario
|-damage|p1a: Lucario|74/100
|-unboost|p2a: Gholdengo|spa|1
|
|-heal|p1a: Lucario|80/100|[from] Grassy Terrain
|upkeep
|turn|4
|
|t:|1757903214
|switch|p2a: Landorus|Landorus-Therian, M|100/100
|-ability|p2a: Landorus|Intimidate|boost
|-unboost|p1a: Lucario|atk|1
|move|p1a: Lucario|Swords Dance|p1a: Lucario
|-boost|p1a: Lucario|atk|2
|
|-heal|p1a: Lucario|86/100|[from] Grassy Terrain
|upkeep
|turn|5
|
|t:|1757903222
|move|p2a: Landorus|Earth Power|p1a: Lucario
|-supereffective|p1a: Lucario
|-damage|p1a: Lucario|2/100
|move|p1a: Lucario|Swords Dance|p1a: Lucario
|-boost|p1a: Lucario|atk|2
|
|-heal|p1a: Lucario|8/100|[from] Grassy Terrain
|-fieldend|move: Grassy Terrain
|upkeep
|turn|6
|
|t:|1757903231
|move|p1a: Lucario|Extreme Speed|p2a: Landorus
|-damage|p2a: Landorus|14/100
|-damage|p1a: Lucario|0 fnt|[from] item: Rocky Helmet|[of] p2a: Landorus
|faint|p1a: Lucario
|move|p2a: Landorus|Stealth Rock|p1: Lucario
|-sidestart|p1: dvdegvedgebed|move: Stealth Rock
|
|upkeep
|
|t:|1757903237
|switch|p1a: Oricorio|Oricorio-Pom-Pom, F|100/100
|turn|7
|
|t:|1757903244
|move|p2a: Landorus|Taunt|p1a: Oricorio
|-start|p1a: Oricorio|move: Taunt
|cant|p1a: Oricorio|move: Taunt|Defog
|
|upkeep
|turn|8
|
|t:|1757903256
|switch|p2a: Rillaboom|Rillaboom, M|100/100
|-fieldstart|move: Grassy Terrain|[from] ability: Grassy Surge|[of] p2a: Rillaboom
|move|p1a: Oricorio|Icy Wind|p2a: Rillaboom
|-supereffective|p2a: Rillaboom
|-damage|p2a: Rillaboom|61/100
|-unboost|p2a: Rillaboom|spe|1
|
|-heal|p2a: Rillaboom|67/100|[from] Grassy Terrain
|upkeep
|turn|9
|
|t:|1757903266
|switch|p2a: Hatterene|Hatterene, F|100/100
|move|p1a: Oricorio|Air Slash|p2a: Hatterene
|-damage|p2a: Hatterene|80/100
|
|-heal|p2a: Hatterene|86/100|[from] Grassy Terrain
|-end|p1a: Oricorio|move: Taunt
|upkeep
|turn|10
|
|t:|1757903278
|move|p1a: Oricorio|Defog|p2a: Hatterene
|move|p2a: Hatterene|Defog|p1a: Oricorio|[from] ability: Magic Bounce
|-unboost|p1a: Oricorio|evasion|1
|-sideend|p1: dvdegvedgebed|Stealth Rock|[from] move: Defog|[of] p2a: Hatterene
|-fieldend|move: Grassy Terrain
|move|p2a: Hatterene|Mystical Fire|p1a: Oricorio
|-damage|p1a: Oricorio|67/100
|-unboost|p1a: Oricorio|spa|1
|
|upkeep
|turn|11
|
|t:|1757903287
|switch|p1a: Sableye|Sableye, M|60/100
|move|p2a: Hatterene|Draining Kiss|p1a: Sableye
|-supereffective|p1a: Sableye
|-damage|p1a: Sableye|4/100
|-heal|p2a: Hatterene|100/100|[from] drain|[of] p1a: Sableye
|
|-heal|p1a: Sableye|11/100|[from] item: Leftovers
|upkeep
|turn|12
|
|t:|1757903303
|move|p1a: Sableye|Recover|p1a: Sableye
|-heal|p1a: Sableye|61/100
|move|p2a: Hatterene|Draining Kiss|p1a: Sableye
|-supereffective|p1a: Sableye
|-damage|p1a: Sableye|3/100
|
|-heal|p1a: Sableye|10/100|[from] item: Leftovers
|upkeep
|turn|13
|
|t:|1757903310
|switch|p1a: Arbok|Arbok, M|30/100
|-ability|p1a: Arbok|Intimidate|boost
|-unboost|p2a: Hatterene|atk|1
|move|p2a: Hatterene|Draining Kiss|p1a: Arbok
|-resisted|p1a: Arbok
|-damage|p1a: Arbok|14/100
|
|-heal|p1a: Arbok|20/100|[from] item: Black Sludge
|upkeep
|turn|14
|
|t:|1757903321
|switch|p1a: Cacturne|Cacturne, F|100/100
|switch|p2a: Gholdengo|Gholdengo|100/100
|
|upkeep
|turn|15
|
|t:|1757903329
|switch|p2a: Rillaboom|Rillaboom, M|67/100
|-fieldstart|move: Grassy Terrain|[from] ability: Grassy Surge|[of] p2a: Rillaboom
|move|p1a: Cacturne|Dark Pulse|p2a: Rillaboom
|-damage|p2a: Rillaboom|8/100
|
|-heal|p2a: Rillaboom|15/100|[from] Grassy Terrain
|upkeep
|turn|16
|
|t:|1757903338
|move|p1a: Cacturne|Spiky Shield|p1a: Cacturne
|-singleturn|p1a: Cacturne|move: Protect
|move|p2a: Rillaboom|U-turn|p1a: Cacturne
|-activate|p1a: Cacturne|move: Protect
|-damage|p2a: Rillaboom|2/100|[from] Spiky Shield|[of] p1a: Cacturne
|
|-heal|p2a: Rillaboom|8/100|[from] Grassy Terrain
|upkeep
|turn|17
|
|t:|1757903348
|switch|p1a: Arbok|Arbok, M|20/100
|-ability|p1a: Arbok|Intimidate|boost
|-unboost|p2a: Rillaboom|atk|1
|move|p2a: Rillaboom|U-turn|p1a: Arbok
|-resisted|p1a: Arbok
|-damage|p1a: Arbok|3/100
|
|t:|1757903354
|switch|p2a: Landorus|Landorus-Therian, M|14/100|[from] U-turn
|-ability|p2a: Landorus|Intimidate|boost
|-unboost|p1a: Arbok|atk|1
|
|-heal|p1a: Arbok|9/100|[from] Grassy Terrain
|-heal|p1a: Arbok|15/100|[from] item: Black Sludge
|upkeep
|turn|18
|
|t:|1757903359
|switch|p1a: Oricorio|Oricorio-Pom-Pom, F|67/100
|move|p2a: Landorus|Stealth Rock|p1a: Oricorio
|-sidestart|p1: dvdegvedgebed|move: Stealth Rock
|
|upkeep
|turn|19
|
|t:|1757903364
|move|p2a: Landorus|Taunt|p1a: Oricorio
|-start|p1a: Oricorio|move: Taunt
|move|p1a: Oricorio|Icy Wind|p2a: Landorus
|-supereffective|p2a: Landorus
|-damage|p2a: Landorus|0 fnt
|faint|p2a: Landorus
|
|-fieldend|move: Grassy Terrain
|upkeep
|
|t:|1757903377
|switch|p2a: Gholdengo|Gholdengo|100/100
|turn|20
|
|t:|1757903383
|switch|p1a: Sableye|Sableye, M|10/100
|-damage|p1a: Sableye|0 fnt|[from] Stealth Rock
|faint|p1a: Sableye
|move|p2a: Gholdengo|Shadow Ball|p1: Sableye|[notarget]
|-fail|p2a: Gholdengo
|
|upkeep
|
|t:|1757903386
|switch|p1a: Cacturne|Cacturne, F|100/100
|-damage|p1a: Cacturne|88/100|[from] Stealth Rock
|turn|21
|
|t:|1757903404
|switch|p2a: Rillaboom|Rillaboom, M|8/100
|-fieldstart|move: Grassy Terrain|[from] ability: Grassy Surge|[of] p2a: Rillaboom
|move|p1a: Cacturne|Energy Ball|p2a: Rillaboom
|-resisted|p2a: Rillaboom
|-damage|p2a: Rillaboom|0 fnt
|faint|p2a: Rillaboom
|
|-heal|p1a: Cacturne|94/100|[from] Grassy Terrain
|upkeep
|
|t:|1757903406
|switch|p2a: Ogerpon|Ogerpon-Wellspring, F|100/100
|turn|22
|
|t:|1757903411
|move|p2a: Ogerpon|Swords Dance|p2a: Ogerpon
|-boost|p2a: Ogerpon|atk|2
|move|p1a: Cacturne|Dark Pulse|p2a: Ogerpon
|-damage|p2a: Ogerpon|48/100
|
|-heal|p2a: Ogerpon|54/100|[from] Grassy Terrain
|-heal|p1a: Cacturne|99/100|[from] Grassy Terrain
|upkeep
|turn|23
|
|t:|1757903419
|switch|p1a: Arbok|Arbok, M|15/100
|-damage|p1a: Arbok|3/100|[from] Stealth Rock
|-ability|p1a: Arbok|Intimidate|boost
|-unboost|p2a: Ogerpon|atk|1
|move|p2a: Ogerpon|Play Rough|p1a: Arbok
|-resisted|p1a: Arbok
|-damage|p1a: Arbok|0 fnt
|faint|p1a: Arbok
|
|-heal|p2a: Ogerpon|60/100|[from] Grassy Terrain
|upkeep
|
|t:|1757903425
|switch|p1a: Cacturne|Cacturne, F|99/100
|-damage|p1a: Cacturne|88/100|[from] Stealth Rock
|turn|24
|
|t:|1757903431
|move|p2a: Ogerpon|Play Rough|p1a: Cacturne|[miss]
|-miss|p2a: Ogerpon|p1a: Cacturne
|move|p1a: Cacturne|Dark Pulse|p2a: Ogerpon
|-damage|p2a: Ogerpon|8/100
|
|-heal|p2a: Ogerpon|14/100|[from] Grassy Terrain
|-heal|p1a: Cacturne|94/100|[from] Grassy Terrain
|upkeep
|turn|25
|
|t:|1757903436
|move|p1a: Cacturne|Spiky Shield|p1a: Cacturne
|-singleturn|p1a: Cacturne|move: Protect
|move|p2a: Ogerpon|Play Rough|p1a: Cacturne
|-activate|p1a: Cacturne|move: Protect
|-damage|p2a: Ogerpon|2/100|[from] Spiky Shield|[of] p1a: Cacturne
|
|-heal|p2a: Ogerpon|8/100|[from] Grassy Terrain
|-heal|p1a: Cacturne|99/100|[from] Grassy Terrain
|-fieldend|move: Grassy Terrain
|upkeep
|turn|26
|
|t:|1757903445
|move|p1a: Cacturne|Spiky Shield||[still]
|-fail|p1a: Cacturne
|move|p2a: Ogerpon|Play Rough|p1a: Cacturne|[miss]
|-miss|p2a: Ogerpon|p1a: Cacturne
|
|upkeep
|turn|27
|
|t:|1757903450
|move|p1a: Cacturne|Spiky Shield|p1a: Cacturne
|-singleturn|p1a: Cacturne|move: Protect
|move|p2a: Ogerpon|Play Rough|p1a: Cacturne
|-activate|p1a: Cacturne|move: Protect
|-damage|p2a: Ogerpon|0 fnt|[from] Spiky Shield|[of] p1a: Cacturne
|faint|p2a: Ogerpon
|
|upkeep
|c|☆Tub Of Mayonnaise|lol
|
|t:|1757903461
|switch|p2a: Zamazenta|Zamazenta|100/100
|-ability|p2a: Zamazenta|Dauntless Shield|boost
|-boost|p2a: Zamazenta|def|1
|turn|28
|
|t:|1757903468
|move|p2a: Zamazenta|Body Press|p1a: Cacturne
|-supereffective|p1a: Cacturne
|-damage|p1a: Cacturne|0 fnt
|faint|p1a: Cacturne
|
|upkeep
|
|t:|1757903471
|switch|p1a: Oricorio|Oricorio-Pom-Pom, F|67/100
|turn|29
|
|t:|1757903478
|switch|p2a: Hatterene|Hatterene, F|100/100
|move|p1a: Oricorio|Revelation Dance|p2a: Hatterene
|-damage|p2a: Hatterene|77/100
|
|upkeep
|turn|30
|
|t:|1757903486
|switch|p1a: Regice|Regice|100/100
|-damage|p1a: Regice|76/100|[from] Stealth Rock
|move|p2a: Hatterene|Mystical Fire|p1a: Regice
|-supereffective|p1a: Regice
|-damage|p1a: Regice|50/100
|
|-heal|p1a: Regice|56/100|[from] item: Leftovers
|upkeep
|turn|31
|-message|dvdegvedgebed forfeited.
|
|win|Tub Of Mayonnaise
|raw|dvdegvedgebed's rating: 1119 &rarr; <strong>1094</strong><br />(-25 for losing)
|raw|Tub Of Mayonnaise's rating: 1125 &rarr; <strong>1150</strong><br />(+25 for winning)
|l|☆dvdegvedgebed
|player|p1|
|l|☆Tub Of Mayonnaise
|player|p2|
