|j|☆popswrong4laughing
|j|☆Noobsock
|t:|1757819118
|gametype|singles
|player|p1|popswrong4laughing|galacticgrunt|1471
|player|p2|Noobsock|drayden|1553
|gen|9
|tier|[Gen 9] OU
|rated|
|rule|HP Percentage Mod: HP is shown in percentages
|rule|Endless Battle Clause: Forcing endless battles is banned
|rule|Species Clause: Limit one of each Pokémon
|rule|OHKO Clause: OHKO moves are banned
|rule|Evasion Items Clause: Evasion items are banned
|rule|Evasion Moves Clause: Evasion moves are banned
|rule|Evasion Abilities Clause: Evasion abilities are banned
|rule|Sleep Moves Clause: Sleep-inducing moves are banned
|clearpoke
|poke|p1|Tornadus-Therian, M|
|poke|p1|Thundurus, M|
|poke|p1|Landorus-Therian, M|
|poke|p1|Entei|
|poke|p1|Suicune|
|poke|p1|Raging Bolt|
|poke|p2|Torkoal, M|
|poke|p2|Walking Wake|
|poke|p2|Raging Bolt|
|poke|p2|Ceruledge, F|
|poke|p2|Hatterene, F|
|poke|p2|Great Tusk|
|teampreview
|
|t:|1757819147
|teamsize|p1|6
|teamsize|p2|6
|start
|switch|p1a: Suicune|Suicune|100/100
|switch|p2a: Torkoal|Torkoal, M|100/100
|-ability|p1a: Suicune|Pressure
|-weather|SunnyDay|[from] ability: Drought|[of] p2a: Torkoal
|turn|1
|
|t:|1757819151
|move|p1a: Suicune|Calm Mind|p1a: Suicune
|-boost|p1a: Suicune|spa|1
|-boost|p1a: Suicune|spd|1
|move|p2a: Torkoal|Stealth Rock|p1a: Suicune
|-sidestart|p1: popswrong4laughing|move: Stealth Rock
|
|-weather|SunnyDay|[upkeep]
|upkeep
|turn|2
|
|t:|1757819153
|switch|p2a: Hatterene|Hatterene, F, shiny|100/100
|move|p1a: Suicune|Calm Mind|p1a: Suicune
|-boost|p1a: Suicune|spa|1
|-boost|p1a: Suicune|spd|1
|
|-weather|SunnyDay|[upkeep]
|upkeep
|turn|3
|
|t:|1757819155
|move|p1a: Suicune|Scald|p2a: Hatterene
|-damage|p2a: Hatterene|67/100
|-status|p2a: Hatterene|brn
|-enditem|p2a: Hatterene|Eject Button
|
|t:|1757819191
|switch|p2a: Raging Bolt|Raging Bolt|100/100
|-activate|p2a: Raging Bolt|ability: Protosynthesis
|-start|p2a: Raging Bolt|protosynthesisspa
|
|-weather|SunnyDay|[upkeep]
|upkeep
|turn|4
|
|t:|1757819193
|move|p1a: Suicune|Ice Beam|p2a: Raging Bolt
|-supereffective|p2a: Raging Bolt
|-damage|p2a: Raging Bolt|17/100
|move|p2a: Raging Bolt|Calm Mind|p2a: Raging Bolt
|-boost|p2a: Raging Bolt|spa|1
|-boost|p2a: Raging Bolt|spd|1
|
|-weather|SunnyDay|[upkeep]
|-heal|p2a: Raging Bolt|23/100|[from] item: Leftovers
|upkeep
|turn|5
|
|t:|1757819207
|-end|p2a: Raging Bolt|Protosynthesis|[silent]
|switch|p2a: Hatterene|Hatterene, F, shiny|67/100 brn
|move|p1a: Suicune|Ice Beam|p2a: Hatterene
|-damage|p2a: Hatterene|17/100 brn
|
|-weather|SunnyDay|[upkeep]
|-damage|p2a: Hatterene|11/100 brn|[from] brn
|upkeep
|turn|6
|
|t:|1757819209
|move|p1a: Suicune|Ice Beam|p2a: Hatterene
|-damage|p2a: Hatterene|0 fnt
|faint|p2a: Hatterene
|
|-weather|SunnyDay|[upkeep]
|upkeep
|
|t:|1757819213
|switch|p2a: Ceruledge|Ceruledge, F|100/100
|turn|7
|
|t:|1757819240
|-terastallize|p2a: Ceruledge|Fairy
|move|p2a: Ceruledge|Swords Dance|p2a: Ceruledge
|-boost|p2a: Ceruledge|atk|2
|move|p1a: Suicune|Scald|p2a: Ceruledge
|-damage|p2a: Ceruledge|61/100
|
|-weather|SunnyDay|[upkeep]
|upkeep
|turn|8
|
|t:|1757819247
|move|p1a: Suicune|Protect|p1a: Suicune
|-singleturn|p1a: Suicune|Protect
|move|p2a: Ceruledge|Poltergeist|p1a: Suicune
|-activate|p1a: Suicune|move: Protect
|
|-weather|none
|upkeep
|turn|9
|
|t:|1757819267
|move|p2a: Ceruledge|Poltergeist|p1a: Suicune
|-activate|p1a: Suicune|move: Poltergeist|Leftovers
|-damage|p1a: Suicune|9/100
|move|p1a: Suicune|Scald|p2a: Ceruledge
|-damage|p2a: Ceruledge|0 fnt
|faint|p2a: Ceruledge
|
|-heal|p1a: Suicune|15/100|[from] item: Leftovers
|upkeep
|-message|Noobsock forfeited.
|
|win|popswrong4laughing
|raw|popswrong4laughing's rating: 1471 &rarr; <strong>1496</strong><br />(+25 for winning)
|raw|Noobsock's rating: 1553 &rarr; <strong>1528</strong><br />(-25 for losing)
|l|☆Noobsock
|player|p2|
