|j|☆stel1c
|j|☆dboutin25
|t:|1757811755
|gametype|singles
|player|p1|stel1c|169|1124
|player|p2|dboutin25|2|1116
|gen|9
|tier|[Gen 9] OU
|rated|
|rule|HP Percentage Mod: HP is shown in percentages
|rule|Endless Battle Clause: Forcing endless battles is banned
|rule|Species Clause: Limit one of each Pokémon
|rule|OHKO Clause: OHKO moves are banned
|rule|Evasion Items Clause: Evasion items are banned
|rule|Evasion Moves Clause: Evasion moves are banned
|rule|Evasion Abilities Clause: Evasion abilities are banned
|rule|Sleep Moves Clause: Sleep-inducing moves are banned
|clearpoke
|poke|p1|Iron Treads|
|poke|p1|Darkrai|
|poke|p1|Sylveon, F|
|poke|p1|Slowking, M|
|poke|p1|Meowscarada, F|
|poke|p1|Garchomp, F|
|poke|p2|Hoopa-Unbound|
|poke|p2|Dragapult, M|
|poke|p2|Rotom-Wash|
|poke|p2|Iron Treads|
|poke|p2|Hydrapple, M|
|poke|p2|Magmortar, F|
|teampreview
|
|t:|1757811762
|teamsize|p1|6
|teamsize|p2|6
|start
|switch|p1a: Meowscarada|Meowscarada, F|100/100
|switch|p2a: Dragapult|Dragapult, M|100/100
|turn|1
|inactive|Battle timer is ON: inactive players will automatically lose when time's up. (requested by dboutin25)
|
|t:|1757811773
|move|p2a: Dragapult|Will-O-Wisp|p1a: Meowscarada
|-status|p1a: Meowscarada|brn
|move|p1a: Meowscarada|Flower Trick|p2a: Dragapult
|-start|p1a: Meowscarada|typechange|Grass|[from] ability: Protean
|-resisted|p2a: Dragapult
|-crit|p2a: Dragapult
|-damage|p2a: Dragapult|75/100
|
|-damage|p1a: Meowscarada|94/100 brn|[from] brn
|upkeep
|turn|2
|
|t:|1757811784
|switch|p1a: Iron Treads|Iron Treads|100/100
|-item|p1a: Iron Treads|Air Balloon
|move|p2a: Dragapult|U-turn|p1a: Iron Treads
|-resisted|p1a: Iron Treads
|-damage|p1a: Iron Treads|92/100
|-enditem|p1a: Iron Treads|Air Balloon
|
|t:|1757811796
|switch|p2a: Rotom|Rotom-Wash|100/100|[from] U-turn
|
|upkeep
|turn|3
|
|t:|1757811802
|-end|p1a: Iron Treads|Quark Drive|[silent]
|switch|p1a: Sylveon|Sylveon, F|100/100
|move|p2a: Rotom|Volt Switch|p1a: Sylveon
|-damage|p1a: Sylveon|78/100
|
|t:|1757811809
|switch|p2a: Magmortar|Magmortar, F|100/100|[from] Volt Switch
|
|-heal|p1a: Sylveon|84/100|[from] item: Leftovers
|upkeep
|turn|4
|
|t:|1757811819
|move|p2a: Magmortar|Dynamic Punch|p1a: Sylveon|[miss]
|-miss|p2a: Magmortar|p1a: Sylveon
|-enditem|p2a: Magmortar|Blunder Policy
|-boost|p2a: Magmortar|spe|2
|move|p1a: Sylveon|Wish|p1a: Sylveon
|
|-heal|p1a: Sylveon|90/100|[from] item: Leftovers
|upkeep
|turn|5
|
|t:|1757811832
|switch|p1a: Slowking|Slowking, M|100/100
|move|p2a: Magmortar|Temper Flare|p1a: Slowking
|-resisted|p1a: Slowking
|-damage|p1a: Slowking|73/100
|
|-heal|p1a: Slowking|100/100|[from] move: Wish|[wisher] Sylveon
|upkeep
|turn|6
|
|t:|1757811842
|switch|p2a: Dragapult|Dragapult, M|75/100
|move|p1a: Slowking|Future Sight|p2a: Dragapult
|-start|p1a: Slowking|move: Future Sight
|
|upkeep
|turn|7
|
|t:|1757811852
|switch|p1a: Garchomp|Garchomp, F|100/100
|move|p2a: Dragapult|Will-O-Wisp|p1a: Garchomp
|-status|p1a: Garchomp|brn
|
|-damage|p1a: Garchomp|94/100 brn|[from] brn
|upkeep
|turn|8
|
|t:|1757811861
|move|p2a: Dragapult|Dragon Darts|p1a: Garchomp
|-supereffective|p1a: Garchomp
|-damage|p1a: Garchomp|67/100 brn
|-anim|p2a: Dragapult|Dragon Darts|p1a: Garchomp
|-supereffective|p1a: Garchomp
|-crit|p1a: Garchomp
|-damage|p1a: Garchomp|27/100 brn
|move|p1a: Garchomp|Spikes|p2a: Dragapult
|-sidestart|p2: dboutin25|Spikes
|
|-end|p2a: Dragapult|move: Future Sight
|-damage|p2a: Dragapult|22/100
|-damage|p1a: Garchomp|21/100 brn|[from] brn
|upkeep
|turn|9
|
|t:|1757811875
|switch|p1a: Iron Treads|Iron Treads|92/100
|move|p2a: Dragapult|Hex|p1a: Iron Treads
|-damage|p1a: Iron Treads|55/100
|
|upkeep
|turn|10
|
|t:|1757811884
|move|p2a: Dragapult|Will-O-Wisp|p1a: Iron Treads
|-status|p1a: Iron Treads|brn
|move|p1a: Iron Treads|Earthquake|p2a: Dragapult
|-damage|p2a: Dragapult|0 fnt
|faint|p2a: Dragapult
|
|-damage|p1a: Iron Treads|48/100 brn|[from] brn
|upkeep
|
|t:|1757811900
|switch|p2a: Magmortar|Magmortar, F|100/100
|-damage|p2a: Magmortar|88/100|[from] Spikes
|turn|11
|
|t:|1757811904
|move|p1a: Iron Treads|Earthquake|p2a: Magmortar
|-supereffective|p2a: Magmortar
|-damage|p2a: Magmortar|25/100
|move|p2a: Magmortar|Temper Flare|p1a: Iron Treads
|-supereffective|p1a: Iron Treads
|-damage|p1a: Iron Treads|0 fnt
|faint|p1a: Iron Treads
|-end|p1a: Iron Treads|Quark Drive|[silent]
|
|upkeep
|
|t:|1757811918
|switch|p1a: Darkrai|Darkrai|100/100
|turn|12
|
|t:|1757811924
|move|p1a: Darkrai|Dark Pulse|p2a: Magmortar
|-damage|p2a: Magmortar|0 fnt
|faint|p2a: Magmortar
|
|upkeep
|
|t:|1757811931
|switch|p2a: Hoopa|Hoopa-Unbound|100/100
|-damage|p2a: Hoopa|88/100|[from] Spikes
|turn|13
|
|t:|1757811938
|switch|p1a: Sylveon|Sylveon, F|90/100
|-terastallize|p2a: Hoopa|Fighting
|move|p2a: Hoopa|Brick Break|p1a: Sylveon
|-resisted|p1a: Sylveon
|-damage|p1a: Sylveon|70/100
|
|-heal|p1a: Sylveon|76/100|[from] item: Leftovers
|upkeep
|turn|14
|
|t:|1757811947
|switch|p2a: Iron Treads|Iron Treads|100/100
|-damage|p2a: Iron Treads|88/100|[from] Spikes
|-enditem|p2a: Iron Treads|Booster Energy
|-activate|p2a: Iron Treads|ability: Quark Drive|[fromitem]
|-start|p2a: Iron Treads|quarkdriveatk
|move|p1a: Sylveon|Wish|p1a: Sylveon
|
|-heal|p1a: Sylveon|82/100|[from] item: Leftovers
|upkeep
|turn|15
|
|t:|1757811959
|switch|p1a: Garchomp|Garchomp, F|21/100 brn
|move|p2a: Iron Treads|Rapid Spin|p1a: Garchomp
|-damage|p1a: Garchomp|8/100 brn
|-boost|p2a: Iron Treads|spe|1
|-damage|p2a: Iron Treads|76/100|[from] ability: Rough Skin|[of] p1a: Garchomp
|-damage|p2a: Iron Treads|59/100|[from] item: Rocky Helmet|[of] p1a: Garchomp
|-sideend|p2: dboutin25|Spikes|[from] move: Rapid Spin|[of] p2a: Iron Treads
|
|-heal|p1a: Garchomp|55/100 brn|[from] move: Wish|[wisher] Sylveon
|-damage|p1a: Garchomp|49/100 brn|[from] brn
|upkeep
|turn|16
|
|t:|1757811973
|move|p2a: Iron Treads|Ice Spinner|p1a: Garchomp
|-supereffective|p1a: Garchomp
|-damage|p1a: Garchomp|0 fnt
|-damage|p2a: Iron Treads|47/100|[from] ability: Rough Skin|[of] p1a: Garchomp
|-damage|p2a: Iron Treads|31/100|[from] item: Rocky Helmet|[of] p1a: Garchomp
|faint|p1a: Garchomp
|
|upkeep
|
|t:|1757811982
|switch|p1a: Meowscarada|Meowscarada, F|94/100 brn
|turn|17
|
|t:|1757811989
|move|p2a: Iron Treads|Ice Spinner|p1a: Meowscarada
|-supereffective|p1a: Meowscarada
|-damage|p1a: Meowscarada|0 fnt
|faint|p1a: Meowscarada
|
|upkeep
|
|t:|1757811995
|switch|p1a: Slowking|Slowking, M|100/100
|turn|18
|
|t:|1757811999
|move|p2a: Iron Treads|Earthquake|p1a: Slowking
|-damage|p1a: Slowking|43/100
|move|p1a: Slowking|Ice Beam|p2a: Iron Treads
|-damage|p2a: Iron Treads|3/100
|
|upkeep
|turn|19
|
|t:|1757812007
|move|p2a: Iron Treads|Earthquake|p1a: Slowking
|-damage|p1a: Slowking|0 fnt
|faint|p1a: Slowking
|
|upkeep
|
|t:|1757812013
|switch|p1a: Darkrai|Darkrai|100/100
|turn|20
|
|t:|1757812018
|move|p1a: Darkrai|Dark Pulse|p2a: Iron Treads
|-damage|p2a: Iron Treads|0 fnt
|faint|p2a: Iron Treads
|-end|p2a: Iron Treads|Quark Drive|[silent]
|
|upkeep
|
|t:|1757812025
|switch|p2a: Rotom|Rotom-Wash|100/100
|turn|21
|
|t:|1757812030
|move|p1a: Darkrai|Dark Pulse|p2a: Rotom
|-damage|p2a: Rotom|69/100
|move|p2a: Rotom|Thunderbolt|p1a: Darkrai
|-crit|p1a: Darkrai
|-damage|p1a: Darkrai|22/100
|
|upkeep
|turn|22
|
|t:|1757812039
|-terastallize|p1a: Darkrai|Ghost
|move|p1a: Darkrai|Dark Pulse|p2a: Rotom
|-damage|p2a: Rotom|39/100
|move|p2a: Rotom|Volt Switch|p1a: Darkrai
|-damage|p1a: Darkrai|0 fnt
|faint|p1a: Darkrai
|
|t:|1757812049
|switch|p2a: Hoopa|Hoopa-Unbound, tera:Fighting|88/100|[from] Volt Switch
|
|upkeep
|
|t:|1757812053
|switch|p1a: Sylveon|Sylveon, F|82/100
|turn|23
|
|t:|1757812062
|move|p2a: Hoopa|Trick|p1a: Sylveon
|-activate|p2a: Hoopa|move: Trick|[of] p1a: Sylveon
|-item|p1a: Sylveon|Choice Scarf|[from] move: Trick
|-item|p2a: Hoopa|Leftovers|[from] move: Trick
|move|p1a: Sylveon|Wish|p1a: Sylveon
|
|-heal|p2a: Hoopa|94/100|[from] item: Leftovers
|upkeep
|turn|24
|
|t:|1757812072
|move|p2a: Hoopa|Zen Headbutt|p1a: Sylveon|[miss]
|-miss|p2a: Hoopa|p1a: Sylveon
|move|p1a: Sylveon|Wish||[still]
|-fail|p1a: Sylveon
|
|-heal|p1a: Sylveon|100/100|[from] move: Wish|[wisher] Sylveon
|-heal|p2a: Hoopa|99/100|[from] item: Leftovers
|upkeep
|turn|25
|
|t:|1757812079
|move|p2a: Hoopa|Zen Headbutt|p1a: Sylveon
|-crit|p1a: Sylveon
|-damage|p1a: Sylveon|39/100
|move|p1a: Sylveon|Wish|p1a: Sylveon
|
|-heal|p2a: Hoopa|100/100|[from] item: Leftovers
|upkeep
|turn|26
|
|t:|1757812087
|move|p2a: Hoopa|Zen Headbutt|p1a: Sylveon
|-damage|p1a: Sylveon|0 fnt
|faint|p1a: Sylveon
|
|win|dboutin25
|raw|stel1c's rating: 1124 &rarr; <strong>1098</strong><br />(-26 for losing)
|raw|dboutin25's rating: 1116 &rarr; <strong>1142</strong><br />(+26 for winning)
|l|☆dboutin25
|player|p2|
