|j|☆versacis
|j|☆Crocodile E
|t:|1757857241
|gametype|singles
|player|p1|versacis|bugcatcher-gen4dp|1338
|player|p2|Crocodile E|pokemaniac|1316
|gen|9
|tier|[Gen 9] OU
|rated|
|rule|HP Percentage Mod: HP is shown in percentages
|rule|Endless Battle Clause: Forcing endless battles is banned
|rule|Species Clause: Limit one of each Pokémon
|rule|OHKO Clause: OHKO moves are banned
|rule|Evasion Items Clause: Evasion items are banned
|rule|Evasion Moves Clause: Evasion moves are banned
|rule|Evasion Abilities Clause: Evasion abilities are banned
|rule|Sleep Moves Clause: Sleep-inducing moves are banned
|clearpoke
|poke|p1|Articuno|
|poke|p1|Espeon, F|
|poke|p1|Goodra, F|
|poke|p1|Toxapex, F|
|poke|p1|Conkeldurr, F|
|poke|p1|Skeledirge, M|
|poke|p2|Raging Bolt|
|poke|p2|Ninetales, F|
|poke|p2|Walking Wake|
|poke|p2|Hatterene, F|
|poke|p2|Landorus-Therian, M|
|poke|p2|Lokix, F|
|teampreview
|inactive|Battle timer is ON: inactive players will automatically lose when time's up. (requested by Crocodile E)
|
|t:|1757857255
|teamsize|p1|6
|teamsize|p2|6
|start
|switch|p1a: Toxapex|Toxapex, F|100/100
|switch|p2a: Walking Wake|Walking Wake|100/100
|turn|1
|
|t:|1757857260
|move|p2a: Walking Wake|Flip Turn|p1a: Toxapex
|-resisted|p1a: Toxapex
|-damage|p1a: Toxapex|95/100
|
|t:|1757857264
|-end|p2a: Walking Wake|Protosynthesis|[silent]
|switch|p2a: Hatterene|Hatterene, F, shiny|100/100|[from] Flip Turn
|move|p1a: Toxapex|Toxic|p2a: Hatterene
|move|p2a: Hatterene|Toxic|p1a: Toxapex|[from] ability: Magic Bounce
|-immune|p1a: Toxapex
|
|-heal|p1a: Toxapex|100/100|[from] item: Black Sludge
|upkeep
|turn|2
|
|t:|1757857279
|switch|p1a: Espeon|Espeon, F|100/100
|move|p2a: Hatterene|Psyshock|p1a: Espeon
|-resisted|p1a: Espeon
|-damage|p1a: Espeon|71/100
|
|upkeep
|turn|3
|
|t:|1757857284
|move|p1a: Espeon|Trick|p2a: Hatterene
|-activate|p1a: Espeon|move: Trick|[of] p2a: Hatterene
|-item|p2a: Hatterene|Choice Scarf|[from] move: Trick
|-item|p1a: Espeon|Leftovers|[from] move: Trick
|move|p2a: Hatterene|Mystical Fire|p1a: Espeon
|-damage|p1a: Espeon|50/100
|-unboost|p1a: Espeon|spa|1
|
|-heal|p1a: Espeon|56/100|[from] item: Leftovers
|upkeep
|turn|4
|
|t:|1757857294
|switch|p2a: Lokix|Lokix, F, shiny|100/100
|move|p1a: Espeon|Morning Sun|p1a: Espeon
|-heal|p1a: Espeon|100/100
|
|upkeep
|turn|5
|
|t:|1757857301
|switch|p1a: Skeledirge|Skeledirge, M|100/100
|move|p2a: Lokix|Knock Off|p1a: Skeledirge
|-supereffective|p1a: Skeledirge
|-damage|p1a: Skeledirge|4/100
|-enditem|p1a: Skeledirge|Leftovers|[from] move: Knock Off|[of] p2a: Lokix
|
|upkeep
|turn|6
|
|t:|1757857308
|move|p2a: Lokix|Knock Off|p1a: Skeledirge
|-supereffective|p1a: Skeledirge
|-damage|p1a: Skeledirge|0 fnt
|faint|p1a: Skeledirge
|
|upkeep
|
|t:|1757857314
|switch|p1a: Toxapex|Toxapex, F|100/100
|turn|7
|
|t:|1757857317
|move|p1a: Toxapex|Baneful Bunker|p1a: Toxapex
|-singleturn|p1a: Toxapex|move: Protect
|move|p2a: Lokix|Knock Off|p1a: Toxapex
|-activate|p1a: Toxapex|move: Protect
|-status|p2a: Lokix|psn
|
|-damage|p2a: Lokix|88/100 psn|[from] psn
|upkeep
|turn|8
|
|t:|1757857325
|move|p2a: Lokix|Knock Off|p1a: Toxapex
|-damage|p1a: Toxapex|54/100
|-enditem|p1a: Toxapex|Black Sludge|[from] move: Knock Off|[of] p2a: Lokix
|move|p1a: Toxapex|Infestation|p2a: Lokix
|-supereffective|p2a: Lokix
|-damage|p2a: Lokix|78/100 psn
|-activate|p2a: Lokix|move: Infestation|[of] p1a: Toxapex
|
|-damage|p2a: Lokix|65/100 psn|[from] psn
|-damage|p2a: Lokix|53/100 psn|[from] move: Infestation|[partiallytrapped]
|upkeep
|turn|9
|
|t:|1757857334
|move|p1a: Toxapex|Baneful Bunker|p1a: Toxapex
|-singleturn|p1a: Toxapex|move: Protect
|move|p2a: Lokix|Knock Off|p1a: Toxapex
|-activate|p1a: Toxapex|move: Protect
|
|-damage|p2a: Lokix|40/100 psn|[from] psn
|-damage|p2a: Lokix|28/100 psn|[from] move: Infestation|[partiallytrapped]
|upkeep
|turn|10
|
|t:|1757857342
|move|p2a: Lokix|Knock Off|p1a: Toxapex
|-damage|p1a: Toxapex|22/100
|move|p1a: Toxapex|Recover|p1a: Toxapex
|-heal|p1a: Toxapex|72/100
|
|-damage|p2a: Lokix|16/100 psn|[from] psn
|-damage|p2a: Lokix|3/100 psn|[from] move: Infestation|[partiallytrapped]
|upkeep
|turn|11
|
|t:|1757857349
|move|p1a: Toxapex|Baneful Bunker|p1a: Toxapex
|-singleturn|p1a: Toxapex|move: Protect
|move|p2a: Lokix|Knock Off|p1a: Toxapex
|-activate|p1a: Toxapex|move: Protect
|
|-damage|p2a: Lokix|0 fnt|[from] psn
|faint|p2a: Lokix
|upkeep
|
|t:|1757857355
|switch|p2a: Landorus|Landorus-Therian, M, shiny|100/100
|-ability|p2a: Landorus|Intimidate|boost
|-unboost|p1a: Toxapex|atk|1
|turn|12
|
|t:|1757857362
|switch|p1a: Articuno|Articuno|100/100
|-ability|p1a: Articuno|Pressure
|move|p2a: Landorus|Stealth Rock|p1a: Articuno
|-sidestart|p1: versacis|move: Stealth Rock
|
|upkeep
|turn|13
|
|t:|1757857371
|switch|p2a: Hatterene|Hatterene, F, shiny|100/100
|move|p1a: Articuno|Freeze-Dry|p2a: Hatterene
|-damage|p2a: Hatterene|77/100
|
|upkeep
|turn|14
|
|t:|1757857381
|switch|p1a: Espeon|Espeon, F|100/100
|-damage|p1a: Espeon|88/100|[from] Stealth Rock
|move|p2a: Hatterene|Psyshock|p1a: Espeon
|-resisted|p1a: Espeon
|-damage|p1a: Espeon|62/100
|
|-heal|p1a: Espeon|68/100|[from] item: Leftovers
|upkeep
|turn|15
|
|t:|1757857390
|move|p1a: Espeon|Future Sight|p2a: Hatterene
|-start|p1a: Espeon|move: Future Sight
|move|p2a: Hatterene|Psyshock|p1a: Espeon
|-resisted|p1a: Espeon
|-damage|p1a: Espeon|40/100
|
|-heal|p1a: Espeon|46/100|[from] item: Leftovers
|upkeep
|turn|16
|
|t:|1757857397
|switch|p2a: Landorus|Landorus-Therian, M, shiny|100/100
|-ability|p2a: Landorus|Intimidate|boost
|-unboost|p1a: Espeon|atk|1
|move|p1a: Espeon|Morning Sun|p1a: Espeon
|-heal|p1a: Espeon|96/100
|
|-heal|p1a: Espeon|100/100|[from] item: Leftovers
|upkeep
|turn|17
|
|t:|1757857406
|switch|p1a: Conkeldurr|Conkeldurr, F|100/100
|-damage|p1a: Conkeldurr|94/100|[from] Stealth Rock
|move|p2a: Landorus|U-turn|p1a: Conkeldurr
|-resisted|p1a: Conkeldurr
|-damage|p1a: Conkeldurr|85/100
|
|t:|1757857408
|switch|p2a: Hatterene|Hatterene, F, shiny|77/100|[from] U-turn
|
|-end|p2a: Hatterene|move: Future Sight
|-resisted|p2a: Hatterene
|-damage|p2a: Hatterene|49/100
|-status|p1a: Conkeldurr|brn|[from] item: Flame Orb
|upkeep
|turn|18
|
|t:|1757857421
|switch|p1a: Articuno|Articuno|100/100
|-ability|p1a: Articuno|Pressure
|move|p2a: Hatterene|Draining Kiss|p1a: Articuno
|-damage|p1a: Articuno|86/100
|-heal|p2a: Hatterene|62/100|[from] drain|[of] p1a: Articuno
|
|upkeep
|turn|19
|
|t:|1757857430
|switch|p2a: Ninetales|Ninetales, F, shiny|100/100
|-weather|SunnyDay|[from] ability: Drought|[of] p2a: Ninetales
|move|p1a: Articuno|Air Slash|p2a: Ninetales
|-damage|p2a: Ninetales|72/100
|
|-weather|SunnyDay|[upkeep]
|upkeep
|turn|20
|
|t:|1757857442
|switch|p2a: Raging Bolt|Raging Bolt|100/100
|-activate|p2a: Raging Bolt|ability: Protosynthesis
|-start|p2a: Raging Bolt|protosynthesisspa
|switch|p1a: Goodra|Goodra, F|100/100
|-damage|p1a: Goodra|88/100|[from] Stealth Rock
|
|-weather|SunnyDay|[upkeep]
|-heal|p1a: Goodra|94/100|[from] item: Leftovers
|upkeep
|turn|21
|
|t:|1757857452
|-terastallize|p1a: Goodra|Fairy
|move|p2a: Raging Bolt|Volt Switch|p1a: Goodra
|-damage|p1a: Goodra|65/100
|
|t:|1757857458
|-end|p2a: Raging Bolt|Protosynthesis|[silent]
|switch|p2a: Hatterene|Hatterene, F, shiny|62/100|[from] Volt Switch
|move|p1a: Goodra|Ice Beam|p2a: Hatterene
|-damage|p2a: Hatterene|37/100
|
|-weather|SunnyDay|[upkeep]
|-heal|p1a: Goodra|72/100|[from] item: Leftovers
|upkeep
|turn|22
|
|t:|1757857467
|switch|p2a: Walking Wake|Walking Wake|100/100
|-activate|p2a: Walking Wake|ability: Protosynthesis
|-start|p2a: Walking Wake|protosynthesisspa
|move|p1a: Goodra|Flamethrower|p2a: Walking Wake
|-resisted|p2a: Walking Wake
|-damage|p2a: Walking Wake|87/100
|
|-weather|SunnyDay|[upkeep]
|-heal|p1a: Goodra|78/100|[from] item: Leftovers
|upkeep
|turn|23
|
|t:|1757857482
|switch|p1a: Articuno|Articuno|86/100
|-ability|p1a: Articuno|Pressure
|move|p2a: Walking Wake|Hydro Steam|p1a: Articuno
|-damage|p1a: Articuno|0 fnt
|faint|p1a: Articuno
|
|-weather|SunnyDay|[upkeep]
|upkeep
|
|t:|1757857495
|switch|p1a: Toxapex|Toxapex, F|100/100
|-damage|p1a: Toxapex|88/100|[from] Stealth Rock
|turn|24
|
|t:|1757857499
|-end|p2a: Walking Wake|Protosynthesis|[silent]
|switch|p2a: Landorus|Landorus-Therian, M, shiny|100/100
|-ability|p2a: Landorus|Intimidate|boost
|-unboost|p1a: Toxapex|atk|1
|move|p1a: Toxapex|Infestation|p2a: Landorus
|-resisted|p2a: Landorus
|-damage|p2a: Landorus|99/100
|-activate|p2a: Landorus|move: Infestation|[of] p1a: Toxapex
|-damage|p1a: Toxapex|72/100|[from] item: Rocky Helmet|[of] p2a: Landorus
|
|-weather|SunnyDay|[upkeep]
|-damage|p2a: Landorus|87/100|[from] move: Infestation|[partiallytrapped]
|upkeep
|turn|25
|
|t:|1757857509
|move|p1a: Toxapex|Baneful Bunker|p1a: Toxapex
|-singleturn|p1a: Toxapex|move: Protect
|move|p2a: Landorus|Earthquake|p1a: Toxapex
|-activate|p1a: Toxapex|move: Protect
|
|-weather|SunnyDay|[upkeep]
|-damage|p2a: Landorus|75/100|[from] move: Infestation|[partiallytrapped]
|upkeep
|turn|26
|
|t:|1757857519
|switch|p1a: Conkeldurr|Conkeldurr, F|85/100 brn
|-damage|p1a: Conkeldurr|79/100 brn|[from] Stealth Rock
|move|p2a: Landorus|Earthquake|p1a: Conkeldurr
|-damage|p1a: Conkeldurr|44/100 brn
|
|-weather|none
|-damage|p1a: Conkeldurr|38/100 brn|[from] brn
|-end|p2a: Landorus|Infestation|[partiallytrapped]|[silent]
|upkeep
|turn|27
|
|t:|1757857529
|move|p2a: Landorus|U-turn|p1a: Conkeldurr
|-resisted|p1a: Conkeldurr
|-damage|p1a: Conkeldurr|29/100 brn
|
|t:|1757857533
|switch|p2a: Hatterene|Hatterene, F, shiny|37/100|[from] U-turn
|move|p1a: Conkeldurr|Defog|p2a: Hatterene
|move|p2a: Hatterene|Defog|p1a: Conkeldurr|[from] ability: Magic Bounce
|-unboost|p1a: Conkeldurr|evasion|1
|-sideend|p1: versacis|Stealth Rock|[from] move: Defog|[of] p2a: Hatterene
|
|-damage|p1a: Conkeldurr|23/100 brn|[from] brn
|upkeep
|turn|28
|
|t:|1757857543
|switch|p1a: Espeon|Espeon, F|100/100
|move|p2a: Hatterene|Draining Kiss|p1a: Espeon
|-damage|p1a: Espeon|78/100
|-heal|p2a: Hatterene|55/100|[from] drain|[of] p1a: Espeon
|
|-heal|p1a: Espeon|84/100|[from] item: Leftovers
|upkeep
|turn|29
|
|t:|1757857552
|switch|p2a: Ninetales|Ninetales, F, shiny|72/100
|-weather|SunnyDay|[from] ability: Drought|[of] p2a: Ninetales
|move|p1a: Espeon|Future Sight|p2a: Ninetales
|-start|p1a: Espeon|move: Future Sight
|
|-weather|SunnyDay|[upkeep]
|-heal|p1a: Espeon|90/100|[from] item: Leftovers
|upkeep
|turn|30
|
|t:|1757857565
|switch|p1a: Toxapex|Toxapex, F|100/100
|move|p2a: Ninetales|Encore||[still]
|-fail|p2a: Ninetales
|
|-weather|SunnyDay|[upkeep]
|upkeep
|turn|31
|
|t:|1757857574
|switch|p2a: Hatterene|Hatterene, F, shiny|55/100
|move|p1a: Toxapex|Toxic|p2a: Hatterene
|move|p2a: Hatterene|Toxic|p1a: Toxapex|[from] ability: Magic Bounce
|-immune|p1a: Toxapex
|
|-weather|SunnyDay|[upkeep]
|-end|p2a: Hatterene|move: Future Sight
|-resisted|p2a: Hatterene
|-damage|p2a: Hatterene|26/100
|upkeep
|turn|32
|
|t:|1757857586
|switch|p2a: Ninetales|Ninetales, F, shiny|72/100
|move|p1a: Toxapex|Baneful Bunker||[still]
|-fail|p1a: Toxapex
|
|-weather|SunnyDay|[upkeep]
|upkeep
|turn|33
|
|t:|1757857593
|switch|p1a: Espeon|Espeon, F|90/100
|move|p2a: Ninetales|Will-O-Wisp|p1a: Espeon
|move|p1a: Espeon|Will-O-Wisp|p2a: Ninetales|[from] ability: Magic Bounce
|-immune|p2a: Ninetales
|
|-weather|SunnyDay|[upkeep]
|-heal|p1a: Espeon|96/100|[from] item: Leftovers
|upkeep
|turn|34
|
|t:|1757857603
|move|p2a: Ninetales|Weather Ball|p1a: Espeon
|-damage|p1a: Espeon|58/100
|move|p1a: Espeon|Future Sight|p2a: Ninetales
|-start|p1a: Espeon|move: Future Sight
|
|-weather|SunnyDay|[upkeep]
|-heal|p1a: Espeon|64/100|[from] item: Leftovers
|upkeep
|turn|35
|
|t:|1757857615
|switch|p2a: Hatterene|Hatterene, F, shiny|26/100
|move|p1a: Espeon|Morning Sun|p1a: Espeon
|-heal|p1a: Espeon|100/100
|
|-weather|SunnyDay|[upkeep]
|upkeep
|turn|36
|
|t:|1757857624
|move|p1a: Espeon|Alluring Voice|p2a: Hatterene
|-damage|p2a: Hatterene|1/100
|move|p2a: Hatterene|Draining Kiss|p1a: Espeon
|-damage|p1a: Espeon|80/100
|-heal|p2a: Hatterene|18/100|[from] drain|[of] p1a: Espeon
|
|-weather|none
|-end|p2a: Hatterene|move: Future Sight
|-resisted|p2a: Hatterene
|-damage|p2a: Hatterene|0 fnt
|faint|p2a: Hatterene
|-heal|p1a: Espeon|86/100|[from] item: Leftovers
|upkeep
|
|t:|1757857630
|switch|p2a: Walking Wake|Walking Wake|87/100
|turn|37
|
|t:|1757857639
|switch|p1a: Toxapex|Toxapex, F|100/100
|move|p2a: Walking Wake|Draco Meteor|p1a: Toxapex
|-damage|p1a: Toxapex|26/100
|-unboost|p2a: Walking Wake|spa|2
|
|upkeep
|turn|38
|
|t:|1757857649
|-end|p2a: Walking Wake|Protosynthesis|[silent]
|switch|p2a: Landorus|Landorus-Therian, M, shiny|75/100
|-ability|p2a: Landorus|Intimidate|boost
|-unboost|p1a: Toxapex|atk|1
|move|p1a: Toxapex|Recover|p1a: Toxapex
|-heal|p1a: Toxapex|76/100
|
|upkeep
|turn|39
|
|t:|1757857656
|move|p1a: Toxapex|Baneful Bunker|p1a: Toxapex
|-singleturn|p1a: Toxapex|move: Protect
|move|p2a: Landorus|U-turn|p1a: Toxapex
|-activate|p1a: Toxapex|move: Protect
|-status|p2a: Landorus|psn
|
|-damage|p2a: Landorus|62/100 psn|[from] psn
|upkeep
|turn|40
|
|t:|1757857665
|move|p2a: Landorus|Earthquake|p1a: Toxapex
|-supereffective|p1a: Toxapex
|-damage|p1a: Toxapex|4/100
|move|p1a: Toxapex|Infestation|p2a: Landorus
|-resisted|p2a: Landorus
|-damage|p2a: Landorus|61/100 psn
|-activate|p2a: Landorus|move: Infestation|[of] p1a: Toxapex
|-damage|p1a: Toxapex|0 fnt|[from] item: Rocky Helmet|[of] p2a: Landorus
|faint|p1a: Toxapex
|
|-damage|p2a: Landorus|49/100 psn|[from] psn
|-end|p2a: Landorus|Infestation|[partiallytrapped]|[silent]
|upkeep
|
|t:|1757857678
|switch|p1a: Goodra|Goodra, F, tera:Fairy|78/100
|turn|41
|
|t:|1757857684
|move|p2a: Landorus|U-turn|p1a: Goodra
|-resisted|p1a: Goodra
|-damage|p1a: Goodra|64/100
|
|t:|1757857686
|switch|p2a: Ninetales|Ninetales, F, shiny|72/100|[from] U-turn
|-weather|SunnyDay|[from] ability: Drought|[of] p2a: Ninetales
|move|p1a: Goodra|Surf|p2a: Ninetales
|-supereffective|p2a: Ninetales
|-damage|p2a: Ninetales|42/100
|
|-weather|SunnyDay|[upkeep]
|-heal|p1a: Goodra|70/100|[from] item: Leftovers
|upkeep
|turn|42
|
|t:|1757857697
|switch|p1a: Espeon|Espeon, F|86/100
|move|p2a: Ninetales|Encore|p1a: Espeon
|move|p1a: Espeon|Encore||[from] ability: Magic Bounce|[still]
|-fail|p1a: Espeon
|
|-weather|SunnyDay|[upkeep]
|-heal|p1a: Espeon|92/100|[from] item: Leftovers
|upkeep
|turn|43
|
|t:|1757857706
|move|p2a: Ninetales|Healing Wish|p2a: Ninetales
|faint|p2a: Ninetales
|move|p1a: Espeon|Future Sight|p2: Ninetales
|-start|p1a: Espeon|move: Future Sight
|
|-weather|SunnyDay|[upkeep]
|-heal|p1a: Espeon|98/100|[from] item: Leftovers
|upkeep
|
|t:|1757857711
|switch|p2a: Walking Wake|Walking Wake|87/100
|-heal|p2a: Walking Wake|100/100|[from] move: Healing Wish
|-activate|p2a: Walking Wake|ability: Protosynthesis
|-start|p2a: Walking Wake|protosynthesisspa
|turn|44
|
|t:|1757857718
|switch|p1a: Goodra|Goodra, F, tera:Fairy|70/100
|move|p2a: Walking Wake|Hydro Steam|p1a: Goodra
|-damage|p1a: Goodra|0 fnt
|faint|p1a: Goodra
|
|-weather|SunnyDay|[upkeep]
|upkeep
|-message|versacis forfeited.
|
|win|Crocodile E
|raw|versacis's rating: 1338 &rarr; <strong>1317</strong><br />(-21 for losing)
|raw|Crocodile E's rating: 1316 &rarr; <strong>1337</strong><br />(+21 for winning)
|l|☆versacis
|player|p1|
|l|☆Crocodile E
|player|p2|
