|j|☆Joao v9898
|j|☆sycomode
|t:|1757869507
|gametype|singles
|player|p1|Joao v9898|hilbert|1611
|player|p2|sycomode|dancer|1601
|gen|9
|tier|[Gen 9] OU
|rated|
|rule|HP Percentage Mod: HP is shown in percentages
|rule|Endless Battle Clause: Forcing endless battles is banned
|rule|Species Clause: Limit one of each Pokémon
|rule|OHKO Clause: OHKO moves are banned
|rule|Evasion Items Clause: Evasion items are banned
|rule|Evasion Moves Clause: Evasion moves are banned
|rule|Evasion Abilities Clause: Evasion abilities are banned
|rule|Sleep Moves Clause: Sleep-inducing moves are banned
|clearpoke
|poke|p1|Ribombee, M|
|poke|p1|Gholdengo|
|poke|p1|Enamorus, F|
|poke|p1|Raging Bolt|
|poke|p1|Great Tusk|
|poke|p1|Kingambit, M|
|poke|p2|Weavile, M|
|poke|p2|Kingambit, M|
|poke|p2|Landorus-Therian, M|
|poke|p2|Hoopa-Unbound|
|poke|p2|Pecharunt|
|poke|p2|Corviknight, M|
|teampreview
|inactive|Battle timer is ON: inactive players will automatically lose when time's up. (requested by Joao v9898)
|
|t:|1757869511
|teamsize|p1|6
|teamsize|p2|6
|start
|switch|p1a: Ribombee|Ribombee, M|100/100
|switch|p2a: Weavile|Weavile, M|100/100
|-ability|p2a: Weavile|Pressure
|turn|1
|
|t:|1757869517
|switch|p1a: Kingambit|Kingambit, M|100/100
|move|p2a: Weavile|Triple Axel|p1a: Kingambit
|-resisted|p1a: Kingambit
|-damage|p1a: Kingambit|94/100
|-resisted|p1a: Kingambit
|-damage|p1a: Kingambit|82/100
|-resisted|p1a: Kingambit
|-damage|p1a: Kingambit|62/100
|-hitcount|p1a: Kingambit|3
|
|upkeep
|turn|2
|
|t:|1757869527
|switch|p2a: Corviknight|Corviknight, M|100/100
|-ability|p2a: Corviknight|Pressure
|move|p1a: Kingambit|Swords Dance|p1a: Kingambit
|-boost|p1a: Kingambit|atk|2
|
|upkeep
|turn|3
|
|t:|1757869534
|move|p1a: Kingambit|Sucker Punch|p2a: Corviknight
|-damage|p2a: Corviknight|36/100
|-damage|p1a: Kingambit|45/100|[from] item: Rocky Helmet|[of] p2a: Corviknight
|-damage|p1a: Kingambit|35/100|[from] item: Life Orb
|move|p2a: Corviknight|Body Press|p1a: Kingambit
|-supereffective|p1a: Kingambit
|-damage|p1a: Kingambit|0 fnt
|faint|p1a: Kingambit
|-end|p1a: Kingambit|fallenundefined|[silent]
|
|upkeep
|
|t:|1757869541
|switch|p1a: Ribombee|Ribombee, M|100/100
|turn|4
|
|t:|1757869544
|move|p1a: Ribombee|Stun Spore|p2a: Corviknight|[miss]
|-miss|p1a: Ribombee|p2a: Corviknight
|move|p2a: Corviknight|Roost|p2a: Corviknight
|-heal|p2a: Corviknight|86/100
|-singleturn|p2a: Corviknight|move: Roost
|
|upkeep
|turn|5
|
|t:|1757869551
|move|p1a: Ribombee|Stun Spore|p2a: Corviknight|[miss]
|-miss|p1a: Ribombee|p2a: Corviknight
|move|p2a: Corviknight|U-turn|p1a: Ribombee
|-resisted|p1a: Ribombee
|-damage|p1a: Ribombee|87/100
|
|t:|1757869555
|switch|p2a: Weavile|Weavile, M|100/100|[from] U-turn
|-ability|p2a: Weavile|Pressure
|
|upkeep
|turn|6
|c|☆Joao v9898|ROBBED
|c|☆Joao v9898|TOMA NO CU
|c|☆Joao v9898|VAI SE FUDER
|
|t:|1757869575
|move|p2a: Weavile|Triple Axel|p1a: Ribombee
|-damage|p1a: Ribombee|60/100
|-damage|p1a: Ribombee|1/100
|-damage|p1a: Ribombee|0 fnt
|faint|p1a: Ribombee
|-hitcount|p1: Ribombee|3
|
|upkeep
|inactive|Joao v9898 has 120 seconds left.
|
|t:|1757869598
|switch|p1a: Raging Bolt|Raging Bolt|100/100
|-enditem|p1a: Raging Bolt|Booster Energy
|-activate|p1a: Raging Bolt|ability: Protosynthesis|[fromitem]
|-start|p1a: Raging Bolt|protosynthesisspa
|turn|7
|
|t:|1757869611
|switch|p2a: Landorus|Landorus-Therian, M|100/100
|-ability|p2a: Landorus|Intimidate|boost
|-unboost|p1a: Raging Bolt|atk|1
|-terastallize|p1a: Raging Bolt|Bug
|move|p1a: Raging Bolt|Dragon Pulse|p2a: Landorus
|-damage|p2a: Landorus|53/100
|
|-heal|p2a: Landorus|59/100|[from] item: Leftovers
|upkeep
|turn|8
|
|t:|1757869636
|switch|p2a: Corviknight|Corviknight, M|86/100
|-ability|p2a: Corviknight|Pressure
|move|p1a: Raging Bolt|Dragon Pulse|p2a: Corviknight
|-resisted|p2a: Corviknight
|-damage|p2a: Corviknight|52/100
|
|upkeep
|turn|9
|
|t:|1757869642
|move|p1a: Raging Bolt|Thunderbolt|p2a: Corviknight
|-supereffective|p2a: Corviknight
|-damage|p2a: Corviknight|0 fnt
|faint|p2a: Corviknight
|
|upkeep
|
|t:|1757869645
|switch|p2a: Hoopa|Hoopa-Unbound|100/100
|turn|10
|
|t:|1757869649
|move|p2a: Hoopa|Psychic|p1a: Raging Bolt
|-damage|p1a: Raging Bolt|21/100
|move|p1a: Raging Bolt|Thunderbolt|p2a: Hoopa
|-damage|p2a: Hoopa|43/100
|
|upkeep
|turn|11
|
|t:|1757869660
|move|p2a: Hoopa|Psychic|p1a: Raging Bolt
|-damage|p1a: Raging Bolt|0 fnt
|faint|p1a: Raging Bolt
|-end|p1a: Raging Bolt|Protosynthesis|[silent]
|
|upkeep
|
|t:|1757869663
|switch|p1a: Great Tusk|Great Tusk|100/100
|-enditem|p1a: Great Tusk|Booster Energy
|-activate|p1a: Great Tusk|ability: Protosynthesis|[fromitem]
|-start|p1a: Great Tusk|protosynthesisatk
|turn|12
|
|t:|1757869673
|switch|p2a: Landorus|Landorus-Therian, M|59/100
|-ability|p2a: Landorus|Intimidate|boost
|-unboost|p1a: Great Tusk|atk|1
|move|p1a: Great Tusk|Rock Tomb|p2a: Landorus
|-damage|p2a: Landorus|38/100
|-unboost|p2a: Landorus|spe|1
|
|-heal|p2a: Landorus|44/100|[from] item: Leftovers
|upkeep
|turn|13
|
|t:|1757869680
|move|p1a: Great Tusk|Rapid Spin|p2a: Landorus
|-damage|p2a: Landorus|26/100
|-boost|p1a: Great Tusk|spe|1
|move|p2a: Landorus|U-turn|p1a: Great Tusk
|-resisted|p1a: Great Tusk
|-damage|p1a: Great Tusk|92/100
|
|t:|1757869686
|switch|p2a: Hoopa|Hoopa-Unbound|43/100|[from] U-turn
|
|upkeep
|turn|14
|
|t:|1757869694
|switch|p2a: Landorus|Landorus-Therian, M|26/100
|-ability|p2a: Landorus|Intimidate|boost
|-unboost|p1a: Great Tusk|atk|1
|move|p1a: Great Tusk|Headlong Rush|p2a: Landorus
|-immune|p2a: Landorus
|
|-heal|p2a: Landorus|32/100|[from] item: Leftovers
|upkeep
|turn|15
|
|t:|1757869700
|move|p1a: Great Tusk|Rock Tomb|p2a: Landorus
|-damage|p2a: Landorus|17/100
|-unboost|p2a: Landorus|spe|1
|move|p2a: Landorus|Earthquake|p1a: Great Tusk
|-damage|p1a: Great Tusk|58/100
|
|-heal|p2a: Landorus|23/100|[from] item: Leftovers
|upkeep
|turn|16
|
|t:|1757869708
|move|p1a: Great Tusk|Close Combat|p2a: Landorus
|-resisted|p2a: Landorus
|-damage|p2a: Landorus|1/100
|-unboost|p1a: Great Tusk|def|1
|-unboost|p1a: Great Tusk|spd|1
|move|p2a: Landorus|Earthquake|p1a: Great Tusk
|-damage|p1a: Great Tusk|9/100
|
|-heal|p2a: Landorus|7/100|[from] item: Leftovers
|upkeep
|turn|17
|
|t:|1757869711
|move|p1a: Great Tusk|Close Combat|p2a: Landorus
|-resisted|p2a: Landorus
|-damage|p2a: Landorus|0 fnt
|-unboost|p1a: Great Tusk|def|1
|-unboost|p1a: Great Tusk|spd|1
|faint|p2a: Landorus
|
|upkeep
|
|t:|1757869716
|switch|p2a: Weavile|Weavile, M|100/100
|-ability|p2a: Weavile|Pressure
|turn|18
|
|t:|1757869720
|move|p2a: Weavile|Ice Shard|p1a: Great Tusk
|-supereffective|p1a: Great Tusk
|-damage|p1a: Great Tusk|0 fnt
|faint|p1a: Great Tusk
|-end|p1a: Great Tusk|Protosynthesis|[silent]
|
|upkeep
|
|t:|1757869723
|switch|p1a: Gholdengo|Gholdengo|100/100
|-item|p1a: Gholdengo|Air Balloon
|turn|19
|
|t:|1757869727
|switch|p2a: Hoopa|Hoopa-Unbound|43/100
|move|p1a: Gholdengo|Nasty Plot|p1a: Gholdengo
|-boost|p1a: Gholdengo|spa|2
|
|upkeep
|turn|20
|
|t:|1757869732
|move|p2a: Hoopa|Dark Pulse|p1a: Gholdengo
|-supereffective|p1a: Gholdengo
|-damage|p1a: Gholdengo|0 fnt
|-enditem|p1a: Gholdengo|Air Balloon
|faint|p1a: Gholdengo
|
|upkeep
|-message|Joao v9898 forfeited.
|
|win|sycomode
