|j|☆ay cheu
|j|☆murder kingdom
|t:|1757937115
|gametype|singles
|player|p1|ay cheu|riley|1443
|player|p2|murder kingdom|101|1484
|gen|9
|tier|[Gen 9] OU
|rated|
|rule|HP Percentage Mod: HP is shown in percentages
|rule|Endless Battle Clause: Forcing endless battles is banned
|rule|Species Clause: Limit one of each Pokémon
|rule|OHKO Clause: OHKO moves are banned
|rule|Evasion Items Clause: Evasion items are banned
|rule|Evasion Moves Clause: Evasion moves are banned
|rule|Evasion Abilities Clause: Evasion abilities are banned
|rule|Sleep Moves Clause: Sleep-inducing moves are banned
|clearpoke
|poke|p1|Arcanine-Hisui, M|
|poke|p1|Snorlax, M|
|poke|p1|Zoroark, M|
|poke|p1|Chesnaught, M|
|poke|p1|Gliscor, M|
|poke|p1|Fezandipiti, M|
|poke|p2|Samurott-Hisui, M|
|poke|p2|Great Tusk|
|poke|p2|Volcanion|
|poke|p2|Hydrapple, F|
|poke|p2|Gholdengo|
|poke|p2|Landorus-Therian, M|
|teampreview
|inactive|Battle timer is ON: inactive players will automatically lose when time's up. (requested by ay cheu)
|
|t:|1757937127
|teamsize|p1|6
|teamsize|p2|6
|start
|switch|p1a: Fezandipiti|Fezandipiti, M|100/100
|switch|p2a: Samurott|Samurott-Hisui, M|100/100
|turn|1
|
|t:|1757937134
|move|p1a: Fezandipiti|U-turn|p2a: Samurott
|-supereffective|p2a: Samurott
|-damage|p2a: Samurott|66/100
|
|t:|1757937137
|switch|p1a: Chesnaught|Chesnaught, M|100/100|[from] U-turn
|move|p2a: Samurott|Knock Off|p1a: Chesnaught
|-resisted|p1a: Chesnaught
|-damage|p1a: Chesnaught|88/100
|-damage|p2a: Samurott|50/100|[from] item: Rocky Helmet|[of] p1a: Chesnaught
|-enditem|p1a: Chesnaught|Rocky Helmet|[from] move: Knock Off|[of] p2a: Samurott
|
|upkeep
|turn|2
|
|t:|1757937144
|move|p2a: Samurott|Ceaseless Edge|p1a: Chesnaught
|-resisted|p1a: Chesnaught
|-damage|p1a: Chesnaught|77/100
|-sidestart|p1: ay cheu|Spikes
|move|p1a: Chesnaught|Spikes|p2a: Samurott
|-sidestart|p2: murder kingdom|Spikes
|
|upkeep
|turn|3
|
|t:|1757937148
|move|p2a: Samurott|Ceaseless Edge|p1a: Chesnaught
|-resisted|p1a: Chesnaught
|-damage|p1a: Chesnaught|65/100
|-sidestart|p1: ay cheu|Spikes
|move|p1a: Chesnaught|Iron Defense|p1a: Chesnaught
|-boost|p1a: Chesnaught|def|2
|
|upkeep
|turn|4
|
|t:|1757937151
|move|p2a: Samurott|Ceaseless Edge|p1a: Chesnaught
|-resisted|p1a: Chesnaught
|-damage|p1a: Chesnaught|60/100
|-sidestart|p1: ay cheu|Spikes
|move|p1a: Chesnaught|Spikes|p2a: Samurott
|-sidestart|p2: murder kingdom|Spikes
|
|upkeep
|turn|5
|
|t:|1757937158
|switch|p2a: Hydrapple|Hydrapple, F|100/100
|-damage|p2a: Hydrapple|84/100|[from] Spikes
|move|p1a: Chesnaught|Synthesis|p1a: Chesnaught
|-heal|p1a: Chesnaught|100/100
|
|upkeep
|turn|6
|
|t:|1757937164
|move|p1a: Chesnaught|Body Press|p2a: Hydrapple
|-damage|p2a: Hydrapple|33/100
|-damage|p1a: Chesnaught|84/100|[from] item: Rocky Helmet|[of] p2a: Hydrapple
|move|p2a: Hydrapple|Fickle Beam|p1a: Chesnaught|[anim] Fickle Beam All Out
|-activate|p2a: Hydrapple|move: Fickle Beam
|-damage|p1a: Chesnaught|10/100
|
|upkeep
|turn|7
|
|t:|1757937172
|switch|p2a: Landorus|Landorus-Therian, M|100/100
|-ability|p2a: Landorus|Intimidate|boost
|-unboost|p1a: Chesnaught|atk|1
|move|p1a: Chesnaught|Synthesis|p1a: Chesnaught
|-heal|p1a: Chesnaught|60/100
|
|upkeep
|turn|8
|
|t:|1757937176
|-terastallize|p2a: Landorus|Flying
|move|p2a: Landorus|Tera Blast|p1a: Chesnaught|[anim] Tera Blast Flying
|-supereffective|p1a: Chesnaught
|-damage|p1a: Chesnaught|0 fnt
|faint|p1a: Chesnaught
|
|upkeep
|
|t:|1757937180
|switch|p1a: Gliscor|Gliscor, M|100/100
|turn|9
|
|t:|1757937183
|switch|p2a: Samurott|Samurott-Hisui, M|50/100
|-damage|p2a: Samurott|33/100|[from] Spikes
|move|p1a: Gliscor|Swords Dance|p1a: Gliscor
|-boost|p1a: Gliscor|atk|2
|
|-status|p1a: Gliscor|tox|[from] item: Toxic Orb
|upkeep
|turn|10
|
|t:|1757937186
|move|p1a: Gliscor|Facade|p2a: Samurott
|-damage|p2a: Samurott|0 fnt
|faint|p2a: Samurott
|
|upkeep
|
|t:|1757937203
|switch|p2a: Great Tusk|Great Tusk|100/100
|turn|11
|
|t:|1757937208
|move|p1a: Gliscor|Earthquake|p2a: Great Tusk
|-damage|p2a: Great Tusk|40/100
|move|p2a: Great Tusk|Rapid Spin|p1a: Gliscor
|-damage|p1a: Gliscor|83/100 tox
|-boost|p2a: Great Tusk|spe|1
|-sideend|p2: murder kingdom|Spikes|[from] move: Rapid Spin|[of] p2a: Great Tusk
|
|-heal|p1a: Gliscor|96/100 tox|[from] ability: Poison Heal
|upkeep
|turn|12
|
|t:|1757937213
|-terastallize|p1a: Gliscor|Water
|move|p2a: Great Tusk|Ice Spinner|p1a: Gliscor
|-resisted|p1a: Gliscor
|-damage|p1a: Gliscor|83/100 tox
|move|p1a: Gliscor|Earthquake|p2a: Great Tusk
|-damage|p2a: Great Tusk|0 fnt
|faint|p2a: Great Tusk
|-end|p2a: Great Tusk|Protosynthesis|[silent]
|
|-heal|p1a: Gliscor|95/100 tox|[from] ability: Poison Heal
|upkeep
|
|t:|1757937220
|switch|p2a: Hydrapple|Hydrapple, F|67/100
|turn|13
|
|t:|1757937224
|switch|p1a: Fezandipiti|Fezandipiti, M|100/100
|-damage|p1a: Fezandipiti|75/100|[from] Spikes
|switch|p2a: Gholdengo|Gholdengo|100/100
|-item|p2a: Gholdengo|Air Balloon
|
|-heal|p1a: Fezandipiti|82/100|[from] item: Leftovers
|upkeep
|turn|14
|
|t:|1757937236
|switch|p2a: Volcanion|Volcanion|100/100
|move|p1a: Fezandipiti|Heat Wave|p2a: Volcanion
|-resisted|p2a: Volcanion
|-damage|p2a: Volcanion|96/100
|-status|p2a: Volcanion|tox|[from] ability: Toxic Chain|[of] p1a: Fezandipiti
|
|-heal|p1a: Fezandipiti|88/100|[from] item: Leftovers
|-damage|p2a: Volcanion|90/100 tox|[from] psn
|upkeep
|turn|15
|
|t:|1757937245
|move|p1a: Fezandipiti|Calm Mind|p1a: Fezandipiti
|-boost|p1a: Fezandipiti|spa|1
|-boost|p1a: Fezandipiti|spd|1
|move|p2a: Volcanion|Steam Eruption|p1a: Fezandipiti|[miss]
|-miss|p2a: Volcanion|p1a: Fezandipiti
|
|-heal|p1a: Fezandipiti|94/100|[from] item: Leftovers
|-damage|p2a: Volcanion|78/100 tox|[from] psn
|upkeep
|turn|16
|
|t:|1757937249
|move|p1a: Fezandipiti|Calm Mind|p1a: Fezandipiti
|-boost|p1a: Fezandipiti|spa|1
|-boost|p1a: Fezandipiti|spd|1
|move|p2a: Volcanion|Will-O-Wisp|p1a: Fezandipiti
|-status|p1a: Fezandipiti|brn
|
|-heal|p1a: Fezandipiti|99/100 brn|[from] item: Leftovers
|-damage|p2a: Volcanion|60/100 tox|[from] psn
|-damage|p1a: Fezandipiti|94/100 brn|[from] brn
|upkeep
|turn|17
|
|t:|1757937256
|switch|p2a: Landorus|Landorus-Therian, M, tera:Flying|100/100
|-ability|p2a: Landorus|Intimidate|boost
|-unboost|p1a: Fezandipiti|atk|1
|move|p1a: Fezandipiti|Moonblast|p2a: Landorus
|-damage|p2a: Landorus|35/100
|-unboost|p2a: Landorus|spa|1
|
|-heal|p1a: Fezandipiti|99/100 brn|[from] item: Leftovers
|-damage|p1a: Fezandipiti|94/100 brn|[from] brn
|upkeep
|turn|18
|
|t:|1757937276
|move|p2a: Landorus|Earthquake|p1a: Fezandipiti
|-supereffective|p1a: Fezandipiti
|-damage|p1a: Fezandipiti|7/100 brn
|move|p1a: Fezandipiti|Moonblast|p2a: Landorus
|-damage|p2a: Landorus|0 fnt
|faint|p2a: Landorus
|
|-heal|p1a: Fezandipiti|13/100 brn|[from] item: Leftovers
|-damage|p1a: Fezandipiti|7/100 brn|[from] brn
|upkeep
|
|t:|1757937282
|switch|p2a: Volcanion|Volcanion|60/100 tox
|turn|19
|
|t:|1757937284
|move|p1a: Fezandipiti|Roost|p1a: Fezandipiti
|-heal|p1a: Fezandipiti|57/100 brn
|-singleturn|p1a: Fezandipiti|move: Roost
|move|p2a: Volcanion|Sludge Bomb|p1a: Fezandipiti
|-crit|p1a: Fezandipiti
|-damage|p1a: Fezandipiti|23/100 brn
|
|-heal|p1a: Fezandipiti|29/100 brn|[from] item: Leftovers
|-damage|p2a: Volcanion|54/100 tox|[from] psn
|-damage|p1a: Fezandipiti|23/100 brn|[from] brn
|upkeep
|turn|20
|
|t:|1757937289
|move|p1a: Fezandipiti|Roost|p1a: Fezandipiti
|-heal|p1a: Fezandipiti|73/100 brn
|-singleturn|p1a: Fezandipiti|move: Roost
|move|p2a: Volcanion|Steam Eruption|p1a: Fezandipiti
|-damage|p1a: Fezandipiti|53/100 brn
|
|-heal|p1a: Fezandipiti|59/100 brn|[from] item: Leftovers
|-damage|p2a: Volcanion|42/100 tox|[from] psn
|-damage|p1a: Fezandipiti|53/100 brn|[from] brn
|upkeep
|turn|21
|
|t:|1757937295
|switch|p2a: Gholdengo|Gholdengo|100/100
|-item|p2a: Gholdengo|Air Balloon
|move|p1a: Fezandipiti|Roost|p1a: Fezandipiti
|-heal|p1a: Fezandipiti|100/100 brn
|-singleturn|p1a: Fezandipiti|move: Roost
|
|-damage|p1a: Fezandipiti|94/100 brn|[from] brn
|upkeep
|turn|22
|
|t:|1757937298
|move|p2a: Gholdengo|Make It Rain|p1a: Fezandipiti
|-supereffective|p1a: Fezandipiti
|-damage|p1a: Fezandipiti|45/100 brn
|-unboost|p2a: Gholdengo|spa|1
|move|p1a: Fezandipiti|Heat Wave|p2a: Gholdengo
|-supereffective|p2a: Gholdengo
|-damage|p2a: Gholdengo|37/100
|-enditem|p2a: Gholdengo|Air Balloon
|
|-heal|p1a: Fezandipiti|52/100 brn|[from] item: Leftovers
|-damage|p1a: Fezandipiti|45/100 brn|[from] brn
|upkeep
|turn|23
|
|t:|1757937305
|move|p2a: Gholdengo|Nasty Plot|p2a: Gholdengo
|-boost|p2a: Gholdengo|spa|2
|move|p1a: Fezandipiti|Roost|p1a: Fezandipiti
|-heal|p1a: Fezandipiti|95/100 brn
|-singleturn|p1a: Fezandipiti|move: Roost
|
|-heal|p1a: Fezandipiti|100/100 brn|[from] item: Leftovers
|-damage|p1a: Fezandipiti|94/100 brn|[from] brn
|upkeep
|turn|24
|
|t:|1757937310
|move|p2a: Gholdengo|Make It Rain|p1a: Fezandipiti
|-supereffective|p1a: Fezandipiti
|-damage|p1a: Fezandipiti|31/100 brn
|-unboost|p2a: Gholdengo|spa|1
|move|p1a: Fezandipiti|Heat Wave|p2a: Gholdengo
|-supereffective|p2a: Gholdengo
|-crit|p2a: Gholdengo
|-damage|p2a: Gholdengo|0 fnt
|faint|p2a: Gholdengo
|
|-heal|p1a: Fezandipiti|37/100 brn|[from] item: Leftovers
|-damage|p1a: Fezandipiti|31/100 brn|[from] brn
|upkeep
|
|t:|1757937314
|switch|p2a: Hydrapple|Hydrapple, F|99/100
|turn|25
|
|t:|1757937316
|move|p1a: Fezandipiti|Moonblast|p2a: Hydrapple
|-supereffective|p2a: Hydrapple
|-damage|p2a: Hydrapple|4/100
|-unboost|p2a: Hydrapple|spa|1
|move|p2a: Hydrapple|Earth Power|p1a: Fezandipiti
|-supereffective|p1a: Fezandipiti
|-damage|p1a: Fezandipiti|20/100 brn
|-unboost|p1a: Fezandipiti|spd|1
|
|-heal|p1a: Fezandipiti|26/100 brn|[from] item: Leftovers
|-damage|p1a: Fezandipiti|20/100 brn|[from] brn
|upkeep
|turn|26
|-message|murder kingdom forfeited.
|
|win|ay cheu
|raw|ay cheu's rating: 1443 &rarr; <strong>1465</strong><br />(+22 for winning)
|raw|murder kingdom's rating: 1484 &rarr; <strong>1462</strong><br />(-22 for losing)
|l|☆murder kingdom
|player|p2|
