|j|☆mathismathin
|j|☆doombot682
|t:|1757908145
|gametype|singles
|player|p1|mathismathin|hilbert|1411
|player|p2|doombot682|larry|1386
|gen|9
|tier|[Gen 9] OU
|rated|
|rule|HP Percentage Mod: HP is shown in percentages
|rule|Endless Battle Clause: Forcing endless battles is banned
|rule|Species Clause: Limit one of each Pokémon
|rule|OHKO Clause: OHKO moves are banned
|rule|Evasion Items Clause: Evasion items are banned
|rule|Evasion Moves Clause: Evasion moves are banned
|rule|Evasion Abilities Clause: Evasion abilities are banned
|rule|Sleep Moves Clause: Sleep-inducing moves are banned
|clearpoke
|poke|p1|Mew|
|poke|p1|Primarina, M|
|poke|p1|Moltres|
|poke|p1|Chesnaught, M|
|poke|p1|Great Tusk|
|poke|p1|Dragapult, F|
|poke|p2|Indeedee, M|
|poke|p2|Hatterene, F|
|poke|p2|Ursaluna, F|
|poke|p2|Iron Hands|
|poke|p2|Hoopa-Unbound|
|poke|p2|Mimikyu, F|
|teampreview
|inactive|Battle timer is ON: inactive players will automatically lose when time's up. (requested by doombot682)
|
|t:|1757908161
|teamsize|p1|6
|teamsize|p2|6
|start
|switch|p1a: Mew|Mew|100/100
|switch|p2a: Indeedee|Indeedee, M|100/100
|-fieldstart|move: Psychic Terrain|[from] ability: Psychic Surge|[of] p2a: Indeedee
|turn|1
|inactive|mathismathin has 120 seconds left.
|
|t:|1757908206
|switch|p2a: Ursaluna|Ursaluna, F|100/100
|move|p1a: Mew|Trick|p2a: Ursaluna
|-activate|p1a: Mew|move: Trick|[of] p2a: Ursaluna
|-item|p2a: Ursaluna|Choice Scarf|[from] move: Trick
|-item|p1a: Mew|Flame Orb|[from] move: Trick
|
|-status|p1a: Mew|brn|[from] item: Flame Orb
|upkeep
|turn|2
|
|t:|1757908226
|switch|p1a: Chesnaught|Chesnaught, M|100/100
|move|p2a: Ursaluna|Facade|p1a: Chesnaught
|-damage|p1a: Chesnaught|76/100
|-damage|p2a: Ursaluna|84/100|[from] item: Rocky Helmet|[of] p1a: Chesnaught
|
|upkeep
|turn|3
|
|t:|1757908246
|switch|p2a: Hatterene|Hatterene, F, shiny|100/100
|move|p1a: Chesnaught|Synthesis|p1a: Chesnaught
|-heal|p1a: Chesnaught|100/100
|
|upkeep
|turn|4
|
|t:|1757908251
|switch|p1a: Primarina|Primarina, M|100/100
|move|p2a: Hatterene|Trick Room|p2a: Hatterene
|-fieldstart|move: Trick Room|[of] p2a: Hatterene
|
|upkeep
|turn|5
|
|t:|1757908264
|move|p2a: Hatterene|Expanding Force|p1a: Primarina
|-damage|p1a: Primarina|22/100
|-damage|p2a: Hatterene|91/100|[from] item: Life Orb
|move|p1a: Primarina|Surf|p2a: Hatterene
|-damage|p2a: Hatterene|15/100
|
|upkeep
|turn|6
|
|t:|1757908283
|move|p2a: Hatterene|Draining Kiss|p1a: Primarina
|-damage|p1a: Primarina|0 fnt
|-heal|p2a: Hatterene|31/100|[from] drain|[of] p1a: Primarina
|faint|p1a: Primarina
|-damage|p2a: Hatterene|21/100|[from] item: Life Orb
|
|upkeep
|inactive|mathismathin has 120 seconds left.
|
|t:|1757908289
|switch|p1a: Mew|Mew|100/100 brn
|turn|7
|
|t:|1757908295
|move|p2a: Hatterene|Draining Kiss|p1a: Mew
|-damage|p1a: Mew|70/100 brn
|-heal|p2a: Hatterene|50/100|[from] drain|[of] p1a: Mew
|-damage|p2a: Hatterene|40/100|[from] item: Life Orb
|move|p1a: Mew|Transform|p2a: Hatterene
|-transform|p1a: Mew|p2a: Hatterene
|
|-damage|p1a: Mew|64/100 brn|[from] brn
|upkeep
|turn|8
|
|t:|1757908306
|switch|p2a: Ursaluna|Ursaluna, F|84/100
|move|p1a: Mew|Expanding Force|p2a: Ursaluna
|-damage|p2a: Ursaluna|0 fnt
|faint|p2a: Ursaluna
|
|-damage|p1a: Mew|58/100 brn|[from] brn
|-fieldend|move: Trick Room
|-fieldend|move: Psychic Terrain
|upkeep
|
|t:|1757908313
|switch|p2a: Indeedee|Indeedee, M|100/100
|-fieldstart|move: Psychic Terrain|[from] ability: Psychic Surge|[of] p2a: Indeedee
|turn|9
|
|t:|1757908333
|move|p2a: Indeedee|Encore|p1a: Mew
|move|p1a: Mew|Encore||[from] ability: Magic Bounce|[still]
|-fail|p1a: Mew
|move|p1a: Mew|Draining Kiss|p2a: Indeedee
|-damage|p2a: Indeedee|66/100
|-heal|p1a: Mew|79/100 brn|[from] drain|[of] p2a: Indeedee
|
|-damage|p1a: Mew|73/100 brn|[from] brn
|upkeep
|turn|10
|
|t:|1757908347
|switch|p2a: Mimikyu|Mimikyu, F|100/100
|move|p1a: Mew|Draining Kiss|p2a: Mimikyu
|-activate|p2a: Mimikyu|ability: Disguise
|-damage|p2a: Mimikyu|100/100
|detailschange|p2a: Mimikyu|Mimikyu-Busted, F
|-damage|p2a: Mimikyu|88/100|[from] pokemon: Mimikyu-Busted
|-enditem|p2a: Mimikyu|Red Card|[of] p1a: Mew
|drag|p1a: Great Tusk|Great Tusk|100/100
|
|upkeep
|turn|11
|
|t:|1757908362
|-end|p1a: Great Tusk|Protosynthesis|[silent]
|switch|p1a: Mew|Mew|73/100 brn
|move|p2a: Mimikyu|Trick Room|p2a: Mimikyu
|-fieldstart|move: Trick Room|[of] p2a: Mimikyu
|
|-damage|p1a: Mew|66/100 brn|[from] brn
|upkeep
|turn|12
|inactive|mathismathin has 120 seconds left.
|
|t:|1757908397
|move|p2a: Mimikyu|Curse|p1a: Mew
|-start|p1a: Mew|Curse|[of] p2a: Mimikyu
|-damage|p2a: Mimikyu|38/100
|move|p1a: Mew|Trick|p2a: Mimikyu
|-activate|p1a: Mew|move: Trick|[of] p2a: Mimikyu
|-item|p2a: Mimikyu|Flame Orb|[from] move: Trick
|-enditem|p1a: Mew|Flame Orb|[silent]|[from] move: Trick
|
|-damage|p1a: Mew|60/100 brn|[from] brn
|-damage|p1a: Mew|35/100 brn|[from] Curse
|-status|p2a: Mimikyu|brn|[from] item: Flame Orb
|upkeep
|turn|13
|
|t:|1757908409
|move|p2a: Mimikyu|Destiny Bond|p2a: Mimikyu
|-singlemove|p2a: Mimikyu|Destiny Bond
|move|p1a: Mew|Transform|p2a: Mimikyu
|-transform|p1a: Mew|p2a: Mimikyu
|
|-damage|p1a: Mew|29/100 brn|[from] brn
|-damage|p2a: Mimikyu|32/100 brn|[from] brn
|-damage|p1a: Mew|4/100 brn|[from] Curse
|upkeep
|turn|14
|
|t:|1757908415
|move|p1a: Mew|Play Rough|p2a: Mimikyu
|-damage|p2a: Mimikyu|20/100 brn
|move|p2a: Mimikyu|Trick Room|p2a: Mimikyu
|-fieldend|move: Trick Room
|
|-damage|p1a: Mew|0 fnt|[from] brn
|faint|p1a: Mew
|-damage|p2a: Mimikyu|14/100 brn|[from] brn
|upkeep
|inactive|mathismathin has 90 seconds left.
|
|t:|1757908450
|switch|p1a: Great Tusk|Great Tusk|100/100
|turn|15
|
|t:|1757908469
|move|p1a: Great Tusk|Headlong Rush|p2a: Mimikyu
|-damage|p2a: Mimikyu|0 fnt
|-unboost|p1a: Great Tusk|def|1
|-unboost|p1a: Great Tusk|spd|1
|faint|p2a: Mimikyu
|
|upkeep
|
|t:|1757908475
|switch|p2a: Iron Hands|Iron Hands, shiny|100/100
|-enditem|p2a: Iron Hands|Booster Energy
|-activate|p2a: Iron Hands|ability: Quark Drive|[fromitem]
|-start|p2a: Iron Hands|quarkdriveatk
|turn|16
|inactive|mathismathin has 90 seconds left.
|inactive|mathismathin has 60 seconds left.
|
|t:|1757908523
|-end|p1a: Great Tusk|Protosynthesis|[silent]
|switch|p1a: Moltres|Moltres|100/100
|-terastallize|p2a: Iron Hands|Flying
|move|p2a: Iron Hands|Ice Punch|p1a: Moltres
|-damage|p1a: Moltres|57/100
|-status|p1a: Moltres|frz
|
|-fieldend|move: Psychic Terrain
|upkeep
|turn|17
|inactive|mathismathin has 60 seconds left.
|
|t:|1757908534
|switch|p1a: Chesnaught|Chesnaught, M|100/100
|move|p2a: Iron Hands|Ice Punch|p1a: Chesnaught
|-supereffective|p1a: Chesnaught
|-damage|p1a: Chesnaught|57/100
|-damage|p2a: Iron Hands|84/100|[from] item: Rocky Helmet|[of] p1a: Chesnaught
|
|upkeep
|turn|18
|inactive|mathismathin has 60 seconds left.
|
|t:|1757908547
|move|p1a: Chesnaught|Iron Defense|p1a: Chesnaught
|-boost|p1a: Chesnaught|def|2
|move|p2a: Iron Hands|Ice Punch|p1a: Chesnaught
|-supereffective|p1a: Chesnaught
|-damage|p1a: Chesnaught|32/100
|-damage|p2a: Iron Hands|67/100|[from] item: Rocky Helmet|[of] p1a: Chesnaught
|
|upkeep
|turn|19
|
|t:|1757908559
|-end|p2a: Iron Hands|Quark Drive|[silent]
|switch|p2a: Indeedee|Indeedee, M|66/100
|-fieldstart|move: Psychic Terrain|[from] ability: Psychic Surge|[of] p2a: Indeedee
|move|p1a: Chesnaught|Body Press|p2a: Indeedee
|-damage|p2a: Indeedee|0 fnt
|faint|p2a: Indeedee
|
|upkeep
|
|t:|1757908567
|switch|p2a: Hoopa|Hoopa-Unbound|100/100
|-enditem|p2a: Hoopa|Psychic Seed
|-boost|p2a: Hoopa|spd|1|[from] item: Psychic Seed
|turn|20
|
|t:|1757908582
|move|p1a: Chesnaught|Body Press|p2a: Hoopa
|-damage|p2a: Hoopa|3/100
|move|p2a: Hoopa|Trick Room|p2a: Hoopa
|-fieldstart|move: Trick Room|[of] p2a: Hoopa
|
|upkeep
|turn|21
|
|t:|1757908609
|switch|p1a: Moltres|Moltres|57/100 frz
|move|p2a: Hoopa|Expanding Force|p1a: Moltres
|-damage|p1a: Moltres|0 fnt
|faint|p1a: Moltres
|-item|p2a: Hoopa|Heavy-Duty Boots|[from] ability: Magician|[of] p1: Moltres
|
|upkeep
|
|t:|1757908621
|switch|p1a: Great Tusk|Great Tusk|100/100
|turn|22
|
|t:|1757908632
|-terastallize|p1a: Great Tusk|Steel
|move|p2a: Hoopa|Expanding Force|p1a: Great Tusk
|-resisted|p1a: Great Tusk
|-damage|p1a: Great Tusk|20/100
|move|p1a: Great Tusk|Ice Spinner|p2a: Hoopa
|-damage|p2a: Hoopa|0 fnt
|-fieldend|move: Psychic Terrain
|faint|p2a: Hoopa
|
|upkeep
|
|t:|1757908635
|switch|p2a: Iron Hands|Iron Hands, shiny, tera:Flying|67/100
|turn|23
|
|t:|1757908648
|-end|p1a: Great Tusk|Protosynthesis|[silent]
|switch|p1a: Chesnaught|Chesnaught, M|32/100
|move|p2a: Iron Hands|Supercell Slam|p1a: Chesnaught
|-resisted|p1a: Chesnaught
|-damage|p1a: Chesnaught|13/100
|-damage|p2a: Iron Hands|50/100|[from] item: Rocky Helmet|[of] p1a: Chesnaught
|
|upkeep
|turn|24
|
|t:|1757908655
|move|p2a: Iron Hands|Ice Punch|p1a: Chesnaught
|-supereffective|p1a: Chesnaught
|-damage|p1a: Chesnaught|0 fnt
|-damage|p2a: Iron Hands|34/100|[from] item: Rocky Helmet|[of] p1a: Chesnaught
|faint|p1a: Chesnaught
|
|-fieldend|move: Trick Room
|upkeep
|
|t:|1757908657
|switch|p1a: Great Tusk|Great Tusk, tera:Steel|20/100
|turn|25
|
|t:|1757908661
|move|p1a: Great Tusk|Ice Spinner|p2a: Iron Hands
|-supereffective|p2a: Iron Hands
|-damage|p2a: Iron Hands|0 fnt
|faint|p2a: Iron Hands
|-end|p2a: Iron Hands|Quark Drive|[silent]
|
|upkeep
|
|t:|1757908663
|switch|p2a: Hatterene|Hatterene, F, shiny|40/100
|turn|26
|
|t:|1757908672
|move|p1a: Great Tusk|Headlong Rush|p2a: Hatterene
|-damage|p2a: Hatterene|0 fnt
|-unboost|p1a: Great Tusk|def|1
|-unboost|p1a: Great Tusk|spd|1
|faint|p2a: Hatterene
|
|win|mathismathin
|raw|mathismathin's rating: 1452 &rarr; <strong>1468</strong><br />(+16 for winning)
|raw|doombot682's rating: 1386 &rarr; <strong>1370</strong><br />(-16 for losing)
