|j|☆Sonzaisonder
|j|☆flygonisdragon
|t:|1757825644
|gametype|singles
|player|p1|Sonzaisonder|steven|1373
|player|p2|flygonisdragon|serena-masters|1446
|gen|9
|tier|[Gen 9] OU
|rated|
|rule|HP Percentage Mod: HP is shown in percentages
|rule|Endless Battle Clause: Forcing endless battles is banned
|rule|Species Clause: Limit one of each Pokémon
|rule|OHKO Clause: OHKO moves are banned
|rule|Evasion Items Clause: Evasion items are banned
|rule|Evasion Moves Clause: Evasion moves are banned
|rule|Evasion Abilities Clause: Evasion abilities are banned
|rule|Sleep Moves Clause: Sleep-inducing moves are banned
|clearpoke
|poke|p1|Slowking-Galar, F|
|poke|p1|Great Tusk|
|poke|p1|Hoopa-Unbound|
|poke|p1|Alomomola, F|
|poke|p1|Zamazenta-*|
|poke|p1|Raging Bolt|
|poke|p2|Zapdos-Galar|
|poke|p2|Volcanion|
|poke|p2|Kommo-o, F|
|poke|p2|Fezandipiti, M|
|poke|p2|Clodsire, F|
|poke|p2|Scizor, F|
|teampreview
|inactive|Battle timer is ON: inactive players will automatically lose when time's up. (requested by flygonisdragon)
|
|t:|1757825661
|teamsize|p1|6
|teamsize|p2|6
|start
|switch|p1a: Raging Bolt|Raging Bolt|100/100
|switch|p2a: Kommo-o|Kommo-o, F|100/100
|turn|1
|
|t:|1757825666
|switch|p2a: Clodsire|Clodsire, F|100/100
|move|p1a: Raging Bolt|Dragon Pulse|p2a: Clodsire
|-damage|p2a: Clodsire|73/100
|
|-heal|p2a: Clodsire|80/100|[from] item: Leftovers
|upkeep
|turn|2
|
|t:|1757825674
|-end|p1a: Raging Bolt|Protosynthesis|[silent]
|switch|p1a: Slowking|Slowking-Galar, F|100/100
|move|p2a: Clodsire|Toxic|p1a: Slowking
|-immune|p1a: Slowking
|
|-heal|p2a: Clodsire|86/100|[from] item: Leftovers
|upkeep
|turn|3
|
|t:|1757825679
|move|p2a: Clodsire|Stealth Rock|p1a: Slowking
|-sidestart|p1: Sonzaisonder|move: Stealth Rock
|move|p1a: Slowking|Future Sight|p2a: Clodsire
|-start|p1a: Slowking|move: Future Sight
|
|-heal|p2a: Clodsire|92/100|[from] item: Leftovers
|upkeep
|turn|4
|
|t:|1757825684
|move|p2a: Clodsire|Earthquake|p1a: Slowking
|-supereffective|p1a: Slowking
|-damage|p1a: Slowking|40/100
|-prepare|p1a: Slowking|Chilly Reception|[premajor]
|move|p1a: Slowking|Chilly Reception|p1a: Slowking
|-weather|Snowscape
|
|t:|1757825689
|switch|p1a: Hoopa|Hoopa-Unbound|100/100|[from] Chilly Reception
|-damage|p1a: Hoopa|88/100|[from] Stealth Rock
|
|-weather|Snowscape|[upkeep]
|-heal|p2a: Clodsire|98/100|[from] item: Leftovers
|upkeep
|turn|5
|
|t:|1757825708
|move|p1a: Hoopa|Hyperspace Fury|p2a: Clodsire
|-damage|p2a: Clodsire|0 fnt
|-unboost|p1a: Hoopa|def|1
|faint|p2a: Clodsire
|
|-weather|Snowscape|[upkeep]
|-hint|Future Sight did not hit because the target is fainted.
|upkeep
|
|t:|1757825716
|switch|p2a: Zapdos|Zapdos-Galar|100/100
|turn|6
|
|t:|1757825725
|switch|p1a: Alomomola|Alomomola, F|100/100
|move|p2a: Zapdos|U-turn|p1a: Alomomola
|-damage|p1a: Alomomola|78/100
|
|t:|1757825745
|switch|p2a: Volcanion|Volcanion|100/100|[from] U-turn
|
|-weather|Snowscape|[upkeep]
|upkeep
|turn|7
|
|t:|1757825756
|move|p2a: Volcanion|Steam Eruption|p1a: Alomomola
|-resisted|p1a: Alomomola
|-damage|p1a: Alomomola|42/100
|move|p1a: Alomomola|Wish|p1a: Alomomola
|
|-weather|Snowscape|[upkeep]
|upkeep
|turn|8
|
|t:|1757825764
|switch|p1a: Slowking|Slowking-Galar, F|73/100
|move|p2a: Volcanion|Steam Eruption|p1a: Slowking
|-damage|p1a: Slowking|16/100
|-status|p1a: Slowking|brn
|
|-weather|none
|-heal|p1a: Slowking|76/100 brn|[from] move: Wish|[wisher] Alomomola
|-damage|p1a: Slowking|70/100 brn|[from] brn
|upkeep
|turn|9
|
|t:|1757825774
|move|p2a: Volcanion|Steam Eruption|p1a: Slowking
|-damage|p1a: Slowking|12/100 brn
|-prepare|p1a: Slowking|Chilly Reception|[premajor]
|move|p1a: Slowking|Chilly Reception|p1a: Slowking
|-weather|Snowscape
|
|t:|1757825782
|switch|p1a: Hoopa|Hoopa-Unbound|88/100|[from] Chilly Reception
|-damage|p1a: Hoopa|76/100|[from] Stealth Rock
|
|-weather|Snowscape|[upkeep]
|upkeep
|turn|10
|
|t:|1757825801
|move|p1a: Hoopa|Zen Headbutt|p2a: Volcanion
|-damage|p2a: Volcanion|20/100
|cant|p2a: Volcanion|flinch
|
|-weather|Snowscape|[upkeep]
|upkeep
|turn|11
|
|t:|1757825806
|move|p1a: Hoopa|Zen Headbutt|p2a: Volcanion
|-damage|p2a: Volcanion|0 fnt
|faint|p2a: Volcanion
|
|-weather|Snowscape|[upkeep]
|upkeep
|
|t:|1757825816
|switch|p2a: Zapdos|Zapdos-Galar|100/100
|turn|12
|
|t:|1757825820
|switch|p1a: Alomomola|Alomomola, F|75/100
|move|p2a: Zapdos|Close Combat|p1a: Alomomola
|-damage|p1a: Alomomola|14/100
|-unboost|p2a: Zapdos|def|1
|-unboost|p2a: Zapdos|spd|1
|
|-weather|Snowscape|[upkeep]
|upkeep
|turn|13
|
|t:|1757825827
|move|p1a: Alomomola|Protect|p1a: Alomomola
|-singleturn|p1a: Alomomola|Protect
|move|p2a: Zapdos|Close Combat|p1a: Alomomola
|-activate|p1a: Alomomola|move: Protect
|
|-weather|none
|upkeep
|turn|14
|
|t:|1757825834
|switch|p1a: Slowking|Slowking-Galar, F|45/100 brn
|move|p2a: Zapdos|Close Combat|p1a: Slowking
|-resisted|p1a: Slowking
|-damage|p1a: Slowking|23/100 brn
|-unboost|p2a: Zapdos|def|1
|-unboost|p2a: Zapdos|spd|1
|
|-damage|p1a: Slowking|17/100 brn|[from] brn
|upkeep
|turn|15
|
|t:|1757825854
|switch|p1a: Alomomola|Alomomola, F|47/100
|move|p2a: Zapdos|Close Combat|p1a: Alomomola
|-damage|p1a: Alomomola|0 fnt
|-unboost|p2a: Zapdos|def|1
|-unboost|p2a: Zapdos|spd|1
|faint|p1a: Alomomola
|
|upkeep
|
|t:|1757825859
|switch|p1a: Raging Bolt|Raging Bolt|100/100
|turn|16
|
|t:|1757825866
|switch|p2a: Fezandipiti|Fezandipiti, M|100/100
|move|p1a: Raging Bolt|Thunderbolt|p2a: Fezandipiti
|-damage|p2a: Fezandipiti|73/100
|
|upkeep
|turn|17
|
|t:|1757825874
|-end|p1a: Raging Bolt|Protosynthesis|[silent]
|switch|p1a: Slowking|Slowking-Galar, F|50/100 brn
|move|p2a: Fezandipiti|Moonblast|p1a: Slowking
|-resisted|p1a: Slowking
|-damage|p1a: Slowking|43/100 brn
|
|-damage|p1a: Slowking|37/100 brn|[from] brn
|upkeep
|turn|18
|
|t:|1757825882
|move|p2a: Fezandipiti|U-turn|p1a: Slowking
|-damage|p1a: Slowking|22/100 brn
|
|t:|1757825891
|switch|p2a: Scizor|Scizor, F|100/100|[from] U-turn
|move|p1a: Slowking|Future Sight|p2a: Scizor
|-start|p1a: Slowking|move: Future Sight
|
|-damage|p1a: Slowking|16/100 brn|[from] brn
|upkeep
|turn|19
|
|t:|1757825896
|move|p2a: Scizor|Knock Off|p1a: Slowking
|-supereffective|p1a: Slowking
|-damage|p1a: Slowking|0 fnt
|-enditem|p1a: Slowking|Heavy-Duty Boots|[from] move: Knock Off|[of] p2a: Scizor
|faint|p1a: Slowking
|-damage|p2a: Scizor|91/100|[from] item: Life Orb
|
|upkeep
|
|t:|1757825904
|switch|p1a: Great Tusk|Great Tusk|100/100
|turn|20
|
|t:|1757825909
|move|p1a: Great Tusk|Rapid Spin|p2a: Scizor
|-resisted|p2a: Scizor
|-damage|p2a: Scizor|81/100
|-boost|p1a: Great Tusk|spe|1
|-sideend|p1: Sonzaisonder|Stealth Rock|[from] move: Rapid Spin|[of] p1a: Great Tusk
|move|p2a: Scizor|Knock Off|p1a: Great Tusk
|-resisted|p1a: Great Tusk
|-damage|p1a: Great Tusk|82/100
|-enditem|p1a: Great Tusk|Heavy-Duty Boots|[from] move: Knock Off|[of] p2a: Scizor
|-damage|p2a: Scizor|71/100|[from] item: Life Orb
|
|-end|p2a: Scizor|move: Future Sight
|-resisted|p2a: Scizor
|-damage|p2a: Scizor|42/100
|upkeep
|turn|21
|
|t:|1757825922
|move|p2a: Scizor|Bullet Punch|p1a: Great Tusk
|-damage|p1a: Great Tusk|49/100
|-damage|p2a: Scizor|32/100|[from] item: Life Orb
|move|p1a: Great Tusk|Headlong Rush|p2a: Scizor
|-damage|p2a: Scizor|0 fnt
|-unboost|p1a: Great Tusk|def|1
|-unboost|p1a: Great Tusk|spd|1
|faint|p2a: Scizor
|
|upkeep
|
|t:|1757825927
|switch|p2a: Zapdos|Zapdos-Galar|100/100
|turn|22
|
|t:|1757825940
|move|p1a: Great Tusk|Ice Spinner|p2a: Zapdos
|-supereffective|p2a: Zapdos
|-damage|p2a: Zapdos|32/100
|move|p2a: Zapdos|Brave Bird|p1a: Great Tusk
|-supereffective|p1a: Great Tusk
|-damage|p1a: Great Tusk|0 fnt
|faint|p1a: Great Tusk
|-end|p1a: Great Tusk|Protosynthesis|[silent]
|-damage|p2a: Zapdos|13/100|[from] Recoil
|
|upkeep
|
|t:|1757825947
|switch|p1a: Zamazenta|Zamazenta|100/100
|-ability|p1a: Zamazenta|Dauntless Shield|boost
|-boost|p1a: Zamazenta|def|1
|turn|23
|
|t:|1757825975
|move|p1a: Zamazenta|Body Press|p2a: Zapdos
|-resisted|p2a: Zapdos
|-damage|p2a: Zapdos|0 fnt
|faint|p2a: Zapdos
|
|upkeep
|
|t:|1757825978
|switch|p2a: Fezandipiti|Fezandipiti, M|73/100
|turn|24
|inactive|Sonzaisonder has 120 seconds left.
|
|t:|1757826000
|move|p2a: Fezandipiti|Moonblast|p1a: Zamazenta
|-supereffective|p1a: Zamazenta
|-damage|p1a: Zamazenta|60/100
|move|p1a: Zamazenta|Roar|p2a: Fezandipiti
|drag|p2a: Kommo-o|Kommo-o, F|100/100
|
|-heal|p1a: Zamazenta|66/100|[from] item: Leftovers
|upkeep
|turn|25
|
|t:|1757826008
|switch|p2a: Fezandipiti|Fezandipiti, M|73/100
|move|p1a: Zamazenta|Body Press|p2a: Fezandipiti
|-resisted|p2a: Fezandipiti
|-damage|p2a: Fezandipiti|61/100
|
|-heal|p1a: Zamazenta|73/100|[from] item: Leftovers
|upkeep
|turn|26
|
|t:|1757826012
|move|p1a: Zamazenta|Crunch|p2a: Fezandipiti
|-resisted|p2a: Fezandipiti
|-damage|p2a: Fezandipiti|50/100
|move|p2a: Fezandipiti|Roost|p2a: Fezandipiti
|-heal|p2a: Fezandipiti|99/100
|-singleturn|p2a: Fezandipiti|move: Roost
|
|-heal|p1a: Zamazenta|79/100|[from] item: Leftovers
|upkeep
|turn|27
|
|t:|1757826016
|move|p1a: Zamazenta|Crunch|p2a: Fezandipiti
|-resisted|p2a: Fezandipiti
|-damage|p2a: Fezandipiti|89/100
|move|p2a: Fezandipiti|Moonblast|p1a: Zamazenta
|-supereffective|p1a: Zamazenta
|-damage|p1a: Zamazenta|40/100
|-unboost|p1a: Zamazenta|spa|1
|
|-heal|p1a: Zamazenta|46/100|[from] item: Leftovers
|upkeep
|turn|28
|
|t:|1757826020
|move|p1a: Zamazenta|Crunch|p2a: Fezandipiti
|-resisted|p2a: Fezandipiti
|-damage|p2a: Fezandipiti|78/100
|move|p2a: Fezandipiti|Moonblast|p1a: Zamazenta
|-supereffective|p1a: Zamazenta
|-damage|p1a: Zamazenta|4/100
|
|-heal|p1a: Zamazenta|10/100|[from] item: Leftovers
|upkeep
|turn|29
|
|t:|1757826023
|move|p1a: Zamazenta|Body Press|p2a: Fezandipiti
|-resisted|p2a: Fezandipiti
|-damage|p2a: Fezandipiti|66/100
|move|p2a: Fezandipiti|Moonblast|p1a: Zamazenta
|-supereffective|p1a: Zamazenta
|-damage|p1a: Zamazenta|0 fnt
|faint|p1a: Zamazenta
|
|upkeep
|
|t:|1757826026
|switch|p1a: Hoopa|Hoopa-Unbound|76/100
|turn|30
|
|t:|1757826041
|move|p1a: Hoopa|Zen Headbutt|p2a: Fezandipiti
|-supereffective|p2a: Fezandipiti
|-damage|p2a: Fezandipiti|0 fnt
|faint|p2a: Fezandipiti
|
|upkeep
|
|t:|1757826044
|switch|p2a: Kommo-o|Kommo-o, F|100/100
|turn|31
|
|t:|1757826051
|-terastallize|p2a: Kommo-o|Dragon
|move|p2a: Kommo-o|Clangorous Soul|p2a: Kommo-o
|-boost|p2a: Kommo-o|atk|1
|-boost|p2a: Kommo-o|def|1
|-boost|p2a: Kommo-o|spa|1
|-boost|p2a: Kommo-o|spd|1
|-boost|p2a: Kommo-o|spe|1
|-damage|p2a: Kommo-o|68/100
|-enditem|p2a: Kommo-o|Throat Spray
|-boost|p2a: Kommo-o|spa|1|[from] item: Throat Spray
|move|p1a: Hoopa|Zen Headbutt|p2a: Kommo-o|[miss]
|-miss|p1a: Hoopa|p2a: Kommo-o
|
|upkeep
|turn|32
|
|t:|1757826062
|move|p2a: Kommo-o|Clanging Scales|p1a: Hoopa
|-damage|p1a: Hoopa|0 fnt
|faint|p1a: Hoopa
|-unboost|p2a: Kommo-o|def|1
|
|upkeep
|
|t:|1757826066
|switch|p1a: Raging Bolt|Raging Bolt|100/100
|turn|33
|
|t:|1757826068
|-terastallize|p1a: Raging Bolt|Fairy
|move|p2a: Kommo-o|Clanging Scales|p1a: Raging Bolt
|-immune|p1a: Raging Bolt
|move|p1a: Raging Bolt|Dragon Pulse|p2a: Kommo-o
|-supereffective|p2a: Kommo-o
|-damage|p2a: Kommo-o|0 fnt
|faint|p2a: Kommo-o
|
|win|Sonzaisonder
|raw|Sonzaisonder's rating: 1373 &rarr; <strong>1397</strong><br />(+24 for winning)
|raw|flygonisdragon's rating: 1446 &rarr; <strong>1422</strong><br />(-24 for losing)
|l|☆flygonisdragon
|player|p2|
|l|☆Sonzaisonder
|player|p1|
