|j|☆MehNameIs_pee
|j|☆Prav33n
|t:|1757813568
|gametype|singles
|player|p1|MehNameIs_pee|miku-flying|1691
|player|p2|Prav33n|koga|1779
|gen|9
|tier|[Gen 9] OU
|rated|
|rule|HP Percentage Mod: HP is shown in percentages
|rule|Endless Battle Clause: Forcing endless battles is banned
|rule|Species Clause: Limit one of each Pokémon
|rule|OHKO Clause: OHKO moves are banned
|rule|Evasion Items Clause: Evasion items are banned
|rule|Evasion Moves Clause: Evasion moves are banned
|rule|Evasion Abilities Clause: Evasion abilities are banned
|rule|Sleep Moves Clause: Sleep-inducing moves are banned
|clearpoke
|poke|p1|Kyurem|
|poke|p1|Landorus-Therian, M|
|poke|p1|Kingambit, M|
|poke|p1|Zamazenta-*|
|poke|p1|Great Tusk|
|poke|p1|Zapdos|
|poke|p2|Deoxys-Speed|
|poke|p2|Kyurem|
|poke|p2|Gholdengo|
|poke|p2|Great Tusk|
|poke|p2|Primarina, M|
|poke|p2|Dragonite, F|
|teampreview
|inactive|Battle timer is ON: inactive players will automatically lose when time's up. (requested by Prav33n)
|
|t:|1757813589
|teamsize|p1|6
|teamsize|p2|6
|start
|switch|p1a: What is Wrong|Zapdos|100/100
|switch|p2a: Deoxys|Deoxys-Speed|100/100
|-ability|p2a: Deoxys|Pressure
|turn|1
|
|t:|1757813594
|move|p2a: Deoxys|Spikes|p1a: What is Wrong
|-sidestart|p1: MehNameIs_pee|Spikes
|move|p1a: What is Wrong|Volt Switch|p2a: Deoxys
|-damage|p2a: Deoxys|53/100
|-enditem|p2a: Deoxys|Red Card|[of] p1a: What is Wrong
|drag|p1a: Milky Way|Zamazenta, shiny|100/100
|-damage|p1a: Milky Way|88/100|[from] Spikes
|-ability|p1a: Milky Way|Dauntless Shield|boost
|-boost|p1a: Milky Way|def|1
|
|upkeep
|turn|2
|
|t:|1757813609
|switch|p1a: Unite|Kingambit, M|100/100
|-damage|p1a: Unite|88/100|[from] Spikes
|move|p2a: Deoxys|Psychic Noise|p1a: Unite
|-immune|p1a: Unite
|
|-heal|p1a: Unite|94/100|[from] item: Leftovers
|upkeep
|turn|3
|
|t:|1757813611
|switch|p2a: Great Tusk|Great Tusk|100/100
|-end|p1a: Unite|fallenundefined|[silent]
|switch|p1a: What is Wrong|Zapdos|100/100
|
|upkeep
|turn|4
|
|t:|1757813616
|-end|p2a: Great Tusk|Protosynthesis|[silent]
|switch|p2a: Deoxys|Deoxys-Speed|53/100
|-ability|p2a: Deoxys|Pressure
|move|p1a: What is Wrong|Hurricane|p2a: Deoxys
|-damage|p2a: Deoxys|0 fnt
|faint|p2a: Deoxys
|
|upkeep
|
|t:|1757813620
|switch|p2a: Kyurem|Kyurem, shiny|100/100
|-ability|p2a: Kyurem|Pressure
|turn|5
|
|t:|1757813626
|-terastallize|p1a: What is Wrong|Fairy
|move|p1a: What is Wrong|Tera Blast|p2a: Kyurem|[anim] Tera Blast Fairy
|-supereffective|p2a: Kyurem
|-damage|p2a: Kyurem|14/100
|move|p2a: Kyurem|Icicle Spear|p1a: What is Wrong
|-damage|p1a: What is Wrong|85/100
|-damage|p1a: What is Wrong|68/100
|-damage|p1a: What is Wrong|53/100
|-damage|p1a: What is Wrong|38/100
|-hitcount|p1a: What is Wrong|4
|
|upkeep
|turn|6
|
|t:|1757813635
|switch|p2a: Gholdengo|Gholdengo|100/100
|move|p1a: What is Wrong|Volt Switch|p2a: Gholdengo
|-damage|p2a: Gholdengo|59/100
|
|t:|1757813641
|switch|p1a: Never Forget|Landorus-Therian, M|100/100|[from] Volt Switch
|-ability|p1a: Never Forget|Intimidate|boost
|-unboost|p2a: Gholdengo|atk|1
|
|upkeep
|turn|7
|
|t:|1757813654
|switch|p2a: Dragonite|Dragonite, F, shiny|100/100
|move|p1a: Never Forget|Stealth Rock|p2a: Dragonite
|-sidestart|p2: Prav33n|move: Stealth Rock
|
|upkeep
|turn|8
|
|t:|1757813656
|move|p1a: Never Forget|Taunt|p2a: Dragonite
|-start|p2a: Dragonite|move: Taunt
|cant|p2a: Dragonite|move: Taunt|Dragon Dance
|
|upkeep
|turn|9
|
|t:|1757813660
|switch|p2a: Great Tusk|Great Tusk|100/100
|-damage|p2a: Great Tusk|98/100|[from] Stealth Rock
|move|p1a: Never Forget|U-turn|p2a: Great Tusk
|-resisted|p2a: Great Tusk
|-damage|p2a: Great Tusk|90/100
|-damage|p1a: Never Forget|84/100|[from] item: Rocky Helmet|[of] p2a: Great Tusk
|
|t:|1757813669
|switch|p1a: What is Wrong|Zapdos, tera:Fairy|38/100|[from] U-turn
|-damage|p1a: What is Wrong|26/100|[from] Spikes
|
|upkeep
|turn|10
|
|t:|1757813674
|-end|p2a: Great Tusk|Protosynthesis|[silent]
|switch|p2a: Gholdengo|Gholdengo|59/100
|-damage|p2a: Gholdengo|53/100|[from] Stealth Rock
|move|p1a: What is Wrong|Tera Blast|p2a: Gholdengo|[anim] Tera Blast Fairy
|-resisted|p2a: Gholdengo
|-damage|p2a: Gholdengo|27/100
|
|upkeep
|turn|11
|
|t:|1757813689
|switch|p1a: Unite|Kingambit, M|94/100
|-damage|p1a: Unite|82/100|[from] Spikes
|move|p2a: Gholdengo|Make It Rain|p1a: Unite
|-resisted|p1a: Unite
|-damage|p1a: Unite|52/100
|-unboost|p2a: Gholdengo|spa|1
|
|-heal|p1a: Unite|58/100|[from] item: Leftovers
|upkeep
|turn|12
|
|t:|1757813695
|-end|p1a: Unite|fallenundefined|[silent]
|switch|p1a: Chronostasis|Great Tusk|100/100
|move|p2a: Gholdengo|Make It Rain|p1a: Chronostasis
|-damage|p1a: Chronostasis|40/100
|-unboost|p2a: Gholdengo|spa|1
|
|upkeep
|turn|13
|
|t:|1757813698
|move|p2a: Gholdengo|Make It Rain|p1a: Chronostasis
|-damage|p1a: Chronostasis|0 fnt
|-unboost|p2a: Gholdengo|spa|1
|faint|p1a: Chronostasis
|-end|p1a: Chronostasis|Protosynthesis|[silent]
|
|upkeep
|
|t:|1757813714
|switch|p1a: Bundled Dreams|Kyurem, shiny|100/100
|-damage|p1a: Bundled Dreams|88/100|[from] Spikes
|-ability|p1a: Bundled Dreams|Pressure
|turn|14
|j| king of spycrabs
|
|t:|1757813722
|switch|p2a: Kyurem|Kyurem, shiny|14/100
|-damage|p2a: Kyurem|0 fnt|[from] Stealth Rock
|faint|p2a: Kyurem
|move|p1a: Bundled Dreams|Earth Power|p2: Kyurem|[notarget]
|-fail|p1a: Bundled Dreams
|
|upkeep
|
|t:|1757813726
|switch|p2a: Gholdengo|Gholdengo|27/100
|-damage|p2a: Gholdengo|21/100|[from] Stealth Rock
|turn|15
|
|t:|1757813730
|switch|p1a: Unite|Kingambit, M|58/100
|-damage|p1a: Unite|46/100|[from] Spikes
|-activate|p1a: Unite|ability: Supreme Overlord
|-start|p1a: Unite|fallen1|[silent]
|move|p2a: Gholdengo|Make It Rain|p1a: Unite
|-resisted|p1a: Unite
|-damage|p1a: Unite|13/100
|-unboost|p2a: Gholdengo|spa|1
|
|-heal|p1a: Unite|19/100|[from] item: Leftovers
|upkeep
|turn|16
|
|t:|1757813734
|switch|p2a: Great Tusk|Great Tusk|90/100
|-damage|p2a: Great Tusk|87/100|[from] Stealth Rock
|move|p1a: Unite|Iron Head|p2a: Great Tusk
|-damage|p2a: Great Tusk|50/100
|-damage|p1a: Unite|3/100|[from] item: Rocky Helmet|[of] p2a: Great Tusk
|
|-heal|p1a: Unite|9/100|[from] item: Leftovers
|upkeep
|turn|17
|
|t:|1757813739
|move|p2a: Great Tusk|Stealth Rock|p1a: Unite
|-sidestart|p1: MehNameIs_pee|move: Stealth Rock
|move|p1a: Unite|Iron Head|p2a: Great Tusk
|-damage|p2a: Great Tusk|9/100
|-damage|p1a: Unite|0 fnt|[from] item: Rocky Helmet|[of] p2a: Great Tusk
|faint|p1a: Unite
|-end|p1a: Unite|fallen1|[silent]
|
|upkeep
|
|t:|1757813743
|switch|p1a: What is Wrong|Zapdos, tera:Fairy|26/100
|-damage|p1a: What is Wrong|13/100|[from] Spikes
|-damage|p1a: What is Wrong|1/100|[from] Stealth Rock
|turn|18
|j| Rootliff
|
|t:|1757813748
|move|p1a: What is Wrong|Tera Blast|p2a: Great Tusk|[anim] Tera Blast Fairy
|-supereffective|p2a: Great Tusk
|-damage|p2a: Great Tusk|0 fnt
|faint|p2a: Great Tusk
|-end|p2a: Great Tusk|Protosynthesis|[silent]
|
|upkeep
|l| Rootliff
|
|t:|1757813751
|switch|p2a: Gholdengo|Gholdengo|21/100
|-damage|p2a: Gholdengo|15/100|[from] Stealth Rock
|turn|19
|
|t:|1757813754
|move|p2a: Gholdengo|Shadow Ball|p1a: What is Wrong
|-crit|p1a: What is Wrong
|-damage|p1a: What is Wrong|0 fnt
|faint|p1a: What is Wrong
|
|upkeep
|
|t:|1757813760
|switch|p1a: Never Forget|Landorus-Therian, M|84/100
|-damage|p1a: Never Forget|72/100|[from] Stealth Rock
|-ability|p1a: Never Forget|Intimidate|boost
|-unboost|p2a: Gholdengo|atk|1
|turn|20
|
|t:|1757813762
|move|p2a: Gholdengo|Shadow Ball|p1a: Never Forget
|-damage|p1a: Never Forget|24/100
|-unboost|p1a: Never Forget|spd|1
|move|p1a: Never Forget|Earth Power|p2a: Gholdengo
|-supereffective|p2a: Gholdengo
|-damage|p2a: Gholdengo|0 fnt
|faint|p2a: Gholdengo
|
|upkeep
|
|t:|1757813765
|switch|p2a: Primarina|Primarina, M|100/100
|-damage|p2a: Primarina|88/100|[from] Stealth Rock
|turn|21
|
|t:|1757813772
|move|p1a: Never Forget|Earth Power|p2a: Primarina
|-damage|p2a: Primarina|68/100
|move|p2a: Primarina|Psychic Noise|p1a: Never Forget
|-supereffective|p1a: Never Forget
|-damage|p1a: Never Forget|0 fnt
|faint|p1a: Never Forget
|
|upkeep
|
|t:|1757813782
|switch|p1a: Milky Way|Zamazenta, shiny|88/100
|-damage|p1a: Milky Way|76/100|[from] Spikes
|-damage|p1a: Milky Way|70/100|[from] Stealth Rock
|turn|22
|
|t:|1757813787
|switch|p2a: Dragonite|Dragonite, F, shiny|100/100
|move|p1a: Milky Way|Stone Edge|p2a: Dragonite
|-supereffective|p2a: Dragonite
|-damage|p2a: Dragonite|52/100
|-damage|p1a: Milky Way|60/100|[from] item: Life Orb
|
|upkeep
|turn|23
|
|t:|1757813796
|-terastallize|p2a: Dragonite|Fairy
|move|p1a: Milky Way|Ice Fang|p2a: Dragonite
|-damage|p2a: Dragonite|23/100
|-damage|p1a: Milky Way|50/100|[from] item: Life Orb
|move|p2a: Dragonite|Roost|p2a: Dragonite
|-heal|p2a: Dragonite|73/100
|
|upkeep
|turn|24
|
|t:|1757813803
|move|p1a: Milky Way|Ice Fang|p2a: Dragonite|[miss]
|-miss|p1a: Milky Way|p2a: Dragonite
|move|p2a: Dragonite|Dragon Dance|p2a: Dragonite
|-boost|p2a: Dragonite|atk|1
|-boost|p2a: Dragonite|spe|1
|
|upkeep
|turn|25
|
|t:|1757813806
|move|p2a: Dragonite|Tera Blast|p1a: Milky Way|[anim] Tera Blast Fairy
|-supereffective|p1a: Milky Way
|-crit|p1a: Milky Way
|-damage|p1a: Milky Way|0 fnt
|faint|p1a: Milky Way
|
|upkeep
|
|t:|1757813807
|switch|p1a: Bundled Dreams|Kyurem, shiny|88/100
|-damage|p1a: Bundled Dreams|76/100|[from] Spikes
|-damage|p1a: Bundled Dreams|51/100|[from] Stealth Rock
|-ability|p1a: Bundled Dreams|Pressure
|turn|26
|-message|MehNameIs_pee forfeited.
|
|win|Prav33n
|raw|MehNameIs_pee's rating: 1691 &rarr; <strong>1676</strong><br />(-15 for losing)
|raw|Prav33n's rating: 1779 &rarr; <strong>1794</strong><br />(+15 for winning)
