|j|☆Dodofaitdodo
|j|☆peiomo
|t:|1757852947
|gametype|singles
|player|p1|Dodofaitdodo|ghetsis-gen5bw|1157
|player|p2|peiomo|zinnia|1117
|gen|9
|tier|[Gen 9] OU
|rated|
|rule|HP Percentage Mod: HP is shown in percentages
|rule|Endless Battle Clause: Forcing endless battles is banned
|rule|Species Clause: Limit one of each Pokémon
|rule|OHKO Clause: OHKO moves are banned
|rule|Evasion Items Clause: Evasion items are banned
|rule|Evasion Moves Clause: Evasion moves are banned
|rule|Evasion Abilities Clause: Evasion abilities are banned
|rule|Sleep Moves Clause: Sleep-inducing moves are banned
|clearpoke
|poke|p1|Iron Crown|
|poke|p1|Samurott-Hisui, F|
|poke|p1|Zapdos|
|poke|p1|Dragapult, M|
|poke|p1|Great Tusk|
|poke|p1|Iron Boulder|
|poke|p2|Malamar, F|
|poke|p2|Serperior, F|
|poke|p2|Comfey, F|
|poke|p2|Sandy Shocks|
|poke|p2|Arcanine-Hisui, M|
|poke|p2|Araquanid, F|
|teampreview
|inactive|Battle timer is ON: inactive players will automatically lose when time's up. (requested by Dodofaitdodo)
|
|t:|1757852975
|teamsize|p1|6
|teamsize|p2|6
|start
|switch|p1a: Great Tusk|Great Tusk|100/100
|switch|p2a: Araquanid|Araquanid, F, shiny|100/100
|turn|1
|
|t:|1757852982
|-end|p1a: Great Tusk|Protosynthesis|[silent]
|switch|p1a: Zapdos|Zapdos|100/100
|move|p2a: Araquanid|Sticky Web|p1a: Zapdos
|-sidestart|p1: Dodofaitdodo|move: Sticky Web
|
|upkeep
|turn|2
|
|t:|1757852992
|move|p1a: Zapdos|Discharge|p2a: Araquanid
|-supereffective|p2a: Araquanid
|-damage|p2a: Araquanid|63/100
|move|p2a: Araquanid|Endeavor|p1a: Zapdos
|-damage|p1a: Zapdos|56/100
|-status|p2a: Araquanid|par|[from] ability: Static|[of] p1a: Zapdos
|
|upkeep
|turn|3
|
|t:|1757853001
|move|p1a: Zapdos|Discharge|p2a: Araquanid
|-supereffective|p2a: Araquanid
|-damage|p2a: Araquanid|21/100 par
|move|p2a: Araquanid|Lunge|p1a: Zapdos
|-resisted|p1a: Zapdos
|-damage|p1a: Zapdos|48/100
|-unboost|p1a: Zapdos|atk|1
|
|upkeep
|turn|4
|
|t:|1757853022
|move|p1a: Zapdos|Roost|p1a: Zapdos
|-heal|p1a: Zapdos|98/100
|-singleturn|p1a: Zapdos|move: Roost
|cant|p2a: Araquanid|par
|
|upkeep
|turn|5
|
|t:|1757853030
|move|p1a: Zapdos|Discharge|p2a: Araquanid
|-supereffective|p2a: Araquanid
|-damage|p2a: Araquanid|0 fnt
|faint|p2a: Araquanid
|
|upkeep
|
|t:|1757853048
|switch|p2a: Sandy Shocks|Sandy Shocks|100/100
|-enditem|p2a: Sandy Shocks|Booster Energy
|-activate|p2a: Sandy Shocks|ability: Protosynthesis|[fromitem]
|-start|p2a: Sandy Shocks|protosynthesisspa
|turn|6
|
|t:|1757853057
|switch|p1a: Great Tusk|Great Tusk|100/100
|move|p2a: Sandy Shocks|Power Gem|p1a: Great Tusk
|-resisted|p1a: Great Tusk
|-damage|p1a: Great Tusk|88/100
|
|upkeep
|turn|7
|inactive|peiomo has 120 seconds left.
|
|t:|1757853084
|move|p2a: Sandy Shocks|Earth Power|p1a: Great Tusk
|-damage|p1a: Great Tusk|7/100
|move|p1a: Great Tusk|Headlong Rush|p2a: Sandy Shocks
|-supereffective|p2a: Sandy Shocks
|-damage|p2a: Sandy Shocks|0 fnt
|-unboost|p1a: Great Tusk|def|1
|-unboost|p1a: Great Tusk|spd|1
|faint|p2a: Sandy Shocks
|-end|p2a: Sandy Shocks|Protosynthesis|[silent]
|
|upkeep
|inactive|peiomo has 120 seconds left.
|
|t:|1757853104
|switch|p2a: Serperior|Serperior, F|100/100
|turn|8
|
|t:|1757853120
|-end|p1a: Great Tusk|Protosynthesis|[silent]
|switch|p1a: Iron Crown|Iron Crown|100/100
|-activate|p1a: Iron Crown|move: Sticky Web
|-unboost|p1a: Iron Crown|spe|1
|move|p2a: Serperior|Leaf Storm|p1a: Iron Crown
|-resisted|p1a: Iron Crown
|-damage|p1a: Iron Crown|71/100
|-boost|p2a: Serperior|spa|2
|-damage|p2a: Serperior|91/100|[from] item: Life Orb
|
|upkeep
|turn|9
|inactive|peiomo has 120 seconds left.
|
|t:|1757853134
|move|p2a: Serperior|Leaf Storm|p1a: Iron Crown
|-resisted|p1a: Iron Crown
|-damage|p1a: Iron Crown|6/100
|-boost|p2a: Serperior|spa|2
|-damage|p2a: Serperior|81/100|[from] item: Life Orb
|move|p1a: Iron Crown|Psyshock|p2a: Serperior
|-damage|p2a: Serperior|12/100
|
|upkeep
|turn|10
|
|t:|1757853145
|move|p2a: Serperior|Leaf Storm|p1a: Iron Crown
|-resisted|p1a: Iron Crown
|-damage|p1a: Iron Crown|0 fnt
|-boost|p2a: Serperior|spa|2
|faint|p1a: Iron Crown
|-end|p1a: Iron Crown|Quark Drive|[silent]
|-damage|p2a: Serperior|2/100|[from] item: Life Orb
|
|upkeep
|
|t:|1757853153
|switch|p1a: Dragapult|Dragapult, M|100/100
|-activate|p1a: Dragapult|move: Sticky Web
|-fail|p1a: Dragapult|unboost|[from] ability: Clear Body|[of] p1a: Dragapult
|turn|11
|
|t:|1757853170
|move|p1a: Dragapult|U-turn|p2a: Serperior
|-supereffective|p2a: Serperior
|-damage|p2a: Serperior|0 fnt
|faint|p2a: Serperior
|inactive|Dodofaitdodo has 120 seconds left.
|
|t:|1757853192
|switch|p1a: Great Tusk|Great Tusk|7/100|[from] U-turn
|
|upkeep
|
|t:|1757853203
|switch|p2a: Arcanine|Arcanine-Hisui, M|100/100
|turn|12
|
|t:|1757853207
|move|p2a: Arcanine|Extreme Speed|p1a: Great Tusk
|-damage|p1a: Great Tusk|0 fnt
|faint|p1a: Great Tusk
|-end|p1a: Great Tusk|Protosynthesis|[silent]
|
|upkeep
|inactive|Dodofaitdodo has 120 seconds left.
|
|t:|1757853223
|switch|p1a: Iron Boulder|Iron Boulder|100/100
|-activate|p1a: Iron Boulder|move: Sticky Web
|-unboost|p1a: Iron Boulder|spe|1
|-enditem|p1a: Iron Boulder|Booster Energy
|-activate|p1a: Iron Boulder|ability: Quark Drive|[fromitem]
|-start|p1a: Iron Boulder|quarkdriveatk
|turn|13
|inactive|Dodofaitdodo has 120 seconds left.
|inactive|peiomo has 120 seconds left.
|
|t:|1757853254
|-terastallize|p2a: Arcanine|Normal
|move|p2a: Arcanine|Double-Edge|p1a: Iron Boulder
|-resisted|p1a: Iron Boulder
|-damage|p1a: Iron Boulder|62/100
|move|p1a: Iron Boulder|Close Combat|p2a: Arcanine
|-supereffective|p2a: Arcanine
|-enditem|p2a: Arcanine|Focus Sash
|-damage|p2a: Arcanine|1/100
|-unboost|p1a: Iron Boulder|def|1
|-unboost|p1a: Iron Boulder|spd|1
|
|upkeep
|turn|14
|inactive|Dodofaitdodo has 120 seconds left.
|
|t:|1757853267
|-end|p1a: Iron Boulder|Quark Drive|[silent]
|switch|p1a: Dragapult|Dragapult, M|100/100
|-activate|p1a: Dragapult|move: Sticky Web
|-fail|p1a: Dragapult|unboost|[from] ability: Clear Body|[of] p1a: Dragapult
|move|p2a: Arcanine|Flare Blitz|p1a: Dragapult
|-resisted|p1a: Dragapult
|-damage|p1a: Dragapult|65/100
|
|upkeep
|turn|15
|
|t:|1757853276
|move|p1a: Dragapult|Sucker Punch|p2a: Arcanine
|-damage|p2a: Arcanine|0 fnt
|faint|p2a: Arcanine
|
|upkeep
|
|t:|1757853281
|switch|p2a: Comfey|Comfey, F|100/100
|turn|16
|
|t:|1757853286
|switch|p1a: Zapdos|Zapdos|98/100
|move|p2a: Comfey|Calm Mind|p2a: Comfey
|-boost|p2a: Comfey|spa|1
|-boost|p2a: Comfey|spd|1
|
|upkeep
|turn|17
|
|t:|1757853297
|move|p2a: Comfey|Draining Kiss|p1a: Zapdos
|-damage|p1a: Zapdos|63/100
|-status|p2a: Comfey|par|[from] ability: Static|[of] p1a: Zapdos
|-damage|p2a: Comfey|91/100 par|[from] item: Life Orb
|move|p1a: Zapdos|Hurricane|p2a: Comfey
|-damage|p2a: Comfey|47/100 par
|-start|p2a: Comfey|confusion
|
|upkeep
|turn|18
|
|t:|1757853306
|-activate|p2a: Comfey|confusion
|move|p2a: Comfey|Draining Kiss|p1a: Zapdos
|-damage|p1a: Zapdos|29/100
|-heal|p2a: Comfey|87/100 par|[from] drain|[of] p1a: Zapdos
|-damage|p2a: Comfey|77/100 par|[from] item: Life Orb
|move|p1a: Zapdos|Discharge|p2a: Comfey
|-damage|p2a: Comfey|48/100 par
|
|upkeep
|turn|19
|
|t:|1757853315
|-activate|p2a: Comfey|confusion
|-damage|p2a: Comfey|41/100 par|[from] confusion
|move|p1a: Zapdos|Roost|p1a: Zapdos
|-heal|p1a: Zapdos|79/100
|-singleturn|p1a: Zapdos|move: Roost
|
|upkeep
|turn|20
|
|t:|1757853322
|-activate|p2a: Comfey|confusion
|-damage|p2a: Comfey|33/100 par|[from] confusion
|move|p1a: Zapdos|Discharge|p2a: Comfey
|-damage|p2a: Comfey|5/100 par
|
|upkeep
|turn|21
|
|t:|1757853330
|-end|p2a: Comfey|confusion
|move|p2a: Comfey|Draining Kiss|p1a: Zapdos
|-damage|p1a: Zapdos|40/100
|-heal|p2a: Comfey|52/100 par|[from] drain|[of] p1a: Zapdos
|-damage|p2a: Comfey|42/100 par|[from] item: Life Orb
|move|p1a: Zapdos|Discharge|p2a: Comfey
|-damage|p2a: Comfey|14/100 par
|
|upkeep
|turn|22
|
|t:|1757853343
|move|p2a: Comfey|Draining Kiss|p1a: Zapdos
|-damage|p1a: Zapdos|0 fnt
|-heal|p2a: Comfey|60/100 par|[from] drain|[of] p1a: Zapdos
|faint|p1a: Zapdos
|-damage|p2a: Comfey|50/100 par|[from] item: Life Orb
|
|upkeep
|
|t:|1757853352
|switch|p1a: Iron Boulder|Iron Boulder|62/100
|-activate|p1a: Iron Boulder|move: Sticky Web
|-unboost|p1a: Iron Boulder|spe|1
|turn|23
|
|t:|1757853370
|cant|p2a: Comfey|par
|move|p1a: Iron Boulder|Mighty Cleave|p2a: Comfey
|-damage|p2a: Comfey|0 fnt
|faint|p2a: Comfey
|
|upkeep
|
|t:|1757853378
|switch|p2a: Malamar|Malamar, F|100/100
|turn|24
|
|t:|1757853386
|move|p1a: Iron Boulder|Mighty Cleave|p2a: Malamar
|-damage|p2a: Malamar|55/100
|move|p2a: Malamar|Knock Off|p1a: Iron Boulder
|-supereffective|p1a: Iron Boulder
|-crit|p1a: Iron Boulder
|-damage|p1a: Iron Boulder|0 fnt
|faint|p1a: Iron Boulder
|-end|p1a: Iron Boulder|Quark Drive|[silent]
|
|upkeep
|
|t:|1757853395
|switch|p1a: Dragapult|Dragapult, M|65/100
|-activate|p1a: Dragapult|move: Sticky Web
|-fail|p1a: Dragapult|unboost|[from] ability: Clear Body|[of] p1a: Dragapult
|turn|25
|
|t:|1757853408
|move|p1a: Dragapult|U-turn|p2a: Malamar
|-supereffective|p2a: Malamar
|-damage|p2a: Malamar|0 fnt
|faint|p2a: Malamar
|
|win|Dodofaitdodo
|raw|Dodofaitdodo's rating: 1157 &rarr; <strong>1179</strong><br />(+22 for winning)
|raw|peiomo's rating: 1117 &rarr; <strong>1095</strong><br />(-22 for losing)
