|j|☆pepinoloko
|j|☆rain224
|t:|1757872384
|gametype|singles
|player|p1|pepinoloko|palmer|1432
|player|p2|rain224|266|1437
|gen|9
|tier|[Gen 9] OU
|rated|
|rule|HP Percentage Mod: HP is shown in percentages
|rule|Endless Battle Clause: Forcing endless battles is banned
|rule|Species Clause: Limit one of each Pokémon
|rule|OHKO Clause: OHKO moves are banned
|rule|Evasion Items Clause: Evasion items are banned
|rule|Evasion Moves Clause: Evasion moves are banned
|rule|Evasion Abilities Clause: Evasion abilities are banned
|rule|Sleep Moves Clause: Sleep-inducing moves are banned
|clearpoke
|poke|p1|Clefable, F|
|poke|p1|Salazzle, F|
|poke|p1|Kyurem|
|poke|p1|Cinderace, F|
|poke|p1|Landorus-Therian, M|
|poke|p1|Corviknight, F|
|poke|p2|Barraskewda, M|
|poke|p2|Raging Bolt|
|poke|p2|Pelipper, F|
|poke|p2|Tornadus-Therian, M|
|poke|p2|Ogerpon-Wellspring, F|
|poke|p2|Iron Treads|
|teampreview
|inactive|Battle timer is ON: inactive players will automatically lose when time's up. (requested by rain224)
|
|t:|1757872406
|teamsize|p1|6
|teamsize|p2|6
|start
|switch|p1a: Kill'em|Kyurem, shiny|100/100
|switch|p2a: Pelipper|Pelipper, F|100/100
|-ability|p1a: Kill'em|Pressure
|-weather|RainDance|[from] ability: Drizzle|[of] p2a: Pelipper
|turn|1
|
|t:|1757872431
|switch|p2a: Iron Treads|Iron Treads|100/100
|move|p1a: Kill'em|Freeze-Dry|p2a: Iron Treads
|-damage|p2a: Iron Treads|48/100
|
|-weather|RainDance|[upkeep]
|-heal|p2a: Iron Treads|54/100|[from] item: Leftovers
|upkeep
|turn|2
|
|t:|1757872440
|move|p1a: Kill'em|Freeze-Dry|p2a: Iron Treads
|-damage|p2a: Iron Treads|4/100
|move|p2a: Iron Treads|Stealth Rock|p1a: Kill'em
|-sidestart|p1: pepinoloko|move: Stealth Rock
|
|-weather|RainDance|[upkeep]
|-heal|p2a: Iron Treads|10/100|[from] item: Leftovers
|upkeep
|turn|3
|
|t:|1757872444
|move|p1a: Kill'em|Freeze-Dry|p2a: Iron Treads
|-damage|p2a: Iron Treads|0 fnt
|faint|p2a: Iron Treads
|-end|p2a: Iron Treads|Quark Drive|[silent]
|
|-weather|RainDance|[upkeep]
|upkeep
|
|t:|1757872448
|switch|p2a: Ogerpon|Ogerpon-Wellspring, F|100/100
|turn|4
|
|t:|1757872469
|-terastallize|p2a: Ogerpon|Water
|detailschange|p2a: Ogerpon|Ogerpon-Wellspring-Tera, F, tera:Water
|-ability|p2a: Ogerpon|Embody Aspect (Wellspring)|boost
|-boost|p2a: Ogerpon|spd|1
|move|p2a: Ogerpon|Ivy Cudgel|p1a: Kill'em|[anim] Ivy Cudgel Water
|-resisted|p1a: Kill'em
|-crit|p1a: Kill'em
|-damage|p1a: Kill'em|5/100
|move|p1a: Kill'em|Freeze-Dry|p2a: Ogerpon
|-supereffective|p2a: Ogerpon
|-damage|p2a: Ogerpon|22/100
|
|-weather|RainDance|[upkeep]
|upkeep
|turn|5
|inactive|pepinoloko has 120 seconds left.
|
|t:|1757872525
|switch|p1a: I AM PRESSURE|Corviknight, F|100/100
|-damage|p1a: I AM PRESSURE|88/100|[from] Stealth Rock
|-ability|p1a: I AM PRESSURE|Pressure
|move|p2a: Ogerpon|Trailblaze|p1a: I AM PRESSURE
|-resisted|p1a: I AM PRESSURE
|-damage|p1a: I AM PRESSURE|83/100
|-boost|p2a: Ogerpon|spe|1
|-damage|p2a: Ogerpon|5/100|[from] item: Rocky Helmet|[of] p1a: I AM PRESSURE
|
|-weather|RainDance|[upkeep]
|upkeep
|turn|6
|
|t:|1757872533
|move|p2a: Ogerpon|Ivy Cudgel|p1a: I AM PRESSURE|[anim] Ivy Cudgel Water
|-damage|p1a: I AM PRESSURE|0 fnt
|faint|p1a: I AM PRESSURE
|
|-weather|RainDance|[upkeep]
|upkeep
|
|t:|1757872540
|switch|p1a: Len'oir|Salazzle, F, shiny|100/100
|-damage|p1a: Len'oir|76/100|[from] Stealth Rock
|turn|7
|
|t:|1757872547
|move|p1a: Len'oir|Sludge Wave|p2a: Ogerpon
|-damage|p2a: Ogerpon|0 fnt
|faint|p2a: Ogerpon
|detailschange|p2: Ogerpon|Ogerpon-Wellspring, F|[silent]
|
|-weather|RainDance|[upkeep]
|upkeep
|
|t:|1757872566
|switch|p2a: Barraskewda|Barraskewda, M|100/100
|turn|8
|inactive|pepinoloko has 120 seconds left.
|
|t:|1757872587
|move|p2a: Barraskewda|Flip Turn|p1a: Len'oir
|-supereffective|p1a: Len'oir
|-damage|p1a: Len'oir|0 fnt
|faint|p1a: Len'oir
|inactive|rain224 has 120 seconds left.
|
|t:|1757872599
|switch|p2a: Tornadus|Tornadus-Therian, M|100/100|[from] Flip Turn
|
|-weather|none
|upkeep
|
|t:|1757872604
|switch|p1a: I U-turn on U|Cinderace, F|100/100
|turn|9
|
|t:|1757872608
|move|p2a: Tornadus|Hurricane|p1a: I U-turn on U|[miss]
|-miss|p2a: Tornadus|p1a: I U-turn on U
|move|p1a: I U-turn on U|Court Change|p1a: I U-turn on U
|-start|p1a: I U-turn on U|typechange|Normal|[from] ability: Libero
|-swapsideconditions
|-activate|p1a: I U-turn on U|move: Court Change
|
|upkeep
|turn|10
|
|t:|1757872614
|move|p2a: Tornadus|Hurricane|p1a: I U-turn on U
|-damage|p1a: I U-turn on U|0 fnt
|faint|p1a: I U-turn on U
|
|upkeep
|
|t:|1757872618
|switch|p1a: NOPE|Clefable, F|100/100
|turn|11
|
|t:|1757872621
|-terastallize|p1a: NOPE|Steel
|move|p2a: Tornadus|Hurricane|p1a: NOPE|[miss]
|-miss|p2a: Tornadus|p1a: NOPE
|move|p1a: NOPE|Calm Mind|p1a: NOPE
|-boost|p1a: NOPE|spa|1
|-boost|p1a: NOPE|spd|1
|
|upkeep
|turn|12
|
|t:|1757872634
|switch|p2a: Pelipper|Pelipper, F|100/100
|-damage|p2a: Pelipper|76/100|[from] Stealth Rock
|-weather|RainDance|[from] ability: Drizzle|[of] p2a: Pelipper
|move|p1a: NOPE|Calm Mind|p1a: NOPE
|-boost|p1a: NOPE|spa|1
|-boost|p1a: NOPE|spd|1
|
|-weather|RainDance|[upkeep]
|upkeep
|turn|13
|
|t:|1757872657
|move|p1a: NOPE|Moonblast|p2a: Pelipper
|-damage|p2a: Pelipper|8/100
|move|p2a: Pelipper|Weather Ball|p1a: NOPE
|-damage|p1a: NOPE|80/100
|
|-weather|RainDance|[upkeep]
|upkeep
|turn|14
|inactive|pepinoloko has 120 seconds left.
|inactive|pepinoloko has 90 seconds left.
|inactive|pepinoloko has 60 seconds left.
|inactive|pepinoloko has 30 seconds left.
|inactive|pepinoloko has 20 seconds left.
|inactive|pepinoloko has 15 seconds left.
|inactive|pepinoloko has 10 seconds left.
|inactive|pepinoloko has 5 seconds left.
|-message|pepinoloko lost due to inactivity.
|
|win|rain224
|raw|pepinoloko's rating: 1432 &rarr; <strong>1412</strong><br />(-20 for losing)
|raw|rain224's rating: 1437 &rarr; <strong>1457</strong><br />(+20 for winning)
|l|☆rain224
|player|p2|
