|j|☆haocai99
|j|☆babajeje
|t:|1757948626
|gametype|singles
|player|p1|haocai99|102|1061
|player|p2|babajeje|265|1073
|gen|9
|tier|[Gen 9] OU
|rated|
|rule|HP Percentage Mod: HP is shown in percentages
|rule|Endless Battle Clause: Forcing endless battles is banned
|rule|Species Clause: Limit one of each Pokémon
|rule|OHKO Clause: OHKO moves are banned
|rule|Evasion Items Clause: Evasion items are banned
|rule|Evasion Moves Clause: Evasion moves are banned
|rule|Evasion Abilities Clause: Evasion abilities are banned
|rule|Sleep Moves Clause: Sleep-inducing moves are banned
|clearpoke
|poke|p1|Ceruledge, M|
|poke|p1|Slowking-Galar, F|
|poke|p1|Skarmory, F|
|poke|p1|Samurott-Hisui, M|
|poke|p1|Amoonguss, M|
|poke|p1|Gliscor, M|
|poke|p2|Swampert, F|
|poke|p2|Persian-Alola, M|
|poke|p2|Arcanine-Hisui, F|
|poke|p2|Gliscor, M|
|poke|p2|Minior|
|poke|p2|Slowking-Galar, M|
|teampreview
|
|t:|1757948638
|teamsize|p1|6
|teamsize|p2|6
|start
|switch|p1a: Skarmory|Skarmory, F|100/100
|switch|p2a: Persian|Persian-Alola, M|100/100
|turn|1
|
|t:|1757948647
|move|p2a: Persian|Dark Pulse|p1a: Skarmory
|-damage|p1a: Skarmory|71/100
|cant|p1a: Skarmory|flinch
|
|upkeep
|turn|2
|
|t:|1757948654
|move|p2a: Persian|Dark Pulse|p1a: Skarmory
|-damage|p1a: Skarmory|39/100
|move|p1a: Skarmory|Spikes|p2a: Persian
|-sidestart|p2: babajeje|Spikes
|
|upkeep
|turn|3
|
|t:|1757948661
|move|p1a: Skarmory|Protect|p1a: Skarmory
|-singleturn|p1a: Skarmory|Protect
|move|p2a: Persian|Dark Pulse|p1a: Skarmory
|-activate|p1a: Skarmory|move: Protect
|
|upkeep
|turn|4
|
|t:|1757948673
|move|p2a: Persian|Dark Pulse|p1a: Skarmory
|-damage|p1a: Skarmory|9/100
|move|p1a: Skarmory|Roost|p1a: Skarmory
|-heal|p1a: Skarmory|59/100
|-singleturn|p1a: Skarmory|move: Roost
|
|upkeep
|turn|5
|
|t:|1757948683
|move|p2a: Persian|Dark Pulse|p1a: Skarmory
|-damage|p1a: Skarmory|27/100
|move|p1a: Skarmory|Roost|p1a: Skarmory
|-heal|p1a: Skarmory|78/100
|-singleturn|p1a: Skarmory|move: Roost
|
|upkeep
|turn|6
|
|t:|1757948696
|move|p2a: Persian|Dark Pulse|p1a: Skarmory
|-damage|p1a: Skarmory|48/100
|move|p1a: Skarmory|Spikes|p2a: Persian
|-sidestart|p2: babajeje|Spikes
|
|upkeep
|turn|7
|
|t:|1757948703
|move|p2a: Persian|Dark Pulse|p1a: Skarmory
|-damage|p1a: Skarmory|17/100
|move|p1a: Skarmory|Roost|p1a: Skarmory
|-heal|p1a: Skarmory|67/100
|-singleturn|p1a: Skarmory|move: Roost
|
|upkeep
|turn|8
|
|t:|1757948716
|move|p2a: Persian|Dark Pulse|p1a: Skarmory
|-damage|p1a: Skarmory|36/100
|move|p1a: Skarmory|Spikes|p2a: Persian
|-sidestart|p2: babajeje|Spikes
|
|upkeep
|turn|9
|
|t:|1757948725
|move|p2a: Persian|Dark Pulse|p1a: Skarmory
|-damage|p1a: Skarmory|4/100
|move|p1a: Skarmory|Roost|p1a: Skarmory
|-heal|p1a: Skarmory|54/100
|-singleturn|p1a: Skarmory|move: Roost
|
|upkeep
|turn|10
|
|t:|1757948733
|move|p2a: Persian|Dark Pulse|p1a: Skarmory
|-damage|p1a: Skarmory|21/100
|move|p1a: Skarmory|Whirlwind|p2a: Persian
|drag|p2a: Arcanine|Arcanine-Hisui, F|100/100
|-damage|p2a: Arcanine|76/100|[from] Spikes
|
|upkeep
|turn|11
|
|t:|1757948745
|move|p2a: Arcanine|Head Smash|p1a: Skarmory|[miss]
|-miss|p2a: Arcanine|p1a: Skarmory
|move|p1a: Skarmory|Roost|p1a: Skarmory
|-heal|p1a: Skarmory|72/100
|-singleturn|p1a: Skarmory|move: Roost
|
|upkeep
|turn|12
|
|t:|1757948773
|switch|p2a: Gliscor|Gliscor, M|100/100
|move|p1a: Skarmory|Whirlwind|p2a: Gliscor
|drag|p2a: Swampert|Swampert, F|100/100
|-damage|p2a: Swampert|75/100|[from] Spikes
|
|upkeep
|turn|13
|
|t:|1757948786
|move|p2a: Swampert|Knock Off|p1a: Skarmory
|-damage|p1a: Skarmory|49/100
|-damage|p2a: Swampert|59/100|[from] item: Rocky Helmet|[of] p1a: Skarmory
|-enditem|p1a: Skarmory|Rocky Helmet|[from] move: Knock Off|[of] p2a: Swampert
|move|p1a: Skarmory|Whirlwind|p2a: Swampert
|drag|p2a: Arcanine|Arcanine-Hisui, F|76/100
|-damage|p2a: Arcanine|51/100|[from] Spikes
|
|upkeep
|turn|14
|
|t:|1757948798
|move|p2a: Arcanine|Head Smash|p1a: Skarmory|[miss]
|-miss|p2a: Arcanine|p1a: Skarmory
|move|p1a: Skarmory|Roost|p1a: Skarmory
|-heal|p1a: Skarmory|99/100
|-singleturn|p1a: Skarmory|move: Roost
|
|upkeep
|turn|15
|c|☆babajeje|bro
|
|t:|1757948806
|move|p2a: Arcanine|Head Smash|p1a: Skarmory
|-damage|p1a: Skarmory|21/100
|move|p1a: Skarmory|Whirlwind|p2a: Arcanine
|drag|p2a: Minior|Minior|100/100
|-formechange|p2a: Minior|Minior-Meteor||[from] ability: Shields Down
|
|upkeep
|turn|16
|
|t:|1757948818
|move|p1a: Skarmory|Protect|p1a: Skarmory
|-singleturn|p1a: Skarmory|Protect
|move|p2a: Minior|Power Gem|p1a: Skarmory
|-activate|p1a: Skarmory|move: Protect
|
|upkeep
|turn|17
|
|t:|1757948826
|move|p2a: Minior|Power Gem|p1a: Skarmory
|-damage|p1a: Skarmory|0 fnt
|faint|p1a: Skarmory
|
|upkeep
|
|t:|1757948843
|switch|p1a: Samurott|Samurott-Hisui, M|100/100
|turn|18
|
|t:|1757948851
|switch|p2a: Persian|Persian-Alola, M|100/100
|-damage|p2a: Persian|76/100|[from] Spikes
|move|p1a: Samurott|Liquidation|p2a: Persian
|-damage|p2a: Persian|34/100
|
|upkeep
|turn|19
|
|t:|1757948861
|move|p1a: Samurott|Liquidation|p2a: Persian
|-damage|p2a: Persian|0 fnt
|faint|p2a: Persian
|
|upkeep
|
|t:|1757948869
|switch|p2a: Slowking|Slowking-Galar, M|100/100
|turn|20
|
|t:|1757948873
|move|p1a: Samurott|Liquidation|p2a: Slowking
|-damage|p2a: Slowking|62/100
|move|p2a: Slowking|Sludge Bomb|p1a: Samurott
|-damage|p1a: Samurott|54/100
|
|upkeep
|turn|21
|
|t:|1757948880
|move|p1a: Samurott|Liquidation|p2a: Slowking
|-damage|p2a: Slowking|25/100
|-prepare|p2a: Slowking|Chilly Reception|[premajor]
|move|p2a: Slowking|Chilly Reception|p2a: Slowking
|-weather|Snowscape
|
|t:|1757948885
|switch|p2a: Arcanine|Arcanine-Hisui, F|51/100|[from] Chilly Reception
|-damage|p2a: Arcanine|26/100|[from] Spikes
|
|-weather|Snowscape|[upkeep]
|upkeep
|turn|22
|
|t:|1757948892
|move|p2a: Arcanine|Extreme Speed|p1a: Samurott
|-damage|p1a: Samurott|11/100
|move|p1a: Samurott|Liquidation|p2a: Arcanine
|-supereffective|p2a: Arcanine
|-damage|p2a: Arcanine|0 fnt
|faint|p2a: Arcanine
|
|-weather|Snowscape|[upkeep]
|upkeep
|
|t:|1757948905
|switch|p2a: Swampert|Swampert, F|59/100
|-damage|p2a: Swampert|34/100|[from] Spikes
|turn|23
|
|t:|1757948909
|move|p1a: Samurott|Liquidation|p2a: Swampert
|-damage|p2a: Swampert|0 fnt
|faint|p2a: Swampert
|
|-weather|Snowscape|[upkeep]
|upkeep
|
|t:|1757948914
|switch|p2a: Gliscor|Gliscor, M|100/100
|turn|24
|
|t:|1757948919
|move|p1a: Samurott|Liquidation|p2a: Gliscor
|-supereffective|p2a: Gliscor
|-damage|p2a: Gliscor|40/100
|-unboost|p2a: Gliscor|def|1
|move|p2a: Gliscor|U-turn|p1a: Samurott
|-supereffective|p1a: Samurott
|-damage|p1a: Samurott|0 fnt
|faint|p1a: Samurott
|
|t:|1757948938
|switch|p2a: Minior|Minior|100/100|[from] U-turn
|-formechange|p2a: Minior|Minior-Meteor||[from] ability: Shields Down
|
|-weather|Snowscape|[upkeep]
|upkeep
|
|t:|1757948945
|switch|p1a: Amoonguss|Amoonguss, M|100/100
|turn|25
|
|t:|1757948952
|move|p2a: Minior|Shell Smash|p2a: Minior
|-unboost|p2a: Minior|def|1
|-unboost|p2a: Minior|spd|1
|-boost|p2a: Minior|atk|2
|-boost|p2a: Minior|spa|2
|-boost|p2a: Minior|spe|2
|move|p1a: Amoonguss|Giga Drain|p2a: Minior
|-damage|p2a: Minior|56/100
|
|-weather|none
|upkeep
|turn|26
|
|t:|1757948962
|move|p2a: Minior|Power Gem|p1a: Amoonguss
|-damage|p1a: Amoonguss|57/100
|move|p1a: Amoonguss|Giga Drain|p2a: Minior
|-damage|p2a: Minior|9/100
|-heal|p1a: Amoonguss|73/100|[from] drain|[of] p2a: Minior
|
|-formechange|p2a: Minior|Minior||[from] ability: Shields Down
|upkeep
|turn|27
|
|t:|1757948972
|-terastallize|p2a: Minior|Rock
|move|p2a: Minior|Power Gem|p1a: Amoonguss
|-damage|p1a: Amoonguss|0 fnt
|faint|p1a: Amoonguss
|
|upkeep
|
|t:|1757948980
|switch|p1a: Ceruledge|Ceruledge, M|100/100
|turn|28
|
|t:|1757948985
|move|p2a: Minior|Power Gem|p1a: Ceruledge
|-supereffective|p1a: Ceruledge
|-damage|p1a: Ceruledge|0 fnt
|faint|p1a: Ceruledge
|
|upkeep
|
|t:|1757948991
|switch|p1a: Slowking|Slowking-Galar, F|100/100
|turn|29
|
|t:|1757948996
|move|p2a: Minior|Power Gem|p1a: Slowking
|-damage|p1a: Slowking|33/100
|move|p1a: Slowking|Ice Beam|p2a: Minior
|-damage|p2a: Minior|0 fnt
|faint|p2a: Minior
|
|-heal|p1a: Slowking|39/100|[from] item: Leftovers
|upkeep
|
|t:|1757949001
|switch|p2a: Gliscor|Gliscor, M|40/100
|turn|30
|
|t:|1757949013
|move|p2a: Gliscor|Earthquake|p1a: Slowking
|-supereffective|p1a: Slowking
|-damage|p1a: Slowking|0 fnt
|faint|p1a: Slowking
|
|-status|p2a: Gliscor|tox|[from] item: Toxic Orb
|upkeep
|
|t:|1757949021
|switch|p1a: Gliscor|Gliscor, M|100/100
|turn|31
|
|t:|1757949030
|move|p1a: Gliscor|Thunder Fang|p2a: Gliscor
|-immune|p2a: Gliscor
|move|p2a: Gliscor|Facade|p1a: Gliscor
|-damage|p1a: Gliscor|64/100
|
|-heal|p2a: Gliscor|52/100 tox|[from] ability: Poison Heal
|-status|p1a: Gliscor|tox|[from] item: Toxic Orb
|upkeep
|turn|32
|-message|haocai99 forfeited.
|
|win|babajeje
|raw|haocai99's rating: 1061 &rarr; <strong>1043</strong><br />(-18 for losing)
|raw|babajeje's rating: 1073 &rarr; <strong>1101</strong><br />(+28 for winning)
|l|☆haocai99
|player|p1|
|c|☆babajeje|gg
|l|☆babajeje
|player|p2|
