|j|☆Nyksytin
|j|☆brandy/69
|t:|1757843499
|gametype|singles
|player|p1|Nyksytin|swimmer-gen4dp|1304
|player|p2|brandy/69|cynthia-gen4|1348
|gen|9
|tier|[Gen 9] OU
|rated|
|rule|HP Percentage Mod: HP is shown in percentages
|rule|Endless Battle Clause: Forcing endless battles is banned
|rule|Species Clause: Limit one of each Pokémon
|rule|OHKO Clause: OHKO moves are banned
|rule|Evasion Items Clause: Evasion items are banned
|rule|Evasion Moves Clause: Evasion moves are banned
|rule|Evasion Abilities Clause: Evasion abilities are banned
|rule|Sleep Moves Clause: Sleep-inducing moves are banned
|clearpoke
|poke|p1|Torkoal, F|
|poke|p1|Pecharunt|
|poke|p1|Kingambit, F|
|poke|p1|Slither Wing|
|poke|p1|Lilligant-Hisui, F|
|poke|p1|Walking Wake|
|poke|p2|Torkoal, M|
|poke|p2|Indeedee, M|
|poke|p2|Hawlucha, M|
|poke|p2|Walking Wake|
|poke|p2|Cresselia, F|
|poke|p2|Ursaluna, M|
|teampreview
|inactive|Battle timer is ON: inactive players will automatically lose when time's up. (requested by Nyksytin)
|
|t:|1757843511
|teamsize|p1|6
|teamsize|p2|6
|start
|switch|p1a: Pecharunt|Pecharunt|100/100
|switch|p2a: Cresselia|Cresselia, F|100/100
|turn|1
|
|t:|1757843518
|move|p1a: Pecharunt|Toxic|p2a: Cresselia
|-status|p2a: Cresselia|tox
|-start|p2a: Cresselia|confusion|[from] ability: Poison Puppeteer|[of] p1a: Pecharunt
|-activate|p2a: Cresselia|confusion
|move|p2a: Cresselia|Trick Room|p2a: Cresselia
|-fieldstart|move: Trick Room|[of] p2a: Cresselia
|
|-damage|p2a: Cresselia|94/100 tox|[from] psn
|upkeep
|turn|2
|
|t:|1757843526
|switch|p2a: Ursaluna|Ursaluna, M|100/100
|move|p1a: Pecharunt|Parting Shot|p2a: Ursaluna
|-unboost|p2a: Ursaluna|atk|1
|-unboost|p2a: Ursaluna|spa|1
|
|t:|1757843534
|switch|p1a: Torkoal|Torkoal, F|100/100|[from] Parting Shot
|-weather|SunnyDay|[from] ability: Drought|[of] p1a: Torkoal
|
|-weather|SunnyDay|[upkeep]
|-status|p2a: Ursaluna|brn|[from] item: Flame Orb
|upkeep
|turn|3
|
|t:|1757843541
|move|p1a: Torkoal|Stealth Rock|p2a: Ursaluna
|-sidestart|p2: brandy/69|move: Stealth Rock
|move|p2a: Ursaluna|Bulk Up|p2a: Ursaluna
|-boost|p2a: Ursaluna|atk|1
|-boost|p2a: Ursaluna|def|1
|
|-weather|SunnyDay|[upkeep]
|-damage|p2a: Ursaluna|94/100 brn|[from] brn
|upkeep
|turn|4
|
|t:|1757843548
|move|p1a: Torkoal|Overheat|p2a: Ursaluna
|-damage|p2a: Ursaluna|17/100 brn
|-unboost|p1a: Torkoal|spa|2
|move|p2a: Ursaluna|Earthquake|p1a: Torkoal
|-supereffective|p1a: Torkoal
|-damage|p1a: Torkoal|0 fnt
|faint|p1a: Torkoal
|
|-weather|SunnyDay|[upkeep]
|-damage|p2a: Ursaluna|11/100 brn|[from] brn
|upkeep
|
|t:|1757843567
|switch|p1a: Slither Wing|Slither Wing|100/100
|-activate|p1a: Slither Wing|ability: Protosynthesis
|-start|p1a: Slither Wing|protosynthesisatk
|turn|5
|
|t:|1757843582
|move|p2a: Ursaluna|Facade|p1a: Slither Wing
|-damage|p1a: Slither Wing|0 fnt
|faint|p1a: Slither Wing
|-end|p1a: Slither Wing|Protosynthesis|[silent]
|
|-weather|SunnyDay|[upkeep]
|-damage|p2a: Ursaluna|5/100 brn|[from] brn
|-fieldend|move: Trick Room
|upkeep
|
|t:|1757843589
|switch|p1a: Lilligant|Lilligant-Hisui, F|100/100
|turn|6
|
|t:|1757843599
|switch|p2a: Cresselia|Cresselia, F|94/100 tox
|-damage|p2a: Cresselia|82/100 tox|[from] Stealth Rock
|move|p1a: Lilligant|Solar Blade||[still]
|-prepare|p1a: Lilligant|Solar Blade
|-anim|p1a: Lilligant|Solar Blade|p2a: Cresselia
|-damage|p2a: Cresselia|23/100 tox
|-damage|p1a: Lilligant|84/100|[from] item: Rocky Helmet|[of] p2a: Cresselia
|-damage|p1a: Lilligant|74/100|[from] item: Life Orb
|
|-weather|SunnyDay|[upkeep]
|-damage|p2a: Cresselia|17/100 tox|[from] psn
|upkeep
|turn|7
|
|t:|1757843606
|move|p1a: Lilligant|Solar Blade||[still]
|-prepare|p1a: Lilligant|Solar Blade
|-anim|p1a: Lilligant|Solar Blade|p2a: Cresselia
|-damage|p2a: Cresselia|0 fnt
|-damage|p1a: Lilligant|58/100|[from] item: Rocky Helmet|[of] p2a: Cresselia
|faint|p2a: Cresselia
|-damage|p1a: Lilligant|48/100|[from] item: Life Orb
|
|-weather|SunnyDay|[upkeep]
|upkeep
|
|t:|1757843615
|switch|p2a: Walking Wake|Walking Wake|100/100
|-damage|p2a: Walking Wake|88/100|[from] Stealth Rock
|-activate|p2a: Walking Wake|ability: Protosynthesis
|-start|p2a: Walking Wake|protosynthesisspe
|turn|8
|
|t:|1757843620
|move|p1a: Lilligant|Solar Blade||[still]
|-prepare|p1a: Lilligant|Solar Blade
|-anim|p1a: Lilligant|Solar Blade|p2a: Walking Wake
|-damage|p2a: Walking Wake|1/100
|-damage|p1a: Lilligant|38/100|[from] item: Life Orb
|move|p2a: Walking Wake|Flamethrower|p1a: Lilligant
|-supereffective|p1a: Lilligant
|-damage|p1a: Lilligant|0 fnt
|faint|p1a: Lilligant
|-damage|p2a: Walking Wake|0 fnt|[from] item: Life Orb
|faint|p2a: Walking Wake
|-end|p2a: Walking Wake|Protosynthesis|[silent]
|
|-weather|SunnyDay|[upkeep]
|upkeep
|
|t:|1757843629
|switch|p2a: Torkoal|Torkoal, M, shiny|100/100
|switch|p1a: Pecharunt|Pecharunt|100/100
|turn|9
|
|t:|1757843633
|move|p1a: Pecharunt|Toxic|p2a: Torkoal
|-status|p2a: Torkoal|tox
|-start|p2a: Torkoal|confusion|[from] ability: Poison Puppeteer|[of] p1a: Pecharunt
|-activate|p2a: Torkoal|confusion
|-damage|p2a: Torkoal|94/100 tox|[from] confusion
|
|-weather|none
|-damage|p2a: Torkoal|88/100 tox|[from] psn
|upkeep
|turn|10
|
|t:|1757843642
|move|p1a: Pecharunt|Nasty Plot|p1a: Pecharunt
|-boost|p1a: Pecharunt|spa|2
|-activate|p2a: Torkoal|confusion
|move|p2a: Torkoal|Will-O-Wisp|p1a: Pecharunt|[miss]
|-miss|p2a: Torkoal|p1a: Pecharunt
|
|-damage|p2a: Torkoal|76/100 tox|[from] psn
|upkeep
|turn|11
|
|t:|1757843652
|move|p1a: Pecharunt|Shadow Ball|p2a: Torkoal
|-damage|p2a: Torkoal|7/100 tox
|-unboost|p2a: Torkoal|spd|1
|-activate|p2a: Torkoal|confusion
|move|p2a: Torkoal|Overheat|p1a: Pecharunt
|-damage|p1a: Pecharunt|49/100
|-unboost|p2a: Torkoal|spa|2
|
|-heal|p1a: Pecharunt|55/100|[from] item: Leftovers
|-damage|p2a: Torkoal|0 fnt|[from] psn
|faint|p2a: Torkoal
|upkeep
|
|t:|1757843665
|switch|p2a: Indeedee|Indeedee, M, shiny|100/100
|-damage|p2a: Indeedee|88/100|[from] Stealth Rock
|-fieldstart|move: Psychic Terrain|[from] ability: Psychic Surge|[of] p2a: Indeedee
|turn|12
|
|t:|1757843680
|move|p2a: Indeedee|Dazzling Gleam|p1a: Pecharunt
|-resisted|p1a: Pecharunt
|-damage|p1a: Pecharunt|37/100
|move|p1a: Pecharunt|Shadow Ball|p2a: Indeedee
|-immune|p2a: Indeedee
|
|-heal|p1a: Pecharunt|43/100|[from] item: Leftovers
|upkeep
|turn|13
|
|t:|1757843692
|move|p2a: Indeedee|Dazzling Gleam|p1a: Pecharunt
|-resisted|p1a: Pecharunt
|-damage|p1a: Pecharunt|24/100
|move|p1a: Pecharunt|Parting Shot|p2a: Indeedee
|-unboost|p2a: Indeedee|atk|1
|-unboost|p2a: Indeedee|spa|1
|
|t:|1757843700
|switch|p1a: Kingambit|Kingambit, F|100/100|[from] Parting Shot
|-item|p1a: Kingambit|Air Balloon
|
|upkeep
|turn|14
|
|t:|1757843705
|move|p2a: Indeedee|Dazzling Gleam|p1a: Kingambit
|-damage|p1a: Kingambit|76/100
|-enditem|p1a: Kingambit|Air Balloon
|move|p1a: Kingambit|Swords Dance|p1a: Kingambit
|-boost|p1a: Kingambit|atk|2
|
|upkeep
|turn|15
|
|t:|1757843712
|move|p2a: Indeedee|Dazzling Gleam|p1a: Kingambit
|-damage|p1a: Kingambit|52/100
|move|p1a: Kingambit|Kowtow Cleave|p2a: Indeedee
|-supereffective|p2a: Indeedee
|-damage|p2a: Indeedee|0 fnt
|faint|p2a: Indeedee
|
|upkeep
|
|t:|1757843718
|switch|p2a: Hawlucha|Hawlucha, M|100/100
|-damage|p2a: Hawlucha|88/100|[from] Stealth Rock
|-enditem|p2a: Hawlucha|Psychic Seed
|-boost|p2a: Hawlucha|spd|1|[from] item: Psychic Seed
|turn|16
|
|t:|1757843724
|-terastallize|p1a: Kingambit|Flying
|move|p2a: Hawlucha|Drain Punch|p1a: Kingambit
|-resisted|p1a: Kingambit
|-crit|p1a: Kingambit
|-damage|p1a: Kingambit|34/100
|-heal|p2a: Hawlucha|100/100|[from] drain|[of] p1a: Kingambit
|move|p1a: Kingambit|Tera Blast|p2a: Hawlucha|[anim] Tera Blast Flying
|-supereffective|p2a: Hawlucha
|-damage|p2a: Hawlucha|0 fnt
|faint|p2a: Hawlucha
|
|-fieldend|move: Psychic Terrain
|upkeep
|
|t:|1757843734
|switch|p2a: Ursaluna|Ursaluna, M|5/100 brn
|-damage|p2a: Ursaluna|0 fnt|[from] Stealth Rock
|faint|p2a: Ursaluna
|
|win|Nyksytin
|raw|Nyksytin's rating: 1304 &rarr; <strong>1327</strong><br />(+23 for winning)
|raw|brandy&#x2f;69's rating: 1348 &rarr; <strong>1325</strong><br />(-23 for losing)
|l|☆Nyksytin
|player|p1|
