|j|☆magicgengar2009
|j|☆chenlaohan
|t:|1757832784
|gametype|singles
|player|p1|magicgengar2009|miku-ghost|1058
|player|p2|chenlaohan|lass-gen4dp|1073
|gen|9
|tier|[Gen 9] OU
|rated|
|rule|HP Percentage Mod: HP is shown in percentages
|rule|Endless Battle Clause: Forcing endless battles is banned
|rule|Species Clause: Limit one of each Pokémon
|rule|OHKO Clause: OHKO moves are banned
|rule|Evasion Items Clause: Evasion items are banned
|rule|Evasion Moves Clause: Evasion moves are banned
|rule|Evasion Abilities Clause: Evasion abilities are banned
|rule|Sleep Moves Clause: Sleep-inducing moves are banned
|clearpoke
|poke|p1|Vaporeon, F|
|poke|p1|Leafeon, F|
|poke|p1|Sylveon, F|
|poke|p1|Umbreon, F|
|poke|p1|Espeon, M|
|poke|p1|Flareon, M|
|poke|p2|Garchomp, F|
|poke|p2|Toxicroak, M|
|poke|p2|Crawdaunt, M|
|poke|p2|Pelipper, F|
|poke|p2|Zapdos|
|poke|p2|Kingdra, M|
|teampreview
|
|t:|1757832821
|teamsize|p1|6
|teamsize|p2|6
|start
|switch|p1a: 仙布着急|Sylveon, F|100/100
|switch|p2a: Garchomp|Garchomp, F, shiny|100/100
|turn|1
|inactive|Battle timer is ON: inactive players will automatically lose when time's up. (requested by magicgengar2009)
|
|t:|1757832845
|move|p2a: Garchomp|Stealth Rock|p1a: 仙布着急
|-sidestart|p1: magicgengar2009|move: Stealth Rock
|move|p1a: 仙布着急|Calm Mind|p1a: 仙布着急
|-boost|p1a: 仙布着急|spa|1
|-boost|p1a: 仙布着急|spd|1
|
|upkeep
|turn|2
|
|t:|1757832858
|move|p2a: Garchomp|Earthquake|p1a: 仙布着急
|-crit|p1a: 仙布着急
|-damage|p1a: 仙布着急|22/100
|move|p1a: 仙布着急|Hyper Voice|p2a: Garchomp
|-supereffective|p2a: Garchomp
|-damage|p2a: Garchomp|0 fnt
|faint|p2a: Garchomp
|
|upkeep
|
|t:|1757832871
|switch|p2a: Toxicroak|Toxicroak, M|100/100
|turn|3
|
|t:|1757832878
|switch|p1a: 厨师长月布|Umbreon, F, shiny|100/100
|-damage|p1a: 厨师长月布|88/100|[from] Stealth Rock
|move|p2a: Toxicroak|Gunk Shot|p1a: 厨师长月布
|-damage|p1a: 厨师长月布|57/100
|-status|p1a: 厨师长月布|psn
|-activate|p1a: 厨师长月布|ability: Synchronize
|-immune|p2a: Toxicroak
|
|-heal|p1a: 厨师长月布|63/100 psn|[from] item: Leftovers
|-damage|p1a: 厨师长月布|50/100 psn|[from] psn
|upkeep
|turn|4
|inactive|magicgengar2009 has 120 seconds left.
|
|t:|1757832910
|switch|p1a: 超能赢|Espeon, M|100/100
|-damage|p1a: 超能赢|88/100|[from] Stealth Rock
|move|p2a: Toxicroak|Bulk Up|p2a: Toxicroak
|-boost|p2a: Toxicroak|atk|1
|-boost|p2a: Toxicroak|def|1
|
|upkeep
|turn|5
|inactive|magicgengar2009 has 120 seconds left.
|
|t:|1757832922
|-terastallize|p2a: Toxicroak|Dark
|move|p1a: 超能赢|Psychic|p2a: Toxicroak
|-immune|p2a: Toxicroak
|move|p2a: Toxicroak|Knock Off|p1a: 超能赢
|-supereffective|p1a: 超能赢
|-damage|p1a: 超能赢|0 fnt
|-enditem|p1a: 超能赢|Expert Belt|[from] move: Knock Off|[of] p2a: Toxicroak
|faint|p1a: 超能赢
|
|upkeep
|inactive|magicgengar2009 has 120 seconds left.
|
|t:|1757832931
|switch|p1a: 厨师长月布|Umbreon, F, shiny|50/100 psn
|-damage|p1a: 厨师长月布|38/100 psn|[from] Stealth Rock
|turn|6
|
|t:|1757832939
|move|p2a: Toxicroak|Drain Punch|p1a: 厨师长月布
|-supereffective|p1a: 厨师长月布
|-damage|p1a: 厨师长月布|0 fnt
|faint|p1a: 厨师长月布
|
|upkeep
|inactive|magicgengar2009 has 120 seconds left.
|
|t:|1757832955
|switch|p1a: 仙布着急|Sylveon, F|22/100
|-damage|p1a: 仙布着急|9/100|[from] Stealth Rock
|turn|7
|inactive|magicgengar2009 has 120 seconds left.
|
|t:|1757832965
|move|p2a: Toxicroak|Knock Off|p1a: 仙布着急
|-resisted|p1a: 仙布着急
|-damage|p1a: 仙布着急|0 fnt
|-enditem|p1a: 仙布着急|Pixie Plate|[from] move: Knock Off|[of] p2a: Toxicroak
|faint|p1a: 仙布着急
|
|upkeep
|inactive|magicgengar2009 has 120 seconds left.
|
|t:|1757832971
|switch|p1a: Flareon|Flareon, M, shiny|100/100
|-damage|p1a: Flareon|76/100|[from] Stealth Rock
|turn|8
|
|t:|1757832976
|move|p2a: Toxicroak|Knock Off|p1a: Flareon
|-crit|p1a: Flareon
|-damage|p1a: Flareon|0 fnt
|-enditem|p1a: Flareon|Toxic Orb|[from] move: Knock Off|[of] p2a: Toxicroak
|faint|p1a: Flareon
|
|upkeep
|
|t:|1757832981
|switch|p1a: 水不着|Vaporeon, F|100/100
|-damage|p1a: 水不着|88/100|[from] Stealth Rock
|turn|9
|
|t:|1757832992
|move|p2a: Toxicroak|Knock Off|p1a: 水不着
|-damage|p1a: 水不着|0 fnt
|-enditem|p1a: 水不着|Assault Vest|[from] move: Knock Off|[of] p2a: Toxicroak
|faint|p1a: 水不着
|
|upkeep
|
|t:|1757832997
|switch|p1a: 欧叶|Leafeon, F, shiny|100/100
|-damage|p1a: 欧叶|88/100|[from] Stealth Rock
|turn|10
|
|t:|1757833005
|move|p2a: Toxicroak|Knock Off|p1a: 欧叶
|-damage|p1a: 欧叶|28/100
|-enditem|p1a: 欧叶|Life Orb|[from] move: Knock Off|[of] p2a: Toxicroak
|move|p1a: 欧叶|Leaf Blade|p2a: Toxicroak
|-damage|p2a: Toxicroak|48/100
|
|-heal|p2a: Toxicroak|55/100|[from] item: Leftovers
|upkeep
|turn|11
|
|t:|1757833016
|move|p2a: Toxicroak|Gunk Shot|p1a: 欧叶
|-supereffective|p1a: 欧叶
|-damage|p1a: 欧叶|0 fnt
|faint|p1a: 欧叶
|
|win|chenlaohan
|raw|magicgengar2009's rating: 1058 &rarr; <strong>1040</strong><br />(-18 for losing)
|raw|chenlaohan's rating: 1073 &rarr; <strong>1101</strong><br />(+28 for winning)
|l|☆magicgengar2009
|player|p1|
