|j|☆larry_minimum_wage
|j|☆xiaoshenyoukaigual
|t:|1757823971
|gametype|singles
|player|p1|larry_minimum_wage|266|1232
|player|p2|xiaoshenyoukaigual|hilbert|1231
|gen|9
|tier|[Gen 9] OU
|rated|
|rule|HP Percentage Mod: HP is shown in percentages
|rule|Endless Battle Clause: Forcing endless battles is banned
|rule|Species Clause: Limit one of each Pokémon
|rule|OHKO Clause: OHKO moves are banned
|rule|Evasion Items Clause: Evasion items are banned
|rule|Evasion Moves Clause: Evasion moves are banned
|rule|Evasion Abilities Clause: Evasion abilities are banned
|rule|Sleep Moves Clause: Sleep-inducing moves are banned
|clearpoke
|poke|p1|Scizor, F|
|poke|p1|Pecharunt|
|poke|p1|Slowking-Galar, M|
|poke|p1|Kyurem|
|poke|p1|Great Tusk|
|poke|p1|Samurott-Hisui, M|
|poke|p2|Garganacl, F|
|poke|p2|Clodsire, F|
|poke|p2|Corviknight, F|
|poke|p2|Alomomola, F|
|poke|p2|Skeledirge, F|
|poke|p2|Ogerpon-Wellspring, F|
|teampreview
|inactive|Battle timer is ON: inactive players will automatically lose when time's up. (requested by larry_minimum_wage)
|
|t:|1757823984
|teamsize|p1|6
|teamsize|p2|6
|start
|switch|p1a: Scizor|Scizor, F, shiny|100/100
|switch|p2a: Garganacl|Garganacl, F|100/100
|turn|1
|
|t:|1757823988
|move|p1a: Scizor|Bullet Punch|p2a: Garganacl
|-supereffective|p2a: Garganacl
|-damage|p2a: Garganacl|39/100
|move|p2a: Garganacl|Salt Cure|p1a: Scizor
|-damage|p1a: Scizor|88/100
|-start|p1a: Scizor|Salt Cure
|
|-heal|p2a: Garganacl|46/100|[from] item: Leftovers
|-damage|p1a: Scizor|63/100|[from] Salt Cure
|upkeep
|turn|2
|
|t:|1757823991
|move|p2a: Garganacl|Protect|p2a: Garganacl
|-singleturn|p2a: Garganacl|Protect
|move|p1a: Scizor|Bullet Punch|p2a: Garganacl
|-activate|p2a: Garganacl|move: Protect
|
|-heal|p2a: Garganacl|52/100|[from] item: Leftovers
|-damage|p1a: Scizor|38/100|[from] Salt Cure
|upkeep
|turn|3
|
|t:|1757823994
|switch|p2a: Clodsire|Clodsire, F|100/100
|move|p1a: Scizor|Bullet Punch|p2a: Clodsire
|-damage|p2a: Clodsire|44/100
|
|-heal|p2a: Clodsire|50/100|[from] item: Leftovers
|-damage|p1a: Scizor|14/100|[from] Salt Cure
|upkeep
|turn|4
|
|t:|1757823999
|move|p2a: Clodsire|Protect|p2a: Clodsire
|-singleturn|p2a: Clodsire|Protect
|move|p1a: Scizor|Bullet Punch|p2a: Clodsire
|-activate|p2a: Clodsire|move: Protect
|
|-heal|p2a: Clodsire|57/100|[from] item: Leftovers
|-damage|p1a: Scizor|0 fnt|[from] Salt Cure
|faint|p1a: Scizor
|upkeep
|
|t:|1757824003
|switch|p1a: Kyurem|Kyurem|100/100
|-ability|p1a: Kyurem|Pressure
|turn|5
|
|t:|1757824007
|switch|p2a: Skeledirge|Skeledirge, F|100/100
|move|p1a: Kyurem|Ice Beam|p2a: Skeledirge
|-resisted|p2a: Skeledirge
|-damage|p2a: Skeledirge|83/100
|
|-heal|p2a: Skeledirge|89/100|[from] item: Leftovers
|upkeep
|turn|6
|
|t:|1757824012
|switch|p1a: Great Tusk|Great Tusk|100/100
|move|p2a: Skeledirge|Torch Song|p1a: Great Tusk
|-damage|p1a: Great Tusk|59/100
|-boost|p2a: Skeledirge|spa|1
|
|-heal|p1a: Great Tusk|65/100|[from] item: Leftovers
|-heal|p2a: Skeledirge|95/100|[from] item: Leftovers
|upkeep
|turn|7
|
|t:|1757824018
|switch|p2a: Corviknight|Corviknight, F|100/100
|move|p1a: Great Tusk|Headlong Rush|p2a: Corviknight
|-immune|p2a: Corviknight
|
|-heal|p1a: Great Tusk|71/100|[from] item: Leftovers
|upkeep
|turn|8
|
|t:|1757824023
|-end|p1a: Great Tusk|Protosynthesis|[silent]
|switch|p1a: Pecharunt|Pecharunt|100/100
|move|p2a: Corviknight|Iron Head|p1a: Pecharunt
|-damage|p1a: Pecharunt|88/100
|-damage|p2a: Corviknight|84/100|[from] item: Rocky Helmet|[of] p1a: Pecharunt
|
|-heal|p2a: Corviknight|90/100|[from] item: Leftovers
|upkeep
|turn|9
|
|t:|1757824030
|move|p1a: Pecharunt|Hex|p2a: Corviknight
|-damage|p2a: Corviknight|75/100
|move|p2a: Corviknight|Iron Head|p1a: Pecharunt
|-damage|p1a: Pecharunt|73/100
|-damage|p2a: Corviknight|58/100|[from] item: Rocky Helmet|[of] p1a: Pecharunt
|
|-heal|p2a: Corviknight|64/100|[from] item: Leftovers
|upkeep
|turn|10
|
|t:|1757824045
|switch|p2a: Clodsire|Clodsire, F|57/100
|move|p1a: Pecharunt|Hex|p2a: Clodsire
|-damage|p2a: Clodsire|44/100
|
|-heal|p2a: Clodsire|51/100|[from] item: Leftovers
|upkeep
|turn|11
|
|t:|1757824052
|move|p1a: Pecharunt|Parting Shot|p2a: Clodsire
|-unboost|p2a: Clodsire|atk|1
|-unboost|p2a: Clodsire|spa|1
|
|t:|1757824057
|switch|p1a: Samurott|Samurott-Hisui, M|100/100|[from] Parting Shot
|move|p2a: Clodsire|Earthquake|p1a: Samurott
|-damage|p1a: Samurott|77/100
|
|-heal|p2a: Clodsire|57/100|[from] item: Leftovers
|upkeep
|turn|12
|
|t:|1757824062
|switch|p2a: Ogerpon|Ogerpon-Wellspring, F|100/100
|move|p1a: Samurott|Ceaseless Edge|p2a: Ogerpon
|-damage|p2a: Ogerpon|20/100
|-sidestart|p2: xiaoshenyoukaigual|Spikes
|
|upkeep
|turn|13
|
|t:|1757824070
|switch|p1a: Pecharunt|Pecharunt|73/100
|move|p2a: Ogerpon|Ivy Cudgel|p1a: Pecharunt|[anim] Ivy Cudgel Water
|-damage|p1a: Pecharunt|44/100
|
|upkeep
|turn|14
|
|t:|1757824075
|switch|p2a: Corviknight|Corviknight, F|64/100
|move|p1a: Pecharunt|Recover|p1a: Pecharunt
|-heal|p1a: Pecharunt|94/100
|
|-heal|p2a: Corviknight|70/100|[from] item: Leftovers
|upkeep
|turn|15
|
|t:|1757824081
|move|p1a: Pecharunt|Hex|p2a: Corviknight
|-damage|p2a: Corviknight|55/100
|move|p2a: Corviknight|Defog|p1a: Pecharunt
|-unboost|p1a: Pecharunt|evasion|1
|-sideend|p2: xiaoshenyoukaigual|Spikes|[from] move: Defog|[of] p2a: Corviknight
|
|-heal|p2a: Corviknight|61/100|[from] item: Leftovers
|upkeep
|turn|16
|
|t:|1757824087
|switch|p1a: Slowking|Slowking-Galar, M|100/100
|switch|p2a: Alomomola|Alomomola, F|100/100
|
|upkeep
|turn|17
|
|t:|1757824090
|move|p2a: Alomomola|Wish|p2a: Alomomola
|move|p1a: Slowking|Sludge Bomb|p2a: Alomomola
|-damage|p2a: Alomomola|52/100
|
|-heal|p2a: Alomomola|58/100|[from] item: Leftovers
|upkeep
|turn|18
|
|t:|1757824096
|move|p2a: Alomomola|Flip Turn|p1a: Slowking
|-damage|p1a: Slowking|85/100
|
|t:|1757824102
|switch|p2a: Garganacl|Garganacl, F|52/100|[from] Flip Turn
|move|p1a: Slowking|Future Sight|p2a: Garganacl
|-start|p1a: Slowking|move: Future Sight
|
|-heal|p2a: Garganacl|100/100|[from] move: Wish|[wisher] Alomomola
|upkeep
|turn|19
|
|t:|1757824111
|switch|p1a: Pecharunt|Pecharunt|94/100
|move|p2a: Garganacl|Stealth Rock|p1a: Pecharunt
|-sidestart|p1: larry_minimum_wage|move: Stealth Rock
|
|upkeep
|turn|20
|
|t:|1757824114
|move|p1a: Pecharunt|Parting Shot|p2a: Garganacl
|-unboost|p2a: Garganacl|atk|1
|-unboost|p2a: Garganacl|spa|1
|
|t:|1757824116
|switch|p1a: Great Tusk|Great Tusk|71/100|[from] Parting Shot
|-damage|p1a: Great Tusk|68/100|[from] Stealth Rock
|move|p2a: Garganacl|Salt Cure|p1a: Great Tusk
|-resisted|p1a: Great Tusk
|-damage|p1a: Great Tusk|68/100
|-start|p1a: Great Tusk|Salt Cure
|
|-end|p2a: Garganacl|move: Future Sight
|-damage|p2a: Garganacl|54/100
|-heal|p1a: Great Tusk|74/100|[from] item: Leftovers
|-heal|p2a: Garganacl|60/100|[from] item: Leftovers
|-damage|p1a: Great Tusk|61/100|[from] Salt Cure
|upkeep
|turn|21
|
|t:|1757824120
|move|p2a: Garganacl|Protect|p2a: Garganacl
|-singleturn|p2a: Garganacl|Protect
|move|p1a: Great Tusk|Rapid Spin|p2a: Garganacl
|-activate|p2a: Garganacl|move: Protect
|
|-heal|p1a: Great Tusk|68/100|[from] item: Leftovers
|-heal|p2a: Garganacl|66/100|[from] item: Leftovers
|-damage|p1a: Great Tusk|55/100|[from] Salt Cure
|upkeep
|turn|22
|
|t:|1757824124
|switch|p2a: Skeledirge|Skeledirge, F|95/100
|move|p1a: Great Tusk|Rapid Spin|p2a: Skeledirge
|-immune|p2a: Skeledirge
|
|-heal|p1a: Great Tusk|61/100|[from] item: Leftovers
|-heal|p2a: Skeledirge|100/100|[from] item: Leftovers
|-damage|p1a: Great Tusk|49/100|[from] Salt Cure
|upkeep
|turn|23
|
|t:|1757824129
|switch|p2a: Corviknight|Corviknight, F|61/100
|move|p1a: Great Tusk|Stealth Rock|p2a: Corviknight
|-sidestart|p2: xiaoshenyoukaigual|move: Stealth Rock
|
|-heal|p1a: Great Tusk|55/100|[from] item: Leftovers
|-heal|p2a: Corviknight|68/100|[from] item: Leftovers
|-damage|p1a: Great Tusk|43/100|[from] Salt Cure
|upkeep
|turn|24
|
|t:|1757824133
|-end|p1a: Great Tusk|Protosynthesis|[silent]
|switch|p1a: Samurott|Samurott-Hisui, M|77/100
|-damage|p1a: Samurott|65/100|[from] Stealth Rock
|move|p2a: Corviknight|Defog|p1a: Samurott
|-unboost|p1a: Samurott|evasion|1
|-sideend|p1: larry_minimum_wage|Stealth Rock|[from] move: Defog|[of] p2a: Corviknight
|-sideend|p2: xiaoshenyoukaigual|Stealth Rock|[from] move: Defog|[of] p2a: Corviknight
|
|-heal|p2a: Corviknight|74/100|[from] item: Leftovers
|upkeep
|turn|25
|
|t:|1757824137
|move|p1a: Samurott|Ceaseless Edge|p2a: Corviknight|[miss]
|-miss|p1a: Samurott|p2a: Corviknight
|move|p2a: Corviknight|Body Press|p1a: Samurott
|-supereffective|p1a: Samurott
|-damage|p1a: Samurott|19/100
|
|-heal|p2a: Corviknight|80/100|[from] item: Leftovers
|upkeep
|turn|26
|
|t:|1757824140
|move|p1a: Samurott|Ceaseless Edge|p2a: Corviknight
|-damage|p2a: Corviknight|26/100
|-sidestart|p2: xiaoshenyoukaigual|Spikes
|move|p2a: Corviknight|Body Press|p1a: Samurott
|-supereffective|p1a: Samurott
|-damage|p1a: Samurott|0 fnt
|faint|p1a: Samurott
|
|-heal|p2a: Corviknight|32/100|[from] item: Leftovers
|upkeep
|
|t:|1757824147
|switch|p1a: Kyurem|Kyurem|100/100
|-ability|p1a: Kyurem|Pressure
|turn|27
|
|t:|1757824151
|-terastallize|p1a: Kyurem|Dragon
|move|p1a: Kyurem|Draco Meteor|p2a: Corviknight
|-resisted|p2a: Corviknight
|-damage|p2a: Corviknight|0 fnt
|-unboost|p1a: Kyurem|spa|2
|faint|p2a: Corviknight
|
|upkeep
|
|t:|1757824161
|switch|p2a: Alomomola|Alomomola, F|91/100
|-damage|p2a: Alomomola|79/100|[from] Spikes
|turn|28
|
|t:|1757824165
|move|p1a: Kyurem|Draco Meteor|p2a: Alomomola
|-damage|p2a: Alomomola|36/100
|-unboost|p1a: Kyurem|spa|2
|move|p2a: Alomomola|Wish|p2a: Alomomola
|
|-heal|p2a: Alomomola|42/100|[from] item: Leftovers
|upkeep
|turn|29
|
|t:|1757824170
|switch|p1a: Pecharunt|Pecharunt|94/100
|move|p2a: Alomomola|Flip Turn|p1a: Pecharunt
|-damage|p1a: Pecharunt|86/100
|-damage|p2a: Alomomola|26/100|[from] item: Rocky Helmet|[of] p1a: Pecharunt
|
|t:|1757824173
|switch|p2a: Ogerpon|Ogerpon-Wellspring, F|20/100|[from] Flip Turn
|-damage|p2a: Ogerpon|8/100|[from] Spikes
|
|-heal|p2a: Ogerpon|92/100|[from] move: Wish|[wisher] Alomomola
|upkeep
|turn|30
|
|t:|1757824181
|switch|p2a: Clodsire|Clodsire, F|57/100
|-damage|p2a: Clodsire|44/100|[from] Spikes
|move|p1a: Pecharunt|Malignant Chain|p2a: Clodsire
|-resisted|p2a: Clodsire
|-damage|p2a: Clodsire|40/100
|
|-heal|p2a: Clodsire|46/100|[from] item: Leftovers
|upkeep
|turn|31
|
|t:|1757824185
|move|p1a: Pecharunt|Parting Shot|p2a: Clodsire
|-unboost|p2a: Clodsire|atk|1
|-unboost|p2a: Clodsire|spa|1
|
|t:|1757824190
|switch|p1a: Great Tusk|Great Tusk|43/100|[from] Parting Shot
|move|p2a: Clodsire|Recover|p2a: Clodsire
|-heal|p2a: Clodsire|96/100
|
|-heal|p1a: Great Tusk|49/100|[from] item: Leftovers
|-heal|p2a: Clodsire|100/100|[from] item: Leftovers
|upkeep
|turn|32
|
|t:|1757824194
|move|p1a: Great Tusk|Headlong Rush|p2a: Clodsire
|-supereffective|p2a: Clodsire
|-damage|p2a: Clodsire|0 fnt
|-unboost|p1a: Great Tusk|def|1
|-unboost|p1a: Great Tusk|spd|1
|faint|p2a: Clodsire
|
|-heal|p1a: Great Tusk|55/100|[from] item: Leftovers
|upkeep
|
|t:|1757824199
|switch|p2a: Garganacl|Garganacl, F|66/100
|-damage|p2a: Garganacl|54/100|[from] Spikes
|turn|33
|
|t:|1757824203
|-terastallize|p2a: Garganacl|Grass
|move|p1a: Great Tusk|Stealth Rock|p2a: Garganacl
|-sidestart|p2: xiaoshenyoukaigual|move: Stealth Rock
|move|p2a: Garganacl|Salt Cure|p1a: Great Tusk
|-resisted|p1a: Great Tusk
|-damage|p1a: Great Tusk|53/100
|-start|p1a: Great Tusk|Salt Cure
|
|-heal|p1a: Great Tusk|59/100|[from] item: Leftovers
|-heal|p2a: Garganacl|60/100|[from] item: Leftovers
|-damage|p1a: Great Tusk|47/100|[from] Salt Cure
|upkeep
|turn|34
|
|t:|1757824206
|-end|p1a: Great Tusk|Protosynthesis|[silent]
|switch|p1a: Slowking|Slowking-Galar, M|100/100
|move|p2a: Garganacl|Stealth Rock|p1a: Slowking
|-sidestart|p1: larry_minimum_wage|move: Stealth Rock
|
|-heal|p2a: Garganacl|66/100|[from] item: Leftovers
|upkeep
|turn|35
|
|t:|1757824210
|move|p2a: Garganacl|Protect|p2a: Garganacl
|-singleturn|p2a: Garganacl|Protect
|move|p1a: Slowking|Sludge Bomb|p2a: Garganacl
|-activate|p2a: Garganacl|move: Protect
|
|-heal|p2a: Garganacl|72/100|[from] item: Leftovers
|upkeep
|turn|36
|
|t:|1757824215
|move|p2a: Garganacl|Salt Cure|p1a: Slowking
|-damage|p1a: Slowking|87/100
|-start|p1a: Slowking|Salt Cure
|move|p1a: Slowking|Sludge Bomb|p2a: Garganacl
|-supereffective|p2a: Garganacl
|-damage|p2a: Garganacl|0 fnt
|faint|p2a: Garganacl
|
|-damage|p1a: Slowking|74/100|[from] Salt Cure
|upkeep
|
|t:|1757824223
|switch|p2a: Ogerpon|Ogerpon-Wellspring, F|92/100
|-damage|p2a: Ogerpon|79/100|[from] Spikes
|-damage|p2a: Ogerpon|67/100|[from] Stealth Rock
|turn|37
|
|t:|1757824226
|switch|p1a: Pecharunt|Pecharunt|86/100
|-damage|p1a: Pecharunt|73/100|[from] Stealth Rock
|move|p2a: Ogerpon|Ivy Cudgel|p1a: Pecharunt|[anim] Ivy Cudgel Water
|-damage|p1a: Pecharunt|42/100
|
|upkeep
|turn|38
|
|t:|1757824229
|move|p2a: Ogerpon|Ivy Cudgel|p1a: Pecharunt|[anim] Ivy Cudgel Water
|-damage|p1a: Pecharunt|11/100
|move|p1a: Pecharunt|Recover|p1a: Pecharunt
|-heal|p1a: Pecharunt|61/100
|
|upkeep
|turn|39
|
|t:|1757824232
|move|p2a: Ogerpon|Swords Dance|p2a: Ogerpon
|-boost|p2a: Ogerpon|atk|2
|move|p1a: Pecharunt|Recover|p1a: Pecharunt
|-heal|p1a: Pecharunt|100/100
|
|upkeep
|turn|40
|
|t:|1757824234
|move|p2a: Ogerpon|Ivy Cudgel|p1a: Pecharunt|[anim] Ivy Cudgel Water
|-damage|p1a: Pecharunt|42/100
|move|p1a: Pecharunt|Malignant Chain|p2a: Ogerpon
|-supereffective|p2a: Ogerpon
|-damage|p2a: Ogerpon|0 fnt
|faint|p2a: Ogerpon
|
|upkeep
|-message|xiaoshenyoukaigual forfeited.
|
|win|larry_minimum_wage
|raw|larry_minimum_wage's rating: 1232 &rarr; <strong>1257</strong><br />(+25 for winning)
|raw|xiaoshenyoukaigual's rating: 1231 &rarr; <strong>1206</strong><br />(-25 for losing)
|l|☆xiaoshenyoukaigual
|player|p2|
|l|☆larry_minimum_wage
|player|p1|
