|j|☆Bob2576
|j|☆jxnpm80
|t:|1757815826
|gametype|singles
|player|p1|Bob2576|265|1248
|player|p2|jxnpm80|2|1303
|gen|9
|tier|[Gen 9] OU
|rated|
|rule|HP Percentage Mod: HP is shown in percentages
|rule|Endless Battle Clause: Forcing endless battles is banned
|rule|Species Clause: Limit one of each Pokémon
|rule|OHKO Clause: OHKO moves are banned
|rule|Evasion Items Clause: Evasion items are banned
|rule|Evasion Moves Clause: Evasion moves are banned
|rule|Evasion Abilities Clause: Evasion abilities are banned
|rule|Sleep Moves Clause: Sleep-inducing moves are banned
|clearpoke
|poke|p1|Tyranitar, F|
|poke|p1|Excadrill, M|
|poke|p1|Great Tusk|
|poke|p1|Alomomola, F|
|poke|p1|Pecharunt|
|poke|p1|Zapdos|
|poke|p2|Flapple, M|
|poke|p2|Cresselia, F|
|poke|p2|Iron Moth|
|poke|p2|Kingambit, F|
|poke|p2|Iron Treads|
|poke|p2|Sandy Shocks|
|teampreview
|
|t:|1757815831
|teamsize|p1|6
|teamsize|p2|6
|start
|switch|p1a: Tyranitar|Tyranitar, F|100/100
|switch|p2a: Angel|Cresselia, F|100/100
|-weather|Sandstorm|[from] ability: Sand Stream|[of] p1a: Tyranitar
|turn|1
|
|t:|1757815836
|move|p2a: Angel|Reflect|p2a: Angel
|-sidestart|p2: jxnpm80|Reflect
|move|p1a: Tyranitar|Stealth Rock|p2a: Angel
|-sidestart|p2: jxnpm80|move: Stealth Rock
|
|-weather|Sandstorm|[upkeep]
|-damage|p2a: Angel|94/100|[from] Sandstorm
|upkeep
|turn|2
|
|t:|1757815840
|switch|p2a: Coin Coffer|Iron Treads|100/100
|-damage|p2a: Coin Coffer|97/100|[from] Stealth Rock
|move|p1a: Tyranitar|Knock Off|p2a: Coin Coffer
|-damage|p2a: Coin Coffer|78/100
|-enditem|p2a: Coin Coffer|Assault Vest|[from] move: Knock Off|[of] p1a: Tyranitar
|
|-weather|Sandstorm|[upkeep]
|upkeep
|turn|3
|
|t:|1757815862
|switch|p1a: Alomomola|Alomomola, F|100/100
|move|p2a: Coin Coffer|Rapid Spin|p1a: Alomomola
|-damage|p1a: Alomomola|93/100
|-boost|p2a: Coin Coffer|spe|1
|-sideend|p2: jxnpm80|Stealth Rock|[from] move: Rapid Spin|[of] p2a: Coin Coffer
|
|-weather|Sandstorm|[upkeep]
|-damage|p1a: Alomomola|87/100|[from] Sandstorm
|upkeep
|turn|4
|
|t:|1757815870
|-end|p2a: Coin Coffer|Quark Drive|[silent]
|switch|p2a: Doomstrike|Flapple, M, shiny|100/100
|move|p1a: Alomomola|Scald|p2a: Doomstrike
|-resisted|p2a: Doomstrike
|-damage|p2a: Doomstrike|94/100
|
|-weather|Sandstorm|[upkeep]
|-damage|p2a: Doomstrike|88/100|[from] Sandstorm
|-damage|p1a: Alomomola|80/100|[from] Sandstorm
|upkeep
|turn|5
|
|t:|1757815886
|switch|p1a: Zapdos|Zapdos|100/100
|move|p2a: Doomstrike|Grav Apple|p1a: Zapdos|[miss]
|-miss|p2a: Doomstrike|p1a: Zapdos
|
|-weather|Sandstorm|[upkeep]
|-damage|p2a: Doomstrike|82/100|[from] Sandstorm
|-damage|p1a: Zapdos|94/100|[from] Sandstorm
|upkeep
|turn|6
|
|t:|1757815925
|switch|p2a: Coin Coffer|Iron Treads|78/100
|move|p1a: Zapdos|Hurricane|p2a: Coin Coffer
|-resisted|p2a: Coin Coffer
|-damage|p2a: Coin Coffer|45/100
|
|-weather|Sandstorm|[upkeep]
|-damage|p1a: Zapdos|88/100|[from] Sandstorm
|upkeep
|turn|7
|
|t:|1757815939
|move|p2a: Coin Coffer|Ice Spinner|p1a: Zapdos
|-supereffective|p1a: Zapdos
|-damage|p1a: Zapdos|28/100
|-status|p2a: Coin Coffer|par|[from] ability: Static|[of] p1a: Zapdos
|move|p1a: Zapdos|Heat Wave|p2a: Coin Coffer
|-supereffective|p2a: Coin Coffer
|-damage|p2a: Coin Coffer|0 fnt
|faint|p2a: Coin Coffer
|-end|p2a: Coin Coffer|Quark Drive|[silent]
|
|-weather|Sandstorm|[upkeep]
|-damage|p1a: Zapdos|22/100|[from] Sandstorm
|upkeep
|
|t:|1757815965
|switch|p2a: Seth Rollins|Iron Moth|100/100
|-enditem|p2a: Seth Rollins|Booster Energy
|-activate|p2a: Seth Rollins|ability: Quark Drive|[fromitem]
|-start|p2a: Seth Rollins|quarkdrivespa
|turn|8
|
|t:|1757815986
|switch|p1a: Tyranitar|Tyranitar, F|100/100
|move|p2a: Seth Rollins|Fiery Dance|p1a: Tyranitar
|-resisted|p1a: Tyranitar
|-damage|p1a: Tyranitar|89/100
|-boost|p2a: Seth Rollins|spa|1
|
|-weather|none
|-sideend|p2: jxnpm80|Reflect
|upkeep
|turn|9
|
|t:|1757816000
|-terastallize|p2a: Seth Rollins|Grass
|move|p2a: Seth Rollins|Energy Ball|p1a: Tyranitar
|-supereffective|p1a: Tyranitar
|-damage|p1a: Tyranitar|0 fnt
|faint|p1a: Tyranitar
|
|upkeep
|
|t:|1757816018
|switch|p1a: Great Tusk|Great Tusk|100/100
|-enditem|p1a: Great Tusk|Booster Energy
|-activate|p1a: Great Tusk|ability: Protosynthesis|[fromitem]
|-start|p1a: Great Tusk|protosynthesisspe
|turn|10
|
|t:|1757816028
|move|p1a: Great Tusk|Ice Spinner|p2a: Seth Rollins
|-supereffective|p2a: Seth Rollins
|-damage|p2a: Seth Rollins|35/100
|move|p2a: Seth Rollins|Energy Ball|p1a: Great Tusk
|-supereffective|p1a: Great Tusk
|-damage|p1a: Great Tusk|0 fnt
|faint|p1a: Great Tusk
|-end|p1a: Great Tusk|Protosynthesis|[silent]
|
|upkeep
|
|t:|1757816065
|switch|p1a: Pecharunt|Pecharunt|100/100
|-item|p1a: Pecharunt|Air Balloon
|turn|11
|
|t:|1757816069
|move|p2a: Seth Rollins|Psychic|p1a: Pecharunt
|-supereffective|p1a: Pecharunt
|-damage|p1a: Pecharunt|0 fnt
|-enditem|p1a: Pecharunt|Air Balloon
|faint|p1a: Pecharunt
|
|upkeep
|-message|Bob2576 forfeited.
|
|win|jxnpm80
|raw|Bob2576's rating: 1248 &rarr; <strong>1227</strong><br />(-21 for losing)
|raw|jxnpm80's rating: 1303 &rarr; <strong>1320</strong><br />(+17 for winning)
|l|☆Bob2576
|player|p1|
|l|☆jxnpm80
|player|p2|
