|j|☆findmyhair
|j|☆splky
|t:|1757813733
|gametype|singles
|player|p1|findmyhair|acetrainercouple|1215
|player|p2|splky|101|1228
|gen|9
|tier|[Gen 9] OU
|rated|
|rule|HP Percentage Mod: HP is shown in percentages
|rule|Endless Battle Clause: Forcing endless battles is banned
|rule|Species Clause: Limit one of each Pokémon
|rule|OHKO Clause: OHKO moves are banned
|rule|Evasion Items Clause: Evasion items are banned
|rule|Evasion Moves Clause: Evasion moves are banned
|rule|Evasion Abilities Clause: Evasion abilities are banned
|rule|Sleep Moves Clause: Sleep-inducing moves are banned
|clearpoke
|poke|p1|Cresselia, F|
|poke|p1|Slowking-Galar, F|
|poke|p1|Iron Hands|
|poke|p1|Ursaluna, F|
|poke|p1|Crawdaunt, M|
|poke|p1|Klefki, M|
|poke|p2|Serperior, F|
|poke|p2|Corviknight, F|
|poke|p2|Feraligatr, F|
|poke|p2|Cinderace, M|
|poke|p2|Ninetales-Alola, M|
|poke|p2|Excadrill, F|
|teampreview
|inactive|Battle timer is ON: inactive players will automatically lose when time's up. (requested by findmyhair)
|
|t:|1757813756
|teamsize|p1|6
|teamsize|p2|6
|start
|switch|p1a: Klefki|Klefki, M|100/100
|switch|p2a: Ninetales|Ninetales-Alola, M|100/100
|-weather|Snowscape|[from] ability: Snow Warning|[of] p2a: Ninetales
|turn|1
|
|t:|1757813767
|move|p1a: Klefki|Spikes|p2a: Ninetales
|-sidestart|p2: splky|Spikes
|move|p2a: Ninetales|Aurora Veil|p2a: Ninetales
|-sidestart|p2: splky|move: Aurora Veil
|
|-weather|Snowscape|[upkeep]
|upkeep
|turn|2
|
|t:|1757813776
|switch|p2a: Excadrill|Excadrill, F|100/100
|-damage|p2a: Excadrill|88/100|[from] Spikes
|-ability|p2a: Excadrill|Mold Breaker
|move|p1a: Klefki|Spikes|p2a: Excadrill
|-sidestart|p2: splky|Spikes
|
|-weather|Snowscape|[upkeep]
|upkeep
|turn|3
|
|t:|1757813790
|move|p1a: Klefki|Reflect|p1a: Klefki
|-sidestart|p1: findmyhair|Reflect
|move|p2a: Excadrill|Rapid Spin|p1a: Klefki
|-resisted|p1a: Klefki
|-damage|p1a: Klefki|97/100
|-boost|p2a: Excadrill|spe|1
|-sideend|p2: splky|Spikes|[from] move: Rapid Spin|[of] p2a: Excadrill
|
|-weather|Snowscape|[upkeep]
|upkeep
|turn|4
|
|t:|1757813796
|move|p1a: Klefki|Light Screen|p1a: Klefki
|-sidestart|p1: findmyhair|move: Light Screen
|move|p2a: Excadrill|Swords Dance|p2a: Excadrill
|-boost|p2a: Excadrill|atk|2
|
|-weather|Snowscape|[upkeep]
|upkeep
|turn|5
|
|t:|1757813801
|switch|p1a: Cresselia|Cresselia, F|100/100
|move|p2a: Excadrill|Swords Dance|p2a: Excadrill
|-boost|p2a: Excadrill|atk|2
|
|-weather|none
|upkeep
|turn|6
|
|t:|1757813808
|move|p2a: Excadrill|Swords Dance|p2a: Excadrill
|-boost|p2a: Excadrill|atk|2
|move|p1a: Cresselia|Trick Room|p1a: Cresselia
|-fieldstart|move: Trick Room|[of] p1a: Cresselia
|
|upkeep
|turn|7
|
|t:|1757813816
|move|p1a: Cresselia|Psychic|p2a: Excadrill
|-resisted|p2a: Excadrill
|-damage|p2a: Excadrill|79/100
|move|p2a: Excadrill|Earthquake|p1a: Cresselia
|-damage|p1a: Cresselia|33/100
|
|upkeep
|turn|8
|
|t:|1757813826
|move|p1a: Cresselia|Psychic|p2a: Excadrill
|-resisted|p2a: Excadrill
|-damage|p2a: Excadrill|71/100
|move|p2a: Excadrill|Swords Dance|p2a: Excadrill
|-boost|p2a: Excadrill|atk|0
|
|-sideend|p2: splky|move: Aurora Veil
|upkeep
|turn|9
|
|t:|1757813838
|switch|p1a: Ursaluna|Ursaluna, F|100/100
|move|p2a: Excadrill|Earthquake|p1a: Ursaluna
|-damage|p1a: Ursaluna|18/100
|
|-status|p1a: Ursaluna|brn|[from] item: Flame Orb
|upkeep
|turn|10
|
|t:|1757813849
|-terastallize|p2a: Excadrill|Ghost
|move|p1a: Ursaluna|Earthquake|p2a: Excadrill
|-damage|p2a: Excadrill|0 fnt
|faint|p2a: Excadrill
|
|-damage|p1a: Ursaluna|12/100 brn|[from] brn
|-sideend|p1: findmyhair|Reflect
|-fieldend|move: Trick Room
|upkeep
|inactive|splky has 120 seconds left.
|
|t:|1757813876
|switch|p2a: Feraligatr|Feraligatr, F|100/100
|turn|11
|
|t:|1757813883
|move|p2a: Feraligatr|Aqua Jet|p1a: Ursaluna
|-supereffective|p1a: Ursaluna
|-damage|p1a: Ursaluna|0 fnt
|faint|p1a: Ursaluna
|-damage|p2a: Feraligatr|91/100|[from] item: Life Orb
|
|-sideend|p1: findmyhair|move: Light Screen
|upkeep
|
|t:|1757813889
|switch|p1a: Klefki|Klefki, M|97/100
|turn|12
|
|t:|1757813896
|move|p1a: Klefki|Reflect|p1a: Klefki
|-sidestart|p1: findmyhair|Reflect
|move|p2a: Feraligatr|Dragon Dance|p2a: Feraligatr
|-boost|p2a: Feraligatr|atk|1
|-boost|p2a: Feraligatr|spe|1
|
|upkeep
|turn|13
|
|t:|1757813900
|move|p1a: Klefki|Light Screen|p1a: Klefki
|-sidestart|p1: findmyhair|move: Light Screen
|move|p2a: Feraligatr|Dragon Dance|p2a: Feraligatr
|-boost|p2a: Feraligatr|atk|1
|-boost|p2a: Feraligatr|spe|1
|
|upkeep
|turn|14
|
|t:|1757813907
|switch|p1a: Slowking|Slowking-Galar, F|100/100
|move|p2a: Feraligatr|Dragon Dance|p2a: Feraligatr
|-boost|p2a: Feraligatr|atk|1
|-boost|p2a: Feraligatr|spe|1
|
|upkeep
|turn|15
|
|t:|1757813912
|move|p2a: Feraligatr|Dragon Dance|p2a: Feraligatr
|-boost|p2a: Feraligatr|atk|1
|-boost|p2a: Feraligatr|spe|1
|move|p1a: Slowking|Trick Room|p1a: Slowking
|-fieldstart|move: Trick Room|[of] p1a: Slowking
|
|upkeep
|turn|16
|
|t:|1757813920
|switch|p1a: Iron Hands|Iron Hands|100/100
|move|p2a: Feraligatr|Crunch|p1a: Iron Hands
|-resisted|p1a: Iron Hands
|-damage|p1a: Iron Hands|81/100
|
|upkeep
|turn|17
|
|t:|1757813929
|switch|p2a: Ninetales|Ninetales-Alola, M|100/100
|-weather|Snowscape|[from] ability: Snow Warning|[of] p2a: Ninetales
|move|p1a: Iron Hands|Wild Charge|p2a: Ninetales
|-damage|p2a: Ninetales|52/100
|-damage|p1a: Iron Hands|73/100|[from] Recoil
|
|-weather|Snowscape|[upkeep]
|upkeep
|turn|18
|
|t:|1757813937
|move|p1a: Iron Hands|Close Combat|p2a: Ninetales
|-crit|p2a: Ninetales
|-damage|p2a: Ninetales|0 fnt
|-unboost|p1a: Iron Hands|def|1
|-unboost|p1a: Iron Hands|spd|1
|faint|p2a: Ninetales
|
|-weather|Snowscape|[upkeep]
|upkeep
|
|t:|1757813943
|switch|p2a: Corviknight|Corviknight, F|100/100
|-ability|p2a: Corviknight|Pressure
|turn|19
|
|t:|1757813946
|move|p1a: Iron Hands|Close Combat|p2a: Corviknight
|-damage|p2a: Corviknight|55/100
|-unboost|p1a: Iron Hands|def|1
|-unboost|p1a: Iron Hands|spd|1
|-damage|p1a: Iron Hands|56/100|[from] item: Rocky Helmet|[of] p2a: Corviknight
|move|p2a: Corviknight|Bulk Up|p2a: Corviknight
|-boost|p2a: Corviknight|atk|1
|-boost|p2a: Corviknight|def|1
|
|-weather|Snowscape|[upkeep]
|-sideend|p1: findmyhair|Reflect
|-fieldend|move: Trick Room
|upkeep
|turn|20
|
|t:|1757813964
|move|p2a: Corviknight|Brave Bird|p1a: Iron Hands
|-damage|p1a: Iron Hands|0 fnt
|faint|p1a: Iron Hands
|-end|p1a: Iron Hands|Quark Drive|[silent]
|-damage|p2a: Corviknight|32/100|[from] Recoil
|
|-weather|Snowscape|[upkeep]
|-sideend|p1: findmyhair|move: Light Screen
|upkeep
|
|t:|1757813971
|switch|p1a: Slowking|Slowking-Galar, F|100/100
|turn|21
|
|t:|1757813977
|move|p2a: Corviknight|Roost|p2a: Corviknight
|-heal|p2a: Corviknight|82/100
|-singleturn|p2a: Corviknight|move: Roost
|move|p1a: Slowking|Trick Room|p1a: Slowking
|-fieldstart|move: Trick Room|[of] p1a: Slowking
|
|-weather|none
|upkeep
|turn|22
|
|t:|1757813983
|move|p1a: Slowking|Fire Blast|p2a: Corviknight|[miss]
|-miss|p1a: Slowking|p2a: Corviknight
|move|p2a: Corviknight|Bulk Up|p2a: Corviknight
|-boost|p2a: Corviknight|atk|1
|-boost|p2a: Corviknight|def|1
|
|upkeep
|turn|23
|
|t:|1757813989
|move|p1a: Slowking|Fire Blast|p2a: Corviknight
|-supereffective|p2a: Corviknight
|-damage|p2a: Corviknight|7/100
|move|p2a: Corviknight|Brave Bird|p1a: Slowking
|-damage|p1a: Slowking|20/100
|-damage|p2a: Corviknight|0 fnt|[from] Recoil
|faint|p2a: Corviknight
|
|-heal|p1a: Slowking|26/100|[from] item: Black Sludge
|upkeep
|
|t:|1757814002
|switch|p2a: Feraligatr|Feraligatr, F|91/100
|turn|24
|
|t:|1757814010
|switch|p1a: Crawdaunt|Crawdaunt, M|100/100
|move|p2a: Feraligatr|Dragon Dance|p2a: Feraligatr
|-boost|p2a: Feraligatr|atk|1
|-boost|p2a: Feraligatr|spe|1
|
|upkeep
|turn|25
|
|t:|1757814020
|move|p1a: Crawdaunt|Knock Off|p2a: Feraligatr
|-damage|p2a: Feraligatr|0 fnt
|-enditem|p2a: Feraligatr|Life Orb|[from] move: Knock Off|[of] p1a: Crawdaunt
|faint|p2a: Feraligatr
|-damage|p1a: Crawdaunt|90/100|[from] item: Life Orb
|
|-fieldend|move: Trick Room
|upkeep
|
|t:|1757814024
|switch|p2a: Serperior|Serperior, F|100/100
|turn|26
|
|t:|1757814028
|move|p2a: Serperior|Leaf Storm|p1a: Crawdaunt
|-supereffective|p1a: Crawdaunt
|-damage|p1a: Crawdaunt|0 fnt
|-boost|p2a: Serperior|spa|2
|faint|p1a: Crawdaunt
|
|upkeep
|
|t:|1757814033
|switch|p1a: Klefki|Klefki, M|97/100
|turn|27
|
|t:|1757814044
|switch|p2a: Cinderace|Cinderace, M|100/100
|move|p1a: Klefki|Light Screen|p1a: Klefki
|-sidestart|p1: findmyhair|move: Light Screen
|
|upkeep
|turn|28
|
|t:|1757814052
|move|p1a: Klefki|Reflect|p1a: Klefki
|-sidestart|p1: findmyhair|Reflect
|move|p2a: Cinderace|Will-O-Wisp|p1a: Klefki
|-status|p1a: Klefki|brn
|
|-damage|p1a: Klefki|91/100 brn|[from] brn
|upkeep
|turn|29
|
|t:|1757814059
|move|p1a: Klefki|Spikes|p2a: Cinderace
|-sidestart|p2: splky|Spikes
|move|p2a: Cinderace|Court Change|p2a: Cinderace
|-swapsideconditions
|-activate|p2a: Cinderace|move: Court Change
|
|-damage|p1a: Klefki|85/100 brn|[from] brn
|upkeep
|turn|30
|
|t:|1757814065
|move|p1a: Klefki|Reflect|p1a: Klefki
|-sidestart|p1: findmyhair|Reflect
|move|p2a: Cinderace|Pyro Ball|p1a: Klefki
|-supereffective|p1a: Klefki
|-damage|p1a: Klefki|51/100 brn
|
|-damage|p1a: Klefki|45/100 brn|[from] brn
|upkeep
|turn|31
|
|t:|1757814072
|move|p1a: Klefki|Light Screen|p1a: Klefki
|-sidestart|p1: findmyhair|move: Light Screen
|move|p2a: Cinderace|Pyro Ball|p1a: Klefki
|-supereffective|p1a: Klefki
|-damage|p1a: Klefki|12/100 brn
|
|-damage|p1a: Klefki|6/100 brn|[from] brn
|upkeep
|turn|32
|
|t:|1757814079
|move|p1a: Klefki|Thunder Wave|p2a: Cinderace
|-status|p2a: Cinderace|par
|cant|p2a: Cinderace|par
|
|-damage|p1a: Klefki|0 fnt|[from] brn
|faint|p1a: Klefki
|upkeep
|
|t:|1757814089
|switch|p1a: Slowking|Slowking-Galar, F|59/100
|-damage|p1a: Slowking|46/100|[from] Spikes
|turn|33
|
|t:|1757814095
|move|p2a: Cinderace|Pyro Ball|p1a: Slowking
|-damage|p1a: Slowking|23/100
|move|p1a: Slowking|Trick Room|p1a: Slowking
|-fieldstart|move: Trick Room|[of] p1a: Slowking
|
|-heal|p1a: Slowking|29/100|[from] item: Black Sludge
|upkeep
|turn|34
|
|t:|1757814101
|switch|p1a: Cresselia|Cresselia, F|33/100
|cant|p2a: Cinderace|par
|
|-sideend|p2: splky|move: Light Screen
|upkeep
|turn|35
|
|t:|1757814106
|move|p1a: Cresselia|Lunar Blessing|p1a: Cresselia
|-heal|p1a: Cresselia|58/100
|move|p2a: Cinderace|U-turn|p1a: Cresselia
|-supereffective|p1a: Cresselia
|-damage|p1a: Cresselia|48/100
|
|t:|1757814113
|switch|p2a: Serperior|Serperior, F|100/100|[from] U-turn
|
|-sideend|p2: splky|Reflect
|upkeep
|turn|36
|
|t:|1757814117
|move|p1a: Cresselia|Ice Beam|p2a: Serperior
|-supereffective|p2a: Serperior
|-damage|p2a: Serperior|60/100
|move|p2a: Serperior|Leaf Storm|p1a: Cresselia
|-damage|p1a: Cresselia|34/100
|-boost|p2a: Serperior|spa|2
|
|-heal|p2a: Serperior|66/100|[from] item: Leftovers
|upkeep
|turn|37
|
|t:|1757814125
|move|p1a: Cresselia|Lunar Blessing|p1a: Cresselia
|-heal|p1a: Cresselia|59/100
|move|p2a: Serperior|Leaf Storm|p1a: Cresselia
|-damage|p1a: Cresselia|30/100
|-boost|p2a: Serperior|spa|2
|
|-heal|p2a: Serperior|72/100|[from] item: Leftovers
|-sideend|p1: findmyhair|Reflect
|-fieldend|move: Trick Room
|upkeep
|turn|38
|
|t:|1757814134
|move|p2a: Serperior|Leaf Storm|p1a: Cresselia
|-damage|p1a: Cresselia|0 fnt
|-boost|p2a: Serperior|spa|2
|faint|p1a: Cresselia
|
|-heal|p2a: Serperior|79/100|[from] item: Leftovers
|-sideend|p1: findmyhair|move: Light Screen
|upkeep
|
|t:|1757814140
|switch|p1a: Slowking|Slowking-Galar, F|63/100
|-damage|p1a: Slowking|50/100|[from] Spikes
|turn|39
|c|☆findmyhair|gg
|
|t:|1757814154
|move|p2a: Serperior|Leaf Storm|p1a: Slowking
|-resisted|p1a: Slowking
|-damage|p1a: Slowking|0 fnt
|faint|p1a: Slowking
|
|win|splky
|raw|findmyhair's rating: 1215 &rarr; <strong>1191</strong><br />(-24 for losing)
|raw|splky's rating: 1228 &rarr; <strong>1252</strong><br />(+24 for winning)
