|j|☆dvdegvedgebed
|j|☆goobbie
|t:|1757910424
|gametype|singles
|player|p1|dvdegvedgebed|170|1159
|player|p2|goobbie|swimmerf|1171
|gen|9
|tier|[Gen 9] OU
|rated|
|rule|HP Percentage Mod: HP is shown in percentages
|rule|Endless Battle Clause: Forcing endless battles is banned
|rule|Species Clause: Limit one of each Pokémon
|rule|OHKO Clause: OHKO moves are banned
|rule|Evasion Items Clause: Evasion items are banned
|rule|Evasion Moves Clause: Evasion moves are banned
|rule|Evasion Abilities Clause: Evasion abilities are banned
|rule|Sleep Moves Clause: Sleep-inducing moves are banned
|clearpoke
|poke|p1|Cacturne, M|
|poke|p1|Arbok, M|
|poke|p1|Regice|
|poke|p1|Lucario, M|
|poke|p1|Oricorio-Pom-Pom, F|
|poke|p1|Sableye, F|
|poke|p2|Garchomp, M|
|poke|p2|Politoed, F|
|poke|p2|Landorus-Therian, M|
|poke|p2|Iron Valiant|
|poke|p2|Zapdos|
|poke|p2|Snorlax, M|
|teampreview
|
|t:|1757910432
|teamsize|p1|6
|teamsize|p2|6
|start
|switch|p1a: Regice|Regice|100/100
|switch|p2a: Politoed|Politoed, F|100/100
|-weather|RainDance|[from] ability: Drizzle|[of] p2a: Politoed
|turn|1
|
|t:|1757910440
|move|p2a: Politoed|Focus Blast|p1a: Regice
|-supereffective|p1a: Regice
|-damage|p1a: Regice|71/100
|move|p1a: Regice|Thunder|p2a: Politoed
|-supereffective|p2a: Politoed
|-damage|p2a: Politoed|39/100
|
|-weather|RainDance|[upkeep]
|-heal|p1a: Regice|77/100|[from] item: Leftovers
|upkeep
|turn|2
|
|t:|1757910457
|move|p2a: Politoed|Focus Blast|p1a: Regice
|-supereffective|p1a: Regice
|-damage|p1a: Regice|46/100
|move|p1a: Regice|Blizzard|p2a: Politoed
|-resisted|p2a: Politoed
|-damage|p2a: Politoed|16/100
|
|-weather|RainDance|[upkeep]
|-heal|p1a: Regice|52/100|[from] item: Leftovers
|upkeep
|turn|3
|
|t:|1757910464
|switch|p1a: Sableye|Sableye, F|100/100
|move|p2a: Politoed|Focus Blast|p1a: Sableye
|-immune|p1a: Sableye
|
|-weather|RainDance|[upkeep]
|upkeep
|turn|4
|
|t:|1757910472
|switch|p1a: Cacturne|Cacturne, M|100/100
|move|p2a: Politoed|Surf|p1a: Cacturne
|-immune|p1a: Cacturne|[from] ability: Water Absorb
|
|-weather|RainDance|[upkeep]
|upkeep
|turn|5
|
|t:|1757910480
|switch|p2a: Snorlax|Snorlax, M|100/100
|move|p1a: Cacturne|Energy Ball|p2a: Snorlax
|-damage|p2a: Snorlax|74/100
|
|-weather|none
|-heal|p2a: Snorlax|80/100|[from] item: Leftovers
|upkeep
|turn|6
|
|t:|1757910486
|move|p1a: Cacturne|Drain Punch|p2a: Snorlax
|-supereffective|p2a: Snorlax
|-damage|p2a: Snorlax|47/100
|move|p2a: Snorlax|Crunch|p1a: Cacturne
|-resisted|p1a: Cacturne
|-damage|p1a: Cacturne|81/100
|-unboost|p1a: Cacturne|def|1
|
|-heal|p2a: Snorlax|53/100|[from] item: Leftovers
|upkeep
|turn|7
|
|t:|1757910493
|move|p1a: Cacturne|Drain Punch|p2a: Snorlax
|-supereffective|p2a: Snorlax
|-damage|p2a: Snorlax|17/100
|-heal|p1a: Cacturne|100/100|[from] drain|[of] p2a: Snorlax
|move|p2a: Snorlax|Brick Break|p1a: Cacturne
|-supereffective|p1a: Cacturne
|-damage|p1a: Cacturne|0 fnt
|faint|p1a: Cacturne
|
|-heal|p2a: Snorlax|23/100|[from] item: Leftovers
|upkeep
|
|t:|1757910505
|switch|p1a: Oricorio|Oricorio-Pom-Pom, F|100/100
|turn|8
|
|t:|1757910509
|move|p1a: Oricorio|Revelation Dance|p2a: Snorlax
|-damage|p2a: Snorlax|0 fnt
|faint|p2a: Snorlax
|
|upkeep
|
|t:|1757910523
|switch|p2a: Landorus|Landorus-Therian, M|100/100
|-ability|p2a: Landorus|Intimidate|boost
|-unboost|p1a: Oricorio|atk|1
|turn|9
|
|t:|1757910525
|move|p2a: Landorus|Stone Edge|p1a: Oricorio
|-supereffective|p1a: Oricorio
|-crit|p1a: Oricorio
|-damage|p1a: Oricorio|0 fnt
|faint|p1a: Oricorio
|
|upkeep
|
|t:|1757910531
|switch|p1a: Regice|Regice|52/100
|turn|10
|
|t:|1757910538
|switch|p2a: Politoed|Politoed, F|16/100
|-weather|RainDance|[from] ability: Drizzle|[of] p2a: Politoed
|move|p1a: Regice|Blizzard|p2a: Politoed
|-resisted|p2a: Politoed
|-damage|p2a: Politoed|0 fnt
|faint|p2a: Politoed
|
|-weather|RainDance|[upkeep]
|-heal|p1a: Regice|58/100|[from] item: Leftovers
|upkeep
|
|t:|1757910558
|switch|p2a: Zapdos|Zapdos|100/100
|turn|11
|
|t:|1757910565
|move|p2a: Zapdos|Heat Wave|p1a: Regice
|-supereffective|p1a: Regice
|-damage|p1a: Regice|41/100
|move|p1a: Regice|Thunder|p2a: Zapdos
|-damage|p2a: Zapdos|62/100
|
|-weather|RainDance|[upkeep]
|-heal|p1a: Regice|47/100|[from] item: Leftovers
|upkeep
|turn|12
|
|t:|1757910576
|move|p2a: Zapdos|Heat Wave|p1a: Regice
|-supereffective|p1a: Regice
|-damage|p1a: Regice|31/100
|move|p1a: Regice|Blizzard|p2a: Zapdos
|-supereffective|p2a: Zapdos
|-damage|p2a: Zapdos|0 fnt
|faint|p2a: Zapdos
|
|-weather|RainDance|[upkeep]
|-heal|p1a: Regice|37/100|[from] item: Leftovers
|upkeep
|
|t:|1757910585
|switch|p2a: Landorus|Landorus-Therian, M|100/100
|-ability|p2a: Landorus|Intimidate|boost
|-fail|p1a: Regice|unboost|[from] ability: Clear Body|[of] p1a: Regice
|turn|13
|
|t:|1757910594
|switch|p1a: Arbok|Arbok, M|100/100
|-ability|p1a: Arbok|Intimidate|boost
|-unboost|p2a: Landorus|atk|1
|-terastallize|p2a: Landorus|Flying
|move|p2a: Landorus|Stone Edge|p1a: Arbok
|-damage|p1a: Arbok|67/100
|
|-weather|RainDance|[upkeep]
|-heal|p1a: Arbok|73/100|[from] item: Black Sludge
|upkeep
|turn|14
|
|t:|1757910604
|switch|p2a: Garchomp|Garchomp, M|100/100
|move|p1a: Arbok|Toxic|p2a: Garchomp
|-status|p2a: Garchomp|tox
|
|-weather|none
|-heal|p1a: Arbok|79/100|[from] item: Black Sludge
|-damage|p2a: Garchomp|94/100 tox|[from] psn
|upkeep
|turn|15
|
|t:|1757910613
|switch|p1a: Sableye|Sableye, F|100/100
|move|p2a: Garchomp|Earthquake|p1a: Sableye
|-damage|p1a: Sableye|27/100
|
|-heal|p1a: Sableye|33/100|[from] item: Leftovers
|-damage|p2a: Garchomp|82/100 tox|[from] psn
|upkeep
|turn|16
|
|t:|1757910619
|move|p1a: Sableye|Recover|p1a: Sableye
|-heal|p1a: Sableye|83/100
|move|p2a: Garchomp|Earthquake|p1a: Sableye
|-damage|p1a: Sableye|13/100
|
|-heal|p1a: Sableye|19/100|[from] item: Leftovers
|-damage|p2a: Garchomp|64/100 tox|[from] psn
|upkeep
|turn|17
|
|t:|1757910625
|move|p1a: Sableye|Recover|p1a: Sableye
|-heal|p1a: Sableye|69/100
|move|p2a: Garchomp|Earthquake|p1a: Sableye
|-damage|p1a: Sableye|0 fnt
|faint|p1a: Sableye
|
|-damage|p2a: Garchomp|39/100 tox|[from] psn
|upkeep
|
|t:|1757910640
|switch|p1a: Lucario|Lucario, M|100/100
|turn|18
|
|t:|1757910646
|switch|p1a: Regice|Regice|37/100
|move|p2a: Garchomp|Earthquake|p1a: Regice
|-damage|p1a: Regice|0 fnt
|faint|p1a: Regice
|
|-damage|p2a: Garchomp|8/100 tox|[from] psn
|upkeep
|
|t:|1757910649
|switch|p1a: Lucario|Lucario, M|100/100
|turn|19
|
|t:|1757910654
|-terastallize|p1a: Lucario|Ghost
|move|p2a: Garchomp|Earthquake|p1a: Lucario
|-damage|p1a: Lucario|30/100
|move|p1a: Lucario|Swords Dance|p1a: Lucario
|-boost|p1a: Lucario|atk|2
|
|-damage|p2a: Garchomp|0 fnt|[from] psn
|faint|p2a: Garchomp
|upkeep
|
|t:|1757910660
|switch|p2a: Landorus|Landorus-Therian, M, tera:Flying|100/100
|-ability|p2a: Landorus|Intimidate|boost
|-unboost|p1a: Lucario|atk|1
|turn|20
|
|t:|1757910664
|move|p1a: Lucario|Bullet Punch|p2a: Landorus
|-damage|p2a: Landorus|51/100
|-damage|p1a: Lucario|20/100|[from] item: Life Orb
|move|p2a: Landorus|Earthquake|p1a: Lucario
|-damage|p1a: Lucario|0 fnt
|faint|p1a: Lucario
|
|upkeep
|
|t:|1757910667
|switch|p1a: Arbok|Arbok, M|79/100
|-ability|p1a: Arbok|Intimidate|boost
|-unboost|p2a: Landorus|atk|1
|turn|21
|
|t:|1757910670
|move|p2a: Landorus|Earthquake|p1a: Arbok
|-supereffective|p1a: Arbok
|-damage|p1a: Arbok|0 fnt
|faint|p1a: Arbok
|
|win|goobbie
|raw|dvdegvedgebed's rating: 1159 &rarr; <strong>1135</strong><br />(-24 for losing)
|raw|goobbie's rating: 1171 &rarr; <strong>1195</strong><br />(+24 for winning)
|l|☆goobbie
|player|p2|
