|j|☆mansonabuluting
|j|☆corpsefire
|t:|1757866067
|gametype|singles
|player|p1|mansonabuluting|bellelba|1680
|player|p2|corpsefire|unknown|1597
|gen|9
|tier|[Gen 9] OU
|rated|
|rule|HP Percentage Mod: HP is shown in percentages
|rule|Endless Battle Clause: Forcing endless battles is banned
|rule|Species Clause: Limit one of each Pokémon
|rule|OHKO Clause: OHKO moves are banned
|rule|Evasion Items Clause: Evasion items are banned
|rule|Evasion Moves Clause: Evasion moves are banned
|rule|Evasion Abilities Clause: Evasion abilities are banned
|rule|Sleep Moves Clause: Sleep-inducing moves are banned
|clearpoke
|poke|p1|Rillaboom, F|
|poke|p1|Hawlucha, F|
|poke|p1|Thundurus-Therian, M|
|poke|p1|Great Tusk|
|poke|p1|Volcanion|
|poke|p1|Goodra-Hisui, F|
|poke|p2|Dragonite, M|
|poke|p2|Iron Valiant|
|poke|p2|Glimmora, M|
|poke|p2|Ogerpon-Wellspring, F|
|poke|p2|Landorus-Therian, M|
|poke|p2|Kingambit, M|
|teampreview
|inactive|Battle timer is ON: inactive players will automatically lose when time's up. (requested by mansonabuluting)
|
|t:|1757866085
|teamsize|p1|6
|teamsize|p2|6
|start
|switch|p1a: Thundurus|Thundurus-Therian, M|100/100
|switch|p2a: Ogerpon|Ogerpon-Wellspring, F|100/100
|turn|1
|
|t:|1757866089
|switch|p2a: Landorus|Landorus-Therian, M, shiny|100/100
|-ability|p2a: Landorus|Intimidate|boost
|-unboost|p1a: Thundurus|atk|1
|-terastallize|p1a: Thundurus|Flying
|move|p1a: Thundurus|Tera Blast|p2a: Landorus|[anim] Tera Blast Flying
|-damage|p2a: Landorus|29/100
|
|upkeep
|turn|2
|
|t:|1757866092
|switch|p2a: Glimmora|Glimmora, M, shiny|100/100
|move|p1a: Thundurus|Tera Blast|p2a: Glimmora|[anim] Tera Blast Flying
|-resisted|p2a: Glimmora
|-damage|p2a: Glimmora|62/100
|-enditem|p2a: Glimmora|Red Card|[of] p1a: Thundurus
|drag|p1a: Hawlucha|Hawlucha, F|100/100
|
|upkeep
|turn|3
|
|t:|1757866096
|switch|p2a: Landorus|Landorus-Therian, M, shiny|29/100
|-ability|p2a: Landorus|Intimidate|boost
|-unboost|p1a: Hawlucha|atk|1
|move|p1a: Hawlucha|Close Combat|p2a: Landorus
|-resisted|p2a: Landorus
|-crit|p2a: Landorus
|-damage|p2a: Landorus|0 fnt
|-unboost|p1a: Hawlucha|def|1
|-unboost|p1a: Hawlucha|spd|1
|-damage|p1a: Hawlucha|84/100|[from] item: Rocky Helmet|[of] p2a: Landorus
|faint|p2a: Landorus
|
|upkeep
|
|t:|1757866110
|switch|p2a: Ogerpon|Ogerpon-Wellspring, F|100/100
|turn|4
|
|t:|1757866114
|switch|p1a: Thundurus|Thundurus-Therian, M, tera:Flying|100/100
|move|p2a: Ogerpon|U-turn|p1a: Thundurus
|-resisted|p1a: Thundurus
|-damage|p1a: Thundurus|81/100
|
|t:|1757866118
|switch|p2a: Glimmora|Glimmora, M, shiny|62/100|[from] U-turn
|
|upkeep
|turn|5
|
|t:|1757866123
|move|p1a: Thundurus|Volt Switch|p2a: Glimmora
|-damage|p2a: Glimmora|13/100
|
|t:|1757866126
|switch|p1a: Goodra|Goodra-Hisui, F|100/100|[from] Volt Switch
|move|p2a: Glimmora|Mortal Spin|p1a: Goodra
|-immune|p1a: Goodra
|
|upkeep
|turn|6
|
|t:|1757866129
|move|p2a: Glimmora|Spikes|p1a: Goodra
|-sidestart|p1: mansonabuluting|Spikes
|move|p1a: Goodra|Flash Cannon|p2a: Glimmora
|-supereffective|p2a: Glimmora
|-damage|p2a: Glimmora|0 fnt
|faint|p2a: Glimmora
|
|upkeep
|
|t:|1757866139
|switch|p2a: Ogerpon|Ogerpon-Wellspring, F|100/100
|turn|7
|
|t:|1757866143
|move|p2a: Ogerpon|Knock Off|p1a: Goodra
|-damage|p1a: Goodra|64/100
|-ability|p1a: Goodra|Gooey
|-unboost|p2a: Ogerpon|spe|1
|-enditem|p1a: Goodra|Assault Vest|[from] move: Knock Off|[of] p2a: Ogerpon
|move|p1a: Goodra|Draco Meteor|p2a: Ogerpon
|-damage|p2a: Ogerpon|29/100
|-unboost|p1a: Goodra|spa|2
|
|upkeep
|turn|8
|
|t:|1757866149
|switch|p1a: Rillaboom|Rillaboom, F|100/100
|-damage|p1a: Rillaboom|88/100|[from] Spikes
|-fieldstart|move: Grassy Terrain|[from] ability: Grassy Surge|[of] p1a: Rillaboom
|move|p2a: Ogerpon|U-turn|p1a: Rillaboom
|-supereffective|p1a: Rillaboom
|-damage|p1a: Rillaboom|41/100
|
|t:|1757866164
|switch|p2a: Dragonite|Dragonite, M, shiny|100/100|[from] U-turn
|
|-heal|p1a: Rillaboom|48/100|[from] Grassy Terrain
|upkeep
|turn|9
|
|t:|1757866170
|move|p2a: Dragonite|Dragon Dance|p2a: Dragonite
|-boost|p2a: Dragonite|atk|1
|-boost|p2a: Dragonite|spe|1
|move|p1a: Rillaboom|Knock Off|p2a: Dragonite
|-damage|p2a: Dragonite|72/100
|-enditem|p2a: Dragonite|Lum Berry|[from] move: Knock Off|[of] p1a: Rillaboom
|
|-heal|p1a: Rillaboom|54/100|[from] Grassy Terrain
|upkeep
|turn|10
|
|t:|1757866179
|switch|p1a: Great Tusk|Great Tusk|100/100
|-damage|p1a: Great Tusk|88/100|[from] Spikes
|-terastallize|p2a: Dragonite|Flying
|move|p2a: Dragonite|Roost|p2a: Dragonite
|-heal|p2a: Dragonite|100/100
|-hint|If a Terastallized Pokemon uses Roost, it remains Flying-type.
|
|-heal|p1a: Great Tusk|94/100|[from] Grassy Terrain
|upkeep
|turn|11
|
|t:|1757866186
|-end|p1a: Great Tusk|Protosynthesis|[silent]
|switch|p1a: Goodra|Goodra-Hisui, F|64/100
|-damage|p1a: Goodra|52/100|[from] Spikes
|move|p2a: Dragonite|Tera Blast|p1a: Goodra|[anim] Tera Blast Flying
|-resisted|p1a: Goodra
|-damage|p1a: Goodra|10/100
|
|-heal|p1a: Goodra|16/100|[from] Grassy Terrain
|upkeep
|turn|12
|
|t:|1757866190
|move|p2a: Dragonite|Tera Blast|p1a: Goodra|[anim] Tera Blast Flying
|-resisted|p1a: Goodra
|-damage|p1a: Goodra|0 fnt
|faint|p1a: Goodra
|
|-fieldend|move: Grassy Terrain
|upkeep
|
|t:|1757866200
|switch|p1a: Rillaboom|Rillaboom, F|54/100
|-damage|p1a: Rillaboom|41/100|[from] Spikes
|-fieldstart|move: Grassy Terrain|[from] ability: Grassy Surge|[of] p1a: Rillaboom
|turn|13
|
|t:|1757866208
|move|p1a: Rillaboom|Grassy Glide|p2a: Dragonite
|-resisted|p2a: Dragonite
|-damage|p2a: Dragonite|83/100
|move|p2a: Dragonite|Dragon Dance|p2a: Dragonite
|-boost|p2a: Dragonite|atk|1
|-boost|p2a: Dragonite|spe|1
|
|-heal|p1a: Rillaboom|48/100|[from] Grassy Terrain
|upkeep
|turn|14
|
|t:|1757866223
|move|p1a: Rillaboom|Grassy Glide|p2a: Dragonite
|-resisted|p2a: Dragonite
|-damage|p2a: Dragonite|53/100
|move|p2a: Dragonite|Dragon Dance|p2a: Dragonite
|-boost|p2a: Dragonite|atk|1
|-boost|p2a: Dragonite|spe|1
|
|-heal|p1a: Rillaboom|54/100|[from] Grassy Terrain
|upkeep
|turn|15
|
|t:|1757866227
|move|p1a: Rillaboom|Grassy Glide|p2a: Dragonite
|-resisted|p2a: Dragonite
|-damage|p2a: Dragonite|20/100
|move|p2a: Dragonite|Roost|p2a: Dragonite
|-heal|p2a: Dragonite|70/100
|-hint|If a Terastallized Pokemon uses Roost, it remains Flying-type.
|
|-heal|p1a: Rillaboom|60/100|[from] Grassy Terrain
|upkeep
|turn|16
|
|t:|1757866235
|move|p1a: Rillaboom|Grassy Glide|p2a: Dragonite
|-resisted|p2a: Dragonite
|-damage|p2a: Dragonite|39/100
|move|p2a: Dragonite|Dragon Dance|p2a: Dragonite
|-boost|p2a: Dragonite|atk|1
|-boost|p2a: Dragonite|spe|1
|
|-heal|p1a: Rillaboom|66/100|[from] Grassy Terrain
|upkeep
|turn|17
|
|t:|1757866242
|switch|p1a: Volcanion|Volcanion|100/100
|-damage|p1a: Volcanion|88/100|[from] Spikes
|move|p2a: Dragonite|Roost|p2a: Dragonite
|-heal|p2a: Dragonite|89/100
|-hint|If a Terastallized Pokemon uses Roost, it remains Flying-type.
|
|-heal|p1a: Volcanion|94/100|[from] Grassy Terrain
|-fieldend|move: Grassy Terrain
|upkeep
|turn|18
|
|t:|1757866247
|move|p2a: Dragonite|Tera Blast|p1a: Volcanion|[anim] Tera Blast Flying
|-damage|p1a: Volcanion|0 fnt
|faint|p1a: Volcanion
|
|upkeep
|
|t:|1757866250
|switch|p1a: Thundurus|Thundurus-Therian, M, tera:Flying|81/100
|turn|19
|
|t:|1757866253
|move|p2a: Dragonite|Tera Blast|p1a: Thundurus|[anim] Tera Blast Flying
|-damage|p1a: Thundurus|0 fnt
|faint|p1a: Thundurus
|
|upkeep
|
|t:|1757866255
|switch|p1a: Rillaboom|Rillaboom, F|66/100
|-damage|p1a: Rillaboom|54/100|[from] Spikes
|-fieldstart|move: Grassy Terrain|[from] ability: Grassy Surge|[of] p1a: Rillaboom
|turn|20
|
|t:|1757866258
|move|p1a: Rillaboom|Grassy Glide|p2a: Dragonite
|-resisted|p2a: Dragonite
|-damage|p2a: Dragonite|55/100
|move|p2a: Dragonite|Roost|p2a: Dragonite
|-heal|p2a: Dragonite|100/100
|-hint|If a Terastallized Pokemon uses Roost, it remains Flying-type.
|
|-heal|p1a: Rillaboom|60/100|[from] Grassy Terrain
|upkeep
|turn|21
|-message|mansonabuluting forfeited.
|
|win|corpsefire
|raw|mansonabuluting's rating: 1680 &rarr; <strong>1655</strong><br />(-25 for losing)
|raw|corpsefire's rating: 1597 &rarr; <strong>1622</strong><br />(+25 for winning)
|l|☆mansonabuluting
|player|p1|
