|j|☆Gil_Kenobi
|j|☆thekingthegoat
|t:|1757952779
|gametype|singles
|player|p1|Gil_Kenobi|n|1359
|player|p2|thekingthegoat|265|1402
|gen|9
|tier|[Gen 9] OU
|rated|
|rule|HP Percentage Mod: HP is shown in percentages
|rule|Endless Battle Clause: Forcing endless battles is banned
|rule|Species Clause: Limit one of each Pokémon
|rule|OHKO Clause: OHKO moves are banned
|rule|Evasion Items Clause: Evasion items are banned
|rule|Evasion Moves Clause: Evasion moves are banned
|rule|Evasion Abilities Clause: Evasion abilities are banned
|rule|Sleep Moves Clause: Sleep-inducing moves are banned
|clearpoke
|poke|p1|Galvantula, F|
|poke|p1|Samurott-Hisui, F|
|poke|p1|Kyurem|
|poke|p1|Mismagius, F|
|poke|p1|Cinderace, M|
|poke|p1|Thundurus, M|
|poke|p2|Ribombee, M|
|poke|p2|Gholdengo|
|poke|p2|Great Tusk|
|poke|p2|Raging Bolt|
|poke|p2|Ogerpon-Cornerstone, F|
|poke|p2|Ceruledge, M|
|teampreview
|inactive|Battle timer is ON: inactive players will automatically lose when time's up. (requested by thekingthegoat)
|
|t:|1757952802
|teamsize|p1|6
|teamsize|p2|6
|start
|switch|p1a: Kyurem|Kyurem, shiny|100/100
|switch|p2a: KRYPTONITE|Gholdengo, shiny|100/100
|-ability|p1a: Kyurem|Pressure
|-item|p2a: KRYPTONITE|Air Balloon
|turn|1
|
|t:|1757952818
|switch|p1a: Samurott|Samurott-Hisui, F|100/100
|move|p2a: KRYPTONITE|Focus Blast|p1a: Samurott|[miss]
|-miss|p2a: KRYPTONITE|p1a: Samurott
|
|upkeep
|turn|2
|
|t:|1757952827
|move|p1a: Samurott|Sucker Punch|p2a: KRYPTONITE
|-supereffective|p2a: KRYPTONITE
|-crit|p2a: KRYPTONITE
|-damage|p2a: KRYPTONITE|0 fnt
|-enditem|p2a: KRYPTONITE|Air Balloon
|faint|p2a: KRYPTONITE
|-damage|p1a: Samurott|91/100|[from] item: Life Orb
|
|upkeep
|
|t:|1757952831
|switch|p2a: NEW DROP|Ribombee, M, shiny|100/100
|turn|3
|inactive|Gil_Kenobi has 120 seconds left.
|
|t:|1757952865
|move|p2a: NEW DROP|Moonblast|p1a: Samurott
|-supereffective|p1a: Samurott
|-damage|p1a: Samurott|0 fnt
|faint|p1a: Samurott
|
|upkeep
|inactive|Gil_Kenobi has 120 seconds left.
|
|t:|1757952875
|switch|p1a: Thundurus|Thundurus, M|100/100
|turn|4
|
|t:|1757952884
|move|p2a: NEW DROP|Moonblast|p1a: Thundurus
|-damage|p1a: Thundurus|43/100
|move|p1a: Thundurus|Discharge|p2a: NEW DROP
|-damage|p2a: NEW DROP|33/100
|
|-heal|p1a: Thundurus|49/100|[from] item: Leftovers
|upkeep
|turn|5
|
|t:|1757952893
|move|p1a: Thundurus|Taunt|p2a: NEW DROP
|-start|p2a: NEW DROP|move: Taunt
|move|p2a: NEW DROP|Moonblast|p1a: Thundurus
|-damage|p1a: Thundurus|0 fnt
|faint|p1a: Thundurus
|
|upkeep
|
|t:|1757952905
|switch|p1a: Galvantula|Galvantula, F|100/100
|turn|6
|
|t:|1757952912
|switch|p2a: BROTHER STONE|Ogerpon-Cornerstone, F|100/100
|move|p1a: Galvantula|Sticky Web|p2a: BROTHER STONE
|-sidestart|p2: thekingthegoat|move: Sticky Web
|
|upkeep
|turn|7
|
|t:|1757952917
|move|p1a: Galvantula|Bug Buzz|p2a: BROTHER STONE
|-supereffective|p2a: BROTHER STONE
|-crit|p2a: BROTHER STONE
|-ability|p2a: BROTHER STONE|Sturdy
|-damage|p2a: BROTHER STONE|1/100
|move|p2a: BROTHER STONE|Ivy Cudgel|p1a: Galvantula|[anim] Ivy Cudgel Rock
|-supereffective|p1a: Galvantula
|-enditem|p1a: Galvantula|Focus Sash
|-damage|p1a: Galvantula|1/100
|
|upkeep
|turn|8
|
|t:|1757952928
|switch|p2a: BANDIT|Great Tusk, shiny|100/100
|-activate|p2a: BANDIT|move: Sticky Web
|-unboost|p2a: BANDIT|spe|1
|-enditem|p2a: BANDIT|Booster Energy
|-activate|p2a: BANDIT|ability: Protosynthesis|[fromitem]
|-start|p2a: BANDIT|protosynthesisatk
|move|p1a: Galvantula|Bug Buzz|p2a: BANDIT
|-resisted|p2a: BANDIT
|-damage|p2a: BANDIT|73/100
|-unboost|p2a: BANDIT|spd|1
|
|upkeep
|turn|9
|
|t:|1757952939
|-terastallize|p1a: Galvantula|Grass
|move|p1a: Galvantula|Energy Ball|p2a: BANDIT
|-supereffective|p2a: BANDIT
|-damage|p2a: BANDIT|0 fnt
|faint|p2a: BANDIT
|-end|p2a: BANDIT|Protosynthesis|[silent]
|
|upkeep
|
|t:|1757952945
|switch|p2a: TORE UP|Ceruledge, M, shiny|100/100
|-activate|p2a: TORE UP|move: Sticky Web
|-unboost|p2a: TORE UP|spe|1
|turn|10
|
|t:|1757952949
|move|p2a: TORE UP|Shadow Sneak|p1a: Galvantula
|-damage|p1a: Galvantula|0 fnt
|faint|p1a: Galvantula
|
|upkeep
|
|t:|1757952954
|switch|p1a: Kyurem|Kyurem, shiny|100/100
|-ability|p1a: Kyurem|Pressure
|turn|11
|
|t:|1757952963
|move|p1a: Kyurem|Scale Shot|p2a: TORE UP
|-damage|p2a: TORE UP|81/100
|-ability|p2a: TORE UP|Weak Armor|boost
|-unboost|p2a: TORE UP|def|1
|-boost|p2a: TORE UP|spe|2
|-damage|p2a: TORE UP|53/100
|-ability|p2a: TORE UP|Weak Armor|boost
|-unboost|p2a: TORE UP|def|1
|-boost|p2a: TORE UP|spe|2
|-damage|p2a: TORE UP|18/100
|-ability|p2a: TORE UP|Weak Armor|boost
|-unboost|p2a: TORE UP|def|1
|-boost|p2a: TORE UP|spe|2
|-damage|p2a: TORE UP|0 fnt
|faint|p2a: TORE UP
|-hitcount|p2: TORE UP|4
|-unboost|p1a: Kyurem|def|1
|-boost|p1a: Kyurem|spe|1
|
|upkeep
|
|t:|1757952976
|switch|p2a: GREAT NECK|Raging Bolt|100/100
|-activate|p2a: GREAT NECK|move: Sticky Web
|-unboost|p2a: GREAT NECK|spe|1
|-enditem|p2a: GREAT NECK|Booster Energy
|-activate|p2a: GREAT NECK|ability: Protosynthesis|[fromitem]
|-start|p2a: GREAT NECK|protosynthesisspa
|turn|12
|
|t:|1757952986
|-terastallize|p2a: GREAT NECK|Bug
|move|p1a: Kyurem|Icicle Spear|p2a: GREAT NECK
|-damage|p2a: GREAT NECK|87/100
|-crit|p2a: GREAT NECK
|-damage|p2a: GREAT NECK|67/100
|-damage|p2a: GREAT NECK|56/100
|-damage|p2a: GREAT NECK|44/100
|-hitcount|p2a: GREAT NECK|4
|move|p2a: GREAT NECK|Dragon Pulse|p1a: Kyurem
|-supereffective|p1a: Kyurem
|-damage|p1a: Kyurem|0 fnt
|faint|p1a: Kyurem
|
|upkeep
|
|t:|1757953003
|switch|p1a: Cinderace|Cinderace, M|100/100
|turn|13
|
|t:|1757953011
|move|p1a: Cinderace|Sucker Punch|p2a: GREAT NECK
|-start|p1a: Cinderace|typechange|Dark|[from] ability: Libero
|-damage|p2a: GREAT NECK|13/100
|move|p2a: GREAT NECK|Thunderclap||[still]
|-fail|p2a: GREAT NECK
|
|upkeep
|turn|14
|
|t:|1757953015
|move|p2a: GREAT NECK|Thunderclap|p1a: Cinderace
|-damage|p1a: Cinderace|23/100
|move|p1a: Cinderace|Pyro Ball|p2a: GREAT NECK
|-supereffective|p2a: GREAT NECK
|-damage|p2a: GREAT NECK|0 fnt
|faint|p2a: GREAT NECK
|-end|p2a: GREAT NECK|Protosynthesis|[silent]
|
|upkeep
|
|t:|1757953020
|switch|p2a: NEW DROP|Ribombee, M, shiny|33/100
|-activate|p2a: NEW DROP|move: Sticky Web
|-unboost|p2a: NEW DROP|spe|1
|turn|15
|
|t:|1757953024
|move|p1a: Cinderace|Pyro Ball|p2a: NEW DROP
|-supereffective|p2a: NEW DROP
|-damage|p2a: NEW DROP|0 fnt
|faint|p2a: NEW DROP
|
|upkeep
|
|t:|1757953027
|switch|p2a: BROTHER STONE|Ogerpon-Cornerstone, F|1/100
|-activate|p2a: BROTHER STONE|move: Sticky Web
|-unboost|p2a: BROTHER STONE|spe|1
|turn|16
|
|t:|1757953032
|move|p1a: Cinderace|Sucker Punch|p2a: BROTHER STONE
|-damage|p2a: BROTHER STONE|0 fnt
|faint|p2a: BROTHER STONE
|
|win|Gil_Kenobi
|raw|Gil_Kenobi's rating: 1359 &rarr; <strong>1381</strong><br />(+22 for winning)
|raw|thekingthegoat's rating: 1402 &rarr; <strong>1380</strong><br />(-22 for losing)
|l|☆thekingthegoat
|player|p2|
|l|☆Gil_Kenobi
|player|p1|
