|j|☆JJJKD
|j|☆asuna12344
|t:|1757919577
|gametype|singles
|player|p1|JJJKD|170|1074
|player|p2|asuna12344|maid|1085
|gen|9
|tier|[Gen 9] OU
|rated|
|rule|HP Percentage Mod: HP is shown in percentages
|rule|Endless Battle Clause: Forcing endless battles is banned
|rule|Species Clause: Limit one of each Pokémon
|rule|OHKO Clause: OHKO moves are banned
|rule|Evasion Items Clause: Evasion items are banned
|rule|Evasion Moves Clause: Evasion moves are banned
|rule|Evasion Abilities Clause: Evasion abilities are banned
|rule|Sleep Moves Clause: Sleep-inducing moves are banned
|clearpoke
|poke|p1|Scizor, M|
|poke|p1|Garchomp, F|
|poke|p1|Tyranitar, M|
|poke|p1|Excadrill, F|
|poke|p1|Toxapex, F|
|poke|p1|Araquanid, M|
|poke|p2|Abomasnow, F|
|poke|p2|Alomomola, M|
|poke|p2|Garganacl, M|
|poke|p2|Gliscor, F|
|poke|p2|Cyclizar, F|
|poke|p2|Weavile, F|
|teampreview
|inactive|Battle timer is ON: inactive players will automatically lose when time's up. (requested by asuna12344)
|
|t:|1757919585
|teamsize|p1|6
|teamsize|p2|6
|start
|switch|p1a: Tyranitar|Tyranitar, M|100/100
|switch|p2a: Abomasnow|Abomasnow, F, shiny|100/100
|-weather|Sandstorm|[from] ability: Sand Stream|[of] p1a: Tyranitar
|-weather|Snowscape|[from] ability: Snow Warning|[of] p2a: Abomasnow
|turn|1
|
|t:|1757919596
|move|p1a: Tyranitar|Stealth Rock|p2a: Abomasnow
|-sidestart|p2: asuna12344|move: Stealth Rock
|move|p2a: Abomasnow|Leech Seed|p1a: Tyranitar
|-start|p1a: Tyranitar|move: Leech Seed
|
|-weather|Snowscape|[upkeep]
|-damage|p1a: Tyranitar|88/100|[from] Leech Seed|[of] p2a: Abomasnow
|upkeep
|turn|2
|
|t:|1757919607
|switch|p1a: Toxapex|Toxapex, F|100/100
|move|p2a: Abomasnow|Giga Drain|p1a: Toxapex
|-damage|p1a: Toxapex|73/100
|
|-weather|Snowscape|[upkeep]
|-heal|p1a: Toxapex|79/100|[from] item: Leftovers
|upkeep
|turn|3
|
|t:|1757919616
|move|p2a: Abomasnow|Leech Seed|p1a: Toxapex
|-start|p1a: Toxapex|move: Leech Seed
|move|p1a: Toxapex|Substitute|p1a: Toxapex
|-start|p1a: Toxapex|Substitute
|-damage|p1a: Toxapex|54/100
|
|-weather|Snowscape|[upkeep]
|-heal|p1a: Toxapex|60/100|[from] item: Leftovers
|-damage|p1a: Toxapex|48/100|[from] Leech Seed|[of] p2a: Abomasnow
|upkeep
|turn|4
|
|t:|1757919625
|switch|p2a: Gliscor|Gliscor, F|100/100
|-damage|p2a: Gliscor|88/100|[from] Stealth Rock
|move|p1a: Toxapex|Toxic Spikes|p2a: Gliscor
|-sidestart|p2: asuna12344|move: Toxic Spikes
|
|-weather|Snowscape|[upkeep]
|-heal|p1a: Toxapex|54/100|[from] item: Leftovers
|-damage|p1a: Toxapex|41/100|[from] Leech Seed|[of] p2a: Gliscor
|-heal|p2a: Gliscor|99/100|[silent]
|-status|p2a: Gliscor|tox|[from] item: Toxic Orb
|upkeep
|turn|5
|
|t:|1757919637
|switch|p1a: Tyranitar|Tyranitar, M|88/100
|-weather|Sandstorm|[from] ability: Sand Stream|[of] p1a: Tyranitar
|move|p2a: Gliscor|Knock Off|p1a: Tyranitar
|-resisted|p1a: Tyranitar
|-damage|p1a: Tyranitar|78/100
|-enditem|p1a: Tyranitar|Smooth Rock|[from] move: Knock Off|[of] p2a: Gliscor
|
|-weather|Sandstorm|[upkeep]
|-heal|p2a: Gliscor|100/100 tox|[from] ability: Poison Heal
|upkeep
|turn|6
|
|t:|1757919655
|move|p2a: Gliscor|Spikes|p1a: Tyranitar
|-sidestart|p1: JJJKD|Spikes
|move|p1a: Tyranitar|Crunch|p2a: Gliscor
|-damage|p2a: Gliscor|63/100 tox
|
|-weather|Sandstorm|[upkeep]
|-heal|p2a: Gliscor|75/100 tox|[from] ability: Poison Heal
|upkeep
|turn|7
|
|t:|1757919670
|switch|p1a: Excadrill|Excadrill, F|100/100
|-damage|p1a: Excadrill|88/100|[from] Spikes
|move|p2a: Gliscor|Spikes|p1a: Excadrill
|-sidestart|p1: JJJKD|Spikes
|
|-weather|Sandstorm|[upkeep]
|-heal|p2a: Gliscor|88/100 tox|[from] ability: Poison Heal
|upkeep
|turn|8
|
|t:|1757919678
|move|p1a: Excadrill|Swords Dance|p1a: Excadrill
|-boost|p1a: Excadrill|atk|2
|move|p2a: Gliscor|Knock Off|p1a: Excadrill
|-damage|p1a: Excadrill|58/100
|-enditem|p1a: Excadrill|Focus Sash|[from] move: Knock Off|[of] p2a: Gliscor
|
|-weather|Sandstorm|[upkeep]
|-heal|p2a: Gliscor|99/100 tox|[from] ability: Poison Heal
|upkeep
|turn|9
|
|t:|1757919686
|move|p1a: Excadrill|Swords Dance|p1a: Excadrill
|-boost|p1a: Excadrill|atk|2
|move|p2a: Gliscor|Knock Off|p1a: Excadrill
|-damage|p1a: Excadrill|36/100
|
|-weather|Sandstorm|[upkeep]
|-heal|p2a: Gliscor|100/100 tox|[from] ability: Poison Heal
|upkeep
|turn|10
|
|t:|1757919696
|move|p1a: Excadrill|Rapid Spin|p2a: Gliscor
|-damage|p2a: Gliscor|59/100 tox
|-boost|p1a: Excadrill|spe|1
|-sideend|p1: JJJKD|Spikes|[from] move: Rapid Spin|[of] p1a: Excadrill
|move|p2a: Gliscor|Spikes|p1a: Excadrill
|-sidestart|p1: JJJKD|Spikes
|
|-weather|Sandstorm|[upkeep]
|-heal|p2a: Gliscor|71/100 tox|[from] ability: Poison Heal
|upkeep
|turn|11
|
|t:|1757919706
|move|p1a: Excadrill|Rapid Spin|p2a: Gliscor
|-damage|p2a: Gliscor|24/100 tox
|-boost|p1a: Excadrill|spe|1
|-sideend|p1: JJJKD|Spikes|[from] move: Rapid Spin|[of] p1a: Excadrill
|move|p2a: Gliscor|Spikes|p1a: Excadrill
|-sidestart|p1: JJJKD|Spikes
|
|-weather|Sandstorm|[upkeep]
|-heal|p2a: Gliscor|36/100 tox|[from] ability: Poison Heal
|upkeep
|turn|12
|
|t:|1757919714
|move|p1a: Excadrill|Rapid Spin|p2a: Gliscor
|-damage|p2a: Gliscor|0 fnt
|-boost|p1a: Excadrill|spe|1
|-sideend|p1: JJJKD|Spikes|[from] move: Rapid Spin|[of] p1a: Excadrill
|faint|p2a: Gliscor
|
|-weather|none
|upkeep
|
|t:|1757919719
|switch|p2a: Weavile|Weavile, F|100/100
|-ability|p2a: Weavile|Pressure
|turn|13
|
|t:|1757919728
|move|p2a: Weavile|Ice Shard|p1a: Excadrill
|-damage|p1a: Excadrill|8/100
|move|p1a: Excadrill|Earthquake|p2a: Weavile
|-damage|p2a: Weavile|0 fnt
|faint|p2a: Weavile
|
|upkeep
|
|t:|1757919733
|switch|p2a: Abomasnow|Abomasnow, F, shiny|100/100
|-weather|Snowscape|[from] ability: Snow Warning|[of] p2a: Abomasnow
|turn|14
|
|t:|1757919739
|move|p2a: Abomasnow|Ice Shard|p1a: Excadrill
|-damage|p1a: Excadrill|0 fnt
|faint|p1a: Excadrill
|
|-weather|Snowscape|[upkeep]
|upkeep
|
|t:|1757919745
|switch|p1a: Tyranitar|Tyranitar, M|78/100
|-weather|Sandstorm|[from] ability: Sand Stream|[of] p1a: Tyranitar
|turn|15
|
|t:|1757919753
|move|p1a: Tyranitar|Earthquake|p2a: Abomasnow
|-resisted|p2a: Abomasnow
|-damage|p2a: Abomasnow|77/100
|move|p2a: Abomasnow|Leech Seed|p1a: Tyranitar
|-start|p1a: Tyranitar|move: Leech Seed
|
|-weather|Sandstorm|[upkeep]
|-damage|p2a: Abomasnow|70/100|[from] Sandstorm
|-damage|p1a: Tyranitar|66/100|[from] Leech Seed|[of] p2a: Abomasnow
|-heal|p2a: Abomasnow|81/100|[silent]
|upkeep
|turn|16
|
|t:|1757919763
|switch|p1a: Araquanid|Araquanid, M|100/100
|move|p2a: Abomasnow|Giga Drain|p1a: Araquanid
|-damage|p1a: Araquanid|79/100
|-heal|p2a: Abomasnow|91/100|[from] drain|[of] p1a: Araquanid
|
|-weather|Sandstorm|[upkeep]
|-damage|p2a: Abomasnow|84/100|[from] Sandstorm
|-damage|p1a: Araquanid|73/100|[from] Sandstorm
|upkeep
|turn|17
|
|t:|1757919773
|switch|p2a: Cyclizar|Cyclizar, F|100/100
|-damage|p2a: Cyclizar|88/100|[from] Stealth Rock
|-status|p2a: Cyclizar|psn
|move|p1a: Araquanid|Reflect|p1a: Araquanid
|-sidestart|p1: JJJKD|Reflect
|
|-weather|Sandstorm|[upkeep]
|-damage|p2a: Cyclizar|82/100 psn|[from] Sandstorm
|-damage|p1a: Araquanid|67/100|[from] Sandstorm
|-damage|p2a: Cyclizar|70/100 psn|[from] psn
|upkeep
|turn|18
|
|t:|1757919786
|move|p2a: Cyclizar|Rapid Spin|p1a: Araquanid
|-damage|p1a: Araquanid|57/100
|-boost|p2a: Cyclizar|spe|1
|-sideend|p2: asuna12344|Toxic Spikes|[from] move: Rapid Spin|[of] p2a: Cyclizar
|-sideend|p2: asuna12344|Stealth Rock|[from] move: Rapid Spin|[of] p2a: Cyclizar
|move|p1a: Araquanid|Body Slam|p2a: Cyclizar
|-damage|p2a: Cyclizar|47/100 psn
|
|-weather|Sandstorm|[upkeep]
|-damage|p2a: Cyclizar|41/100 psn|[from] Sandstorm
|-damage|p1a: Araquanid|51/100|[from] Sandstorm
|-damage|p2a: Cyclizar|28/100 psn|[from] psn
|upkeep
|turn|19
|-message|asuna12344 forfeited.
|
|win|JJJKD
|raw|JJJKD's rating: 1074 &rarr; <strong>1104</strong><br />(+30 for winning)
|raw|asuna12344's rating: 1085 &rarr; <strong>1062</strong><br />(-23 for losing)
|l|☆asuna12344
|player|p2|
|l|☆JJJKD
|player|p1|
