|j|‽SirPops
|j|☆09 Randy Orton
|t:|1757900884
|gametype|singles
|player|p1|SirPops|red|1113
|player|p2|09 Randy Orton|265|1065
|gen|9
|tier|[Gen 9] OU
|rated|
|rule|HP Percentage Mod: HP is shown in percentages
|rule|Endless Battle Clause: Forcing endless battles is banned
|rule|Species Clause: Limit one of each Pokémon
|rule|OHKO Clause: OHKO moves are banned
|rule|Evasion Items Clause: Evasion items are banned
|rule|Evasion Moves Clause: Evasion moves are banned
|rule|Evasion Abilities Clause: Evasion abilities are banned
|rule|Sleep Moves Clause: Sleep-inducing moves are banned
|clearpoke
|poke|p1|Snorlax, M|
|poke|p1|Masquerain, M|
|poke|p1|Rotom-Frost|
|poke|p1|Weezing-Galar, M|
|poke|p1|Honchkrow, M|
|poke|p1|Sawsbuck-Winter, M|
|poke|p2|Scizor, F|
|poke|p2|Dragonite, M|
|poke|p2|Iron Moth|
|poke|p2|Kingambit, F|
|poke|p2|Garganacl, F|
|poke|p2|Dragapult, M|
|teampreview
|
|t:|1757900888
|teamsize|p1|6
|teamsize|p2|6
|start
|switch|p1a: Snorlax|Snorlax, M|100/100
|switch|p2a: kenny omega|Scizor, F|100/100
|turn|1
|
|t:|1757900893
|switch|p1a: Honchkrow|Honchkrow, M|100/100
|move|p2a: kenny omega|Swords Dance|p2a: kenny omega
|-boost|p2a: kenny omega|atk|2
|
|upkeep
|turn|2
|
|t:|1757900912
|switch|p2a: cody rhodes|Iron Moth|100/100
|-enditem|p2a: cody rhodes|Booster Energy
|-activate|p2a: cody rhodes|ability: Quark Drive|[fromitem]
|-start|p2a: cody rhodes|quarkdrivespe
|move|p1a: Honchkrow|Night Slash|p2a: cody rhodes
|-crit|p2a: cody rhodes
|-damage|p2a: cody rhodes|24/100
|
|upkeep
|turn|3
|
|t:|1757900929
|move|p1a: Honchkrow|Sucker Punch|p2a: cody rhodes
|-damage|p2a: cody rhodes|0 fnt
|faint|p2a: cody rhodes
|-end|p2a: cody rhodes|Quark Drive|[silent]
|
|upkeep
|inactive|Battle timer is ON: inactive players will automatically lose when time's up. (requested by SirPops)
|
|t:|1757900954
|switch|p2a: karl anderson|Garganacl, F|100/100
|turn|4
|
|t:|1757900961
|move|p1a: Honchkrow|Night Slash|p2a: karl anderson
|-crit|p2a: karl anderson
|-damage|p2a: karl anderson|63/100
|move|p2a: karl anderson|Salt Cure|p1a: Honchkrow
|-supereffective|p1a: Honchkrow
|-damage|p1a: Honchkrow|64/100
|-start|p1a: Honchkrow|Salt Cure
|
|-heal|p2a: karl anderson|70/100|[from] item: Leftovers
|-damage|p1a: Honchkrow|52/100|[from] Salt Cure
|upkeep
|turn|5
|
|t:|1757900974
|move|p1a: Honchkrow|Night Slash|p2a: karl anderson
|-crit|p2a: karl anderson
|-damage|p2a: karl anderson|35/100
|move|p2a: karl anderson|Salt Cure|p1a: Honchkrow
|-supereffective|p1a: Honchkrow
|-damage|p1a: Honchkrow|16/100
|
|-heal|p2a: karl anderson|41/100|[from] item: Leftovers
|-damage|p1a: Honchkrow|3/100|[from] Salt Cure
|upkeep
|turn|6
|
|t:|1757900979
|move|p1a: Honchkrow|Perish Song|p1a: Honchkrow
|-start|p1a: Honchkrow|perish3|[silent]
|-start|p2a: karl anderson|perish3|[silent]
|-fieldactivate|move: Perish Song
|move|p2a: karl anderson|Salt Cure|p1a: Honchkrow
|-supereffective|p1a: Honchkrow
|-damage|p1a: Honchkrow|0 fnt
|faint|p1a: Honchkrow
|
|-heal|p2a: karl anderson|48/100|[from] item: Leftovers
|-start|p2a: karl anderson|perish3
|upkeep
|
|t:|1757900991
|switch|p1a: Snorlax|Snorlax, M|100/100
|turn|7
|
|t:|1757900995
|switch|p2a: kenny omega|Scizor, F|100/100
|move|p1a: Snorlax|Curse|p1a: Snorlax
|-unboost|p1a: Snorlax|spe|1
|-boost|p1a: Snorlax|atk|1
|-boost|p1a: Snorlax|def|1
|
|upkeep
|turn|8
|
|t:|1757901000
|move|p2a: kenny omega|Close Combat|p1a: Snorlax
|-supereffective|p1a: Snorlax
|-damage|p1a: Snorlax|46/100
|-unboost|p2a: kenny omega|def|1
|-unboost|p2a: kenny omega|spd|1
|-damage|p2a: kenny omega|91/100|[from] item: Life Orb
|move|p1a: Snorlax|Body Slam|p2a: kenny omega
|-resisted|p2a: kenny omega
|-damage|p2a: kenny omega|54/100
|
|-heal|p1a: Snorlax|52/100|[from] item: Leftovers
|upkeep
|turn|9
|
|t:|1757901005
|move|p2a: kenny omega|Close Combat|p1a: Snorlax
|-supereffective|p1a: Snorlax
|-damage|p1a: Snorlax|0 fnt
|-unboost|p2a: kenny omega|def|1
|-unboost|p2a: kenny omega|spd|1
|faint|p1a: Snorlax
|-damage|p2a: kenny omega|44/100|[from] item: Life Orb
|
|upkeep
|
|t:|1757901009
|switch|p1a: Weezing|Weezing-Galar, M|100/100
|turn|10
|
|t:|1757901020
|move|p2a: kenny omega|Bullet Punch|p1a: Weezing
|-supereffective|p1a: Weezing
|-damage|p1a: Weezing|11/100
|-enditem|p1a: Weezing|Sitrus Berry|[eat]
|-heal|p1a: Weezing|36/100|[from] item: Sitrus Berry
|-damage|p2a: kenny omega|34/100|[from] item: Life Orb
|move|p1a: Weezing|Heat Wave|p2a: kenny omega
|-supereffective|p2a: kenny omega
|-damage|p2a: kenny omega|0 fnt
|faint|p2a: kenny omega
|
|upkeep
|
|t:|1757901022
|switch|p2a: jay white|Kingambit, F|100/100
|-activate|p2a: jay white|ability: Supreme Overlord
|-start|p2a: jay white|fallen2|[silent]
|turn|11
|
|t:|1757901026
|move|p2a: jay white|Iron Head|p1a: Weezing
|-supereffective|p1a: Weezing
|-damage|p1a: Weezing|0 fnt
|faint|p1a: Weezing
|
|upkeep
|
|t:|1757901027
|switch|p1a: Masquerain|Masquerain, M|100/100
|-ability|p1a: Masquerain|Intimidate|boost
|-unboost|p2a: jay white|atk|1
|turn|12
|
|t:|1757901040
|switch|p1a: Sawsbuck|Sawsbuck-Winter, M|100/100
|move|p2a: jay white|Swords Dance|p2a: jay white
|-boost|p2a: jay white|atk|2
|
|upkeep
|turn|13
|
|t:|1757901052
|move|p1a: Sawsbuck|Thunder Wave|p2a: jay white
|-status|p2a: jay white|par
|move|p2a: jay white|Iron Head|p1a: Sawsbuck
|-damage|p1a: Sawsbuck|0 fnt
|faint|p1a: Sawsbuck
|
|upkeep
|
|t:|1757901055
|switch|p1a: Masquerain|Masquerain, M|100/100
|-ability|p1a: Masquerain|Intimidate|boost
|-unboost|p2a: jay white|atk|1
|turn|14
|
|t:|1757901059
|move|p1a: Masquerain|Bug Buzz|p2a: jay white
|-damage|p2a: jay white|51/100 par
|move|p2a: jay white|Kowtow Cleave|p1a: Masquerain
|-enditem|p1a: Masquerain|Focus Sash
|-damage|p1a: Masquerain|1/100
|
|-heal|p2a: jay white|57/100 par|[from] item: Leftovers
|upkeep
|turn|15
|
|t:|1757901065
|move|p1a: Masquerain|Quiver Dance|p1a: Masquerain
|-boost|p1a: Masquerain|spa|1
|-boost|p1a: Masquerain|spd|1
|-boost|p1a: Masquerain|spe|1
|move|p2a: jay white|Kowtow Cleave|p1a: Masquerain
|-damage|p1a: Masquerain|0 fnt
|faint|p1a: Masquerain
|
|-heal|p2a: jay white|64/100 par|[from] item: Leftovers
|upkeep
|
|t:|1757901071
|switch|p1a: Rotom|Rotom-Frost|100/100
|turn|16
|
|t:|1757901077
|cant|p2a: jay white|par
|move|p1a: Rotom|Thunder|p2a: jay white
|-damage|p2a: jay white|10/100 par
|
|-heal|p2a: jay white|17/100 par|[from] item: Leftovers
|upkeep
|turn|17
|
|t:|1757901080
|cant|p2a: jay white|par
|move|p1a: Rotom|Thunder|p2a: jay white
|-damage|p2a: jay white|0 fnt
|faint|p2a: jay white
|-end|p2a: jay white|fallen2|[silent]
|
|upkeep
|
|t:|1757901085
|switch|p2a: karl anderson|Garganacl, F|48/100
|turn|18
|
|t:|1757901088
|move|p1a: Rotom|Thunder|p2a: karl anderson
|-damage|p2a: karl anderson|18/100
|move|p2a: karl anderson|Earthquake|p1a: Rotom
|-immune|p1a: Rotom|[from] ability: Levitate
|
|-heal|p2a: karl anderson|24/100|[from] item: Leftovers
|upkeep
|turn|19
|
|t:|1757901095
|move|p1a: Rotom|Thunder|p2a: karl anderson
|-damage|p2a: karl anderson|0 fnt
|faint|p2a: karl anderson
|
|upkeep
|
|t:|1757901105
|switch|p2a: aj styles|Dragonite, M|100/100
|turn|20
|
|t:|1757901129
|move|p2a: aj styles|Dragon Dance|p2a: aj styles
|-boost|p2a: aj styles|atk|1
|-boost|p2a: aj styles|spe|1
|move|p1a: Rotom|Will-O-Wisp|p2a: aj styles
|-status|p2a: aj styles|brn
|
|-damage|p2a: aj styles|94/100 brn|[from] brn
|upkeep
|turn|21
|
|t:|1757901134
|move|p2a: aj styles|Dragon Dance|p2a: aj styles
|-boost|p2a: aj styles|atk|1
|-boost|p2a: aj styles|spe|1
|move|p1a: Rotom|Blizzard|p2a: aj styles
|-supereffective|p2a: aj styles
|-damage|p2a: aj styles|0 fnt
|faint|p2a: aj styles
|
|upkeep
|
|t:|1757901136
|switch|p2a: matt jackson|Dragapult, M|100/100
|turn|22
|
|t:|1757901140
|move|p2a: matt jackson|Draco Meteor|p1a: Rotom
|-damage|p1a: Rotom|15/100
|-unboost|p2a: matt jackson|spa|2
|move|p1a: Rotom|Blizzard|p2a: matt jackson
|-supereffective|p2a: matt jackson
|-damage|p2a: matt jackson|0 fnt
|faint|p2a: matt jackson
|
|win|SirPops
|raw|SirPops's rating: 1087 &rarr; <strong>1112</strong><br />(+25 for winning)
|raw|09 Randy Orton's rating: 1065 &rarr; <strong>1046</strong><br />(-19 for losing)
|l|☆09 Randy Orton
|player|p2|
|l|‽SirPops
|player|p1|
