|j|☆LikeEmerald
|j|☆Sniper20657
|t:|1757872212
|gametype|singles
|player|p1|LikeEmerald|266|1169
|player|p2|Sniper20657|blackbelt-gen4dp|1131
|gen|9
|tier|[Gen 9] OU
|rated|
|rule|HP Percentage Mod: HP is shown in percentages
|rule|Endless Battle Clause: Forcing endless battles is banned
|rule|Species Clause: Limit one of each Pokémon
|rule|OHKO Clause: OHKO moves are banned
|rule|Evasion Items Clause: Evasion items are banned
|rule|Evasion Moves Clause: Evasion moves are banned
|rule|Evasion Abilities Clause: Evasion abilities are banned
|rule|Sleep Moves Clause: Sleep-inducing moves are banned
|clearpoke
|poke|p1|Lokix, M|
|poke|p1|Greninja-*, M|
|poke|p1|Goodra-Hisui, M|
|poke|p1|Kleavor, F|
|poke|p1|Donphan, F|
|poke|p1|Moltres|
|poke|p2|Darkrai|
|poke|p2|Landorus-Therian, M|
|poke|p2|Gliscor, M|
|poke|p2|Slowking-Galar, M|
|poke|p2|Zamazenta-*|
|poke|p2|Ogerpon-Wellspring, F|
|teampreview
|
|t:|1757872230
|teamsize|p1|6
|teamsize|p2|6
|start
|switch|p1a: Lokix|Lokix, M|100/100
|switch|p2a: Ogerpon|Ogerpon-Wellspring, F|100/100
|turn|1
|
|t:|1757872237
|switch|p2a: Landorus|Landorus-Therian, M|100/100
|-ability|p2a: Landorus|Intimidate|boost
|-unboost|p1a: Lokix|atk|1
|move|p1a: Lokix|First Impression|p2a: Landorus
|-resisted|p2a: Landorus
|-damage|p2a: Landorus|74/100
|-damage|p1a: Lokix|84/100|[from] item: Rocky Helmet|[of] p2a: Landorus
|
|upkeep
|turn|2
|
|t:|1757872253
|move|p1a: Lokix|Knock Off|p2a: Landorus
|-damage|p2a: Landorus|47/100
|-damage|p1a: Lokix|67/100|[from] item: Rocky Helmet|[of] p2a: Landorus
|-enditem|p2a: Landorus|Rocky Helmet|[from] move: Knock Off|[of] p1a: Lokix
|move|p2a: Landorus|Stealth Rock|p1a: Lokix
|-sidestart|p1: LikeEmerald|move: Stealth Rock
|
|upkeep
|turn|3
|
|t:|1757872260
|move|p1a: Lokix|U-turn|p2a: Landorus
|-resisted|p2a: Landorus
|-damage|p2a: Landorus|26/100
|
|t:|1757872265
|switch|p1a: Moltres|Moltres|100/100|[from] U-turn
|move|p2a: Landorus|Earthquake|p1a: Moltres
|-immune|p1a: Moltres
|
|upkeep
|turn|4
|
|t:|1757872276
|switch|p2a: Slowking|Slowking-Galar, M|100/100
|move|p1a: Moltres|Flamethrower|p2a: Slowking
|-crit|p2a: Slowking
|-damage|p2a: Slowking|64/100
|
|upkeep
|turn|5
|
|t:|1757872287
|move|p1a: Moltres|Scorching Sands|p2a: Slowking
|-supereffective|p2a: Slowking
|-damage|p2a: Slowking|37/100
|move|p2a: Slowking|Psyshock|p1a: Moltres
|-damage|p1a: Moltres|61/100
|
|upkeep
|turn|6
|
|t:|1757872308
|switch|p2a: Gliscor|Gliscor, M, shiny|100/100
|move|p1a: Moltres|Flamethrower|p2a: Gliscor
|-damage|p2a: Gliscor|36/100
|
|-status|p2a: Gliscor|tox|[from] item: Toxic Orb
|upkeep
|turn|7
|
|t:|1757872314
|move|p2a: Gliscor|Protect|p2a: Gliscor
|-singleturn|p2a: Gliscor|Protect
|move|p1a: Moltres|Flamethrower|p2a: Gliscor
|-activate|p2a: Gliscor|move: Protect
|
|-heal|p2a: Gliscor|48/100 tox|[from] ability: Poison Heal
|upkeep
|turn|8
|
|t:|1757872325
|switch|p2a: Landorus|Landorus-Therian, M|26/100
|-ability|p2a: Landorus|Intimidate|boost
|-unboost|p1a: Moltres|atk|1
|move|p1a: Moltres|Flamethrower|p2a: Landorus
|-damage|p2a: Landorus|0 fnt
|faint|p2a: Landorus
|
|upkeep
|
|t:|1757872337
|switch|p2a: Ogerpon|Ogerpon-Wellspring, F|100/100
|turn|9
|
|t:|1757872346
|switch|p1a: Goodra|Goodra-Hisui, M|100/100
|-damage|p1a: Goodra|94/100|[from] Stealth Rock
|move|p2a: Ogerpon|Swords Dance|p2a: Ogerpon
|-boost|p2a: Ogerpon|atk|2
|
|-heal|p1a: Goodra|100/100|[from] item: Leftovers
|upkeep
|turn|10
|
|t:|1757872364
|-terastallize|p2a: Ogerpon|Water
|detailschange|p2a: Ogerpon|Ogerpon-Wellspring-Tera, F, tera:Water
|-ability|p2a: Ogerpon|Embody Aspect (Wellspring)|boost
|-boost|p2a: Ogerpon|spd|1
|move|p2a: Ogerpon|Play Rough|p1a: Goodra
|-damage|p1a: Goodra|44/100
|move|p1a: Goodra|Dragon Tail|p2a: Ogerpon
|-damage|p2a: Ogerpon|66/100
|drag|p2a: Gliscor|Gliscor, M, shiny|48/100 tox
|
|-heal|p1a: Goodra|50/100|[from] item: Leftovers
|-heal|p2a: Gliscor|61/100 tox|[from] ability: Poison Heal
|upkeep
|turn|11
|
|t:|1757872383
|switch|p1a: Greninja|Greninja, M|100/100
|-damage|p1a: Greninja|88/100|[from] Stealth Rock
|move|p2a: Gliscor|Swords Dance|p2a: Gliscor
|-boost|p2a: Gliscor|atk|2
|
|-heal|p1a: Greninja|94/100|[from] item: Leftovers
|-heal|p2a: Gliscor|73/100 tox|[from] ability: Poison Heal
|upkeep
|turn|12
|
|t:|1757872389
|move|p2a: Gliscor|Protect|p2a: Gliscor
|-singleturn|p2a: Gliscor|Protect
|move|p1a: Greninja|Hydro Pump|p2a: Gliscor
|-start|p1a: Greninja|typechange|Water|[from] ability: Protean
|-activate|p2a: Gliscor|move: Protect
|
|-heal|p1a: Greninja|99/100|[from] item: Leftovers
|-heal|p2a: Gliscor|86/100 tox|[from] ability: Poison Heal
|upkeep
|turn|13
|
|t:|1757872397
|switch|p2a: Ogerpon|Ogerpon-Wellspring-Tera, F, tera:Water|66/100
|-ability|p2a: Ogerpon|Embody Aspect (Wellspring)|boost
|-boost|p2a: Ogerpon|spd|1
|move|p1a: Greninja|Spikes|p2a: Ogerpon
|-sidestart|p2: Sniper20657|Spikes
|
|-heal|p1a: Greninja|100/100|[from] item: Leftovers
|upkeep
|turn|14
|
|t:|1757872416
|switch|p1a: Goodra|Goodra-Hisui, M|50/100
|-damage|p1a: Goodra|44/100|[from] Stealth Rock
|move|p2a: Ogerpon|Power Whip|p1a: Goodra
|-ability|p1a: Goodra|Sap Sipper|boost
|-boost|p1a: Goodra|atk|1
|
|-heal|p1a: Goodra|50/100|[from] item: Leftovers
|upkeep
|turn|15
|
|t:|1757872434
|switch|p2a: Zamazenta|Zamazenta|100/100
|-damage|p2a: Zamazenta|88/100|[from] Spikes
|-ability|p2a: Zamazenta|Dauntless Shield|boost
|-boost|p2a: Zamazenta|def|1
|move|p1a: Goodra|Dragon Tail|p2a: Zamazenta
|-damage|p2a: Zamazenta|70/100
|drag|p2a: Gliscor|Gliscor, M, shiny|86/100 tox
|
|-heal|p1a: Goodra|56/100|[from] item: Leftovers
|-heal|p2a: Gliscor|98/100 tox|[from] ability: Poison Heal
|upkeep
|turn|16
|
|t:|1757872446
|move|p2a: Gliscor|Knock Off|p1a: Goodra
|-damage|p1a: Goodra|39/100
|-enditem|p1a: Goodra|Leftovers|[from] move: Knock Off|[of] p2a: Gliscor
|move|p1a: Goodra|Dragon Tail|p2a: Gliscor
|-damage|p2a: Gliscor|78/100 tox
|drag|p2a: Slowking|Slowking-Galar, M|70/100
|-damage|p2a: Slowking|57/100|[from] Spikes
|
|upkeep
|turn|17
|
|t:|1757872457
|move|p1a: Goodra|Heavy Slam|p2a: Slowking
|-damage|p2a: Slowking|0 fnt
|faint|p2a: Slowking
|
|upkeep
|
|t:|1757872477
|switch|p2a: Zamazenta|Zamazenta|70/100
|-damage|p2a: Zamazenta|57/100|[from] Spikes
|turn|18
|
|t:|1757872485
|move|p2a: Zamazenta|Body Press|p1a: Goodra
|-supereffective|p1a: Goodra
|-damage|p1a: Goodra|0 fnt
|faint|p1a: Goodra
|
|-heal|p2a: Zamazenta|63/100|[from] item: Leftovers
|upkeep
|
|t:|1757872491
|switch|p1a: Moltres|Moltres|61/100
|turn|19
|
|t:|1757872512
|switch|p2a: Ogerpon|Ogerpon-Wellspring-Tera, F, tera:Water|66/100
|-damage|p2a: Ogerpon|54/100|[from] Spikes
|-ability|p2a: Ogerpon|Embody Aspect (Wellspring)|boost
|-boost|p2a: Ogerpon|spd|1
|move|p1a: Moltres|Roost|p1a: Moltres
|-heal|p1a: Moltres|100/100
|-singleturn|p1a: Moltres|move: Roost
|
|upkeep
|turn|20
|
|t:|1757872535
|switch|p1a: Greninja|Greninja, M|100/100
|-damage|p1a: Greninja|88/100|[from] Stealth Rock
|move|p2a: Ogerpon|Ivy Cudgel|p1a: Greninja|[anim] Ivy Cudgel Water
|-resisted|p1a: Greninja
|-damage|p1a: Greninja|19/100
|
|-heal|p1a: Greninja|25/100|[from] item: Leftovers
|upkeep
|turn|21
|
|t:|1757872553
|move|p1a: Greninja|Toxic Spikes|p2a: Ogerpon
|-start|p1a: Greninja|typechange|Poison|[from] ability: Protean
|-sidestart|p2: Sniper20657|move: Toxic Spikes
|move|p2a: Ogerpon|Ivy Cudgel|p1a: Greninja|[anim] Ivy Cudgel Water
|-damage|p1a: Greninja|0 fnt
|faint|p1a: Greninja
|
|upkeep
|
|t:|1757872566
|switch|p1a: Kleavor|Kleavor, F|100/100
|-damage|p1a: Kleavor|76/100|[from] Stealth Rock
|turn|22
|
|t:|1757872572
|-terastallize|p1a: Kleavor|Dragon
|move|p2a: Ogerpon|Ivy Cudgel|p1a: Kleavor|[anim] Ivy Cudgel Water
|-resisted|p1a: Kleavor
|-damage|p1a: Kleavor|29/100
|move|p1a: Kleavor|Trailblaze|p2a: Ogerpon
|-supereffective|p2a: Ogerpon
|-damage|p2a: Ogerpon|7/100
|-boost|p1a: Kleavor|spe|1
|
|upkeep
|turn|23
|
|t:|1757872588
|move|p1a: Kleavor|Stone Axe|p2a: Ogerpon
|-damage|p2a: Ogerpon|0 fnt
|-sidestart|p2: Sniper20657|move: Stealth Rock
|faint|p2a: Ogerpon
|detailschange|p2: Ogerpon|Ogerpon-Wellspring, F|[silent]
|
|upkeep
|
|t:|1757872600
|switch|p2a: Gliscor|Gliscor, M, shiny|78/100 tox
|-damage|p2a: Gliscor|65/100 tox|[from] Stealth Rock
|turn|24
|
|t:|1757872605
|move|p1a: Kleavor|Swords Dance|p1a: Kleavor
|-boost|p1a: Kleavor|atk|2
|move|p2a: Gliscor|Facade|p1a: Kleavor
|-damage|p1a: Kleavor|0 fnt
|faint|p1a: Kleavor
|
|-heal|p2a: Gliscor|78/100 tox|[from] ability: Poison Heal
|upkeep
|
|t:|1757872618
|switch|p1a: Donphan|Donphan, F|100/100
|-damage|p1a: Donphan|94/100|[from] Stealth Rock
|turn|25
|
|t:|1757872628
|move|p2a: Gliscor|Protect|p2a: Gliscor
|-singleturn|p2a: Gliscor|Protect
|move|p1a: Donphan|Ice Spinner|p2a: Gliscor
|-activate|p2a: Gliscor|move: Protect
|
|-heal|p2a: Gliscor|90/100 tox|[from] ability: Poison Heal
|upkeep
|turn|26
|
|t:|1757872638
|switch|p2a: Zamazenta|Zamazenta|63/100
|-damage|p2a: Zamazenta|51/100|[from] Spikes
|-status|p2a: Zamazenta|psn
|-damage|p2a: Zamazenta|45/100 psn|[from] Stealth Rock
|move|p1a: Donphan|Ice Spinner|p2a: Zamazenta
|-damage|p2a: Zamazenta|24/100 psn
|
|-heal|p2a: Zamazenta|30/100 psn|[from] item: Leftovers
|-damage|p2a: Zamazenta|18/100 psn|[from] psn
|upkeep
|turn|27
|
|t:|1757872650
|move|p2a: Zamazenta|Body Press|p1a: Donphan
|-damage|p1a: Donphan|69/100
|move|p1a: Donphan|Ice Spinner|p2a: Zamazenta
|-damage|p2a: Zamazenta|0 fnt
|faint|p2a: Zamazenta
|
|upkeep
|
|t:|1757872663
|switch|p2a: Darkrai|Darkrai|100/100
|-damage|p2a: Darkrai|88/100|[from] Spikes
|-status|p2a: Darkrai|psn
|-damage|p2a: Darkrai|76/100 psn|[from] Stealth Rock
|turn|28
|
|t:|1757872675
|move|p2a: Darkrai|Ice Beam|p1a: Donphan
|-supereffective|p1a: Donphan
|-damage|p1a: Donphan|0 fnt
|faint|p1a: Donphan
|
|-damage|p2a: Darkrai|63/100 psn|[from] psn
|upkeep
|
|t:|1757872679
|switch|p1a: Lokix|Lokix, M|67/100
|turn|29
|
|t:|1757872682
|switch|p2a: Gliscor|Gliscor, M, shiny|90/100 tox
|-damage|p2a: Gliscor|78/100 tox|[from] Stealth Rock
|move|p1a: Lokix|First Impression|p2a: Gliscor
|-resisted|p2a: Gliscor
|-damage|p2a: Gliscor|53/100 tox
|
|-heal|p2a: Gliscor|65/100 tox|[from] ability: Poison Heal
|upkeep
|turn|30
|
|t:|1757872691
|move|p1a: Lokix|U-turn|p2a: Gliscor
|-resisted|p2a: Gliscor
|-damage|p2a: Gliscor|46/100 tox
|
|t:|1757872694
|switch|p1a: Moltres|Moltres|100/100|[from] U-turn
|move|p2a: Gliscor|Facade|p1a: Moltres
|-damage|p1a: Moltres|71/100
|
|-heal|p2a: Gliscor|58/100 tox|[from] ability: Poison Heal
|upkeep
|turn|31
|
|t:|1757872701
|move|p2a: Gliscor|Facade|p1a: Moltres
|-damage|p1a: Moltres|41/100
|move|p1a: Moltres|Flamethrower|p2a: Gliscor
|-damage|p2a: Gliscor|0 fnt
|faint|p2a: Gliscor
|
|upkeep
|
|t:|1757872712
|switch|p2a: Darkrai|Darkrai|63/100 psn
|-damage|p2a: Darkrai|51/100 psn|[from] Spikes
|-damage|p2a: Darkrai|38/100 psn|[from] Stealth Rock
|turn|32
|
|t:|1757872722
|move|p2a: Darkrai|Sludge Bomb|p1a: Moltres
|-damage|p1a: Moltres|6/100
|-status|p1a: Moltres|psn
|move|p1a: Moltres|Flamethrower|p2a: Darkrai
|-damage|p2a: Darkrai|0 fnt
|faint|p2a: Darkrai
|
|win|LikeEmerald
|raw|LikeEmerald's rating: 1169 &rarr; <strong>1191</strong><br />(+22 for winning)
|raw|Sniper20657's rating: 1131 &rarr; <strong>1109</strong><br />(-22 for losing)
|l|☆Sniper20657
|player|p2|
|c|☆LikeEmerald|gg
|l|☆LikeEmerald
|player|p1|
|j|☆LikeEmerald
|player|p1|LikeEmerald|266|
