|j|☆4arms67
|j|☆call me victini
|t:|1757949176
|gametype|singles
|player|p1|4arms67|102|1504
|player|p2|call me victini|170|1467
|gen|9
|tier|[Gen 9] OU
|rated|
|rule|HP Percentage Mod: HP is shown in percentages
|rule|Endless Battle Clause: Forcing endless battles is banned
|rule|Species Clause: Limit one of each Pokémon
|rule|OHKO Clause: OHKO moves are banned
|rule|Evasion Items Clause: Evasion items are banned
|rule|Evasion Moves Clause: Evasion moves are banned
|rule|Evasion Abilities Clause: Evasion abilities are banned
|rule|Sleep Moves Clause: Sleep-inducing moves are banned
|clearpoke
|poke|p1|Alomomola, F|
|poke|p1|Dragalge, M|
|poke|p1|Lokix, M|
|poke|p1|Great Tusk|
|poke|p1|Gholdengo|
|poke|p1|Moltres|
|poke|p2|Scizor, F|
|poke|p2|Raging Bolt|
|poke|p2|Primarina, M|
|poke|p2|Great Tusk|
|poke|p2|Dragapult, M|
|poke|p2|Gliscor, F|
|teampreview
|
|t:|1757949182
|teamsize|p1|6
|teamsize|p2|6
|start
|switch|p1a: Alomomola|Alomomola, F|100/100
|switch|p2a: Scizor|Scizor, F|100/100
|turn|1
|inactive|Battle timer is ON: inactive players will automatically lose when time's up. (requested by 4arms67)
|
|t:|1757949186
|move|p2a: Scizor|Knock Off|p1a: Alomomola
|-damage|p1a: Alomomola|61/100
|-enditem|p1a: Alomomola|Assault Vest|[from] move: Knock Off|[of] p2a: Scizor
|move|p1a: Alomomola|Flip Turn|p2a: Scizor
|-damage|p2a: Scizor|82/100
|
|t:|1757949190
|switch|p1a: Moltres|Moltres|100/100|[from] Flip Turn
|
|upkeep
|turn|2
|
|t:|1757949194
|switch|p2a: Primarina|Primarina, M|100/100
|move|p1a: Moltres|U-turn|p2a: Primarina
|-resisted|p2a: Primarina
|-damage|p2a: Primarina|90/100
|
|t:|1757949198
|switch|p1a: Dragalge|Dragalge, M|100/100|[from] U-turn
|
|upkeep
|turn|3
|
|t:|1757949209
|switch|p2a: Gliscor|Gliscor, F|100/100
|move|p1a: Dragalge|Sludge Wave|p2a: Gliscor
|-resisted|p2a: Gliscor
|-damage|p2a: Gliscor|62/100
|
|-status|p2a: Gliscor|tox|[from] item: Toxic Orb
|upkeep
|turn|4
|
|t:|1757949215
|switch|p1a: Great Tusk|Great Tusk|100/100
|move|p2a: Gliscor|Spikes|p1a: Great Tusk
|-sidestart|p1: 4arms67|Spikes
|
|-heal|p2a: Gliscor|75/100 tox|[from] ability: Poison Heal
|upkeep
|turn|5
|
|t:|1757949220
|move|p1a: Great Tusk|Stealth Rock|p2a: Gliscor
|-sidestart|p2: call me victini|move: Stealth Rock
|move|p2a: Gliscor|Toxic|p1a: Great Tusk
|-status|p1a: Great Tusk|tox
|
|-damage|p1a: Great Tusk|94/100 tox|[from] psn
|-heal|p2a: Gliscor|87/100 tox|[from] ability: Poison Heal
|upkeep
|turn|6
|
|t:|1757949225
|move|p2a: Gliscor|Protect|p2a: Gliscor
|-singleturn|p2a: Gliscor|Protect
|move|p1a: Great Tusk|Ice Spinner|p2a: Gliscor
|-activate|p2a: Gliscor|move: Protect
|
|-damage|p1a: Great Tusk|82/100 tox|[from] psn
|-heal|p2a: Gliscor|99/100 tox|[from] ability: Poison Heal
|upkeep
|turn|7
|
|t:|1757949229
|switch|p2a: Great Tusk|Great Tusk|100/100
|-damage|p2a: Great Tusk|98/100|[from] Stealth Rock
|move|p1a: Great Tusk|Rapid Spin|p2a: Great Tusk
|-damage|p2a: Great Tusk|86/100
|-boost|p1a: Great Tusk|spe|1
|-damage|p1a: Great Tusk|65/100 tox|[from] item: Rocky Helmet|[of] p2a: Great Tusk
|-sideend|p1: 4arms67|Spikes|[from] move: Rapid Spin|[of] p1a: Great Tusk
|
|-damage|p1a: Great Tusk|47/100 tox|[from] psn
|upkeep
|turn|8
|
|t:|1757949232
|-end|p1a: Great Tusk|Protosynthesis|[silent]
|switch|p1a: Gholdengo|Gholdengo|100/100
|move|p2a: Great Tusk|Rapid Spin|p1a: Gholdengo
|-immune|p1a: Gholdengo
|
|upkeep
|turn|9
|
|t:|1757949238
|-end|p2a: Great Tusk|Protosynthesis|[silent]
|switch|p2a: Primarina|Primarina, M|90/100
|-damage|p2a: Primarina|77/100|[from] Stealth Rock
|move|p1a: Gholdengo|Dazzling Gleam|p2a: Primarina
|-damage|p2a: Primarina|60/100
|
|upkeep
|turn|10
|
|t:|1757949242
|switch|p1a: Dragalge|Dragalge, M|100/100
|move|p2a: Primarina|Flip Turn|p1a: Dragalge
|-resisted|p1a: Dragalge
|-damage|p1a: Dragalge|93/100
|
|t:|1757949257
|switch|p2a: Great Tusk|Great Tusk|86/100|[from] Flip Turn
|-damage|p2a: Great Tusk|83/100|[from] Stealth Rock
|
|upkeep
|turn|11
|
|t:|1757949265
|switch|p1a: Gholdengo|Gholdengo|100/100
|move|p2a: Great Tusk|Rapid Spin|p1a: Gholdengo
|-immune|p1a: Gholdengo
|
|upkeep
|turn|12
|
|t:|1757949271
|-end|p2a: Great Tusk|Protosynthesis|[silent]
|switch|p2a: Primarina|Primarina, M|60/100
|-damage|p2a: Primarina|48/100|[from] Stealth Rock
|move|p1a: Gholdengo|Dazzling Gleam|p2a: Primarina
|-damage|p2a: Primarina|31/100
|
|upkeep
|turn|13
|
|t:|1757949278
|move|p1a: Gholdengo|Dazzling Gleam|p2a: Primarina
|-damage|p2a: Primarina|14/100
|move|p2a: Primarina|Psychic Noise|p1a: Gholdengo
|-damage|p1a: Gholdengo|50/100
|-start|p1a: Gholdengo|move: Heal Block
|
|upkeep
|turn|14
|
|t:|1757949283
|move|p1a: Gholdengo|Dazzling Gleam|p2a: Primarina
|-damage|p2a: Primarina|0 fnt
|faint|p2a: Primarina
|
|-end|p1a: Gholdengo|move: Heal Block
|upkeep
|
|t:|1757949289
|switch|p2a: Gliscor|Gliscor, F|99/100 tox
|-damage|p2a: Gliscor|87/100 tox|[from] Stealth Rock
|turn|15
|
|t:|1757949305
|switch|p1a: Alomomola|Alomomola, F|95/100
|move|p2a: Gliscor|Spikes|p1a: Alomomola
|-sidestart|p1: 4arms67|Spikes
|
|-heal|p2a: Gliscor|99/100 tox|[from] ability: Poison Heal
|upkeep
|turn|16
|
|t:|1757949311
|move|p2a: Gliscor|Toxic|p1a: Alomomola
|-status|p1a: Alomomola|tox
|move|p1a: Alomomola|Flip Turn|p2a: Gliscor
|-supereffective|p2a: Gliscor
|-damage|p2a: Gliscor|76/100 tox
|
|t:|1757949320
|switch|p1a: Dragalge|Dragalge, M|93/100|[from] Flip Turn
|-damage|p1a: Dragalge|80/100|[from] Spikes
|
|-heal|p2a: Gliscor|89/100 tox|[from] ability: Poison Heal
|upkeep
|turn|17
|
|t:|1757949323
|move|p2a: Gliscor|Protect|p2a: Gliscor
|-singleturn|p2a: Gliscor|Protect
|move|p1a: Dragalge|Draco Meteor|p2a: Gliscor
|-activate|p2a: Gliscor|move: Protect
|
|-heal|p2a: Gliscor|100/100 tox|[from] ability: Poison Heal
|upkeep
|turn|18
|
|t:|1757949330
|switch|p2a: Scizor|Scizor, F|82/100
|-damage|p2a: Scizor|70/100|[from] Stealth Rock
|move|p1a: Dragalge|Draco Meteor|p2a: Scizor
|-resisted|p2a: Scizor
|-damage|p2a: Scizor|0 fnt
|-unboost|p1a: Dragalge|spa|2
|faint|p2a: Scizor
|
|upkeep
|
|t:|1757949332
|switch|p2a: Dragapult|Dragapult, M|100/100
|turn|19
|
|t:|1757949343
|switch|p1a: Alomomola|Alomomola, F|100/100 tox
|-damage|p1a: Alomomola|88/100 tox|[from] Spikes
|move|p2a: Dragapult|Dragon Darts|p1a: Alomomola
|-damage|p1a: Alomomola|75/100 tox
|-anim|p2a: Dragapult|Dragon Darts|p1a: Alomomola
|-damage|p1a: Alomomola|61/100 tox
|
|-damage|p1a: Alomomola|55/100 tox|[from] psn
|upkeep
|turn|20
|
|t:|1757949348
|move|p2a: Dragapult|Hex|p1a: Alomomola
|-damage|p1a: Alomomola|13/100 tox
|move|p1a: Alomomola|Flip Turn|p2a: Dragapult
|-resisted|p2a: Dragapult
|-damage|p2a: Dragapult|89/100
|
|t:|1757949351
|switch|p1a: Lokix|Lokix, M|100/100|[from] Flip Turn
|-damage|p1a: Lokix|88/100|[from] Spikes
|
|upkeep
|turn|21
|
|t:|1757949362
|switch|p2a: Great Tusk|Great Tusk|83/100
|-damage|p2a: Great Tusk|80/100|[from] Stealth Rock
|switch|p1a: Moltres|Moltres|100/100
|
|upkeep
|turn|22
|
|t:|1757949374
|move|p2a: Great Tusk|Knock Off|p1a: Moltres
|-damage|p1a: Moltres|73/100
|-status|p2a: Great Tusk|brn|[from] ability: Flame Body|[of] p1a: Moltres
|-enditem|p1a: Moltres|Heavy-Duty Boots|[from] move: Knock Off|[of] p2a: Great Tusk
|move|p1a: Moltres|Flamethrower|p2a: Great Tusk
|-damage|p2a: Great Tusk|34/100 brn
|
|-damage|p2a: Great Tusk|28/100 brn|[from] brn
|upkeep
|turn|23
|
|t:|1757949387
|move|p2a: Great Tusk|Knock Off|p1a: Moltres
|-damage|p1a: Moltres|64/100
|move|p1a: Moltres|Flamethrower|p2a: Great Tusk
|-damage|p2a: Great Tusk|0 fnt
|faint|p2a: Great Tusk
|-end|p2a: Great Tusk|Protosynthesis|[silent]
|
|upkeep
|
|t:|1757949393
|switch|p2a: Raging Bolt|Raging Bolt|100/100
|-damage|p2a: Raging Bolt|88/100|[from] Stealth Rock
|-enditem|p2a: Raging Bolt|Booster Energy
|-activate|p2a: Raging Bolt|ability: Protosynthesis|[fromitem]
|-start|p2a: Raging Bolt|protosynthesisspa
|turn|24
|
|t:|1757949408
|move|p2a: Raging Bolt|Dragon Pulse|p1a: Moltres
|-damage|p1a: Moltres|17/100
|move|p1a: Moltres|Roar|p2a: Raging Bolt
|-end|p2a: Raging Bolt|Protosynthesis|[silent]
|drag|p2a: Dragapult|Dragapult, M|89/100
|
|upkeep
|turn|25
|
|t:|1757949418
|move|p2a: Dragapult|Dragon Darts|p1a: Moltres
|-damage|p1a: Moltres|0 fnt
|faint|p1a: Moltres
|
|upkeep
|
|t:|1757949422
|switch|p1a: Gholdengo|Gholdengo|50/100
|-damage|p1a: Gholdengo|37/100|[from] Spikes
|turn|26
|
|t:|1757949425
|switch|p2a: Gliscor|Gliscor, F|100/100 tox
|-damage|p2a: Gliscor|88/100 tox|[from] Stealth Rock
|move|p1a: Gholdengo|Shadow Ball|p2a: Gliscor
|-crit|p2a: Gliscor
|-damage|p2a: Gliscor|36/100 tox
|-unboost|p2a: Gliscor|spd|1
|
|-heal|p2a: Gliscor|48/100 tox|[from] ability: Poison Heal
|upkeep
|turn|27
|
|t:|1757949428
|move|p2a: Gliscor|Protect|p2a: Gliscor
|-singleturn|p2a: Gliscor|Protect
|move|p1a: Gholdengo|Shadow Ball|p2a: Gliscor
|-activate|p2a: Gliscor|move: Protect
|
|-heal|p2a: Gliscor|61/100 tox|[from] ability: Poison Heal
|upkeep
|turn|28
|
|t:|1757949430
|move|p1a: Gholdengo|Shadow Ball|p2a: Gliscor
|-damage|p2a: Gliscor|6/100 tox
|move|p2a: Gliscor|Knock Off|p1a: Gholdengo
|-supereffective|p1a: Gholdengo
|-damage|p1a: Gholdengo|0 fnt
|-enditem|p1a: Gholdengo|Choice Scarf|[from] move: Knock Off|[of] p2a: Gliscor
|faint|p1a: Gholdengo
|
|-heal|p2a: Gliscor|18/100 tox|[from] ability: Poison Heal
|upkeep
|
|t:|1757949437
|switch|p1a: Great Tusk|Great Tusk|47/100 tox
|turn|29
|
|t:|1757949439
|move|p2a: Gliscor|Protect|p2a: Gliscor
|-singleturn|p2a: Gliscor|Protect
|move|p1a: Great Tusk|Ice Spinner|p2a: Gliscor
|-activate|p2a: Gliscor|move: Protect
|
|-damage|p1a: Great Tusk|41/100 tox|[from] psn
|-heal|p2a: Gliscor|31/100 tox|[from] ability: Poison Heal
|upkeep
|turn|30
|
|t:|1757949445
|move|p1a: Great Tusk|Ice Spinner|p2a: Gliscor
|-supereffective|p2a: Gliscor
|-damage|p2a: Gliscor|0 fnt
|faint|p2a: Gliscor
|
|-damage|p1a: Great Tusk|28/100 tox|[from] psn
|upkeep
|
|t:|1757949447
|switch|p2a: Dragapult|Dragapult, M|89/100
|turn|31
|
|t:|1757949455
|-end|p1a: Great Tusk|Protosynthesis|[silent]
|switch|p1a: Alomomola|Alomomola, F|46/100 tox
|-damage|p1a: Alomomola|34/100 tox|[from] Spikes
|move|p2a: Dragapult|Hex|p1a: Alomomola
|-damage|p1a: Alomomola|0 fnt
|faint|p1a: Alomomola
|
|upkeep
|
|t:|1757949459
|switch|p1a: Dragalge|Dragalge, M|80/100
|-damage|p1a: Dragalge|68/100|[from] Spikes
|turn|32
|
|t:|1757949463
|move|p2a: Dragapult|Dragon Darts|p1a: Dragalge
|-supereffective|p1a: Dragalge
|-damage|p1a: Dragalge|19/100
|-anim|p2a: Dragapult|Dragon Darts|p1a: Dragalge
|-supereffective|p1a: Dragalge
|-damage|p1a: Dragalge|0 fnt
|faint|p1a: Dragalge
|
|upkeep
|
|t:|1757949465
|switch|p1a: Lokix|Lokix, M|88/100
|-damage|p1a: Lokix|76/100|[from] Spikes
|turn|33
|
|t:|1757949472
|switch|p2a: Raging Bolt|Raging Bolt|88/100
|-damage|p2a: Raging Bolt|76/100|[from] Stealth Rock
|move|p1a: Lokix|Knock Off|p2a: Raging Bolt
|-damage|p2a: Raging Bolt|32/100
|
|upkeep
|turn|34
|
|t:|1757949476
|move|p1a: Lokix|Knock Off|p2a: Raging Bolt
|-damage|p2a: Raging Bolt|0 fnt
|faint|p2a: Raging Bolt
|-end|p2a: Raging Bolt|Protosynthesis|[silent]
|
|upkeep
|
|t:|1757949478
|switch|p2a: Dragapult|Dragapult, M|89/100
|turn|35
|
|t:|1757949483
|move|p2a: Dragapult|Dragon Darts|p1a: Lokix
|-damage|p1a: Lokix|43/100
|-anim|p2a: Dragapult|Dragon Darts|p1a: Lokix
|-damage|p1a: Lokix|9/100
|move|p1a: Lokix|Knock Off|p2a: Dragapult
|-supereffective|p2a: Dragapult
|-damage|p2a: Dragapult|0 fnt
|-enditem|p2a: Dragapult|Heavy-Duty Boots|[from] move: Knock Off|[of] p1a: Lokix
|faint|p2a: Dragapult
|
|win|4arms67
|raw|4arms67's rating: 1504 &rarr; <strong>1522</strong><br />(+18 for winning)
|raw|call me victini's rating: 1467 &rarr; <strong>1449</strong><br />(-18 for losing)
|l|☆4arms67
|player|p1|
|l|☆call me victini
|player|p2|
