|j|☆afdtv
|j|☆go7777777
|t:|1757940537
|gametype|singles
|player|p1|afdtv|hilbert|1443
|player|p2|go7777777|red|1492
|gen|9
|tier|[Gen 9] OU
|rated|
|rule|HP Percentage Mod: HP is shown in percentages
|rule|Endless Battle Clause: Forcing endless battles is banned
|rule|Species Clause: Limit one of each Pokémon
|rule|OHKO Clause: OHKO moves are banned
|rule|Evasion Items Clause: Evasion items are banned
|rule|Evasion Moves Clause: Evasion moves are banned
|rule|Evasion Abilities Clause: Evasion abilities are banned
|rule|Sleep Moves Clause: Sleep-inducing moves are banned
|clearpoke
|poke|p1|Great Tusk|
|poke|p1|Heatran, M|
|poke|p1|Weavile, M|
|poke|p1|Primarina, M|
|poke|p1|Ogerpon, F|
|poke|p1|Pecharunt|
|poke|p2|Braviary-Hisui, M|
|poke|p2|Pelipper, M|
|poke|p2|Porygon2|
|poke|p2|Hatterene, F|
|poke|p2|Basculegion, M|
|poke|p2|Floatzel, M|
|teampreview
|inactive|Battle timer is ON: inactive players will automatically lose when time's up. (requested by go7777777)
|
|t:|1757940567
|teamsize|p1|6
|teamsize|p2|6
|start
|switch|p1a: Celestine|Primarina, M, shiny|100/100
|switch|p2a: Porygon2|Porygon2|100/100
|-ability|p2a: Porygon2|Download|boost
|-boost|p2a: Porygon2|atk|1
|turn|1
|inactive|afdtv has 120 seconds left.
|inactive|afdtv has 90 seconds left.
|
|t:|1757940634
|move|p1a: Celestine|Moonblast|p2a: Porygon2
|-damage|p2a: Porygon2|72/100
|move|p2a: Porygon2|Trick Room|p2a: Porygon2
|-fieldstart|move: Trick Room|[of] p2a: Porygon2
|
|upkeep
|turn|2
|
|t:|1757940641
|move|p2a: Porygon2|Tri Attack|p1a: Celestine
|-damage|p1a: Celestine|86/100
|move|p1a: Celestine|Moonblast|p2a: Porygon2
|-damage|p2a: Porygon2|47/100
|-unboost|p2a: Porygon2|spa|1
|
|upkeep
|turn|3
|
|t:|1757940648
|move|p2a: Porygon2|Recover|p2a: Porygon2
|-heal|p2a: Porygon2|97/100
|move|p1a: Celestine|Whirlpool|p2a: Porygon2
|-damage|p2a: Porygon2|87/100
|-activate|p2a: Porygon2|move: Whirlpool|[of] p1a: Celestine
|
|-damage|p2a: Porygon2|75/100|[from] move: Whirlpool|[partiallytrapped]
|upkeep
|turn|4
|
|t:|1757940650
|move|p2a: Porygon2|Tri Attack|p1a: Celestine
|-damage|p1a: Celestine|75/100
|move|p1a: Celestine|Moonblast|p2a: Porygon2
|-damage|p2a: Porygon2|49/100
|
|-damage|p2a: Porygon2|36/100|[from] move: Whirlpool|[partiallytrapped]
|upkeep
|turn|5
|
|t:|1757940655
|move|p2a: Porygon2|Recover|p2a: Porygon2
|-heal|p2a: Porygon2|86/100
|move|p1a: Celestine|Psychic Noise|p2a: Porygon2
|-damage|p2a: Porygon2|67/100
|-start|p2a: Porygon2|move: Heal Block
|
|-damage|p2a: Porygon2|55/100|[from] move: Whirlpool|[partiallytrapped]
|-fieldend|move: Trick Room
|upkeep
|turn|6
|
|t:|1757940658
|move|p1a: Celestine|Moonblast|p2a: Porygon2
|-damage|p2a: Porygon2|27/100
|move|p2a: Porygon2|Trick Room|p2a: Porygon2
|-fieldstart|move: Trick Room|[of] p2a: Porygon2
|
|-damage|p2a: Porygon2|15/100|[from] move: Whirlpool|[partiallytrapped]
|-end|p2a: Porygon2|move: Heal Block
|upkeep
|turn|7
|
|t:|1757940662
|move|p2a: Porygon2|Tri Attack|p1a: Celestine
|-damage|p1a: Celestine|64/100
|-status|p1a: Celestine|brn
|move|p1a: Celestine|Moonblast|p2a: Porygon2
|-damage|p2a: Porygon2|0 fnt
|faint|p2a: Porygon2
|
|-damage|p1a: Celestine|58/100 brn|[from] brn
|upkeep
|
|t:|1757940665
|switch|p2a: Braviary|Braviary-Hisui, M|100/100
|turn|8
|
|t:|1757940669
|move|p2a: Braviary|Hurricane|p1a: Celestine|[miss]
|-miss|p2a: Braviary|p1a: Celestine
|move|p1a: Celestine|Moonblast|p2a: Braviary
|-damage|p2a: Braviary|47/100
|
|-damage|p1a: Celestine|52/100 brn|[from] brn
|upkeep
|turn|9
|
|t:|1757940672
|move|p2a: Braviary|Hurricane|p1a: Celestine|[miss]
|-miss|p2a: Braviary|p1a: Celestine
|move|p1a: Celestine|Moonblast|p2a: Braviary
|-damage|p2a: Braviary|0 fnt
|faint|p2a: Braviary
|
|-damage|p1a: Celestine|46/100 brn|[from] brn
|upkeep
|
|t:|1757940677
|switch|p2a: Pelipper|Pelipper, M|100/100
|-weather|RainDance|[from] ability: Drizzle|[of] p2a: Pelipper
|turn|10
|c|☆afdtv|my bad
|
|t:|1757940681
|move|p2a: Pelipper|U-turn|p1a: Celestine
|-resisted|p1a: Celestine
|-damage|p1a: Celestine|40/100 brn
|
|t:|1757940685
|switch|p2a: Hatterene|Hatterene, F|100/100|[from] U-turn
|move|p1a: Celestine|Moonblast|p2a: Hatterene
|-damage|p2a: Hatterene|43/100
|
|-weather|RainDance|[upkeep]
|-damage|p1a: Celestine|34/100 brn|[from] brn
|-fieldend|move: Trick Room
|upkeep
|turn|11
|
|t:|1757940693
|move|p1a: Celestine|Moonblast|p2a: Hatterene
|-damage|p2a: Hatterene|0 fnt
|faint|p2a: Hatterene
|
|-weather|RainDance|[upkeep]
|-damage|p1a: Celestine|28/100 brn|[from] brn
|upkeep
|
|t:|1757940697
|switch|p2a: Basculegion|Basculegion, M|100/100
|turn|12
|
|t:|1757940704
|move|p2a: Basculegion|Wave Crash|p1a: Celestine
|-resisted|p1a: Celestine
|-damage|p1a: Celestine|0 fnt
|faint|p1a: Celestine
|-damage|p2a: Basculegion|92/100|[from] Recoil
|
|-weather|RainDance|[upkeep]
|upkeep
|
|t:|1757940711
|switch|p1a: Overseer|Pecharunt|100/100
|turn|13
|
|t:|1757940716
|move|p2a: Basculegion|Wave Crash|p1a: Overseer
|-damage|p1a: Overseer|31/100
|-damage|p2a: Basculegion|75/100|[from] item: Rocky Helmet|[of] p1a: Overseer
|-damage|p2a: Basculegion|52/100|[from] Recoil
|move|p1a: Overseer|Malignant Chain|p2a: Basculegion
|-resisted|p2a: Basculegion
|-damage|p2a: Basculegion|34/100
|-status|p2a: Basculegion|tox
|-start|p2a: Basculegion|confusion|[from] ability: Poison Puppeteer|[of] p1a: Overseer
|
|-weather|RainDance|[upkeep]
|-damage|p2a: Basculegion|28/100 tox|[from] psn
|upkeep
|turn|14
|
|t:|1757940720
|-activate|p2a: Basculegion|confusion
|move|p2a: Basculegion|Wave Crash|p1a: Overseer
|-damage|p1a: Overseer|0 fnt
|-damage|p2a: Basculegion|12/100 tox|[from] item: Rocky Helmet|[of] p1a: Overseer
|faint|p1a: Overseer
|-damage|p2a: Basculegion|2/100 tox|[from] Recoil
|
|-weather|RainDance|[upkeep]
|-damage|p2a: Basculegion|0 fnt|[from] psn
|faint|p2a: Basculegion
|upkeep
|
|t:|1757940728
|switch|p2a: Floatzel|Floatzel, M|100/100
|switch|p1a: Anonymous|Ogerpon, F|100/100
|turn|15
|
|t:|1757940733
|-terastallize|p1a: Anonymous|Grass
|detailschange|p1a: Anonymous|Ogerpon-Teal-Tera, F, tera:Grass
|-ability|p1a: Anonymous|Embody Aspect (Teal)|boost
|-boost|p1a: Anonymous|spe|1
|move|p2a: Floatzel|Ice Spinner|p1a: Anonymous
|-supereffective|p1a: Anonymous
|-damage|p1a: Anonymous|0 fnt
|faint|p1a: Anonymous
|detailschange|p1: Anonymous|Ogerpon, F|[silent]
|
|-weather|RainDance|[upkeep]
|upkeep
|
|t:|1757940748
|switch|p1a: Chaos|Heatran, M, shiny|100/100
|-item|p1a: Chaos|Air Balloon
|turn|16
|
|t:|1757940754
|switch|p2a: Pelipper|Pelipper, M|100/100
|move|p1a: Chaos|Magma Storm|p2a: Pelipper|[miss]
|-miss|p1a: Chaos|p2a: Pelipper
|
|-weather|RainDance|[upkeep]
|upkeep
|turn|17
|
|t:|1757940760
|move|p1a: Chaos|Magma Storm|p2a: Pelipper
|-resisted|p2a: Pelipper
|-damage|p2a: Pelipper|84/100
|-activate|p2a: Pelipper|move: Magma Storm|[of] p1a: Chaos
|move|p2a: Pelipper|U-turn|p1a: Chaos
|-resisted|p1a: Chaos
|-damage|p1a: Chaos|98/100
|-enditem|p1a: Chaos|Air Balloon
|
|t:|1757940763
|switch|p2a: Floatzel|Floatzel, M|100/100|[from] U-turn
|
|-weather|none
|upkeep
|turn|18
|
|t:|1757940777
|switch|p2a: Pelipper|Pelipper, M|84/100
|-weather|RainDance|[from] ability: Drizzle|[of] p2a: Pelipper
|switch|p1a: Bandit|Weavile, M, shiny|100/100
|-ability|p1a: Bandit|Pressure
|
|-weather|RainDance|[upkeep]
|upkeep
|turn|19
|
|t:|1757940781
|move|p1a: Bandit|Knock Off|p2a: Pelipper
|-damage|p2a: Pelipper|29/100
|-enditem|p2a: Pelipper|Damp Rock|[from] move: Knock Off|[of] p1a: Bandit
|move|p2a: Pelipper|U-turn|p1a: Bandit
|-supereffective|p1a: Bandit
|-damage|p1a: Bandit|67/100
|
|t:|1757940783
|switch|p2a: Floatzel|Floatzel, M|100/100|[from] U-turn
|
|-weather|RainDance|[upkeep]
|upkeep
|turn|20
|
|t:|1757940788
|switch|p1a: Chaos|Heatran, M, shiny|98/100
|-terastallize|p2a: Floatzel|Water
|move|p2a: Floatzel|Wave Crash|p1a: Chaos
|-supereffective|p1a: Chaos
|-damage|p1a: Chaos|0 fnt
|faint|p1a: Chaos
|-damage|p2a: Floatzel|69/100|[from] Recoil
|
|-weather|RainDance|[upkeep]
|upkeep
|
|t:|1757940793
|switch|p1a: Behemoth|Great Tusk, shiny|100/100
|turn|21
|
|t:|1757940798
|move|p2a: Floatzel|Wave Crash|p1a: Behemoth
|-supereffective|p1a: Behemoth
|-damage|p1a: Behemoth|0 fnt
|faint|p1a: Behemoth
|-end|p1a: Behemoth|Protosynthesis|[silent]
|-damage|p2a: Floatzel|31/100|[from] Recoil
|
|-weather|RainDance|[upkeep]
|upkeep
|
|t:|1757940800
|switch|p1a: Bandit|Weavile, M, shiny|67/100
|-ability|p1a: Bandit|Pressure
|turn|22
|
|t:|1757940802
|switch|p2a: Pelipper|Pelipper, M|29/100
|move|p1a: Bandit|Ice Shard|p2a: Pelipper
|-damage|p2a: Pelipper|4/100
|
|-weather|RainDance|[upkeep]
|upkeep
|turn|23
|
|t:|1757940805
|move|p1a: Bandit|Ice Shard|p2a: Pelipper
|-damage|p2a: Pelipper|0 fnt
|faint|p2a: Pelipper
|
|-weather|RainDance|[upkeep]
|upkeep
|
|t:|1757940807
|switch|p2a: Floatzel|Floatzel, M, tera:Water|31/100
|turn|24
|
|t:|1757940809
|move|p2a: Floatzel|Aqua Jet|p1a: Bandit
|-damage|p1a: Bandit|0 fnt
|faint|p1a: Bandit
|
|win|go7777777
|raw|afdtv's rating: 1443 &rarr; <strong>1426</strong><br />(-17 for losing)
|raw|go7777777's rating: 1492 &rarr; <strong>1509</strong><br />(+17 for winning)
|l|☆go7777777
|player|p2|
|l|☆afdtv
|player|p1|
