|j|☆deliriousdarkwolf
|j|☆3idk
|t:|1757867594
|gametype|singles
|player|p1|deliriousdarkwolf|pokemaniac|1556
|player|p2|3idk|lusamine-masters|1621
|gen|9
|tier|[Gen 9] OU
|rated|
|rule|HP Percentage Mod: HP is shown in percentages
|rule|Endless Battle Clause: Forcing endless battles is banned
|rule|Species Clause: Limit one of each Pokémon
|rule|OHKO Clause: OHKO moves are banned
|rule|Evasion Items Clause: Evasion items are banned
|rule|Evasion Moves Clause: Evasion moves are banned
|rule|Evasion Abilities Clause: Evasion abilities are banned
|rule|Sleep Moves Clause: Sleep-inducing moves are banned
|clearpoke
|poke|p1|Great Tusk|
|poke|p1|Dragapult, M|
|poke|p1|Lokix, M|
|poke|p1|Ogerpon-Cornerstone, F|
|poke|p1|Samurott-Hisui, F|
|poke|p1|Iron Crown|
|poke|p2|Comfey, M|
|poke|p2|Whimsicott, M|
|poke|p2|Iron Moth|
|poke|p2|Walking Wake|
|poke|p2|Great Tusk|
|poke|p2|Ninetales, M|
|teampreview
|inactive|Battle timer is ON: inactive players will automatically lose when time's up. (requested by deliriousdarkwolf)
|inactive|3idk also wants the timer to be on.
|
|t:|1757867615
|teamsize|p1|6
|teamsize|p2|6
|start
|switch|p1a: Ogerpon|Ogerpon-Cornerstone, F|100/100
|switch|p2a: Ninetales|Ninetales, M|100/100
|-weather|SunnyDay|[from] ability: Drought|[of] p2a: Ninetales
|turn|1
|
|t:|1757867619
|switch|p2a: Great Tusk|Great Tusk|100/100
|-activate|p2a: Great Tusk|ability: Protosynthesis
|-start|p2a: Great Tusk|protosynthesisspe
|move|p1a: Ogerpon|Ivy Cudgel|p2a: Great Tusk|[anim] Ivy Cudgel Rock
|-resisted|p2a: Great Tusk
|-damage|p2a: Great Tusk|92/100
|
|-weather|SunnyDay|[upkeep]
|upkeep
|turn|2
|
|t:|1757867630
|move|p2a: Great Tusk|Stealth Rock|p1a: Ogerpon
|-sidestart|p1: deliriousdarkwolf|move: Stealth Rock
|move|p1a: Ogerpon|Horn Leech|p2a: Great Tusk
|-supereffective|p2a: Great Tusk
|-damage|p2a: Great Tusk|37/100
|-damage|p1a: Ogerpon|84/100|[from] item: Rocky Helmet|[of] p2a: Great Tusk
|
|-weather|SunnyDay|[upkeep]
|upkeep
|turn|3
|
|t:|1757867637
|move|p2a: Great Tusk|Headlong Rush|p1a: Ogerpon
|-damage|p1a: Ogerpon|18/100
|-unboost|p2a: Great Tusk|def|1
|-unboost|p2a: Great Tusk|spd|1
|move|p1a: Ogerpon|Horn Leech|p2a: Great Tusk
|-supereffective|p2a: Great Tusk
|-damage|p2a: Great Tusk|0 fnt
|-heal|p1a: Ogerpon|45/100|[from] drain|[of] p2a: Great Tusk
|-damage|p1a: Ogerpon|28/100|[from] item: Rocky Helmet|[of] p2a: Great Tusk
|faint|p2a: Great Tusk
|-end|p2a: Great Tusk|Protosynthesis|[silent]
|
|-weather|SunnyDay|[upkeep]
|upkeep
|
|t:|1757867643
|switch|p2a: Whimsicott|Whimsicott, M|100/100
|turn|4
|
|t:|1757867649
|move|p2a: Whimsicott|Growth|p2a: Whimsicott
|-boost|p2a: Whimsicott|atk|2
|-boost|p2a: Whimsicott|spa|2
|move|p1a: Ogerpon|Ivy Cudgel|p2a: Whimsicott|[anim] Ivy Cudgel Rock
|-damage|p2a: Whimsicott|26/100
|
|-weather|SunnyDay|[upkeep]
|upkeep
|turn|5
|
|t:|1757867657
|move|p1a: Ogerpon|Spiky Shield|p1a: Ogerpon
|-singleturn|p1a: Ogerpon|move: Protect
|move|p2a: Whimsicott|Giga Drain|p1a: Ogerpon
|-activate|p1a: Ogerpon|move: Protect
|
|-weather|SunnyDay|[upkeep]
|upkeep
|turn|6
|
|t:|1757867663
|move|p2a: Whimsicott|Giga Drain|p1a: Ogerpon
|-damage|p1a: Ogerpon|0 fnt
|-heal|p2a: Whimsicott|40/100|[from] drain|[of] p1a: Ogerpon
|faint|p1a: Ogerpon
|-damage|p2a: Whimsicott|30/100|[from] item: Life Orb
|
|-weather|SunnyDay|[upkeep]
|upkeep
|
|t:|1757867671
|switch|p1a: Lokix|Lokix, M|100/100
|-damage|p1a: Lokix|76/100|[from] Stealth Rock
|turn|7
|
|t:|1757867675
|switch|p2a: Iron Moth|Iron Moth|100/100
|-enditem|p2a: Iron Moth|Booster Energy
|-activate|p2a: Iron Moth|ability: Quark Drive|[fromitem]
|-start|p2a: Iron Moth|quarkdrivespa
|move|p1a: Lokix|First Impression|p2a: Iron Moth
|-resisted|p2a: Iron Moth
|-damage|p2a: Iron Moth|40/100
|
|-weather|SunnyDay|[upkeep]
|upkeep
|turn|8
|
|t:|1757867679
|switch|p1a: Samurott|Samurott-Hisui, F|100/100
|-damage|p1a: Samurott|88/100|[from] Stealth Rock
|move|p2a: Iron Moth|Fiery Dance|p1a: Samurott
|-resisted|p1a: Samurott
|-damage|p1a: Samurott|17/100
|-boost|p2a: Iron Moth|spa|1
|
|-weather|none
|upkeep
|turn|9
|
|t:|1757867683
|move|p1a: Samurott|Sucker Punch|p2a: Iron Moth
|-damage|p2a: Iron Moth|0 fnt
|faint|p2a: Iron Moth
|-end|p2a: Iron Moth|Quark Drive|[silent]
|
|upkeep
|
|t:|1757867687
|switch|p2a: Walking Wake|Walking Wake|100/100
|turn|10
|
|t:|1757867697
|move|p1a: Samurott|Sucker Punch|p2a: Walking Wake
|-damage|p2a: Walking Wake|66/100
|move|p2a: Walking Wake|Hydro Steam|p1a: Samurott
|-resisted|p1a: Samurott
|-damage|p1a: Samurott|0 fnt
|faint|p1a: Samurott
|
|upkeep
|
|t:|1757867704
|switch|p1a: Dragapult|Dragapult, M|100/100
|-damage|p1a: Dragapult|88/100|[from] Stealth Rock
|turn|11
|
|t:|1757867711
|move|p1a: Dragapult|U-turn|p2a: Walking Wake
|-damage|p2a: Walking Wake|36/100
|
|t:|1757867719
|switch|p1a: Great Tusk|Great Tusk|100/100|[from] U-turn
|-damage|p1a: Great Tusk|97/100|[from] Stealth Rock
|move|p2a: Walking Wake|Draco Meteor|p1a: Great Tusk
|-damage|p1a: Great Tusk|17/100
|-unboost|p2a: Walking Wake|spa|2
|
|-heal|p1a: Great Tusk|23/100|[from] item: Leftovers
|upkeep
|turn|12
|
|t:|1757867723
|move|p2a: Walking Wake|Hydro Steam|p1a: Great Tusk
|-supereffective|p1a: Great Tusk
|-damage|p1a: Great Tusk|0 fnt
|faint|p1a: Great Tusk
|-end|p1a: Great Tusk|Protosynthesis|[silent]
|
|upkeep
|
|t:|1757867734
|switch|p1a: Dragapult|Dragapult, M|88/100
|-damage|p1a: Dragapult|76/100|[from] Stealth Rock
|turn|13
|
|t:|1757867755
|-end|p2a: Walking Wake|Protosynthesis|[silent]
|switch|p2a: Ninetales|Ninetales, M|100/100
|-weather|SunnyDay|[from] ability: Drought|[of] p2a: Ninetales
|move|p1a: Dragapult|Phantom Force||[still]
|-prepare|p1a: Dragapult|Phantom Force
|
|-weather|SunnyDay|[upkeep]
|upkeep
|turn|14
|
|t:|1757867762
|move|p1a: Dragapult|Phantom Force|p2a: Ninetales|[from] lockedmove
|-damage|p2a: Ninetales|21/100
|move|p2a: Ninetales|Will-O-Wisp|p1a: Dragapult
|-status|p1a: Dragapult|brn
|
|-weather|SunnyDay|[upkeep]
|-damage|p1a: Dragapult|70/100 brn|[from] brn
|upkeep
|turn|15
|
|t:|1757867766
|switch|p2a: Walking Wake|Walking Wake|36/100
|-activate|p2a: Walking Wake|ability: Protosynthesis
|-start|p2a: Walking Wake|protosynthesisspe
|move|p1a: Dragapult|Phantom Force||[still]
|-prepare|p1a: Dragapult|Phantom Force
|
|-weather|SunnyDay|[upkeep]
|-damage|p1a: Dragapult|64/100 brn|[from] brn
|upkeep
|turn|16
|
|t:|1757867771
|move|p2a: Walking Wake|Draco Meteor|p1a: Dragapult|[miss]
|-miss|p2a: Walking Wake|p1a: Dragapult
|move|p1a: Dragapult|Phantom Force|p2a: Walking Wake|[from] lockedmove
|-damage|p2a: Walking Wake|6/100
|
|-weather|SunnyDay|[upkeep]
|-damage|p1a: Dragapult|58/100 brn|[from] brn
|upkeep
|turn|17
|
|t:|1757867782
|switch|p1a: Iron Crown|Iron Crown|100/100
|-damage|p1a: Iron Crown|94/100|[from] Stealth Rock
|move|p2a: Walking Wake|Draco Meteor|p1a: Iron Crown
|-resisted|p1a: Iron Crown
|-damage|p1a: Iron Crown|73/100
|-unboost|p2a: Walking Wake|spa|2
|
|-weather|SunnyDay|[upkeep]
|upkeep
|turn|18
|
|t:|1757867787
|move|p2a: Walking Wake|Hydro Steam|p1a: Iron Crown
|-damage|p1a: Iron Crown|55/100
|move|p1a: Iron Crown|Future Sight|p2a: Walking Wake
|-start|p1a: Iron Crown|move: Future Sight
|
|-weather|SunnyDay|[upkeep]
|upkeep
|turn|19
|
|t:|1757867793
|move|p2a: Walking Wake|Knock Off|p1a: Iron Crown
|-supereffective|p1a: Iron Crown
|-damage|p1a: Iron Crown|17/100
|-enditem|p1a: Iron Crown|Assault Vest|[from] move: Knock Off|[of] p2a: Walking Wake
|move|p1a: Iron Crown|Volt Switch|p2a: Walking Wake
|-damage|p2a: Walking Wake|0 fnt
|faint|p2a: Walking Wake
|-end|p2a: Walking Wake|Protosynthesis|[silent]
|
|t:|1757867802
|-end|p1a: Iron Crown|Quark Drive|[silent]
|switch|p1a: Dragapult|Dragapult, M|58/100 brn|[from] Volt Switch
|-damage|p1a: Dragapult|46/100 brn|[from] Stealth Rock
|
|-weather|SunnyDay|[upkeep]
|-damage|p1a: Dragapult|40/100 brn|[from] brn
|upkeep
|
|t:|1757867805
|switch|p2a: Whimsicott|Whimsicott, M|30/100
|turn|20
|
|t:|1757867812
|move|p1a: Dragapult|Sucker Punch|p2a: Whimsicott
|-resisted|p2a: Whimsicott
|-damage|p2a: Whimsicott|20/100
|move|p2a: Whimsicott|Moonblast|p1a: Dragapult
|-supereffective|p1a: Dragapult
|-damage|p1a: Dragapult|0 fnt
|faint|p1a: Dragapult
|-damage|p2a: Whimsicott|10/100|[from] item: Life Orb
|
|-weather|none
|-end|p2a: Whimsicott|move: Future Sight
|-damage|p2a: Whimsicott|0 fnt
|faint|p2a: Whimsicott
|upkeep
|
|t:|1757867819
|switch|p1a: Lokix|Lokix, M|76/100
|switch|p2a: Ninetales|Ninetales, M|21/100
|-weather|SunnyDay|[from] ability: Drought|[of] p2a: Ninetales
|-damage|p1a: Lokix|51/100|[from] Stealth Rock
|turn|21
|
|t:|1757867824
|move|p1a: Lokix|First Impression|p2a: Ninetales
|-resisted|p2a: Ninetales
|-damage|p2a: Ninetales|0 fnt
|faint|p2a: Ninetales
|
|-weather|SunnyDay|[upkeep]
|upkeep
|
|t:|1757867827
|switch|p2a: Comfey|Comfey, M|100/100
|turn|22
|
|t:|1757867831
|switch|p1a: Iron Crown|Iron Crown|17/100
|-damage|p1a: Iron Crown|11/100|[from] Stealth Rock
|move|p2a: Comfey|Growth|p2a: Comfey
|-boost|p2a: Comfey|atk|2
|-boost|p2a: Comfey|spa|2
|
|-weather|SunnyDay|[upkeep]
|upkeep
|turn|23
|
|t:|1757867837
|-terastallize|p2a: Comfey|Water
|move|p2a: Comfey|Draining Kiss|p1a: Iron Crown
|-resisted|p1a: Iron Crown
|-damage|p1a: Iron Crown|0 fnt
|faint|p1a: Iron Crown
|-end|p1a: Iron Crown|Quark Drive|[silent]
|-damage|p2a: Comfey|91/100|[from] item: Life Orb
|
|-weather|SunnyDay|[upkeep]
|upkeep
|
|t:|1757867841
|switch|p1a: Lokix|Lokix, M|51/100
|-damage|p1a: Lokix|26/100|[from] Stealth Rock
|turn|24
|
|t:|1757867843
|-terastallize|p1a: Lokix|Bug
|move|p2a: Comfey|Draining Kiss|p1a: Lokix
|-damage|p1a: Lokix|0 fnt
|-heal|p2a: Comfey|100/100|[from] drain|[of] p1a: Lokix
|faint|p1a: Lokix
|-damage|p2a: Comfey|91/100|[from] item: Life Orb
|
|win|3idk
|raw|deliriousdarkwolf's rating: 1556 &rarr; <strong>1540</strong><br />(-16 for losing)
|raw|3idk's rating: 1621 &rarr; <strong>1637</strong><br />(+16 for winning)
|c|☆deliriousdarkwolf|gg
|l|☆deliriousdarkwolf
|player|p1|
|l|☆3idk
|player|p2|
