|j|☆fatheralex909
|j|☆Pokeguy7777
|t:|1757824627
|gametype|singles
|player|p1|fatheralex909|2|1269
|player|p2|Pokeguy7777|101|1264
|gen|9
|tier|[Gen 9] OU
|rated|
|rule|HP Percentage Mod: HP is shown in percentages
|rule|Endless Battle Clause: Forcing endless battles is banned
|rule|Species Clause: Limit one of each Pokémon
|rule|OHKO Clause: OHKO moves are banned
|rule|Evasion Items Clause: Evasion items are banned
|rule|Evasion Moves Clause: Evasion moves are banned
|rule|Evasion Abilities Clause: Evasion abilities are banned
|rule|Sleep Moves Clause: Sleep-inducing moves are banned
|clearpoke
|poke|p1|Typhlosion-Hisui, M|
|poke|p1|Great Tusk|
|poke|p1|Ogerpon-Wellspring, F|
|poke|p1|Pecharunt|
|poke|p1|Samurott-Hisui, M|
|poke|p1|Kyurem|
|poke|p2|Cinderace, M|
|poke|p2|Maushold|
|poke|p2|Gholdengo|
|poke|p2|Comfey, M|
|poke|p2|Araquanid, F|
|poke|p2|Garganacl, F|
|teampreview
|inactive|Battle timer is ON: inactive players will automatically lose when time's up. (requested by Pokeguy7777)
|
|t:|1757824664
|teamsize|p1|6
|teamsize|p2|6
|start
|switch|p1a: Typhlosion|Typhlosion-Hisui, M, shiny|100/100
|switch|p2a: Cinderace|Cinderace, M|100/100
|-item|p2a: Cinderace|Choice Scarf|[from] ability: Frisk|[of] p1a: Typhlosion
|turn|1
|
|t:|1757824675
|move|p2a: Cinderace|U-turn|p1a: Typhlosion
|-start|p2a: Cinderace|typechange|Bug|[from] ability: Libero
|-resisted|p1a: Typhlosion
|-damage|p1a: Typhlosion|89/100
|
|t:|1757824680
|switch|p2a: Araquanid|Araquanid, F|100/100|[from] U-turn
|move|p1a: Typhlosion|Shadow Ball|p2a: Araquanid
|-damage|p2a: Araquanid|65/100
|
|upkeep
|turn|2
|
|t:|1757824690
|switch|p1a: Kyurem|Kyurem|100/100
|-ability|p1a: Kyurem|Pressure
|move|p2a: Araquanid|Sticky Web|p1a: Kyurem
|-sidestart|p1: fatheralex909|move: Sticky Web
|
|upkeep
|turn|3
|
|t:|1757824696
|move|p1a: Kyurem|Freeze-Dry|p2a: Araquanid
|-supereffective|p2a: Araquanid
|-damage|p2a: Araquanid|17/100
|move|p2a: Araquanid|Mirror Coat|p1a: Kyurem
|-damage|p1a: Kyurem|18/100
|
|upkeep
|turn|4
|
|t:|1757824703
|switch|p2a: Comfey|Comfey, M|100/100
|move|p1a: Kyurem|Freeze-Dry|p2a: Comfey
|-damage|p2a: Comfey|54/100
|-status|p2a: Comfey|frz
|
|-heal|p2a: Comfey|61/100 frz|[from] item: Leftovers
|upkeep
|turn|5
|
|t:|1757824712
|switch|p1a: Pecharunt|Pecharunt|100/100
|-curestatus|p2a: Comfey|frz|[msg]
|move|p2a: Comfey|Draining Kiss|p1a: Pecharunt
|-resisted|p1a: Pecharunt
|-damage|p1a: Pecharunt|91/100
|-heal|p2a: Comfey|72/100|[from] drain|[of] p1a: Pecharunt
|
|-heal|p2a: Comfey|78/100|[from] item: Leftovers
|upkeep
|turn|6
|
|t:|1757824731
|move|p2a: Comfey|Protect|p2a: Comfey
|-singleturn|p2a: Comfey|Protect
|move|p1a: Pecharunt|Hex|p2a: Comfey
|-activate|p2a: Comfey|move: Protect
|
|-heal|p2a: Comfey|84/100|[from] item: Leftovers
|upkeep
|turn|7
|
|t:|1757824742
|move|p2a: Comfey|Calm Mind|p2a: Comfey
|-boost|p2a: Comfey|spa|1
|-boost|p2a: Comfey|spd|1
|move|p1a: Pecharunt|Parting Shot|p2a: Comfey
|-unboost|p2a: Comfey|atk|1
|-unboost|p2a: Comfey|spa|1
|inactive|fatheralex909 has 120 seconds left.
|inactive|fatheralex909 has 90 seconds left.
|
|t:|1757824816
|switch|p1a: Ogerpon|Ogerpon-Wellspring, F|100/100|[from] Parting Shot
|-activate|p1a: Ogerpon|move: Sticky Web
|-unboost|p1a: Ogerpon|spe|1
|
|-heal|p2a: Comfey|90/100|[from] item: Leftovers
|upkeep
|turn|8
|inactive|fatheralex909 has 60 seconds left.
|
|t:|1757824846
|switch|p2a: Maushold|Maushold|100/100
|move|p1a: Ogerpon|Ivy Cudgel|p2a: Maushold|[anim] Ivy Cudgel Water
|-damage|p2a: Maushold|13/100
|
|upkeep
|turn|9
|
|t:|1757824853
|switch|p1a: Pecharunt|Pecharunt|91/100
|move|p2a: Maushold|Population Bomb|p1a: Pecharunt
|-immune|p1a: Pecharunt
|
|upkeep
|turn|10
|
|t:|1757824862
|move|p2a: Maushold|Encore||[still]
|-fail|p2a: Maushold
|move|p1a: Pecharunt|Malignant Chain|p2a: Maushold
|-damage|p2a: Maushold|0 fnt
|faint|p2a: Maushold
|
|upkeep
|
|t:|1757824869
|switch|p2a: Gholdengo|Gholdengo|100/100
|turn|11
|
|t:|1757824877
|switch|p1a: Samurott|Samurott-Hisui, M|100/100
|-activate|p1a: Samurott|move: Sticky Web
|-unboost|p1a: Samurott|spe|1
|move|p2a: Gholdengo|Shadow Ball|p1a: Samurott
|-resisted|p1a: Samurott
|-damage|p1a: Samurott|82/100
|
|upkeep
|turn|12
|
|t:|1757824890
|switch|p2a: Comfey|Comfey, M|90/100
|move|p1a: Samurott|Ceaseless Edge|p2a: Comfey
|-resisted|p2a: Comfey
|-damage|p2a: Comfey|53/100
|-sidestart|p2: Pokeguy7777|Spikes
|
|-heal|p2a: Comfey|59/100|[from] item: Leftovers
|upkeep
|turn|13
|
|t:|1757824902
|switch|p1a: Pecharunt|Pecharunt|91/100
|move|p2a: Comfey|Calm Mind|p2a: Comfey
|-boost|p2a: Comfey|spa|1
|-boost|p2a: Comfey|spd|1
|
|-heal|p2a: Comfey|66/100|[from] item: Leftovers
|upkeep
|turn|14
|
|t:|1757824912
|move|p2a: Comfey|Protect|p2a: Comfey
|-singleturn|p2a: Comfey|Protect
|move|p1a: Pecharunt|Malignant Chain|p2a: Comfey
|-activate|p2a: Comfey|move: Protect
|
|-heal|p2a: Comfey|72/100|[from] item: Leftovers
|upkeep
|turn|15
|
|t:|1757824920
|move|p2a: Comfey|Calm Mind|p2a: Comfey
|-boost|p2a: Comfey|spa|1
|-boost|p2a: Comfey|spd|1
|move|p1a: Pecharunt|Malignant Chain|p2a: Comfey
|-supereffective|p2a: Comfey
|-damage|p2a: Comfey|31/100
|-status|p2a: Comfey|tox
|-start|p2a: Comfey|confusion|[from] ability: Poison Puppeteer|[of] p1a: Pecharunt
|
|-heal|p2a: Comfey|38/100 tox|[from] item: Leftovers
|-damage|p2a: Comfey|31/100 tox|[from] psn
|upkeep
|turn|16
|inactive|fatheralex909 has 120 seconds left.
|
|t:|1757824932
|-activate|p2a: Comfey|confusion
|move|p2a: Comfey|Stored Power|p1a: Pecharunt
|-supereffective|p1a: Pecharunt
|-damage|p1a: Pecharunt|1/100
|move|p1a: Pecharunt|Hex|p2a: Comfey
|-damage|p2a: Comfey|4/100 tox
|
|-heal|p2a: Comfey|10/100 tox|[from] item: Leftovers
|-damage|p2a: Comfey|0 fnt|[from] psn
|faint|p2a: Comfey
|upkeep
|
|t:|1757824946
|switch|p2a: Cinderace|Cinderace, M|100/100
|-damage|p2a: Cinderace|88/100|[from] Spikes
|turn|17
|c|☆Pokeguy7777|I mean
|c|☆Pokeguy7777|Come on, right?
|inactive|fatheralex909 has 120 seconds left.
|
|t:|1757824956
|move|p2a: Cinderace|U-turn|p1a: Pecharunt
|-start|p2a: Cinderace|typechange|Bug|[from] ability: Libero
|-resisted|p1a: Pecharunt
|-damage|p1a: Pecharunt|0 fnt
|faint|p1a: Pecharunt
|c|☆fatheralex909|lolll
|c|☆fatheralex909|yea a lil crazy
|c|☆fatheralex909|chinese IVs
|
|t:|1757824967
|switch|p2a: Gholdengo|Gholdengo|100/100|[from] U-turn
|-damage|p2a: Gholdengo|88/100|[from] Spikes
|
|upkeep
|
|t:|1757824970
|switch|p1a: Samurott|Samurott-Hisui, M|82/100
|-activate|p1a: Samurott|move: Sticky Web
|-unboost|p1a: Samurott|spe|1
|turn|18
|
|t:|1757824994
|move|p2a: Gholdengo|Dazzling Gleam|p1a: Samurott
|-supereffective|p1a: Samurott
|-damage|p1a: Samurott|27/100
|move|p1a: Samurott|Ceaseless Edge|p2a: Gholdengo
|-supereffective|p2a: Gholdengo
|-damage|p2a: Gholdengo|0 fnt
|-sidestart|p2: Pokeguy7777|Spikes
|faint|p2a: Gholdengo
|
|upkeep
|
|t:|1757825003
|switch|p2a: Cinderace|Cinderace, M|88/100
|-damage|p2a: Cinderace|72/100|[from] Spikes
|turn|19
|inactive|fatheralex909 has 120 seconds left.
|
|t:|1757825055
|move|p2a: Cinderace|U-turn|p1a: Samurott
|-start|p2a: Cinderace|typechange|Bug|[from] ability: Libero
|-supereffective|p1a: Samurott
|-damage|p1a: Samurott|0 fnt
|faint|p1a: Samurott
|
|t:|1757825065
|switch|p2a: Araquanid|Araquanid, F|17/100|[from] U-turn
|-damage|p2a: Araquanid|1/100|[from] Spikes
|
|upkeep
|
|t:|1757825070
|switch|p1a: Great Tusk|Great Tusk|100/100
|-activate|p1a: Great Tusk|move: Sticky Web
|-unboost|p1a: Great Tusk|spe|1
|-enditem|p1a: Great Tusk|Booster Energy
|-activate|p1a: Great Tusk|ability: Protosynthesis|[fromitem]
|-start|p1a: Great Tusk|protosynthesisatk
|turn|20
|-enditem|p2a: Araquanid|Custap Berry|[eat]
|-activate|p2a: Araquanid|item: Custap Berry|[consumed]
|
|t:|1757825078
|move|p2a: Araquanid|Endeavor|p1a: Great Tusk
|-damage|p1a: Great Tusk|1/100
|move|p1a: Great Tusk|Rapid Spin|p2a: Araquanid
|-damage|p2a: Araquanid|0 fnt
|-boost|p1a: Great Tusk|spe|1
|-sideend|p1: fatheralex909|Sticky Web|[from] move: Rapid Spin|[of] p1a: Great Tusk
|faint|p2a: Araquanid
|
|upkeep
|
|t:|1757825088
|switch|p2a: Cinderace|Cinderace, M|72/100
|-damage|p2a: Cinderace|55/100|[from] Spikes
|turn|21
|c|☆fatheralex909|did u have surf
|inactive|fatheralex909 has 120 seconds left.
|
|t:|1757825113
|-end|p1a: Great Tusk|Protosynthesis|[silent]
|switch|p1a: Typhlosion|Typhlosion-Hisui, M, shiny|89/100
|-item|p2a: Cinderace|Choice Scarf|[from] ability: Frisk|[of] p1a: Typhlosion
|move|p2a: Cinderace|U-turn|p1a: Typhlosion
|-start|p2a: Cinderace|typechange|Bug|[from] ability: Libero
|-resisted|p1a: Typhlosion
|-damage|p1a: Typhlosion|77/100
|
|t:|1757825121
|switch|p2a: Garganacl|Garganacl, F|100/100|[from] U-turn
|-damage|p2a: Garganacl|84/100|[from] Spikes
|
|-heal|p2a: Garganacl|90/100|[from] item: Leftovers
|upkeep
|turn|22
|
|t:|1757825129
|move|p1a: Typhlosion|Focus Blast|p2a: Garganacl
|-supereffective|p2a: Garganacl
|-damage|p2a: Garganacl|7/100
|move|p2a: Garganacl|Iron Defense|p2a: Garganacl
|-boost|p2a: Garganacl|def|2
|
|-heal|p2a: Garganacl|13/100|[from] item: Leftovers
|upkeep
|turn|23
|inactive|fatheralex909 has 120 seconds left.
|
|t:|1757825145
|-terastallize|p2a: Garganacl|Ghost
|move|p1a: Typhlosion|Focus Blast|p2a: Garganacl
|-immune|p2a: Garganacl
|move|p2a: Garganacl|Recover|p2a: Garganacl
|-heal|p2a: Garganacl|63/100
|
|-heal|p2a: Garganacl|69/100|[from] item: Leftovers
|upkeep
|turn|24
|
|t:|1757825155
|switch|p1a: Kyurem|Kyurem|18/100
|-ability|p1a: Kyurem|Pressure
|move|p2a: Garganacl|Salt Cure|p1a: Kyurem
|-supereffective|p1a: Kyurem
|-damage|p1a: Kyurem|0 fnt
|faint|p1a: Kyurem
|
|-heal|p2a: Garganacl|75/100|[from] item: Leftovers
|upkeep
|
|t:|1757825159
|switch|p1a: Typhlosion|Typhlosion-Hisui, M, shiny|77/100
|-item|p2a: Garganacl|Leftovers|[from] ability: Frisk|[of] p1a: Typhlosion
|turn|25
|c|☆Pokeguy7777|Liquidation
|c|☆fatheralex909|gotchu gotchu
|
|t:|1757825178
|-terastallize|p1a: Typhlosion|Fire
|move|p1a: Typhlosion|Eruption|p2a: Garganacl
|-crit|p2a: Garganacl
|-damage|p2a: Garganacl|0 fnt
|faint|p2a: Garganacl
|
|upkeep
|
|t:|1757825187
|switch|p2a: Cinderace|Cinderace, M|55/100
|-damage|p2a: Cinderace|38/100|[from] Spikes
|turn|26
|c|☆fatheralex909|lowkey u should run spatacck
|inactive|fatheralex909 has 120 seconds left.
|
|t:|1757825223
|move|p2a: Cinderace|Gunk Shot|p1a: Typhlosion
|-start|p2a: Cinderace|typechange|Poison|[from] ability: Libero
|-damage|p1a: Typhlosion|0 fnt
|faint|p1a: Typhlosion
|
|upkeep
|
|t:|1757825229
|switch|p1a: Great Tusk|Great Tusk|1/100
|turn|27
|
|t:|1757825232
|move|p2a: Cinderace|Gunk Shot|p1a: Great Tusk
|-resisted|p1a: Great Tusk
|-crit|p1a: Great Tusk
|-damage|p1a: Great Tusk|0 fnt
|faint|p1a: Great Tusk
|-end|p1a: Great Tusk|Protosynthesis|[silent]
|
|upkeep
|
|t:|1757825235
|switch|p1a: Ogerpon|Ogerpon-Wellspring, F|100/100
|turn|28
|
|t:|1757825240
|move|p2a: Cinderace|Gunk Shot|p1a: Ogerpon
|-supereffective|p1a: Ogerpon
|-damage|p1a: Ogerpon|0 fnt
|faint|p1a: Ogerpon
|
|win|Pokeguy7777
|raw|fatheralex909's rating: 1269 &rarr; <strong>1244</strong><br />(-25 for losing)
|raw|Pokeguy7777's rating: 1264 &rarr; <strong>1289</strong><br />(+25 for winning)
|l|☆fatheralex909
|player|p1|
|c|☆Pokeguy7777|gg
|l|☆Pokeguy7777
|player|p2|
