|j|☆osodelclima
|j|☆icicler
|t:|1757798002
|gametype|singles
|player|p1|osodelclima|169|1268
|player|p2|icicler|grimsley|1288
|gen|9
|tier|[Gen 9] OU
|rated|
|rule|HP Percentage Mod: HP is shown in percentages
|rule|Endless Battle Clause: Forcing endless battles is banned
|rule|Species Clause: Limit one of each Pokémon
|rule|OHKO Clause: OHKO moves are banned
|rule|Evasion Items Clause: Evasion items are banned
|rule|Evasion Moves Clause: Evasion moves are banned
|rule|Evasion Abilities Clause: Evasion abilities are banned
|rule|Sleep Moves Clause: Sleep-inducing moves are banned
|clearpoke
|poke|p1|Lucario, M|
|poke|p1|Tatsugiri, M|
|poke|p1|Kommo-o, F|
|poke|p1|Kyurem|
|poke|p1|Ceruledge, M|
|poke|p1|Quaquaval, M|
|poke|p2|Cinderace, M|
|poke|p2|Primarina, F|
|poke|p2|Meowscarada, M|
|poke|p2|Kingambit, M|
|poke|p2|Ninetales-Alola, F|
|poke|p2|Pecharunt|
|teampreview
|inactive|Battle timer is ON: inactive players will automatically lose when time's up. (requested by osodelclima)
|
|t:|1757798022
|teamsize|p1|6
|teamsize|p2|6
|start
|switch|p1a: Lucario|Lucario, M|100/100
|switch|p2a: Belle|Ninetales-Alola, F|100/100
|-weather|Snowscape|[from] ability: Snow Warning|[of] p2a: Belle
|turn|1
|
|t:|1757798044
|move|p2a: Belle|Aurora Veil|p2a: Belle
|-sidestart|p2: icicler|move: Aurora Veil
|move|p1a: Lucario|Nasty Plot|p1a: Lucario
|-boost|p1a: Lucario|spa|2
|
|-weather|Snowscape|[upkeep]
|upkeep
|turn|2
|
|t:|1757798055
|switch|p2a: Snoupy|Primarina, F|100/100
|move|p1a: Lucario|Nasty Plot|p1a: Lucario
|-boost|p1a: Lucario|spa|2
|
|-weather|Snowscape|[upkeep]
|upkeep
|turn|3
|
|t:|1757798063
|move|p1a: Lucario|Flash Cannon|p2a: Snoupy
|-damage|p2a: Snoupy|57/100
|move|p2a: Snoupy|Calm Mind|p2a: Snoupy
|-boost|p2a: Snoupy|spa|1
|-boost|p2a: Snoupy|spd|1
|
|-weather|Snowscape|[upkeep]
|-heal|p2a: Snoupy|63/100|[from] item: Leftovers
|upkeep
|turn|4
|
|t:|1757798073
|-terastallize|p2a: Snoupy|Water
|move|p1a: Lucario|Flash Cannon|p2a: Snoupy
|-resisted|p2a: Snoupy
|-damage|p2a: Snoupy|47/100
|move|p2a: Snoupy|Sparkling Aria|p1a: Lucario
|-damage|p1a: Lucario|0 fnt
|faint|p1a: Lucario
|
|-weather|Snowscape|[upkeep]
|-heal|p2a: Snoupy|53/100|[from] item: Leftovers
|upkeep
|
|t:|1757798089
|switch|p1a: Ceruledge|Ceruledge, M|100/100
|turn|5
|
|t:|1757798092
|move|p1a: Ceruledge|Endure|p1a: Ceruledge
|-singleturn|p1a: Ceruledge|move: Endure
|move|p2a: Snoupy|Sparkling Aria|p1a: Ceruledge
|-supereffective|p1a: Ceruledge
|-crit|p1a: Ceruledge
|-activate|p1a: Ceruledge|move: Endure
|-damage|p1a: Ceruledge|1/100
|-enditem|p1a: Ceruledge|Weakness Policy
|-boost|p1a: Ceruledge|atk|2|[from] item: Weakness Policy
|-boost|p1a: Ceruledge|spa|2|[from] item: Weakness Policy
|
|-weather|none
|-heal|p2a: Snoupy|59/100|[from] item: Leftovers
|upkeep
|turn|6
|
|t:|1757798105
|move|p1a: Ceruledge|Poltergeist|p2a: Snoupy|[miss]
|-miss|p1a: Ceruledge|p2a: Snoupy
|move|p2a: Snoupy|Sparkling Aria|p1a: Ceruledge
|-supereffective|p1a: Ceruledge
|-damage|p1a: Ceruledge|0 fnt
|faint|p1a: Ceruledge
|
|-heal|p2a: Snoupy|65/100|[from] item: Leftovers
|upkeep
|
|t:|1757798117
|switch|p1a: Tatsugiri|Tatsugiri, M|100/100
|turn|7
|
|t:|1757798122
|-terastallize|p1a: Tatsugiri|Fire
|move|p1a: Tatsugiri|Rapid Spin|p2a: Snoupy
|-damage|p2a: Snoupy|61/100
|-boost|p1a: Tatsugiri|spe|1
|move|p2a: Snoupy|Moonblast|p1a: Tatsugiri
|-resisted|p1a: Tatsugiri
|-damage|p1a: Tatsugiri|47/100
|-unboost|p1a: Tatsugiri|spa|1
|
|-heal|p1a: Tatsugiri|53/100|[from] item: Leftovers
|-heal|p2a: Snoupy|67/100|[from] item: Leftovers
|upkeep
|turn|8
|
|t:|1757798135
|move|p1a: Tatsugiri|Nasty Plot|p1a: Tatsugiri
|-boost|p1a: Tatsugiri|spa|2
|move|p2a: Snoupy|Sparkling Aria|p1a: Tatsugiri
|-ability|p1a: Tatsugiri|Storm Drain|boost
|-boost|p1a: Tatsugiri|spa|1
|
|-heal|p1a: Tatsugiri|59/100|[from] item: Leftovers
|-heal|p2a: Snoupy|73/100|[from] item: Leftovers
|-sideend|p2: icicler|move: Aurora Veil
|upkeep
|turn|9
|
|t:|1757798148
|move|p1a: Tatsugiri|Dragon Pulse|p2a: Snoupy
|-damage|p2a: Snoupy|29/100
|move|p2a: Snoupy|Sparkling Aria|p1a: Tatsugiri
|-ability|p1a: Tatsugiri|Storm Drain|boost
|-boost|p1a: Tatsugiri|spa|1
|
|-heal|p1a: Tatsugiri|65/100|[from] item: Leftovers
|-heal|p2a: Snoupy|35/100|[from] item: Leftovers
|upkeep
|turn|10
|
|t:|1757798158
|switch|p2a: Belle|Ninetales-Alola, F|100/100
|-weather|Snowscape|[from] ability: Snow Warning|[of] p2a: Belle
|move|p1a: Tatsugiri|Dragon Pulse|p2a: Belle
|-immune|p2a: Belle
|
|-weather|Snowscape|[upkeep]
|-heal|p1a: Tatsugiri|72/100|[from] item: Leftovers
|upkeep
|turn|11
|
|t:|1757798162
|move|p1a: Tatsugiri|Surf|p2a: Belle
|-damage|p2a: Belle|0 fnt
|faint|p2a: Belle
|
|-weather|Snowscape|[upkeep]
|-heal|p1a: Tatsugiri|78/100|[from] item: Leftovers
|upkeep
|inactive|icicler has 120 seconds left.
|
|t:|1757798196
|switch|p2a: Mascarade|Meowscarada, M, shiny|100/100
|turn|12
|
|t:|1757798200
|move|p2a: Mascarade|Sucker Punch|p1a: Tatsugiri
|-start|p2a: Mascarade|typechange|Dark|[from] ability: Protean
|-damage|p1a: Tatsugiri|0 fnt
|faint|p1a: Tatsugiri
|
|-weather|Snowscape|[upkeep]
|upkeep
|
|t:|1757798213
|switch|p1a: Kommo-o|Kommo-o, F|100/100
|turn|13
|
|t:|1757798219
|switch|p2a: Pecharunt|Pecharunt|100/100
|move|p1a: Kommo-o|Clangorous Soul|p1a: Kommo-o
|-boost|p1a: Kommo-o|atk|1
|-boost|p1a: Kommo-o|def|1
|-boost|p1a: Kommo-o|spa|1
|-boost|p1a: Kommo-o|spd|1
|-boost|p1a: Kommo-o|spe|1
|-damage|p1a: Kommo-o|68/100
|-enditem|p1a: Kommo-o|Throat Spray
|-boost|p1a: Kommo-o|spa|1|[from] item: Throat Spray
|
|-weather|Snowscape|[upkeep]
|upkeep
|turn|14
|
|t:|1757798226
|move|p1a: Kommo-o|Flamethrower|p2a: Pecharunt
|-damage|p2a: Pecharunt|52/100
|move|p2a: Pecharunt|Malignant Chain|p1a: Kommo-o
|-damage|p1a: Kommo-o|27/100
|
|-weather|none
|upkeep
|turn|15
|
|t:|1757798235
|move|p1a: Kommo-o|Flamethrower|p2a: Pecharunt
|-damage|p2a: Pecharunt|0 fnt
|faint|p2a: Pecharunt
|
|upkeep
|
|t:|1757798255
|switch|p2a: Mascarade|Meowscarada, M, shiny|100/100
|turn|16
|
|t:|1757798276
|move|p2a: Mascarade|Sucker Punch|p1a: Kommo-o
|-start|p2a: Mascarade|typechange|Dark|[from] ability: Protean
|-resisted|p1a: Kommo-o
|-crit|p1a: Kommo-o
|-damage|p1a: Kommo-o|0 fnt
|faint|p1a: Kommo-o
|
|upkeep
|
|t:|1757798284
|switch|p1a: Quaquaval|Quaquaval, M|100/100
|turn|17
|
|t:|1757798289
|switch|p2a: Snoupy|Primarina, F, tera:Water|35/100
|move|p1a: Quaquaval|Aqua Step|p2a: Snoupy
|-resisted|p2a: Snoupy
|-damage|p2a: Snoupy|11/100
|-boost|p1a: Quaquaval|spe|1
|
|-heal|p2a: Snoupy|18/100|[from] item: Leftovers
|upkeep
|turn|18
|
|t:|1757798303
|move|p1a: Quaquaval|Aqua Step|p2a: Snoupy
|-resisted|p2a: Snoupy
|-damage|p2a: Snoupy|0 fnt
|-boost|p1a: Quaquaval|spe|1
|faint|p2a: Snoupy
|-ability|p1a: Quaquaval|Moxie|boost
|-boost|p1a: Quaquaval|atk|1
|
|upkeep
|
|t:|1757798308
|switch|p2a: Mascarade|Meowscarada, M, shiny|100/100
|turn|19
|
|t:|1757798316
|move|p1a: Quaquaval|Close Combat|p2a: Mascarade
|-supereffective|p2a: Mascarade
|-damage|p2a: Mascarade|0 fnt
|-unboost|p1a: Quaquaval|def|1
|-unboost|p1a: Quaquaval|spd|1
|faint|p2a: Mascarade
|-ability|p1a: Quaquaval|Moxie|boost
|-boost|p1a: Quaquaval|atk|1
|
|upkeep
|
|t:|1757798321
|switch|p2a: Mbappe|Cinderace, M|100/100
|turn|20
|
|t:|1757798328
|move|p1a: Quaquaval|Aqua Step|p2a: Mbappe
|-supereffective|p2a: Mbappe
|-damage|p2a: Mbappe|0 fnt
|-boost|p1a: Quaquaval|spe|1
|faint|p2a: Mbappe
|-ability|p1a: Quaquaval|Moxie|boost
|-boost|p1a: Quaquaval|atk|1
|
|upkeep
|
|t:|1757798332
|switch|p2a: Kingambit|Kingambit, M|100/100
|-activate|p2a: Kingambit|ability: Supreme Overlord
|-start|p2a: Kingambit|fallen5|[silent]
|turn|21
|
|t:|1757798340
|move|p2a: Kingambit|Sucker Punch|p1a: Quaquaval
|-resisted|p1a: Quaquaval
|-crit|p1a: Quaquaval
|-damage|p1a: Quaquaval|11/100
|move|p1a: Quaquaval|Close Combat|p2a: Kingambit
|-supereffective|p2a: Kingambit
|-damage|p2a: Kingambit|0 fnt
|-unboost|p1a: Quaquaval|def|1
|-unboost|p1a: Quaquaval|spd|1
|faint|p2a: Kingambit
|-end|p2a: Kingambit|fallen5|[silent]
|
|win|osodelclima
|raw|osodelclima's rating: 1268 &rarr; <strong>1294</strong><br />(+26 for winning)
|raw|icicler's rating: 1288 &rarr; <strong>1262</strong><br />(-26 for losing)
|l|☆icicler
|player|p2|
|l|☆osodelclima
|player|p1|
