|j|☆KingPikaPika
|j|☆swiscool
|t:|1757941488
|gametype|singles
|player|p1|KingPikaPika|pokekid|1747
|player|p2|swiscool|2|1710
|gen|9
|tier|[Gen 9] OU
|rated|
|rule|HP Percentage Mod: HP is shown in percentages
|rule|Endless Battle Clause: Forcing endless battles is banned
|rule|Species Clause: Limit one of each Pokémon
|rule|OHKO Clause: OHKO moves are banned
|rule|Evasion Items Clause: Evasion items are banned
|rule|Evasion Moves Clause: Evasion moves are banned
|rule|Evasion Abilities Clause: Evasion abilities are banned
|rule|Sleep Moves Clause: Sleep-inducing moves are banned
|clearpoke
|poke|p1|Iron Valiant|
|poke|p1|Glimmora, F|
|poke|p1|Gholdengo|
|poke|p1|Dragonite, M|
|poke|p1|Kingambit, M|
|poke|p1|Great Tusk|
|poke|p2|Kingambit, F|
|poke|p2|Ting-Lu|
|poke|p2|Great Tusk|
|poke|p2|Ogerpon-Wellspring, F|
|poke|p2|Dragapult, F|
|poke|p2|Scizor, F|
|teampreview
|inactive|Battle timer is ON: inactive players will automatically lose when time's up. (requested by KingPikaPika)
|
|t:|1757941519
|teamsize|p1|6
|teamsize|p2|6
|start
|switch|p1a: Glimmora|Glimmora, F|100/100
|switch|p2a: Ting-Lu|Ting-Lu|100/100
|-ability|p2a: Ting-Lu|Vessel of Ruin
|turn|1
|j| peakruto
|
|t:|1757941526
|move|p1a: Glimmora|Stealth Rock|p2a: Ting-Lu
|-sidestart|p2: swiscool|move: Stealth Rock
|move|p2a: Ting-Lu|Stealth Rock|p1a: Glimmora
|-sidestart|p1: KingPikaPika|move: Stealth Rock
|
|upkeep
|turn|2
|
|t:|1757941535
|switch|p2a: Scizor|Scizor, F|100/100
|-damage|p2a: Scizor|88/100|[from] Stealth Rock
|move|p1a: Glimmora|Mortal Spin|p2a: Scizor
|-immune|p2a: Scizor
|
|upkeep
|turn|3
|l| peakruto
|
|t:|1757941540
|move|p2a: Scizor|Bullet Punch|p1a: Glimmora
|-supereffective|p1a: Glimmora
|-damage|p1a: Glimmora|30/100
|-activate|p1a: Glimmora|ability: Toxic Debris
|-sidestart|p2: swiscool|move: Toxic Spikes
|-enditem|p1a: Glimmora|Red Card|[of] p2a: Scizor
|drag|p2a: Ogerpon|Ogerpon-Wellspring, F|100/100
|-damage|p2a: Ogerpon|88/100|[from] Stealth Rock
|-status|p2a: Ogerpon|psn
|move|p1a: Glimmora|Mortal Spin|p2a: Ogerpon
|-supereffective|p2a: Ogerpon
|-damage|p2a: Ogerpon|74/100 psn
|-sideend|p1: KingPikaPika|Stealth Rock|[from] move: Mortal Spin|[of] p1a: Glimmora
|
|-damage|p2a: Ogerpon|61/100 psn|[from] psn
|upkeep
|turn|4
|
|t:|1757941550
|move|p2a: Ogerpon|Ivy Cudgel|p1a: Glimmora|[anim] Ivy Cudgel Water
|-supereffective|p1a: Glimmora
|-damage|p1a: Glimmora|0 fnt
|-activate|p1a: Glimmora|ability: Toxic Debris
|-sidestart|p2: swiscool|move: Toxic Spikes
|faint|p1a: Glimmora
|
|-damage|p2a: Ogerpon|49/100 psn|[from] psn
|upkeep
|
|t:|1757941558
|switch|p1a: Dragonite|Dragonite, M|100/100
|turn|5
|
|t:|1757941559
|move|p2a: Ogerpon|U-turn|p1a: Dragonite
|-resisted|p1a: Dragonite
|-damage|p1a: Dragonite|94/100
|
|t:|1757941562
|switch|p2a: Great Tusk|Great Tusk|100/100|[from] U-turn
|-damage|p2a: Great Tusk|98/100|[from] Stealth Rock
|-status|p2a: Great Tusk|tox
|-enditem|p2a: Great Tusk|Booster Energy
|-activate|p2a: Great Tusk|ability: Protosynthesis|[fromitem]
|-start|p2a: Great Tusk|protosynthesisatk
|move|p1a: Dragonite|Dragon Dance|p1a: Dragonite
|-boost|p1a: Dragonite|atk|1
|-boost|p1a: Dragonite|spe|1
|
|-heal|p1a: Dragonite|100/100|[from] item: Leftovers
|-damage|p2a: Great Tusk|91/100 tox|[from] psn
|upkeep
|turn|6
|
|t:|1757941567
|-terastallize|p1a: Dragonite|Flying
|move|p1a: Dragonite|Tera Blast|p2a: Great Tusk|[anim] Tera Blast Flying
|-supereffective|p2a: Great Tusk
|-damage|p2a: Great Tusk|0 fnt
|faint|p2a: Great Tusk
|-end|p2a: Great Tusk|Protosynthesis|[silent]
|
|upkeep
|
|t:|1757941580
|switch|p2a: Ting-Lu|Ting-Lu|100/100
|-damage|p2a: Ting-Lu|94/100|[from] Stealth Rock
|-status|p2a: Ting-Lu|tox
|-ability|p2a: Ting-Lu|Vessel of Ruin
|turn|7
|
|t:|1757941583
|move|p1a: Dragonite|Tera Blast|p2a: Ting-Lu|[anim] Tera Blast Flying
|-damage|p2a: Ting-Lu|42/100 tox
|move|p2a: Ting-Lu|Ruination|p1a: Dragonite
|-damage|p1a: Dragonite|50/100
|
|-heal|p1a: Dragonite|57/100|[from] item: Leftovers
|-heal|p2a: Ting-Lu|48/100 tox|[from] item: Leftovers
|-damage|p2a: Ting-Lu|42/100 tox|[from] psn
|upkeep
|turn|8
|
|t:|1757941589
|move|p1a: Dragonite|Roost|p1a: Dragonite
|-heal|p1a: Dragonite|100/100
|-hint|If a Terastallized Pokemon uses Roost, it remains Flying-type.
|move|p2a: Ting-Lu|Stealth Rock|p1a: Dragonite
|-sidestart|p1: KingPikaPika|move: Stealth Rock
|
|-heal|p2a: Ting-Lu|48/100 tox|[from] item: Leftovers
|-damage|p2a: Ting-Lu|36/100 tox|[from] psn
|upkeep
|turn|9
|
|t:|1757941592
|move|p1a: Dragonite|Tera Blast|p2a: Ting-Lu|[anim] Tera Blast Flying
|-damage|p2a: Ting-Lu|0 fnt
|faint|p2a: Ting-Lu
|
|upkeep
|
|t:|1757941595
|switch|p2a: Scizor|Scizor, F|88/100
|-damage|p2a: Scizor|76/100|[from] Stealth Rock
|turn|10
|
|t:|1757941598
|move|p2a: Scizor|Bullet Punch|p1a: Dragonite
|-damage|p1a: Dragonite|74/100
|move|p1a: Dragonite|Tera Blast|p2a: Scizor|[anim] Tera Blast Flying
|-damage|p2a: Scizor|0 fnt
|faint|p2a: Scizor
|
|-heal|p1a: Dragonite|80/100|[from] item: Leftovers
|upkeep
|
|t:|1757941602
|switch|p2a: Kingambit|Kingambit, F|100/100
|-damage|p2a: Kingambit|94/100|[from] Stealth Rock
|-activate|p2a: Kingambit|ability: Supreme Overlord
|-start|p2a: Kingambit|fallen3|[silent]
|turn|11
|
|t:|1757941604
|move|p1a: Dragonite|Earthquake|p2a: Kingambit
|-supereffective|p2a: Kingambit
|-damage|p2a: Kingambit|10/100
|move|p2a: Kingambit|Kowtow Cleave|p1a: Dragonite
|-damage|p1a: Dragonite|20/100
|
|-heal|p1a: Dragonite|27/100|[from] item: Leftovers
|upkeep
|turn|12
|
|t:|1757941610
|move|p1a: Dragonite|Earthquake|p2a: Kingambit
|-supereffective|p2a: Kingambit
|-damage|p2a: Kingambit|0 fnt
|faint|p2a: Kingambit
|-end|p2a: Kingambit|fallen3|[silent]
|
|-heal|p1a: Dragonite|33/100|[from] item: Leftovers
|upkeep
|-message|swiscool forfeited.
|
|win|KingPikaPika
|raw|KingPikaPika's rating: 1728 &rarr; <strong>1747</strong><br />(+19 for winning)
|raw|swiscool's rating: 1710 &rarr; <strong>1691</strong><br />(-19 for losing)
|l|☆swiscool
|player|p2|
|l|☆KingPikaPika
|player|p1|
