|j|‽edgingCeaselesslly
|j|☆cr aries
|t:|1757854749
|gametype|singles
|player|p1|edgingCeaselesslly|roxie|1657
|player|p2|cr aries|169|1742
|gen|9
|tier|[Gen 9] OU
|rated|
|rule|HP Percentage Mod: HP is shown in percentages
|rule|Endless Battle Clause: Forcing endless battles is banned
|rule|Species Clause: Limit one of each Pokémon
|rule|OHKO Clause: OHKO moves are banned
|rule|Evasion Items Clause: Evasion items are banned
|rule|Evasion Moves Clause: Evasion moves are banned
|rule|Evasion Abilities Clause: Evasion abilities are banned
|rule|Sleep Moves Clause: Sleep-inducing moves are banned
|clearpoke
|poke|p1|Landorus-Therian, M|
|poke|p1|Samurott-Hisui, F|
|poke|p1|Pecharunt|
|poke|p1|Scizor, F|
|poke|p1|Latios, M|
|poke|p1|Zamazenta-*|
|poke|p2|Weavile, F|
|poke|p2|Gholdengo|
|poke|p2|Slowking-Galar, F|
|poke|p2|Corviknight, F|
|poke|p2|Sandy Shocks|
|poke|p2|Heatran, F|
|teampreview
|inactive|Battle timer is ON: inactive players will automatically lose when time's up. (requested by edgingCeaselesslly)
|j| Nikator98
|
|t:|1757854778
|teamsize|p1|6
|teamsize|p2|6
|start
|switch|p1a: Landorus|Landorus-Therian, M|100/100
|switch|p2a: Corviknight|Corviknight, F|100/100
|-ability|p1a: Landorus|Intimidate|boost
|-unboost|p2a: Corviknight|atk|1
|-ability|p2a: Corviknight|Pressure
|turn|1
|
|t:|1757854782
|move|p1a: Landorus|Stealth Rock|p2a: Corviknight
|-sidestart|p2: cr aries|move: Stealth Rock
|move|p2a: Corviknight|Defog|p1a: Landorus
|-unboost|p1a: Landorus|evasion|1
|-sideend|p2: cr aries|Stealth Rock|[from] move: Defog|[of] p2a: Corviknight
|
|upkeep
|turn|2
|
|t:|1757854786
|switch|p2a: Weavile|Weavile, F|100/100
|move|p1a: Landorus|Smack Down|p2a: Weavile
|-supereffective|p2a: Weavile
|-damage|p2a: Weavile|45/100
|
|upkeep
|turn|3
|
|t:|1757854802
|switch|p1a: Scizor|Scizor, F|100/100
|move|p2a: Weavile|Knock Off|p1a: Scizor
|-damage|p1a: Scizor|44/100
|-enditem|p1a: Scizor|Heavy-Duty Boots|[from] move: Knock Off|[of] p2a: Weavile
|
|upkeep
|turn|4
|j| wgw2333
|
|t:|1757854807
|switch|p2a: Corviknight|Corviknight, F|100/100
|-ability|p2a: Corviknight|Pressure
|move|p1a: Scizor|Bullet Punch|p2a: Corviknight
|-resisted|p2a: Corviknight
|-damage|p2a: Corviknight|90/100
|-damage|p1a: Scizor|27/100|[from] item: Rocky Helmet|[of] p2a: Corviknight
|
|upkeep
|turn|5
|
|t:|1757854813
|switch|p1a: Landorus|Landorus-Therian, M|100/100
|-ability|p1a: Landorus|Intimidate|boost
|-unboost|p2a: Corviknight|atk|1
|move|p2a: Corviknight|U-turn|p1a: Landorus
|-resisted|p1a: Landorus
|-damage|p1a: Landorus|96/100
|-damage|p2a: Corviknight|74/100|[from] item: Rocky Helmet|[of] p1a: Landorus
|
|t:|1757854816
|switch|p2a: Weavile|Weavile, F|45/100|[from] U-turn
|
|upkeep
|turn|6
|
|t:|1757854820
|switch|p1a: Samurott|Samurott-Hisui, F|100/100
|move|p2a: Weavile|Triple Axel|p1a: Samurott
|-resisted|p1a: Samurott
|-damage|p1a: Samurott|94/100
|-resisted|p1a: Samurott
|-damage|p1a: Samurott|83/100
|-resisted|p1a: Samurott
|-damage|p1a: Samurott|65/100
|-hitcount|p1a: Samurott|3
|
|upkeep
|turn|7
|
|t:|1757854829
|move|p2a: Weavile|Low Kick|p1a: Samurott
|-supereffective|p1a: Samurott
|-damage|p1a: Samurott|0 fnt
|faint|p1a: Samurott
|
|upkeep
|
|t:|1757854836
|switch|p1a: Scizor|Scizor, F|27/100
|turn|8
|
|t:|1757854846
|switch|p2a: Corviknight|Corviknight, F|74/100
|-ability|p2a: Corviknight|Pressure
|move|p1a: Scizor|Bullet Punch|p2a: Corviknight
|-resisted|p2a: Corviknight
|-damage|p2a: Corviknight|63/100
|-damage|p1a: Scizor|11/100|[from] item: Rocky Helmet|[of] p2a: Corviknight
|
|upkeep
|turn|9
|
|t:|1757854850
|-terastallize|p1a: Scizor|Electric
|move|p1a: Scizor|Tera Blast|p2a: Corviknight|[anim] Tera Blast Electric
|-supereffective|p2a: Corviknight
|-damage|p2a: Corviknight|4/100
|move|p2a: Corviknight|Roost|p2a: Corviknight
|-heal|p2a: Corviknight|54/100
|-singleturn|p2a: Corviknight|move: Roost
|
|upkeep
|turn|10
|
|t:|1757854860
|switch|p2a: Heatran|Heatran, F|100/100
|move|p1a: Scizor|Tera Blast|p2a: Heatran|[anim] Tera Blast Electric
|-damage|p2a: Heatran|75/100
|
|-heal|p2a: Heatran|81/100|[from] item: Leftovers
|upkeep
|turn|11
|
|t:|1757854863
|switch|p1a: Landorus|Landorus-Therian, M|96/100
|-ability|p1a: Landorus|Intimidate|boost
|-unboost|p2a: Heatran|atk|1
|move|p2a: Heatran|Stealth Rock|p1a: Landorus
|-sidestart|p1: edgingCeaselesslly|move: Stealth Rock
|
|-heal|p2a: Heatran|87/100|[from] item: Leftovers
|upkeep
|turn|12
|
|t:|1757854866
|move|p1a: Landorus|Stealth Rock|p2a: Heatran
|-sidestart|p2: cr aries|move: Stealth Rock
|move|p2a: Heatran|Magma Storm|p1a: Landorus
|-damage|p1a: Landorus|49/100
|-activate|p1a: Landorus|move: Magma Storm|[of] p2a: Heatran
|
|-heal|p2a: Heatran|93/100|[from] item: Leftovers
|-damage|p1a: Landorus|37/100|[from] move: Magma Storm|[partiallytrapped]
|upkeep
|turn|13
|j| xmagic_247
|
|t:|1757854870
|move|p2a: Heatran|Protect|p2a: Heatran
|-singleturn|p2a: Heatran|Protect
|move|p1a: Landorus|Earthquake|p2a: Heatran
|-activate|p2a: Heatran|move: Protect
|
|-heal|p2a: Heatran|99/100|[from] item: Leftovers
|-damage|p1a: Landorus|24/100|[from] move: Magma Storm|[partiallytrapped]
|upkeep
|turn|14
|
|t:|1757854884
|move|p1a: Landorus|Earthquake|p2a: Heatran
|-supereffective|p2a: Heatran
|-damage|p2a: Heatran|0 fnt
|faint|p2a: Heatran
|
|-end|p1a: Landorus|Magma Storm|[partiallytrapped]|[silent]
|upkeep
|
|t:|1757854889
|switch|p2a: Weavile|Weavile, F|45/100
|turn|15
|
|t:|1757854899
|switch|p1a: Zamazenta|Zamazenta|100/100
|-damage|p1a: Zamazenta|94/100|[from] Stealth Rock
|-ability|p1a: Zamazenta|Dauntless Shield|boost
|-boost|p1a: Zamazenta|def|1
|move|p2a: Weavile|Ice Shard|p1a: Zamazenta
|-damage|p1a: Zamazenta|84/100
|
|-heal|p1a: Zamazenta|90/100|[from] item: Leftovers
|upkeep
|turn|16
|j| 3idk
|inactive|cr aries has 120 seconds left.
|
|t:|1757854931
|switch|p2a: Gholdengo|Gholdengo|100/100
|-damage|p2a: Gholdengo|94/100|[from] Stealth Rock
|move|p1a: Zamazenta|Crunch|p2a: Gholdengo
|-supereffective|p2a: Gholdengo
|-damage|p2a: Gholdengo|64/100
|
|-heal|p1a: Zamazenta|96/100|[from] item: Leftovers
|upkeep
|turn|17
|inactive|edgingCeaselesslly has 120 seconds left.
|inactive|edgingCeaselesslly has 90 seconds left.
|
|t:|1757854999
|switch|p1a: Landorus|Landorus-Therian, M|24/100
|-damage|p1a: Landorus|12/100|[from] Stealth Rock
|-ability|p1a: Landorus|Intimidate|boost
|-unboost|p2a: Gholdengo|atk|1
|move|p2a: Gholdengo|Recover|p2a: Gholdengo
|-heal|p2a: Gholdengo|100/100
|
|upkeep
|turn|18
|inactive|edgingCeaselesslly has 90 seconds left.
|
|t:|1757855013
|switch|p2a: Corviknight|Corviknight, F|54/100
|-damage|p2a: Corviknight|42/100|[from] Stealth Rock
|-ability|p2a: Corviknight|Pressure
|move|p1a: Landorus|Earthquake|p2a: Corviknight
|-immune|p2a: Corviknight
|
|upkeep
|turn|19
|
|t:|1757855018
|move|p1a: Landorus|Smack Down|p2a: Corviknight
|-damage|p2a: Corviknight|32/100
|-start|p2a: Corviknight|Smack Down
|move|p2a: Corviknight|Roost|p2a: Corviknight
|-heal|p2a: Corviknight|82/100
|-singleturn|p2a: Corviknight|move: Roost
|
|upkeep
|turn|20
|
|t:|1757855021
|move|p1a: Landorus|Earthquake|p2a: Corviknight
|-supereffective|p2a: Corviknight
|-damage|p2a: Corviknight|20/100
|move|p2a: Corviknight|Brave Bird|p1a: Landorus
|-damage|p1a: Landorus|0 fnt
|-damage|p2a: Corviknight|3/100|[from] item: Rocky Helmet|[of] p1a: Landorus
|faint|p1a: Landorus
|-damage|p2a: Corviknight|0 fnt|[from] Recoil
|faint|p2a: Corviknight
|
|upkeep
|
|t:|1757855039
|switch|p1a: Latios|Latios, M|100/100
|switch|p2a: Gholdengo|Gholdengo|100/100
|-damage|p1a: Latios|88/100|[from] Stealth Rock
|-damage|p2a: Gholdengo|94/100|[from] Stealth Rock
|turn|21
|
|t:|1757855047
|move|p1a: Latios|Calm Mind|p1a: Latios
|-boost|p1a: Latios|spa|1
|-boost|p1a: Latios|spd|1
|move|p2a: Gholdengo|Shadow Ball|p1a: Latios
|-supereffective|p1a: Latios
|-damage|p1a: Latios|42/100
|
|upkeep
|turn|22
|
|t:|1757855053
|move|p1a: Latios|Recover|p1a: Latios
|-heal|p1a: Latios|92/100
|move|p2a: Gholdengo|Shadow Ball|p1a: Latios
|-supereffective|p1a: Latios
|-damage|p1a: Latios|43/100
|
|upkeep
|turn|23
|
|t:|1757855059
|move|p1a: Latios|Recover|p1a: Latios
|-heal|p1a: Latios|94/100
|move|p2a: Gholdengo|Nasty Plot|p2a: Gholdengo
|-boost|p2a: Gholdengo|spa|2
|
|upkeep
|turn|24
|
|t:|1757855063
|move|p1a: Latios|Calm Mind|p1a: Latios
|-boost|p1a: Latios|spa|1
|-boost|p1a: Latios|spd|1
|move|p2a: Gholdengo|Shadow Ball|p1a: Latios
|-supereffective|p1a: Latios
|-damage|p1a: Latios|23/100
|
|upkeep
|turn|25
|
|t:|1757855076
|move|p1a: Latios|Draco Meteor|p2a: Gholdengo
|-resisted|p2a: Gholdengo
|-damage|p2a: Gholdengo|15/100
|-unboost|p1a: Latios|spa|2
|move|p2a: Gholdengo|Shadow Ball|p1a: Latios
|-supereffective|p1a: Latios
|-damage|p1a: Latios|0 fnt
|faint|p1a: Latios
|
|upkeep
|inactive|edgingCeaselesslly has 120 seconds left.
|
|t:|1757855088
|switch|p1a: Zamazenta|Zamazenta|96/100
|-damage|p1a: Zamazenta|90/100|[from] Stealth Rock
|turn|26
|
|t:|1757855091
|move|p1a: Zamazenta|Crunch|p2a: Gholdengo
|-supereffective|p2a: Gholdengo
|-damage|p2a: Gholdengo|0 fnt
|faint|p2a: Gholdengo
|
|-heal|p1a: Zamazenta|96/100|[from] item: Leftovers
|upkeep
|
|t:|1757855103
|switch|p2a: Slowking|Slowking-Galar, F|100/100
|turn|27
|
|t:|1757855107
|switch|p1a: Scizor|Scizor, F, tera:Electric|11/100
|-damage|p1a: Scizor|0 fnt|[from] Stealth Rock
|faint|p1a: Scizor
|move|p2a: Slowking|Future Sight|p1: Scizor
|-start|p2a: Slowking|move: Future Sight
|
|upkeep
|
|t:|1757855113
|switch|p1a: Pecharunt|Pecharunt|100/100
|turn|28
|
|t:|1757855120
|move|p1a: Pecharunt|Parting Shot|p2a: Slowking
|-unboost|p2a: Slowking|atk|1
|-unboost|p2a: Slowking|spa|1
|
|t:|1757855122
|switch|p1a: Zamazenta|Zamazenta|96/100|[from] Parting Shot
|-damage|p1a: Zamazenta|90/100|[from] Stealth Rock
|move|p2a: Slowking|Toxic Spikes|p1a: Zamazenta
|-sidestart|p1: edgingCeaselesslly|move: Toxic Spikes
|
|-heal|p1a: Zamazenta|96/100|[from] item: Leftovers
|upkeep
|turn|29
|
|t:|1757855128
|switch|p1a: Pecharunt|Pecharunt|100/100
|-sideend|p1: edgingCeaselesslly|move: Toxic Spikes|[of] p1a: Pecharunt
|move|p2a: Slowking|Sludge Bomb|p1a: Pecharunt
|-resisted|p1a: Pecharunt
|-damage|p1a: Pecharunt|95/100
|
|-end|p1a: Pecharunt|move: Future Sight
|-supereffective|p1a: Pecharunt
|-damage|p1a: Pecharunt|33/100
|upkeep
|turn|30
|
|t:|1757855136
|move|p1a: Pecharunt|Recover|p1a: Pecharunt
|-heal|p1a: Pecharunt|83/100
|move|p2a: Slowking|Future Sight|p1a: Pecharunt
|-start|p2a: Slowking|move: Future Sight
|
|upkeep
|turn|31
|
|t:|1757855139
|move|p1a: Pecharunt|Shadow Ball|p2a: Slowking
|-supereffective|p2a: Slowking
|-damage|p2a: Slowking|73/100
|-prepare|p2a: Slowking|Chilly Reception|[premajor]
|move|p2a: Slowking|Chilly Reception|p2a: Slowking
|-weather|Snowscape
|
|t:|1757855143
|switch|p2a: Weavile|Weavile, F|45/100|[from] Chilly Reception
|
|-weather|Snowscape|[upkeep]
|upkeep
|turn|32
|
|t:|1757855161
|switch|p2a: Slowking|Slowking-Galar, F|100/100
|move|p1a: Pecharunt|Malignant Chain|p2a: Slowking
|-resisted|p2a: Slowking
|-damage|p2a: Slowking|91/100
|
|-weather|Snowscape|[upkeep]
|-end|p1a: Pecharunt|move: Future Sight
|-supereffective|p1a: Pecharunt
|-damage|p1a: Pecharunt|0 fnt
|faint|p1a: Pecharunt
|upkeep
|
|t:|1757855164
|switch|p1a: Zamazenta|Zamazenta|96/100
|-damage|p1a: Zamazenta|90/100|[from] Stealth Rock
|turn|33
|
|t:|1757855167
|move|p1a: Zamazenta|Crunch|p2a: Slowking
|-supereffective|p2a: Slowking
|-damage|p2a: Slowking|47/100
|move|p2a: Slowking|Future Sight|p1a: Zamazenta
|-start|p2a: Slowking|move: Future Sight
|
|-weather|Snowscape|[upkeep]
|-heal|p1a: Zamazenta|96/100|[from] item: Leftovers
|upkeep
|turn|34
|c|☆cr aries|gg
|
|t:|1757855172
|move|p1a: Zamazenta|Crunch|p2a: Slowking
|-supereffective|p2a: Slowking
|-damage|p2a: Slowking|0 fnt
|faint|p2a: Slowking
|
|-weather|Snowscape|[upkeep]
|-heal|p1a: Zamazenta|100/100|[from] item: Leftovers
|upkeep
|
|t:|1757855176
|switch|p2a: Sandy Shocks|Sandy Shocks|100/100
|-damage|p2a: Sandy Shocks|94/100|[from] Stealth Rock
|-enditem|p2a: Sandy Shocks|Booster Energy
|-activate|p2a: Sandy Shocks|ability: Protosynthesis|[fromitem]
|-start|p2a: Sandy Shocks|protosynthesisspe
|turn|35
|
|t:|1757855181
|move|p2a: Sandy Shocks|Earth Power|p1a: Zamazenta
|-damage|p1a: Zamazenta|65/100
|-unboost|p1a: Zamazenta|spd|1
|move|p1a: Zamazenta|Body Press|p2a: Sandy Shocks
|-damage|p2a: Sandy Shocks|49/100
|
|-weather|none
|-end|p1a: Zamazenta|move: Future Sight
|-supereffective|p1a: Zamazenta
|-damage|p1a: Zamazenta|0 fnt
|faint|p1a: Zamazenta
|
|win|cr aries
|raw|edgingCeaselesslly's rating: 1657 &rarr; <strong>1642</strong><br />(-15 for losing)
|raw|cr aries's rating: 1742 &rarr; <strong>1757</strong><br />(+15 for winning)
|l| 3idk
|l|‽edgingCeaselesslly
|player|p1|
|l|☆cr aries
|player|p2|
|l| Nikator98
|l| wgw2333
