|j|☆IceFangLuxray
|j|☆The Burger
|t:|1757890173
|gametype|singles
|player|p1|IceFangLuxray|hilda|1406
|player|p2|The Burger|palmer|1442
|gen|9
|tier|[Gen 9] OU
|rated|
|rule|HP Percentage Mod: HP is shown in percentages
|rule|Endless Battle Clause: Forcing endless battles is banned
|rule|Species Clause: Limit one of each Pokémon
|rule|OHKO Clause: OHKO moves are banned
|rule|Evasion Items Clause: Evasion items are banned
|rule|Evasion Moves Clause: Evasion moves are banned
|rule|Evasion Abilities Clause: Evasion abilities are banned
|rule|Sleep Moves Clause: Sleep-inducing moves are banned
|clearpoke
|poke|p1|Samurott-Hisui, F|
|poke|p1|Gholdengo|
|poke|p1|Iron Valiant|
|poke|p1|Raging Bolt|
|poke|p1|Moltres|
|poke|p1|Great Tusk|
|poke|p2|Thundurus-Therian, M|
|poke|p2|Alomomola, F|
|poke|p2|Hydrapple, M|
|poke|p2|Iron Valiant|
|poke|p2|Garchomp, F|
|poke|p2|Corviknight, F|
|teampreview
|inactive|Battle timer is ON: inactive players will automatically lose when time's up. (requested by The Burger)
|
|t:|1757890207
|teamsize|p1|6
|teamsize|p2|6
|start
|switch|p1a: Raging Bolt|Raging Bolt|100/100
|switch|p2a: Garchomp|Garchomp, F|100/100
|turn|1
|
|t:|1757890222
|-end|p1a: Raging Bolt|Protosynthesis|[silent]
|switch|p1a: Moltres|Moltres|100/100
|move|p2a: Garchomp|Spikes|p1a: Moltres
|-sidestart|p1: IceFangLuxray|Spikes
|
|upkeep
|turn|2
|
|t:|1757890229
|switch|p2a: Thundurus|Thundurus-Therian, M|100/100
|switch|p1a: Great Tusk|Great Tusk|100/100
|-damage|p1a: Great Tusk|88/100|[from] Spikes
|-enditem|p1a: Great Tusk|Booster Energy
|-activate|p1a: Great Tusk|ability: Protosynthesis|[fromitem]
|-start|p1a: Great Tusk|protosynthesisspe
|
|upkeep
|turn|3
|
|t:|1757890238
|-end|p1a: Great Tusk|Protosynthesis|[silent]
|switch|p1a: Raging Bolt|Raging Bolt|100/100
|switch|p2a: Alomomola|Alomomola, F|100/100
|
|upkeep
|turn|4
|
|t:|1757890246
|switch|p2a: Thundurus|Thundurus-Therian, M|100/100
|move|p1a: Raging Bolt|Dragon Pulse|p2a: Thundurus
|-damage|p2a: Thundurus|28/100
|
|upkeep
|turn|5
|
|t:|1757890253
|move|p2a: Thundurus|U-turn|p1a: Raging Bolt
|-crit|p1a: Raging Bolt
|-damage|p1a: Raging Bolt|79/100
|
|t:|1757890257
|switch|p2a: Iron Valiant|Iron Valiant|100/100|[from] U-turn
|-enditem|p2a: Iron Valiant|Booster Energy
|-activate|p2a: Iron Valiant|ability: Quark Drive|[fromitem]
|-start|p2a: Iron Valiant|quarkdrivespe
|move|p1a: Raging Bolt|Dragon Pulse|p2a: Iron Valiant
|-immune|p2a: Iron Valiant
|
|upkeep
|turn|6
|
|t:|1757890261
|-end|p1a: Raging Bolt|Protosynthesis|[silent]
|switch|p1a: Moltres|Moltres|100/100
|move|p2a: Iron Valiant|Calm Mind|p2a: Iron Valiant
|-boost|p2a: Iron Valiant|spa|1
|-boost|p2a: Iron Valiant|spd|1
|
|upkeep
|turn|7
|
|t:|1757890266
|move|p2a: Iron Valiant|Shadow Ball|p1a: Moltres
|-damage|p1a: Moltres|62/100
|-unboost|p1a: Moltres|spd|1
|move|p1a: Moltres|Roar|p2a: Iron Valiant
|-end|p2a: Iron Valiant|Quark Drive|[silent]
|drag|p2a: Corviknight|Corviknight, F|100/100
|-ability|p2a: Corviknight|Pressure
|
|upkeep
|turn|8
|
|t:|1757890273
|switch|p1a: Gholdengo|Gholdengo|100/100
|-item|p1a: Gholdengo|Air Balloon
|switch|p2a: Alomomola|Alomomola, F|100/100
|
|upkeep
|turn|9
|
|t:|1757890290
|switch|p1a: Samurott|Samurott-Hisui, F|100/100
|-damage|p1a: Samurott|88/100|[from] Spikes
|move|p2a: Alomomola|Flip Turn|p1a: Samurott
|-resisted|p1a: Samurott
|-damage|p1a: Samurott|79/100
|
|t:|1757890296
|switch|p2a: Iron Valiant|Iron Valiant|100/100|[from] Flip Turn
|
|upkeep
|turn|10
|
|t:|1757890301
|switch|p1a: Moltres|Moltres|62/100
|move|p2a: Iron Valiant|Moonblast|p1a: Moltres
|-resisted|p1a: Moltres
|-damage|p1a: Moltres|38/100
|
|upkeep
|turn|11
|
|t:|1757890307
|move|p2a: Iron Valiant|Calm Mind|p2a: Iron Valiant
|-boost|p2a: Iron Valiant|spa|1
|-boost|p2a: Iron Valiant|spd|1
|move|p1a: Moltres|Roost|p1a: Moltres
|-heal|p1a: Moltres|88/100
|-singleturn|p1a: Moltres|move: Roost
|
|upkeep
|turn|12
|
|t:|1757890309
|move|p2a: Iron Valiant|Shadow Ball|p1a: Moltres
|-damage|p1a: Moltres|46/100
|move|p1a: Moltres|Roar|p2a: Iron Valiant
|-end|p2a: Iron Valiant|Quark Drive|[silent]
|drag|p2a: Thundurus|Thundurus-Therian, M|28/100
|
|upkeep
|turn|13
|
|t:|1757890322
|switch|p1a: Raging Bolt|Raging Bolt|79/100
|move|p2a: Thundurus|U-turn|p1a: Raging Bolt
|-damage|p1a: Raging Bolt|65/100
|
|t:|1757890333
|switch|p2a: Iron Valiant|Iron Valiant|100/100|[from] U-turn
|
|upkeep
|turn|14
|
|t:|1757890337
|-end|p1a: Raging Bolt|Protosynthesis|[silent]
|switch|p1a: Moltres|Moltres|46/100
|move|p2a: Iron Valiant|Moonblast|p1a: Moltres
|-resisted|p1a: Moltres
|-damage|p1a: Moltres|23/100
|
|upkeep
|turn|15
|
|t:|1757890339
|move|p2a: Iron Valiant|Shadow Ball|p1a: Moltres
|-damage|p1a: Moltres|0 fnt
|faint|p1a: Moltres
|
|upkeep
|
|t:|1757890351
|switch|p1a: Iron Valiant|Iron Valiant|100/100
|-damage|p1a: Iron Valiant|88/100|[from] Spikes
|-enditem|p1a: Iron Valiant|Booster Energy
|-activate|p1a: Iron Valiant|ability: Quark Drive|[fromitem]
|-start|p1a: Iron Valiant|quarkdrivespe
|turn|16
|
|t:|1757890356
|-end|p2a: Iron Valiant|Quark Drive|[silent]
|switch|p2a: Corviknight|Corviknight, F|100/100
|-ability|p2a: Corviknight|Pressure
|move|p1a: Iron Valiant|Moonblast|p2a: Corviknight
|-resisted|p2a: Corviknight
|-damage|p2a: Corviknight|79/100
|
|-heal|p2a: Corviknight|85/100|[from] item: Leftovers
|upkeep
|turn|17
|
|t:|1757890361
|-end|p1a: Iron Valiant|Quark Drive|[silent]
|switch|p1a: Raging Bolt|Raging Bolt|65/100
|switch|p2a: Thundurus|Thundurus-Therian, M|28/100
|
|upkeep
|turn|18
|
|t:|1757890372
|move|p2a: Thundurus|Dark Pulse|p1a: Raging Bolt
|-damage|p1a: Raging Bolt|37/100
|move|p1a: Raging Bolt|Thunderbolt|p2a: Thundurus
|-heal|p2a: Thundurus|53/100|[from] ability: Volt Absorb|[of] p1a: Raging Bolt
|
|upkeep
|turn|19
|
|t:|1757890378
|move|p2a: Thundurus|U-turn|p1a: Raging Bolt
|-damage|p1a: Raging Bolt|23/100
|
|t:|1757890380
|switch|p2a: Iron Valiant|Iron Valiant|100/100|[from] U-turn
|move|p1a: Raging Bolt|Dragon Pulse|p2a: Iron Valiant
|-immune|p2a: Iron Valiant
|
|upkeep
|turn|20
|
|t:|1757890391
|move|p1a: Raging Bolt|Thunderclap|p2a: Iron Valiant
|-damage|p2a: Iron Valiant|33/100
|move|p2a: Iron Valiant|Moonblast|p1a: Raging Bolt
|-supereffective|p1a: Raging Bolt
|-damage|p1a: Raging Bolt|0 fnt
|faint|p1a: Raging Bolt
|-end|p1a: Raging Bolt|Protosynthesis|[silent]
|
|upkeep
|
|t:|1757890410
|switch|p1a: Samurott|Samurott-Hisui, F|79/100
|-damage|p1a: Samurott|66/100|[from] Spikes
|turn|21
|
|t:|1757890416
|-end|p2a: Iron Valiant|Quark Drive|[silent]
|switch|p2a: Hydrapple|Hydrapple, M|100/100
|move|p1a: Samurott|Razor Shell|p2a: Hydrapple
|-resisted|p2a: Hydrapple
|-damage|p2a: Hydrapple|91/100
|
|upkeep
|turn|22
|
|t:|1757890427
|switch|p1a: Gholdengo|Gholdengo|100/100
|-item|p1a: Gholdengo|Air Balloon
|move|p2a: Hydrapple|Giga Drain|p1a: Gholdengo
|-resisted|p1a: Gholdengo
|-damage|p1a: Gholdengo|79/100
|-heal|p2a: Hydrapple|99/100|[from] drain|[of] p1a: Gholdengo
|-enditem|p1a: Gholdengo|Air Balloon
|
|upkeep
|turn|23
|
|t:|1757890434
|move|p1a: Gholdengo|Nasty Plot|p1a: Gholdengo
|-boost|p1a: Gholdengo|spa|2
|move|p2a: Hydrapple|Earth Power|p1a: Gholdengo
|-supereffective|p1a: Gholdengo
|-damage|p1a: Gholdengo|9/100
|
|upkeep
|turn|24
|
|t:|1757890441
|-terastallize|p1a: Gholdengo|Fairy
|move|p1a: Gholdengo|Recover|p1a: Gholdengo
|-heal|p1a: Gholdengo|59/100
|move|p2a: Hydrapple|Giga Drain|p1a: Gholdengo
|-damage|p1a: Gholdengo|17/100
|-heal|p2a: Hydrapple|100/100|[from] drain|[of] p1a: Gholdengo
|
|upkeep
|turn|25
|
|t:|1757890455
|move|p1a: Gholdengo|Make It Rain|p2a: Hydrapple
|-damage|p2a: Hydrapple|5/100
|-unboost|p1a: Gholdengo|spa|1
|move|p2a: Hydrapple|Giga Drain|p1a: Gholdengo
|-damage|p1a: Gholdengo|0 fnt
|-heal|p2a: Hydrapple|12/100|[from] drain|[of] p1a: Gholdengo
|faint|p1a: Gholdengo
|
|upkeep
|
|t:|1757890469
|switch|p1a: Iron Valiant|Iron Valiant|88/100
|-damage|p1a: Iron Valiant|76/100|[from] Spikes
|turn|26
|
|t:|1757890472
|move|p1a: Iron Valiant|Knock Off|p2a: Hydrapple
|-damage|p2a: Hydrapple|0 fnt
|-enditem|p2a: Hydrapple|Assault Vest|[from] move: Knock Off|[of] p1a: Iron Valiant
|faint|p2a: Hydrapple
|
|upkeep
|
|t:|1757890478
|switch|p2a: Alomomola|Alomomola, F|100/100
|turn|27
|
|t:|1757890484
|move|p1a: Iron Valiant|Knock Off|p2a: Alomomola
|-damage|p2a: Alomomola|79/100
|-enditem|p2a: Alomomola|Heavy-Duty Boots|[from] move: Knock Off|[of] p1a: Iron Valiant
|move|p2a: Alomomola|Scald|p1a: Iron Valiant
|-damage|p1a: Iron Valiant|47/100
|
|upkeep
|turn|28
|
|t:|1757890488
|move|p1a: Iron Valiant|Moonblast|p2a: Alomomola
|-damage|p2a: Alomomola|47/100
|move|p2a: Alomomola|Wish|p2a: Alomomola
|
|upkeep
|turn|29
|
|t:|1757890492
|move|p2a: Alomomola|Protect|p2a: Alomomola
|-singleturn|p2a: Alomomola|Protect
|move|p1a: Iron Valiant|Moonblast|p2a: Alomomola
|-activate|p2a: Alomomola|move: Protect
|
|-heal|p2a: Alomomola|97/100|[from] move: Wish|[wisher] Alomomola
|upkeep
|turn|30
|
|t:|1757890495
|move|p1a: Iron Valiant|Moonblast|p2a: Alomomola
|-damage|p2a: Alomomola|63/100
|move|p2a: Alomomola|Scald|p1a: Iron Valiant
|-damage|p1a: Iron Valiant|19/100
|-status|p1a: Iron Valiant|brn
|
|-damage|p1a: Iron Valiant|13/100 brn|[from] brn
|upkeep
|turn|31
|
|t:|1757890498
|move|p1a: Iron Valiant|Moonblast|p2a: Alomomola
|-damage|p2a: Alomomola|31/100
|move|p2a: Alomomola|Wish|p2a: Alomomola
|
|-damage|p1a: Iron Valiant|7/100 brn|[from] brn
|upkeep
|turn|32
|
|t:|1757890502
|move|p2a: Alomomola|Protect|p2a: Alomomola
|-singleturn|p2a: Alomomola|Protect
|move|p1a: Iron Valiant|Moonblast|p2a: Alomomola
|-activate|p2a: Alomomola|move: Protect
|
|-heal|p2a: Alomomola|81/100|[from] move: Wish|[wisher] Alomomola
|-damage|p1a: Iron Valiant|0 fnt|[from] brn
|faint|p1a: Iron Valiant
|-end|p1a: Iron Valiant|Quark Drive|[silent]
|upkeep
|
|t:|1757890508
|switch|p1a: Samurott|Samurott-Hisui, F|66/100
|-damage|p1a: Samurott|54/100|[from] Spikes
|turn|33
|
|t:|1757890515
|switch|p2a: Garchomp|Garchomp, F|100/100
|move|p1a: Samurott|Ceaseless Edge|p2a: Garchomp
|-damage|p2a: Garchomp|70/100
|-damage|p1a: Samurott|41/100|[from] ability: Rough Skin|[of] p2a: Garchomp
|-damage|p1a: Samurott|25/100|[from] item: Rocky Helmet|[of] p2a: Garchomp
|-sidestart|p2: The Burger|Spikes
|
|upkeep
|turn|34
|
|t:|1757890522
|move|p1a: Samurott|Ceaseless Edge|p2a: Garchomp
|-damage|p2a: Garchomp|42/100
|-damage|p1a: Samurott|13/100|[from] ability: Rough Skin|[of] p2a: Garchomp
|-damage|p1a: Samurott|0 fnt|[from] item: Rocky Helmet|[of] p2a: Garchomp
|faint|p1a: Samurott
|move|p2a: Garchomp|Spikes|p1: Samurott
|-sidestart|p1: IceFangLuxray|Spikes
|
|upkeep
|
|t:|1757890525
|switch|p1a: Great Tusk|Great Tusk|88/100
|-damage|p1a: Great Tusk|71/100|[from] Spikes
|turn|35
|
|t:|1757890528
|move|p1a: Great Tusk|Rapid Spin|p2a: Garchomp
|-damage|p2a: Garchomp|34/100
|-boost|p1a: Great Tusk|spe|1
|-damage|p1a: Great Tusk|59/100|[from] ability: Rough Skin|[of] p2a: Garchomp
|-damage|p1a: Great Tusk|42/100|[from] item: Rocky Helmet|[of] p2a: Garchomp
|-sideend|p1: IceFangLuxray|Spikes|[from] move: Rapid Spin|[of] p1a: Great Tusk
|move|p2a: Garchomp|Earthquake|p1a: Great Tusk
|-damage|p1a: Great Tusk|16/100
|
|upkeep
|turn|36
|
|t:|1757890531
|move|p1a: Great Tusk|Ice Spinner|p2a: Garchomp
|-supereffective|p2a: Garchomp
|-damage|p2a: Garchomp|0 fnt
|-damage|p1a: Great Tusk|4/100|[from] ability: Rough Skin|[of] p2a: Garchomp
|-damage|p1a: Great Tusk|0 fnt|[from] item: Rocky Helmet|[of] p2a: Garchomp
|faint|p2a: Garchomp
|faint|p1a: Great Tusk
|-end|p1a: Great Tusk|Protosynthesis|[silent]
|
|win|The Burger
|raw|IceFangLuxray's rating: 1406 &rarr; <strong>1388</strong><br />(-18 for losing)
|raw|The Burger's rating: 1442 &rarr; <strong>1460</strong><br />(+18 for winning)
|l|☆IceFangLuxray
|player|p1|
