|j|☆Danxsh17
|j|☆thejay1224
|t:|1757830994
|gametype|singles
|player|p1|Danxsh17|blue|1496
|player|p2|thejay1224|266|1457
|gen|9
|tier|[Gen 9] OU
|rated|
|rule|HP Percentage Mod: HP is shown in percentages
|rule|Endless Battle Clause: Forcing endless battles is banned
|rule|Species Clause: Limit one of each Pokémon
|rule|OHKO Clause: OHKO moves are banned
|rule|Evasion Items Clause: Evasion items are banned
|rule|Evasion Moves Clause: Evasion moves are banned
|rule|Evasion Abilities Clause: Evasion abilities are banned
|rule|Sleep Moves Clause: Sleep-inducing moves are banned
|clearpoke
|poke|p1|Zapdos|
|poke|p1|Raging Bolt|
|poke|p1|Ursaluna, M|
|poke|p1|Hatterene, F|
|poke|p1|Quaquaval, M|
|poke|p1|Moltres|
|poke|p2|Torkoal, M|
|poke|p2|Serperior, M|
|poke|p2|Okidogi, M|
|poke|p2|Hatterene, F|
|poke|p2|Dragapult, M|
|poke|p2|Dragonite, M|
|teampreview
|inactive|Battle timer is ON: inactive players will automatically lose when time's up. (requested by Danxsh17)
|inactive|Danxsh17 has 120 seconds left.
|inactive|thejay1224 has 120 seconds left.
|
|t:|1757831026
|teamsize|p1|6
|teamsize|p2|6
|start
|switch|p1a: Zapdos|Zapdos|100/100
|switch|p2a: Okidogi|Okidogi, M|100/100
|turn|1
|
|t:|1757831033
|move|p2a: Okidogi|Gunk Shot|p1a: Zapdos
|-damage|p1a: Zapdos|28/100
|move|p1a: Zapdos|Hurricane|p2a: Okidogi
|-supereffective|p2a: Okidogi
|-damage|p2a: Okidogi|0 fnt
|faint|p2a: Okidogi
|
|upkeep
|
|t:|1757831055
|switch|p2a: Serperior|Serperior, M|100/100
|turn|2
|
|t:|1757831073
|switch|p1a: Moltres|Moltres|100/100
|move|p2a: Serperior|Leaf Storm|p1a: Moltres
|-resisted|p1a: Moltres
|-damage|p1a: Moltres|93/100
|-boost|p2a: Serperior|spa|2
|
|upkeep
|turn|3
|
|t:|1757831088
|-terastallize|p2a: Serperior|Ground
|move|p2a: Serperior|Leaf Storm|p1a: Moltres
|-resisted|p1a: Moltres
|-damage|p1a: Moltres|78/100
|-boost|p2a: Serperior|spa|2
|move|p1a: Moltres|Flamethrower|p2a: Serperior
|-damage|p2a: Serperior|61/100
|
|upkeep
|turn|4
|
|t:|1757831105
|move|p2a: Serperior|Leaf Storm|p1a: Moltres
|-resisted|p1a: Moltres
|-damage|p1a: Moltres|53/100
|-boost|p2a: Serperior|spa|2
|move|p1a: Moltres|Will-O-Wisp|p2a: Serperior
|-status|p2a: Serperior|brn
|
|-damage|p2a: Serperior|55/100 brn|[from] brn
|upkeep
|turn|5
|
|t:|1757831110
|move|p2a: Serperior|Synthesis|p2a: Serperior
|-heal|p2a: Serperior|100/100 brn
|move|p1a: Moltres|Roost|p1a: Moltres
|-heal|p1a: Moltres|100/100
|-singleturn|p1a: Moltres|move: Roost
|
|-damage|p2a: Serperior|94/100 brn|[from] brn
|upkeep
|turn|6
|
|t:|1757831112
|move|p2a: Serperior|Dragon Pulse|p1a: Moltres
|-damage|p1a: Moltres|45/100
|move|p1a: Moltres|Flamethrower|p2a: Serperior
|-damage|p2a: Serperior|57/100 brn
|
|-damage|p2a: Serperior|51/100 brn|[from] brn
|upkeep
|turn|7
|
|t:|1757831115
|move|p2a: Serperior|Dragon Pulse|p1a: Moltres
|-damage|p1a: Moltres|0 fnt
|faint|p1a: Moltres
|
|-damage|p2a: Serperior|44/100 brn|[from] brn
|upkeep
|
|t:|1757831120
|switch|p1a: Quaquaval|Quaquaval, M|100/100
|turn|8
|
|t:|1757831144
|-terastallize|p1a: Quaquaval|Fire
|move|p2a: Serperior|Leaf Storm|p1a: Quaquaval
|-resisted|p1a: Quaquaval
|-damage|p1a: Quaquaval|0 fnt
|faint|p1a: Quaquaval
|
|-damage|p2a: Serperior|38/100 brn|[from] brn
|upkeep
|
|t:|1757831150
|switch|p1a: Raging Bolt|Raging Bolt|100/100
|-enditem|p1a: Raging Bolt|Booster Energy
|-activate|p1a: Raging Bolt|ability: Protosynthesis|[fromitem]
|-start|p1a: Raging Bolt|protosynthesisspa
|turn|9
|
|t:|1757831155
|move|p2a: Serperior|Tera Blast|p1a: Raging Bolt|[anim] Tera Blast Ground
|-supereffective|p1a: Raging Bolt
|-crit|p1a: Raging Bolt
|-damage|p1a: Raging Bolt|0 fnt
|faint|p1a: Raging Bolt
|-end|p1a: Raging Bolt|Protosynthesis|[silent]
|
|-damage|p2a: Serperior|32/100 brn|[from] brn
|upkeep
|-message|Danxsh17 forfeited.
|
|win|thejay1224
|raw|Danxsh17's rating: 1496 &rarr; <strong>1474</strong><br />(-22 for losing)
|raw|thejay1224's rating: 1457 &rarr; <strong>1479</strong><br />(+22 for winning)
|l|☆Danxsh17
|player|p1|
|l|☆thejay1224
|player|p2|
