|j|☆sado14
|j|☆KalebsShizz
|t:|1757872384
|gametype|singles
|player|p1|sado14|1|1148
|player|p2|KalebsShizz|n|1202
|gen|9
|tier|[Gen 9] OU
|rated|
|rule|HP Percentage Mod: HP is shown in percentages
|rule|Endless Battle Clause: Forcing endless battles is banned
|rule|Species Clause: Limit one of each Pokémon
|rule|OHKO Clause: OHKO moves are banned
|rule|Evasion Items Clause: Evasion items are banned
|rule|Evasion Moves Clause: Evasion moves are banned
|rule|Evasion Abilities Clause: Evasion abilities are banned
|rule|Sleep Moves Clause: Sleep-inducing moves are banned
|clearpoke
|poke|p1|Tornadus, M|
|poke|p1|Toxtricity, M|
|poke|p1|Iron Valiant|
|poke|p1|Arcanine-Hisui, M|
|poke|p1|Brambleghast, M|
|poke|p1|Hydreigon, M|
|poke|p2|Primeape, F|
|poke|p2|Cinccino, M|
|poke|p2|Cramorant, M|
|poke|p2|Hoopa-Unbound|
|poke|p2|Masquerain, M|
|poke|p2|Jolteon, M|
|teampreview
|inactive|Battle timer is ON: inactive players will automatically lose when time's up. (requested by sado14)
|
|t:|1757872396
|teamsize|p1|6
|teamsize|p2|6
|start
|switch|p1a: Tornadus|Tornadus, M, shiny|100/100
|switch|p2a: Jolteon|Jolteon, M|100/100
|turn|1
|
|t:|1757872399
|move|p1a: Tornadus|Tailwind|p1a: Tornadus
|-sidestart|p1: sado14|move: Tailwind
|move|p2a: Jolteon|Volt Switch|p1a: Tornadus
|-supereffective|p1a: Tornadus
|-damage|p1a: Tornadus|0 fnt
|faint|p1a: Tornadus
|
|t:|1757872402
|switch|p2a: Masquerain|Masquerain, M|100/100|[from] Volt Switch
|
|upkeep
|
|t:|1757872405
|switch|p1a: Toxtricity|Toxtricity, M, shiny|100/100
|turn|2
|
|t:|1757872416
|move|p1a: Toxtricity|Boomburst|p2a: Masquerain
|-enditem|p2a: Masquerain|Focus Sash
|-damage|p2a: Masquerain|1/100
|move|p2a: Masquerain|Sticky Web|p1a: Toxtricity
|-sidestart|p1: sado14|move: Sticky Web
|
|upkeep
|turn|3
|
|t:|1757872423
|move|p1a: Toxtricity|Boomburst|p2a: Masquerain
|-damage|p2a: Masquerain|0 fnt
|faint|p2a: Masquerain
|
|upkeep
|
|t:|1757872428
|switch|p2a: Hoopa|Hoopa-Unbound|100/100
|turn|4
|
|t:|1757872436
|switch|p1a: Hydreigon|Hydreigon, M, shiny|100/100
|move|p2a: Hoopa|Hyperspace Fury|p1a: Hydreigon
|-resisted|p1a: Hydreigon
|-damage|p1a: Hydreigon|66/100
|-unboost|p2a: Hoopa|def|1
|-enditem|p2a: Hoopa|Eject Pack
|
|t:|1757872451
|switch|p2a: Jolteon|Jolteon, M|100/100
|
|-sideend|p1: sado14|move: Tailwind
|upkeep
|turn|5
|
|t:|1757872458
|move|p2a: Jolteon|Alluring Voice|p1a: Hydreigon
|-supereffective|p1a: Hydreigon
|-damage|p1a: Hydreigon|0 fnt
|faint|p1a: Hydreigon
|
|upkeep
|
|t:|1757872461
|switch|p1a: Brambleghast|Brambleghast, M, shiny|100/100
|-activate|p1a: Brambleghast|move: Sticky Web
|-unboost|p1a: Brambleghast|spe|1
|turn|6
|
|t:|1757872466
|switch|p2a: Hoopa|Hoopa-Unbound|100/100
|move|p1a: Brambleghast|Rapid Spin|p2a: Hoopa
|-damage|p2a: Hoopa|56/100
|-boost|p1a: Brambleghast|spe|1
|-sideend|p1: sado14|Sticky Web|[from] move: Rapid Spin|[of] p1a: Brambleghast
|-damage|p1a: Brambleghast|91/100|[from] item: Life Orb
|
|upkeep
|turn|7
|
|t:|1757872478
|switch|p1a: Toxtricity|Toxtricity, M, shiny|100/100
|move|p2a: Hoopa|Hyperspace Fury|p1a: Toxtricity
|-damage|p1a: Toxtricity|0 fnt
|-unboost|p2a: Hoopa|def|1
|faint|p1a: Toxtricity
|-item|p2a: Hoopa|Choice Specs|[from] ability: Magician|[of] p1: Toxtricity
|
|upkeep
|
|t:|1757872486
|switch|p1a: Iron Valiant|Iron Valiant, shiny|100/100
|turn|8
|l|☆KalebsShizz
|inactive|KalebsShizz disconnected and has a minute to reconnect!
|player|p2|
|inactive|KalebsShizz has 30 seconds to reconnect!
|inactive|KalebsShizz has 20 seconds to reconnect!
|inactive|KalebsShizz has 15 seconds to reconnect!
|inactive|KalebsShizz has 10 seconds to reconnect!
|inactive|KalebsShizz has 5 seconds to reconnect!
|-message|KalebsShizz lost due to inactivity.
|
|win|sado14
|raw|sado14's rating: 1148 &rarr; <strong>1177</strong><br />(+29 for winning)
|raw|KalebsShizz's rating: 1202 &rarr; <strong>1173</strong><br />(-29 for losing)
|l|☆sado14
|player|p1|
|j|☆KalebsShizz
|player|p2|KalebsShizz|n|
|l|☆KalebsShizz
|player|p2|
