|j|☆Gym Leader Bert
|j|☆SpectralStorm
|t:|1757827145
|gametype|singles
|player|p1|Gym Leader Bert|gentleman-gen4|1107
|player|p2|SpectralStorm|1|1132
|gen|9
|tier|[Gen 9] OU
|rated|
|rule|HP Percentage Mod: HP is shown in percentages
|rule|Endless Battle Clause: Forcing endless battles is banned
|rule|Species Clause: Limit one of each Pokémon
|rule|OHKO Clause: OHKO moves are banned
|rule|Evasion Items Clause: Evasion items are banned
|rule|Evasion Moves Clause: Evasion moves are banned
|rule|Evasion Abilities Clause: Evasion abilities are banned
|rule|Sleep Moves Clause: Sleep-inducing moves are banned
|clearpoke
|poke|p1|Torkoal, M|
|poke|p1|Hatterene, F|
|poke|p1|Walking Wake|
|poke|p1|Gliscor, F|
|poke|p1|Dragapult, F|
|poke|p1|Cloyster, F|
|poke|p2|Bellibolt, F|
|poke|p2|Basculegion, M|
|poke|p2|Dragonite, F|
|poke|p2|Iron Treads|
|poke|p2|Barraskewda, M|
|poke|p2|Pelipper, F|
|teampreview
|
|t:|1757827153
|teamsize|p1|6
|teamsize|p2|6
|start
|switch|p1a: Cloyster|Cloyster, F|100/100
|switch|p2a: Basculegion|Basculegion, M|100/100
|turn|1
|
|t:|1757827159
|move|p1a: Cloyster|Shell Smash|p1a: Cloyster
|-unboost|p1a: Cloyster|def|1
|-unboost|p1a: Cloyster|spd|1
|-boost|p1a: Cloyster|atk|2
|-boost|p1a: Cloyster|spa|2
|-boost|p1a: Cloyster|spe|2
|move|p2a: Basculegion|Flip Turn|p1a: Cloyster
|-resisted|p1a: Cloyster
|-damage|p1a: Cloyster|60/100
|
|t:|1757827163
|switch|p2a: Bellibolt|Bellibolt, F|100/100|[from] Flip Turn
|
|upkeep
|turn|2
|
|t:|1757827167
|move|p1a: Cloyster|Drill Run|p2a: Bellibolt
|-supereffective|p2a: Bellibolt
|-damage|p2a: Bellibolt|19/100
|-start|p2a: Bellibolt|Charge|Drill Run|[from] ability: Electromorphosis
|move|p2a: Bellibolt|Volt Switch|p1a: Cloyster
|-supereffective|p1a: Cloyster
|-damage|p1a: Cloyster|0 fnt
|faint|p1a: Cloyster
|-end|p2a: Bellibolt|Charge|[silent]
|
|t:|1757827170
|switch|p2a: Pelipper|Pelipper, F|100/100|[from] Volt Switch
|-weather|RainDance|[from] ability: Drizzle|[of] p2a: Pelipper
|
|-weather|RainDance|[upkeep]
|upkeep
|
|t:|1757827174
|switch|p1a: Walking Wake|Walking Wake|100/100
|turn|3
|
|t:|1757827177
|switch|p2a: Bellibolt|Bellibolt, F|19/100
|move|p1a: Walking Wake|Hydro Steam|p2a: Bellibolt
|-damage|p2a: Bellibolt|0 fnt
|faint|p2a: Bellibolt
|
|-weather|RainDance|[upkeep]
|upkeep
|
|t:|1757827185
|switch|p2a: Dragonite|Dragonite, F|100/100
|turn|4
|
|t:|1757827191
|-end|p1a: Walking Wake|Protosynthesis|[silent]
|switch|p1a: Sun God Koal|Torkoal, M|100/100
|-weather|SunnyDay|[from] ability: Drought|[of] p1a: Sun God Koal
|move|p2a: Dragonite|Draco Meteor|p1a: Sun God Koal
|-damage|p1a: Sun God Koal|22/100
|-unboost|p2a: Dragonite|spa|2
|-enditem|p2a: Dragonite|Eject Pack
|
|t:|1757827194
|switch|p2a: Pelipper|Pelipper, F|100/100
|-weather|RainDance|[from] ability: Drizzle|[of] p2a: Pelipper
|
|-weather|RainDance|[upkeep]
|upkeep
|turn|5
|
|t:|1757827202
|move|p2a: Pelipper|U-turn|p1a: Sun God Koal
|-resisted|p1a: Sun God Koal
|-damage|p1a: Sun God Koal|19/100
|
|t:|1757827205
|switch|p2a: Basculegion|Basculegion, M|100/100|[from] U-turn
|move|p1a: Sun God Koal|Stealth Rock|p2a: Basculegion
|-sidestart|p2: SpectralStorm|move: Stealth Rock
|
|-weather|RainDance|[upkeep]
|upkeep
|turn|6
|
|t:|1757827210
|switch|p1a: Walking Wake|Walking Wake|100/100
|move|p2a: Basculegion|Flip Turn|p1a: Walking Wake
|-resisted|p1a: Walking Wake
|-damage|p1a: Walking Wake|75/100
|
|t:|1757827214
|switch|p2a: Dragonite|Dragonite, F|100/100|[from] Flip Turn
|-damage|p2a: Dragonite|76/100|[from] Stealth Rock
|
|-weather|RainDance|[upkeep]
|upkeep
|turn|7
|
|t:|1757827221
|-terastallize|p2a: Dragonite|Steel
|move|p1a: Walking Wake|Draco Meteor|p2a: Dragonite
|-resisted|p2a: Dragonite
|-damage|p2a: Dragonite|15/100
|-unboost|p1a: Walking Wake|spa|2
|move|p2a: Dragonite|Hurricane|p1a: Walking Wake
|-damage|p1a: Walking Wake|15/100
|
|-weather|RainDance|[upkeep]
|upkeep
|turn|8
|
|t:|1757827231
|switch|p2a: Iron Treads|Iron Treads|100/100
|-damage|p2a: Iron Treads|98/100|[from] Stealth Rock
|move|p1a: Walking Wake|Draco Meteor|p2a: Iron Treads
|-resisted|p2a: Iron Treads
|-damage|p2a: Iron Treads|67/100
|-unboost|p1a: Walking Wake|spa|2
|-enditem|p2a: Iron Treads|Eject Button
|
|t:|1757827236
|-end|p2a: Iron Treads|Quark Drive|[silent]
|switch|p2a: Basculegion|Basculegion, M|100/100
|-damage|p2a: Basculegion|88/100|[from] Stealth Rock
|
|-weather|RainDance|[upkeep]
|upkeep
|turn|9
|
|t:|1757827241
|-end|p1a: Walking Wake|Protosynthesis|[silent]
|switch|p1a: Sun God Koal|Torkoal, M|19/100
|-weather|SunnyDay|[from] ability: Drought|[of] p1a: Sun God Koal
|move|p2a: Basculegion|Wave Crash|p1a: Sun God Koal
|-supereffective|p1a: Sun God Koal
|-damage|p1a: Sun God Koal|0 fnt
|faint|p1a: Sun God Koal
|-damage|p2a: Basculegion|83/100|[from] Recoil
|
|-weather|SunnyDay|[upkeep]
|upkeep
|
|t:|1757827244
|switch|p1a: Walking Wake|Walking Wake|15/100
|-activate|p1a: Walking Wake|ability: Protosynthesis
|-start|p1a: Walking Wake|protosynthesisspe
|turn|10
|
|t:|1757827256
|switch|p2a: Dragonite|Dragonite, F, tera:Steel|15/100
|-damage|p2a: Dragonite|9/100|[from] Stealth Rock
|move|p1a: Walking Wake|Hydro Steam|p2a: Dragonite
|-damage|p2a: Dragonite|0 fnt
|faint|p2a: Dragonite
|
|-weather|SunnyDay|[upkeep]
|upkeep
|
|t:|1757827258
|switch|p2a: Pelipper|Pelipper, F|100/100
|-damage|p2a: Pelipper|76/100|[from] Stealth Rock
|-weather|RainDance|[from] ability: Drizzle|[of] p2a: Pelipper
|-end|p1a: Walking Wake|Protosynthesis
|turn|11
|
|t:|1757827267
|move|p1a: Walking Wake|Hydro Steam|p2a: Pelipper
|-resisted|p2a: Pelipper
|-damage|p2a: Pelipper|16/100
|move|p2a: Pelipper|Hurricane|p1a: Walking Wake
|-damage|p1a: Walking Wake|0 fnt
|faint|p1a: Walking Wake
|-end|p1a: Walking Wake|Protosynthesis|[silent]
|
|-weather|RainDance|[upkeep]
|upkeep
|
|t:|1757827272
|switch|p1a: Dragapult|Dragapult, F|100/100
|turn|12
|
|t:|1757827275
|move|p1a: Dragapult|Phantom Force||[still]
|-prepare|p1a: Dragapult|Phantom Force
|move|p2a: Pelipper|U-turn|p1a: Dragapult|[miss]
|-miss|p2a: Pelipper|p1a: Dragapult
|
|-weather|RainDance|[upkeep]
|upkeep
|turn|13
|
|t:|1757827281
|move|p1a: Dragapult|Phantom Force|p2a: Pelipper|[from] lockedmove
|-damage|p2a: Pelipper|0 fnt
|faint|p2a: Pelipper
|
|-weather|RainDance|[upkeep]
|upkeep
|
|t:|1757827287
|switch|p2a: Barraskewda|Barraskewda, M|100/100
|-damage|p2a: Barraskewda|88/100|[from] Stealth Rock
|turn|14
|
|t:|1757827291
|switch|p1a: Gliscor|Gliscor, F|100/100
|move|p2a: Barraskewda|Liquidation|p1a: Gliscor
|-supereffective|p1a: Gliscor
|-damage|p1a: Gliscor|0 fnt
|faint|p1a: Gliscor
|
|-weather|RainDance|[upkeep]
|upkeep
|
|t:|1757827297
|switch|p1a: Hatterene|Hatterene, F|100/100
|turn|15
|
|t:|1757827299
|move|p2a: Barraskewda|Liquidation|p1a: Hatterene
|-enditem|p1a: Hatterene|Focus Sash
|-damage|p1a: Hatterene|1/100
|move|p1a: Hatterene|Trick Room|p1a: Hatterene
|-fieldstart|move: Trick Room|[of] p1a: Hatterene
|
|-weather|RainDance|[upkeep]
|upkeep
|turn|16
|
|t:|1757827306
|switch|p2a: Iron Treads|Iron Treads|67/100
|-damage|p2a: Iron Treads|64/100|[from] Stealth Rock
|move|p1a: Hatterene|Psychic|p2a: Iron Treads
|-resisted|p2a: Iron Treads
|-damage|p2a: Iron Treads|32/100
|
|-weather|RainDance|[upkeep]
|upkeep
|turn|17
|
|t:|1757827322
|move|p1a: Hatterene|Psychic|p2a: Iron Treads
|-resisted|p2a: Iron Treads
|-damage|p2a: Iron Treads|0 fnt
|faint|p2a: Iron Treads
|-end|p2a: Iron Treads|Quark Drive|[silent]
|
|-weather|RainDance|[upkeep]
|upkeep
|
|t:|1757827328
|switch|p2a: Barraskewda|Barraskewda, M|88/100
|-damage|p2a: Barraskewda|76/100|[from] Stealth Rock
|turn|18
|
|t:|1757827331
|move|p2a: Barraskewda|Aqua Jet|p1a: Hatterene
|-damage|p1a: Hatterene|0 fnt
|faint|p1a: Hatterene
|
|-weather|none
|upkeep
|
|t:|1757827334
|switch|p1a: Dragapult|Dragapult, F|100/100
|turn|19
|
|t:|1757827341
|-terastallize|p1a: Dragapult|Dark
|move|p2a: Barraskewda|Aqua Jet|p1a: Dragapult
|-damage|p1a: Dragapult|58/100
|move|p1a: Dragapult|Sucker Punch||[still]
|-fail|p1a: Dragapult
|
|-fieldend|move: Trick Room
|upkeep
|turn|20
|
|t:|1757827352
|move|p1a: Dragapult|Sucker Punch|p2a: Barraskewda
|-damage|p2a: Barraskewda|18/100
|move|p2a: Barraskewda|Aqua Jet|p1a: Dragapult
|-damage|p1a: Dragapult|16/100
|
|upkeep
|turn|21
|
|t:|1757827355
|switch|p2a: Basculegion|Basculegion, M|83/100
|-damage|p2a: Basculegion|71/100|[from] Stealth Rock
|move|p1a: Dragapult|Sucker Punch||[still]
|-fail|p1a: Dragapult
|
|upkeep
|turn|22
|
|t:|1757827370
|switch|p2a: Barraskewda|Barraskewda, M|18/100
|-damage|p2a: Barraskewda|6/100|[from] Stealth Rock
|move|p1a: Dragapult|Sucker Punch||[still]
|-fail|p1a: Dragapult
|
|upkeep
|turn|23
|
|t:|1757827378
|switch|p2a: Basculegion|Basculegion, M|71/100
|-damage|p2a: Basculegion|58/100|[from] Stealth Rock
|move|p1a: Dragapult|Sucker Punch||[still]
|-fail|p1a: Dragapult
|
|upkeep
|turn|24
|
|t:|1757827384
|switch|p2a: Barraskewda|Barraskewda, M|6/100
|-damage|p2a: Barraskewda|0 fnt|[from] Stealth Rock
|faint|p2a: Barraskewda
|move|p1a: Dragapult|Phantom Force||[still]
|-prepare|p1a: Dragapult|Phantom Force
|
|upkeep
|
|t:|1757827386
|switch|p2a: Basculegion|Basculegion, M|58/100
|-damage|p2a: Basculegion|46/100|[from] Stealth Rock
|turn|25
|
|t:|1757827388
|move|p2a: Basculegion|Aqua Jet|p1a: Dragapult|[miss]
|-miss|p2a: Basculegion|p1a: Dragapult
|move|p1a: Dragapult|Phantom Force|p2a: Basculegion|[from] lockedmove
|-supereffective|p2a: Basculegion
|-damage|p2a: Basculegion|0 fnt
|faint|p2a: Basculegion
|
|win|Gym Leader Bert
|raw|Gym Leader Bert's rating: 1107 &rarr; <strong>1134</strong><br />(+27 for winning)
|raw|SpectralStorm's rating: 1132 &rarr; <strong>1105</strong><br />(-27 for losing)
|l|☆Gym Leader Bert
|player|p1|
|l|☆SpectralStorm
|player|p2|
