|j|☆daxzz_
|j|☆gamershiba
|t:|1757874055
|gametype|singles
|player|p1|daxzz_|shadowtriad|1496
|player|p2|gamershiba|lusamine-nihilego|1442
|gen|9
|tier|[Gen 9] OU
|rated|
|rule|HP Percentage Mod: HP is shown in percentages
|rule|Endless Battle Clause: Forcing endless battles is banned
|rule|Species Clause: Limit one of each Pokémon
|rule|OHKO Clause: OHKO moves are banned
|rule|Evasion Items Clause: Evasion items are banned
|rule|Evasion Moves Clause: Evasion moves are banned
|rule|Evasion Abilities Clause: Evasion abilities are banned
|rule|Sleep Moves Clause: Sleep-inducing moves are banned
|clearpoke
|poke|p1|Iron Valiant|
|poke|p1|Great Tusk|
|poke|p1|Raging Bolt|
|poke|p1|Meowscarada, M|
|poke|p1|Corviknight, M|
|poke|p1|Slowking-Galar, F|
|poke|p2|Porygon2|
|poke|p2|Cresselia, F|
|poke|p2|Ursaluna, F|
|poke|p2|Torkoal, M|
|poke|p2|Malamar, M|
|poke|p2|Hatterene, F|
|teampreview
|inactive|Battle timer is ON: inactive players will automatically lose when time's up. (requested by gamershiba)
|inactive|daxzz_ has 120 seconds left.
|inactive|daxzz_ has 90 seconds left.
|inactive|daxzz_ has 60 seconds left.
|
|t:|1757874189
|teamsize|p1|6
|teamsize|p2|6
|start
|switch|p1a: Slowking|Slowking-Galar, F|100/100
|switch|p2a: Porygon2|Porygon2|100/100
|-ability|p2a: Porygon2|Download|boost
|-boost|p2a: Porygon2|atk|1
|turn|1
|inactive|daxzz_ has 120 seconds left.
|
|t:|1757874208
|switch|p2a: Hatterene|Hatterene, F|100/100
|move|p1a: Slowking|Sludge Bomb|p2a: Hatterene
|-supereffective|p2a: Hatterene
|-damage|p2a: Hatterene|9/100
|-status|p2a: Hatterene|psn
|
|-damage|p2a: Hatterene|0 fnt|[from] psn
|faint|p2a: Hatterene
|upkeep
|
|t:|1757874218
|switch|p2a: Cresselia|Cresselia, F|100/100
|turn|2
|inactive|daxzz_ has 120 seconds left.
|
|t:|1757874238
|move|p1a: Slowking|Sludge Bomb|p2a: Cresselia
|-damage|p2a: Cresselia|83/100
|move|p2a: Cresselia|Trick Room|p2a: Cresselia
|-fieldstart|move: Trick Room|[of] p2a: Cresselia
|
|upkeep
|turn|3
|inactive|daxzz_ has 120 seconds left.
|
|t:|1757874248
|switch|p2a: Ursaluna|Ursaluna, F|100/100
|move|p1a: Slowking|Sludge Bomb|p2a: Ursaluna
|-resisted|p2a: Ursaluna
|-damage|p2a: Ursaluna|83/100
|-status|p2a: Ursaluna|psn
|
|-damage|p2a: Ursaluna|70/100 psn|[from] psn
|upkeep
|turn|4
|inactive|daxzz_ has 120 seconds left.
|
|t:|1757874264
|switch|p1a: Corviknight|Corviknight, M|100/100
|-ability|p1a: Corviknight|Pressure
|move|p2a: Ursaluna|Facade|p1a: Corviknight
|-resisted|p1a: Corviknight
|-damage|p1a: Corviknight|65/100
|-damage|p2a: Ursaluna|54/100 psn|[from] item: Rocky Helmet|[of] p1a: Corviknight
|
|-damage|p2a: Ursaluna|41/100 psn|[from] psn
|upkeep
|turn|5
|inactive|daxzz_ has 120 seconds left.
|
|t:|1757874279
|switch|p2a: Malamar|Malamar, M|100/100
|-enditem|p2a: Malamar|Room Service
|-boost|p2a: Malamar|spe|1|[from] item: Room Service
|move|p1a: Corviknight|Roost|p1a: Corviknight
|-heal|p1a: Corviknight|100/100
|-singleturn|p1a: Corviknight|move: Roost
|
|upkeep
|turn|6
|
|t:|1757874287
|move|p1a: Corviknight|U-turn|p2a: Malamar
|-supereffective|p2a: Malamar
|-crit|p2a: Malamar
|-damage|p2a: Malamar|0 fnt
|faint|p2a: Malamar
|
|t:|1757874294
|switch|p1a: Meowscarada|Meowscarada, M|100/100|[from] U-turn
|
|-fieldend|move: Trick Room
|upkeep
|
|t:|1757874302
|switch|p2a: Porygon2|Porygon2|100/100
|-ability|p2a: Porygon2|Download|boost
|-boost|p2a: Porygon2|spa|1
|turn|7
|
|t:|1757874310
|move|p1a: Meowscarada|U-turn|p2a: Porygon2
|-start|p1a: Meowscarada|typechange|Bug|[from] ability: Protean
|-damage|p2a: Porygon2|77/100
|
|t:|1757874320
|switch|p1a: Slowking|Slowking-Galar, F|100/100|[from] U-turn
|move|p2a: Porygon2|Trick Room|p2a: Porygon2
|-fieldstart|move: Trick Room|[of] p2a: Porygon2
|
|upkeep
|turn|8
|
|t:|1757874326
|move|p1a: Slowking|Sludge Bomb|p2a: Porygon2
|-damage|p2a: Porygon2|53/100
|move|p2a: Porygon2|Hyper Beam|p1a: Slowking
|-damage|p1a: Slowking|40/100
|-mustrecharge|p2a: Porygon2
|
|upkeep
|turn|9
|
|t:|1757874336
|move|p1a: Slowking|Sludge Bomb|p2a: Porygon2
|-crit|p2a: Porygon2
|-damage|p2a: Porygon2|18/100
|cant|p2a: Porygon2|recharge
|
|upkeep
|turn|10
|
|t:|1757874357
|switch|p1a: Great Tusk|Great Tusk|100/100
|switch|p2a: Cresselia|Cresselia, F|83/100
|
|upkeep
|turn|11
|
|t:|1757874364
|move|p2a: Cresselia|Moonblast|p1a: Great Tusk
|-supereffective|p1a: Great Tusk
|-damage|p1a: Great Tusk|54/100
|move|p1a: Great Tusk|Stealth Rock|p2a: Cresselia
|-sidestart|p2: gamershiba|move: Stealth Rock
|
|-fieldend|move: Trick Room
|upkeep
|turn|12
|
|t:|1757874369
|-end|p1a: Great Tusk|Protosynthesis|[silent]
|switch|p1a: Slowking|Slowking-Galar, F|73/100
|move|p2a: Cresselia|Trick Room|p2a: Cresselia
|-fieldstart|move: Trick Room|[of] p2a: Cresselia
|
|upkeep
|turn|13
|
|t:|1757874375
|move|p1a: Slowking|Future Sight|p2a: Cresselia
|-start|p1a: Slowking|move: Future Sight
|move|p2a: Cresselia|Lunar Dance|p2a: Cresselia
|faint|p2a: Cresselia
|
|upkeep
|
|t:|1757874383
|switch|p2a: Ursaluna|Ursaluna, F|41/100 psn
|-heal|p2a: Ursaluna|100/100|[from] move: Lunar Dance
|-damage|p2a: Ursaluna|94/100|[from] Stealth Rock
|turn|14
|
|t:|1757874392
|move|p1a: Slowking|Sludge Bomb|p2a: Ursaluna
|-resisted|p2a: Ursaluna
|-damage|p2a: Ursaluna|78/100
|-status|p2a: Ursaluna|psn
|move|p2a: Ursaluna|Fire Punch|p1a: Slowking
|-damage|p1a: Slowking|25/100
|
|-damage|p2a: Ursaluna|66/100 psn|[from] psn
|upkeep
|turn|15
|
|t:|1757874412
|move|p1a: Slowking|Sludge Bomb|p2a: Ursaluna
|-resisted|p2a: Ursaluna
|-damage|p2a: Ursaluna|47/100 psn
|move|p2a: Ursaluna|Fire Punch|p1a: Slowking
|-damage|p1a: Slowking|0 fnt
|faint|p1a: Slowking
|
|-end|p2a: Ursaluna|move: Future Sight
|-damage|p2a: Ursaluna|2/100 psn
|-damage|p2a: Ursaluna|0 fnt|[from] psn
|faint|p2a: Ursaluna
|upkeep
|
|t:|1757874420
|switch|p1a: Raging Bolt|Raging Bolt|100/100
|switch|p2a: Porygon2|Porygon2|18/100
|-damage|p2a: Porygon2|6/100|[from] Stealth Rock
|-ability|p2a: Porygon2|Download|boost
|-boost|p2a: Porygon2|spa|1
|turn|16
|
|t:|1757874446
|move|p1a: Raging Bolt|Thunderclap|p2a: Porygon2
|-damage|p2a: Porygon2|0 fnt
|faint|p2a: Porygon2
|
|-fieldend|move: Trick Room
|upkeep
|
|t:|1757874448
|switch|p2a: Torkoal|Torkoal, M|100/100
|-damage|p2a: Torkoal|76/100|[from] Stealth Rock
|-weather|SunnyDay|[from] ability: Drought|[of] p2a: Torkoal
|-activate|p1a: Raging Bolt|ability: Protosynthesis
|-start|p1a: Raging Bolt|protosynthesisspa
|turn|17
|
|t:|1757874456
|move|p1a: Raging Bolt|Thunderclap|p2a: Torkoal
|-damage|p2a: Torkoal|0 fnt
|faint|p2a: Torkoal
|
|win|daxzz_
|raw|daxzz_'s rating: 1496 &rarr; <strong>1513</strong><br />(+17 for winning)
|raw|gamershiba's rating: 1442 &rarr; <strong>1425</strong><br />(-17 for losing)
|l|☆gamershiba
|player|p2|
