|j|☆Charle_phate
|j|☆constant sorrow
|t:|1757910349
|gametype|singles
|player|p1|Charle_phate|blue|1461
|player|p2|constant sorrow|iris-gen5bw2|1408
|gen|9
|tier|[Gen 9] OU
|rated|
|rule|HP Percentage Mod: HP is shown in percentages
|rule|Endless Battle Clause: Forcing endless battles is banned
|rule|Species Clause: Limit one of each Pokémon
|rule|OHKO Clause: OHKO moves are banned
|rule|Evasion Items Clause: Evasion items are banned
|rule|Evasion Moves Clause: Evasion moves are banned
|rule|Evasion Abilities Clause: Evasion abilities are banned
|rule|Sleep Moves Clause: Sleep-inducing moves are banned
|clearpoke
|poke|p1|Serperior, M|
|poke|p1|Rotom-Wash|
|poke|p1|Zapdos|
|poke|p1|Heatran, F|
|poke|p1|Clefable, F|
|poke|p1|Landorus-Therian, M|
|poke|p2|Donphan, M|
|poke|p2|Hitmontop, M|
|poke|p2|Yanmega, M|
|poke|p2|Porygon2|
|poke|p2|Mimikyu, F|
|poke|p2|Toucannon, M|
|teampreview
|inactive|Battle timer is ON: inactive players will automatically lose when time's up. (requested by Charle_phate)
|
|t:|1757910364
|teamsize|p1|6
|teamsize|p2|6
|start
|switch|p1a: Rotom|Rotom-Wash|100/100
|switch|p2a: Toucannon|Toucannon, M|100/100
|turn|1
|
|t:|1757910372
|-terastallize|p2a: Toucannon|Grass
|move|p1a: Rotom|Thunder Wave|p2a: Toucannon
|-status|p2a: Toucannon|par
|move|p2a: Toucannon|Bullet Seed|p1a: Rotom
|-supereffective|p1a: Rotom
|-damage|p1a: Rotom|67/100
|-supereffective|p1a: Rotom
|-damage|p1a: Rotom|37/100
|-supereffective|p1a: Rotom
|-damage|p1a: Rotom|8/100
|-supereffective|p1a: Rotom
|-damage|p1a: Rotom|0 fnt
|faint|p1a: Rotom
|-hitcount|p1: Rotom|4
|
|upkeep
|
|t:|1757910392
|switch|p1a: Zapdos|Zapdos|100/100
|turn|2
|
|t:|1757910396
|move|p1a: Zapdos|Ancient Power|p2a: Toucannon
|-damage|p2a: Toucannon|79/100 par
|cant|p2a: Toucannon|par
|
|upkeep
|turn|3
|
|t:|1757910403
|move|p1a: Zapdos|Ancient Power|p2a: Toucannon
|-damage|p2a: Toucannon|59/100 par
|move|p2a: Toucannon|Rock Blast|p1a: Zapdos
|-supereffective|p1a: Zapdos
|-damage|p1a: Zapdos|84/100
|-supereffective|p1a: Zapdos
|-damage|p1a: Zapdos|66/100
|-supereffective|p1a: Zapdos
|-damage|p1a: Zapdos|48/100
|-supereffective|p1a: Zapdos
|-damage|p1a: Zapdos|29/100
|-supereffective|p1a: Zapdos
|-damage|p1a: Zapdos|12/100
|-hitcount|p1a: Zapdos|5
|
|-heal|p1a: Zapdos|18/100|[from] item: Leftovers
|upkeep
|turn|4
|
|t:|1757910418
|move|p1a: Zapdos|Roost|p1a: Zapdos
|-heal|p1a: Zapdos|68/100
|-singleturn|p1a: Zapdos|move: Roost
|cant|p2a: Toucannon|par
|
|-heal|p1a: Zapdos|75/100|[from] item: Leftovers
|upkeep
|turn|5
|
|t:|1757910432
|move|p1a: Zapdos|Ancient Power|p2a: Toucannon
|-damage|p2a: Toucannon|39/100 par
|-boost|p1a: Zapdos|atk|1
|-boost|p1a: Zapdos|def|1
|-boost|p1a: Zapdos|spa|1
|-boost|p1a: Zapdos|spd|1
|-boost|p1a: Zapdos|spe|1
|move|p2a: Toucannon|Rock Blast|p1a: Zapdos
|-supereffective|p1a: Zapdos
|-damage|p1a: Zapdos|63/100
|-supereffective|p1a: Zapdos
|-damage|p1a: Zapdos|51/100
|-supereffective|p1a: Zapdos
|-damage|p1a: Zapdos|38/100
|-supereffective|p1a: Zapdos
|-damage|p1a: Zapdos|25/100
|-supereffective|p1a: Zapdos
|-damage|p1a: Zapdos|14/100
|-hitcount|p1a: Zapdos|5
|
|-heal|p1a: Zapdos|20/100|[from] item: Leftovers
|upkeep
|turn|6
|
|t:|1757910451
|move|p1a: Zapdos|Roost|p1a: Zapdos
|-heal|p1a: Zapdos|71/100
|-singleturn|p1a: Zapdos|move: Roost
|move|p2a: Toucannon|Bullet Seed|p1a: Zapdos
|-crit|p1a: Zapdos
|-damage|p1a: Zapdos|52/100
|-damage|p1a: Zapdos|43/100
|-damage|p1a: Zapdos|34/100
|-damage|p1a: Zapdos|24/100
|-damage|p1a: Zapdos|15/100
|-hitcount|p1a: Zapdos|5
|
|-heal|p1a: Zapdos|22/100|[from] item: Leftovers
|upkeep
|turn|7
|
|t:|1757910466
|move|p1a: Zapdos|Roost|p1a: Zapdos
|-heal|p1a: Zapdos|72/100
|-singleturn|p1a: Zapdos|move: Roost
|move|p2a: Toucannon|Swords Dance|p2a: Toucannon
|-boost|p2a: Toucannon|atk|2
|
|-heal|p1a: Zapdos|78/100|[from] item: Leftovers
|upkeep
|turn|8
|
|t:|1757910477
|move|p1a: Zapdos|Heat Wave|p2a: Toucannon
|-supereffective|p2a: Toucannon
|-damage|p2a: Toucannon|0 fnt
|faint|p2a: Toucannon
|
|-heal|p1a: Zapdos|84/100|[from] item: Leftovers
|upkeep
|
|t:|1757910480
|switch|p2a: Hitmontop|Hitmontop, M|100/100
|turn|9
|
|t:|1757910489
|move|p1a: Zapdos|Discharge|p2a: Hitmontop
|-damage|p2a: Hitmontop|66/100
|move|p2a: Hitmontop|Triple Axel|p1a: Zapdos
|-supereffective|p1a: Zapdos
|-damage|p1a: Zapdos|72/100
|-hitcount|p1a: Zapdos|1
|
|-heal|p1a: Zapdos|79/100|[from] item: Leftovers
|upkeep
|turn|10
|
|t:|1757910504
|move|p1a: Zapdos|Heat Wave|p2a: Hitmontop
|-damage|p2a: Hitmontop|36/100
|move|p2a: Hitmontop|Triple Axel|p1a: Zapdos
|-supereffective|p1a: Zapdos
|-damage|p1a: Zapdos|67/100
|-hitcount|p1a: Zapdos|1
|
|-heal|p1a: Zapdos|73/100|[from] item: Leftovers
|upkeep
|turn|11
|
|t:|1757910517
|move|p1a: Zapdos|Heat Wave|p2a: Hitmontop
|-damage|p2a: Hitmontop|5/100
|move|p2a: Hitmontop|Triple Axel|p1a: Zapdos
|-supereffective|p1a: Zapdos
|-damage|p1a: Zapdos|61/100
|-supereffective|p1a: Zapdos
|-damage|p1a: Zapdos|36/100
|-status|p2a: Hitmontop|par|[from] ability: Static|[of] p1a: Zapdos
|-supereffective|p1a: Zapdos
|-damage|p1a: Zapdos|3/100
|-hitcount|p1a: Zapdos|3
|
|-heal|p1a: Zapdos|9/100|[from] item: Leftovers
|upkeep
|turn|12
|
|t:|1757910532
|cant|p2a: Hitmontop|par
|move|p1a: Zapdos|Roost|p1a: Zapdos
|-heal|p1a: Zapdos|59/100
|-singleturn|p1a: Zapdos|move: Roost
|
|-heal|p1a: Zapdos|65/100|[from] item: Leftovers
|upkeep
|turn|13
|-message|constant sorrow forfeited.
|
|win|Charle_phate
|raw|Charle_phate's rating: 1461 &rarr; <strong>1478</strong><br />(+17 for winning)
|raw|constant sorrow's rating: 1408 &rarr; <strong>1391</strong><br />(-17 for losing)
|l|☆constant sorrow
|player|p2|
|l|☆Charle_phate
|player|p1|
