|j|☆hungrymane
|j|☆ciantaihou
|t:|1757827256
|gametype|singles
|player|p1|hungrymane|1|1702
|player|p2|ciantaihou|bellelba|1710
|gen|9
|tier|[Gen 9] OU
|rated|
|rule|HP Percentage Mod: HP is shown in percentages
|rule|Endless Battle Clause: Forcing endless battles is banned
|rule|Species Clause: Limit one of each Pokémon
|rule|OHKO Clause: OHKO moves are banned
|rule|Evasion Items Clause: Evasion items are banned
|rule|Evasion Moves Clause: Evasion moves are banned
|rule|Evasion Abilities Clause: Evasion abilities are banned
|rule|Sleep Moves Clause: Sleep-inducing moves are banned
|clearpoke
|poke|p1|Serperior, M|
|poke|p1|Gholdengo|
|poke|p1|Tentacruel, M|
|poke|p1|Landorus-Therian, M|
|poke|p1|Tinkaton, F|
|poke|p1|Zapdos|
|poke|p2|Ursaluna, F|
|poke|p2|Torkoal, F|
|poke|p2|Hoopa-Unbound|
|poke|p2|Cresselia, F|
|poke|p2|Hatterene, F|
|poke|p2|Enamorus-Therian, F|
|teampreview
|j| 54 Insane Rats
|
|t:|1757827296
|teamsize|p1|6
|teamsize|p2|6
|start
|switch|p1a: Tinkaton|Tinkaton, F|100/100
|switch|p2a: Ursaluna|Ursaluna, F|100/100
|-ability|p1a: Tinkaton|Mold Breaker
|turn|1
|
|t:|1757827306
|switch|p1a: Landorus|Landorus-Therian, M|100/100
|-ability|p1a: Landorus|Intimidate|boost
|-unboost|p2a: Ursaluna|atk|1
|switch|p2a: Hatterene|Hatterene, F|100/100
|
|upkeep
|turn|2
|
|t:|1757827318
|switch|p1a: Tinkaton|Tinkaton, F|100/100
|-ability|p1a: Tinkaton|Mold Breaker
|move|p2a: Hatterene|Trick Room|p2a: Hatterene
|-fieldstart|move: Trick Room|[of] p2a: Hatterene
|
|upkeep
|turn|3
|
|t:|1757827327
|switch|p2a: Ursaluna|Ursaluna, F|100/100
|move|p1a: Tinkaton|Stealth Rock|p2a: Ursaluna
|-sidestart|p2: ciantaihou|move: Stealth Rock
|
|-status|p2a: Ursaluna|brn|[from] item: Flame Orb
|upkeep
|turn|4
|
|t:|1757827335
|move|p2a: Ursaluna|Facade|p1a: Tinkaton
|-resisted|p1a: Tinkaton
|-damage|p1a: Tinkaton|37/100
|move|p1a: Tinkaton|Encore|p2a: Ursaluna
|-start|p2a: Ursaluna|Encore
|
|-heal|p1a: Tinkaton|43/100|[from] item: Leftovers
|-damage|p2a: Ursaluna|94/100 brn|[from] brn
|upkeep
|turn|5
|
|t:|1757827347
|switch|p2a: Torkoal|Torkoal, F, shiny|100/100
|-damage|p2a: Torkoal|76/100|[from] Stealth Rock
|-weather|SunnyDay|[from] ability: Drought|[of] p2a: Torkoal
|move|p1a: Tinkaton|Knock Off|p2a: Torkoal
|-crit|p2a: Torkoal
|-damage|p2a: Torkoal|57/100
|-enditem|p2a: Torkoal|Choice Specs|[from] move: Knock Off|[of] p1a: Tinkaton
|
|-weather|SunnyDay|[upkeep]
|-heal|p1a: Tinkaton|49/100|[from] item: Leftovers
|upkeep
|turn|6
|
|t:|1757827362
|move|p2a: Torkoal|Earth Power|p1a: Tinkaton
|-supereffective|p1a: Tinkaton
|-damage|p1a: Tinkaton|13/100
|move|p1a: Tinkaton|Stealth Rock||[still]
|-fail|p1a: Tinkaton
|
|-weather|SunnyDay|[upkeep]
|-heal|p1a: Tinkaton|19/100|[from] item: Leftovers
|-fieldend|move: Trick Room
|upkeep
|turn|7
|
|t:|1757827371
|switch|p1a: Landorus|Landorus-Therian, M|100/100
|-ability|p1a: Landorus|Intimidate|boost
|-unboost|p2a: Torkoal|atk|1
|move|p2a: Torkoal|Weather Ball|p1a: Landorus
|-damage|p1a: Landorus|21/100
|
|-weather|SunnyDay|[upkeep]
|upkeep
|turn|8
|
|t:|1757827381
|move|p1a: Landorus|Earthquake|p2a: Torkoal
|-supereffective|p2a: Torkoal
|-damage|p2a: Torkoal|0 fnt
|faint|p2a: Torkoal
|
|-weather|SunnyDay|[upkeep]
|upkeep
|
|t:|1757827387
|switch|p2a: Enamorus|Enamorus-Therian, F|100/100
|-damage|p2a: Enamorus|76/100|[from] Stealth Rock
|turn|9
|
|t:|1757827399
|move|p1a: Landorus|Fling|p2a: Enamorus
|-resisted|p2a: Enamorus
|-damage|p2a: Enamorus|70/100
|-status|p2a: Enamorus|par
|-enditem|p1a: Landorus|Light Ball|[from] move: Fling
|move|p2a: Enamorus|Moonblast|p1a: Landorus
|-damage|p1a: Landorus|0 fnt
|faint|p1a: Landorus
|
|-weather|none
|upkeep
|
|t:|1757827407
|switch|p1a: Tentacruel|Tentacruel, M|100/100
|turn|10
|
|t:|1757827418
|switch|p2a: Hoopa|Hoopa-Unbound|100/100
|-damage|p2a: Hoopa|88/100|[from] Stealth Rock
|move|p1a: Tentacruel|Knock Off|p2a: Hoopa
|-damage|p2a: Hoopa|68/100
|-enditem|p2a: Hoopa|Eject Pack|[from] move: Knock Off|[of] p1a: Tentacruel
|
|upkeep
|turn|11
|
|t:|1757827430
|switch|p1a: Serperior|Serperior, M|100/100
|move|p2a: Hoopa|Trick Room|p2a: Hoopa
|-fieldstart|move: Trick Room|[of] p2a: Hoopa
|
|upkeep
|turn|12
|j| firemaniac
|j| LegitimatePotato
|
|t:|1757827441
|switch|p1a: Tinkaton|Tinkaton, F|19/100
|-ability|p1a: Tinkaton|Mold Breaker
|move|p2a: Hoopa|Psychic|p1a: Tinkaton
|-resisted|p1a: Tinkaton
|-damage|p1a: Tinkaton|1/100
|-item|p2a: Hoopa|Leftovers|[from] ability: Magician|[of] p1a: Tinkaton
|
|-heal|p2a: Hoopa|74/100|[from] item: Leftovers
|upkeep
|turn|13
|
|t:|1757827453
|move|p2a: Hoopa|Psychic|p1a: Tinkaton
|-resisted|p1a: Tinkaton
|-damage|p1a: Tinkaton|0 fnt
|faint|p1a: Tinkaton
|
|-heal|p2a: Hoopa|81/100|[from] item: Leftovers
|upkeep
|
|t:|1757827455
|switch|p1a: Gholdengo|Gholdengo|100/100
|turn|14
|
|t:|1757827463
|-terastallize|p2a: Hoopa|Dark
|-terastallize|p1a: Gholdengo|Fairy
|move|p2a: Hoopa|Hyperspace Fury|p1a: Gholdengo
|-resisted|p1a: Gholdengo
|-damage|p1a: Gholdengo|61/100
|-unboost|p2a: Hoopa|def|1
|move|p1a: Gholdengo|Dazzling Gleam|p2a: Hoopa
|-supereffective|p2a: Hoopa
|-damage|p2a: Hoopa|22/100
|
|-heal|p2a: Hoopa|29/100|[from] item: Leftovers
|-heal|p1a: Gholdengo|67/100|[from] item: Leftovers
|upkeep
|turn|15
|
|t:|1757827480
|move|p2a: Hoopa|Psychic|p1a: Gholdengo
|-damage|p1a: Gholdengo|31/100
|move|p1a: Gholdengo|Dazzling Gleam|p2a: Hoopa
|-supereffective|p2a: Hoopa
|-damage|p2a: Hoopa|0 fnt
|faint|p2a: Hoopa
|
|-heal|p1a: Gholdengo|37/100|[from] item: Leftovers
|-fieldend|move: Trick Room
|upkeep
|
|t:|1757827493
|switch|p2a: Ursaluna|Ursaluna, F|94/100 brn
|-damage|p2a: Ursaluna|88/100 brn|[from] Stealth Rock
|turn|16
|
|t:|1757827500
|move|p1a: Gholdengo|Dazzling Gleam|p2a: Ursaluna
|-damage|p2a: Ursaluna|57/100 brn
|move|p2a: Ursaluna|Facade|p1a: Gholdengo
|-damage|p1a: Gholdengo|0 fnt
|faint|p1a: Gholdengo
|
|-damage|p2a: Ursaluna|51/100 brn|[from] brn
|upkeep
|
|t:|1757827501
|switch|p1a: Serperior|Serperior, M|100/100
|turn|17
|
|t:|1757827514
|switch|p2a: Cresselia|Cresselia, F|100/100
|-damage|p2a: Cresselia|88/100|[from] Stealth Rock
|move|p1a: Serperior|Leaf Storm|p2a: Cresselia
|-damage|p2a: Cresselia|68/100
|-boost|p1a: Serperior|spa|2
|
|-heal|p2a: Cresselia|74/100|[from] item: Leftovers
|upkeep
|turn|18
|
|t:|1757827524
|move|p1a: Serperior|Leaf Storm|p2a: Cresselia
|-damage|p2a: Cresselia|32/100
|-boost|p1a: Serperior|spa|2
|move|p2a: Cresselia|Trick Room|p2a: Cresselia
|-fieldstart|move: Trick Room|[of] p2a: Cresselia
|
|-heal|p2a: Cresselia|38/100|[from] item: Leftovers
|upkeep
|turn|19
|
|t:|1757827533
|move|p2a: Cresselia|Lunar Dance|p2a: Cresselia
|faint|p2a: Cresselia
|move|p1a: Serperior|Substitute|p1a: Serperior
|-start|p1a: Serperior|Substitute
|-damage|p1a: Serperior|76/100
|
|-heal|p1a: Serperior|82/100|[from] item: Leftovers
|upkeep
|
|t:|1757827541
|switch|p2a: Enamorus|Enamorus-Therian, F|70/100 par
|-heal|p2a: Enamorus|100/100|[from] move: Lunar Dance
|-damage|p2a: Enamorus|76/100|[from] Stealth Rock
|turn|20
|
|t:|1757827547
|move|p2a: Enamorus|Moonblast|p1a: Serperior
|-end|p1a: Serperior|Substitute
|move|p1a: Serperior|Substitute|p1a: Serperior
|-start|p1a: Serperior|Substitute
|-damage|p1a: Serperior|57/100
|
|-heal|p1a: Serperior|63/100|[from] item: Leftovers
|upkeep
|turn|21
|
|t:|1757827555
|move|p2a: Enamorus|Moonblast|p1a: Serperior
|-end|p1a: Serperior|Substitute
|move|p1a: Serperior|Substitute|p1a: Serperior
|-start|p1a: Serperior|Substitute
|-damage|p1a: Serperior|38/100
|
|-heal|p1a: Serperior|45/100|[from] item: Leftovers
|upkeep
|turn|22
|
|t:|1757827564
|move|p2a: Enamorus|Moonblast|p1a: Serperior
|-end|p1a: Serperior|Substitute
|move|p1a: Serperior|Leaf Storm|p2a: Enamorus
|-resisted|p2a: Enamorus
|-damage|p2a: Enamorus|22/100
|-boost|p1a: Serperior|spa|2
|
|-heal|p1a: Serperior|51/100|[from] item: Leftovers
|-fieldend|move: Trick Room
|upkeep
|turn|23
|
|t:|1757827584
|move|p1a: Serperior|Leaf Storm|p2a: Enamorus
|-resisted|p2a: Enamorus
|-damage|p2a: Enamorus|0 fnt
|faint|p2a: Enamorus
|
|-heal|p1a: Serperior|57/100|[from] item: Leftovers
|upkeep
|
|t:|1757827591
|switch|p2a: Hatterene|Hatterene, F|100/100
|-damage|p2a: Hatterene|88/100|[from] Stealth Rock
|turn|24
|
|t:|1757827596
|move|p1a: Serperior|Leaf Storm|p2a: Hatterene
|-damage|p2a: Hatterene|0 fnt
|faint|p2a: Hatterene
|
|-heal|p1a: Serperior|63/100|[from] item: Leftovers
|upkeep
|-message|ciantaihou forfeited.
|
|win|hungrymane
|raw|hungrymane's rating: 1702 &rarr; <strong>1722</strong><br />(+20 for winning)
|raw|ciantaihou's rating: 1710 &rarr; <strong>1690</strong><br />(-20 for losing)
|l|☆ciantaihou
|player|p2|
|l| firemaniac
|l| LegitimatePotato
