|j|☆whichjuanz
|j|☆Pokeguy7777
|t:|1757824351
|gametype|singles
|player|p1|whichjuanz|hiker-gen4|1257
|player|p2|Pokeguy7777|101|1292
|gen|9
|tier|[Gen 9] OU
|rated|
|rule|HP Percentage Mod: HP is shown in percentages
|rule|Endless Battle Clause: Forcing endless battles is banned
|rule|Species Clause: Limit one of each Pokémon
|rule|OHKO Clause: OHKO moves are banned
|rule|Evasion Items Clause: Evasion items are banned
|rule|Evasion Moves Clause: Evasion moves are banned
|rule|Evasion Abilities Clause: Evasion abilities are banned
|rule|Sleep Moves Clause: Sleep-inducing moves are banned
|clearpoke
|poke|p1|Primeape, M|
|poke|p1|Alomomola, M|
|poke|p1|Pawmot, M|
|poke|p1|Gardevoir, M|
|poke|p1|Maushold-Four|
|poke|p1|Kingambit, M|
|poke|p2|Cinderace, M|
|poke|p2|Maushold|
|poke|p2|Gholdengo|
|poke|p2|Comfey, M|
|poke|p2|Araquanid, F|
|poke|p2|Garganacl, M|
|teampreview
|inactive|Battle timer is ON: inactive players will automatically lose when time's up. (requested by whichjuanz)
|inactive|whichjuanz has 120 seconds left.
|
|t:|1757824386
|teamsize|p1|6
|teamsize|p2|6
|start
|switch|p1a: Clean up crew|Maushold-Four, shiny|100/100
|switch|p2a: Cinderace|Cinderace, M|100/100
|turn|1
|
|t:|1757824392
|move|p2a: Cinderace|Flare Blitz|p1a: Clean up crew
|-damage|p1a: Clean up crew|6/100
|-damage|p2a: Cinderace|71/100|[from] Recoil
|move|p1a: Clean up crew|Population Bomb|p2a: Cinderace
|-damage|p2a: Cinderace|53/100
|-damage|p2a: Cinderace|38/100
|-crit|p2a: Cinderace
|-damage|p2a: Cinderace|16/100
|-damage|p2a: Cinderace|0 fnt
|faint|p2a: Cinderace
|-hitcount|p2: Cinderace|4
|
|upkeep
|
|t:|1757824408
|switch|p2a: Comfey|Comfey, M|100/100
|turn|2
|
|t:|1757824414
|switch|p1a: Trixxy|Gardevoir, M, shiny|100/100
|-ability|p1a: Trixxy|Triage|Trace|[from] ability: Trace|[of] p2a: Comfey
|move|p2a: Comfey|Draining Kiss|p1a: Trixxy
|-damage|p1a: Trixxy|78/100
|
|upkeep
|turn|3
|
|t:|1757824422
|move|p1a: Trixxy|Trick|p2a: Comfey
|-activate|p1a: Trixxy|move: Trick|[of] p2a: Comfey
|-item|p2a: Comfey|Choice Scarf|[from] move: Trick
|-item|p1a: Trixxy|Leftovers|[from] move: Trick
|move|p2a: Comfey|Calm Mind|p2a: Comfey
|-boost|p2a: Comfey|spa|1
|-boost|p2a: Comfey|spd|1
|
|-heal|p1a: Trixxy|84/100|[from] item: Leftovers
|upkeep
|turn|4
|
|t:|1757824431
|switch|p2a: Maushold|Maushold|100/100
|switch|p1a: Clean up crew|Maushold-Four, shiny|6/100
|
|upkeep
|turn|5
|
|t:|1757824442
|move|p1a: Clean up crew|Beat Up|p2a: Maushold
|-damage|p2a: Maushold|93/100
|-damage|p2a: Maushold|86/100
|-damage|p2a: Maushold|78/100
|-damage|p2a: Maushold|71/100
|-damage|p2a: Maushold|62/100
|-damage|p2a: Maushold|51/100
|-hitcount|p2a: Maushold|6
|move|p2a: Maushold|Crunch|p1a: Clean up crew
|-damage|p1a: Clean up crew|0 fnt
|faint|p1a: Clean up crew
|
|upkeep
|
|t:|1757824448
|switch|p1a: PunchingBag|Primeape, M, shiny|100/100
|turn|6
|
|t:|1757824462
|switch|p2a: Comfey|Comfey, M|100/100
|move|p1a: PunchingBag|Drain Punch|p2a: Comfey
|-resisted|p2a: Comfey
|-damage|p2a: Comfey|80/100
|
|upkeep
|turn|7
|
|t:|1757824470
|move|p2a: Comfey|Draining Kiss|p1a: PunchingBag
|-supereffective|p1a: PunchingBag
|-damage|p1a: PunchingBag|77/100
|-heal|p2a: Comfey|100/100|[from] drain|[of] p1a: PunchingBag
|move|p1a: PunchingBag|Bulk Up|p1a: PunchingBag
|-boost|p1a: PunchingBag|atk|1
|-boost|p1a: PunchingBag|def|1
|
|upkeep
|turn|8
|
|t:|1757824479
|switch|p2a: Maushold|Maushold|51/100
|move|p1a: PunchingBag|Bulk Up|p1a: PunchingBag
|-boost|p1a: PunchingBag|atk|1
|-boost|p1a: PunchingBag|def|1
|
|upkeep
|turn|9
|
|t:|1757824485
|move|p2a: Maushold|Encore|p1a: PunchingBag
|-start|p1a: PunchingBag|Encore
|move|p1a: PunchingBag|Bulk Up|p1a: PunchingBag
|-boost|p1a: PunchingBag|atk|1
|-boost|p1a: PunchingBag|def|1
|
|upkeep
|turn|10
|
|t:|1757824492
|move|p2a: Maushold|Tidy Up|p2a: Maushold
|-boost|p2a: Maushold|atk|1
|-boost|p2a: Maushold|spe|1
|move|p1a: PunchingBag|Bulk Up|p1a: PunchingBag
|-boost|p1a: PunchingBag|atk|1
|-boost|p1a: PunchingBag|def|1
|
|upkeep
|turn|11
|
|t:|1757824499
|move|p2a: Maushold|Tidy Up|p2a: Maushold
|-boost|p2a: Maushold|atk|1
|-boost|p2a: Maushold|spe|1
|move|p1a: PunchingBag|Bulk Up|p1a: PunchingBag
|-boost|p1a: PunchingBag|atk|1
|-boost|p1a: PunchingBag|def|1
|
|-end|p1a: PunchingBag|Encore
|upkeep
|turn|12
|
|t:|1757824510
|switch|p1a: Last Mon Standing|Kingambit, M, shiny|100/100
|-activate|p1a: Last Mon Standing|ability: Supreme Overlord
|-start|p1a: Last Mon Standing|fallen1|[silent]
|move|p2a: Maushold|Encore||[still]
|-fail|p2a: Maushold
|
|upkeep
|turn|13
|
|t:|1757824518
|move|p2a: Maushold|Population Bomb|p1a: Last Mon Standing
|-resisted|p1a: Last Mon Standing
|-damage|p1a: Last Mon Standing|92/100
|-hitcount|p1a: Last Mon Standing|1
|move|p1a: Last Mon Standing|Kowtow Cleave|p2a: Maushold
|-damage|p2a: Maushold|0 fnt
|faint|p2a: Maushold
|
|upkeep
|c|☆Pokeguy7777|Tight
|
|t:|1757824530
|switch|p2a: Araquanid|Araquanid, F|100/100
|turn|14
|
|t:|1757824534
|-end|p1a: Last Mon Standing|fallen1|[silent]
|switch|p1a: Trixxy|Gardevoir, M, shiny|84/100
|-ability|p1a: Trixxy|Water Bubble|Trace|[from] ability: Trace|[of] p2a: Araquanid
|move|p2a: Araquanid|Sticky Web|p1a: Trixxy
|-sidestart|p1: whichjuanz|move: Sticky Web
|
|-heal|p1a: Trixxy|90/100|[from] item: Leftovers
|upkeep
|turn|15
|
|t:|1757824546
|switch|p2a: Comfey|Comfey, M|100/100
|move|p1a: Trixxy|Moonblast|p2a: Comfey
|-damage|p2a: Comfey|35/100
|-unboost|p2a: Comfey|spa|1
|
|-heal|p1a: Trixxy|96/100|[from] item: Leftovers
|upkeep
|turn|16
|
|t:|1757824555
|move|p2a: Comfey|Draining Kiss|p1a: Trixxy
|-damage|p1a: Trixxy|83/100
|-heal|p2a: Comfey|47/100|[from] drain|[of] p1a: Trixxy
|move|p1a: Trixxy|Moonblast|p2a: Comfey
|-damage|p2a: Comfey|0 fnt
|faint|p2a: Comfey
|
|-heal|p1a: Trixxy|89/100|[from] item: Leftovers
|upkeep
|
|t:|1757824565
|switch|p2a: Araquanid|Araquanid, F|100/100
|turn|17
|
|t:|1757824568
|move|p1a: Trixxy|Moonblast|p2a: Araquanid
|-damage|p2a: Araquanid|67/100
|-unboost|p2a: Araquanid|spa|1
|move|p2a: Araquanid|Mirror Coat|p1a: Trixxy
|-damage|p1a: Trixxy|8/100
|
|-heal|p1a: Trixxy|14/100|[from] item: Leftovers
|upkeep
|turn|18
|
|t:|1757824578
|move|p1a: Trixxy|Healing Wish|p1a: Trixxy
|faint|p1a: Trixxy
|move|p2a: Araquanid|Liquidation|p1: Trixxy|[notarget]
|-fail|p2a: Araquanid
|
|upkeep
|
|t:|1757824582
|switch|p1a: Redo|Pawmot, M, shiny|100/100
|-activate|p1a: Redo|move: Sticky Web
|-unboost|p1a: Redo|spe|1
|turn|19
|
|t:|1757824591
|move|p1a: Redo|Revival Blessing|p1a: Redo
|-enditem|p1a: Redo|Leppa Berry|[eat]
|-activate|p1a: Redo|item: Leppa Berry|Revival Blessing|[consumed]
|
|t:|1757824594
|-heal|p1: Clean up crew|50/100|[from] move: Revival Blessing
|move|p2a: Araquanid|Liquidation|p1a: Redo
|-damage|p1a: Redo|33/100
|
|upkeep
|turn|20
|
|t:|1757824600
|move|p1a: Redo|Double Shock|p2a: Araquanid
|-supereffective|p2a: Araquanid
|-damage|p2a: Araquanid|0 fnt
|-start|p1a: Redo|typechange|???/Fighting|[from] move: Double Shock
|faint|p2a: Araquanid
|
|upkeep
|
|t:|1757824607
|switch|p2a: Gholdengo|Gholdengo|100/100
|turn|21
|
|t:|1757824611
|move|p2a: Gholdengo|Flash Cannon|p1a: Redo
|-damage|p1a: Redo|0 fnt
|faint|p1a: Redo
|
|upkeep
|
|t:|1757824614
|switch|p1a: PunchingBag|Primeape, M, shiny|77/100
|-heal|p1a: PunchingBag|100/100|[from] move: Healing Wish
|-activate|p1a: PunchingBag|move: Sticky Web
|-unboost|p1a: PunchingBag|spe|1
|-ability|p1a: PunchingBag|Defiant|boost
|-boost|p1a: PunchingBag|atk|2
|turn|22
|-message|Pokeguy7777 forfeited.
|
|win|whichjuanz
|raw|whichjuanz's rating: 1257 &rarr; <strong>1285</strong><br />(+28 for winning)
|raw|Pokeguy7777's rating: 1292 &rarr; <strong>1264</strong><br />(-28 for losing)
|l|☆Pokeguy7777
|player|p2|
|l|☆whichjuanz
|player|p1|
