|j|☆jamel1
|j|☆localdealerr
|t:|1757868910
|gametype|singles
|player|p1|jamel1|cyrus|1651
|player|p2|localdealerr|preschooler|1608
|gen|9
|tier|[Gen 9] OU
|rated|
|rule|HP Percentage Mod: HP is shown in percentages
|rule|Endless Battle Clause: Forcing endless battles is banned
|rule|Species Clause: Limit one of each Pokémon
|rule|OHKO Clause: OHKO moves are banned
|rule|Evasion Items Clause: Evasion items are banned
|rule|Evasion Moves Clause: Evasion moves are banned
|rule|Evasion Abilities Clause: Evasion abilities are banned
|rule|Sleep Moves Clause: Sleep-inducing moves are banned
|clearpoke
|poke|p1|Sandaconda, F|
|poke|p1|Deoxys-Defense|
|poke|p1|Gyarados, F|
|poke|p1|Maushold|
|poke|p1|Serperior, F|
|poke|p1|Kommo-o, F|
|poke|p2|Darkrai|
|poke|p2|Kingambit, M|
|poke|p2|Pecharunt|
|poke|p2|Iron Treads|
|poke|p2|Ogerpon-Wellspring, F|
|poke|p2|Iron Moth|
|teampreview
|c|☆localdealerr|sandaconda is fire
|c|☆localdealerr|hf
|
|t:|1757868941
|teamsize|p1|6
|teamsize|p2|6
|start
|switch|p1a: Sandaconda|Sandaconda, F|100/100
|switch|p2a: Ogerpon|Ogerpon-Wellspring, F|100/100
|turn|1
|
|t:|1757868943
|move|p2a: Ogerpon|Ivy Cudgel|p1a: Sandaconda|[anim] Ivy Cudgel Water
|-supereffective|p1a: Sandaconda
|-enditem|p1a: Sandaconda|Focus Sash
|-damage|p1a: Sandaconda|1/100
|move|p1a: Sandaconda|Glare|p2a: Ogerpon
|-status|p2a: Ogerpon|par
|
|upkeep
|turn|2
|
|t:|1757868951
|move|p1a: Sandaconda|Stealth Rock|p2a: Ogerpon
|-sidestart|p2: localdealerr|move: Stealth Rock
|move|p2a: Ogerpon|Ivy Cudgel|p1a: Sandaconda|[anim] Ivy Cudgel Water
|-supereffective|p1a: Sandaconda
|-damage|p1a: Sandaconda|0 fnt
|faint|p1a: Sandaconda
|
|upkeep
|
|t:|1757868955
|switch|p1a: Serperior|Serperior, F, shiny|100/100
|turn|3
|
|t:|1757868958
|move|p1a: Serperior|Reflect|p1a: Serperior
|-sidestart|p1: jamel1|Reflect
|cant|p2a: Ogerpon|par
|
|upkeep
|turn|4
|
|t:|1757868959
|move|p1a: Serperior|Light Screen|p1a: Serperior
|-sidestart|p1: jamel1|move: Light Screen
|cant|p2a: Ogerpon|par
|
|upkeep
|turn|5
|
|t:|1757868970
|switch|p1a: Kommo-o|Kommo-o, F|100/100
|move|p2a: Ogerpon|Encore||[still]
|-fail|p2a: Ogerpon
|
|upkeep
|turn|6
|
|t:|1757868979
|switch|p2a: Iron Treads|Iron Treads|100/100
|-damage|p2a: Iron Treads|98/100|[from] Stealth Rock
|move|p1a: Kommo-o|Substitute|p1a: Kommo-o
|-start|p1a: Kommo-o|Substitute
|-damage|p1a: Kommo-o|75/100
|
|upkeep
|turn|7
|
|t:|1757868982
|move|p2a: Iron Treads|Rapid Spin|p1a: Kommo-o
|-activate|p1a: Kommo-o|move: Substitute|[damage]
|-sideend|p2: localdealerr|Stealth Rock|[from] move: Rapid Spin|[of] p2a: Iron Treads
|-boost|p2a: Iron Treads|spe|1
|move|p1a: Kommo-o|Belly Drum|p1a: Kommo-o
|-damage|p1a: Kommo-o|25/100
|-setboost|p1a: Kommo-o|atk|6|[from] move: Belly Drum
|-enditem|p1a: Kommo-o|Salac Berry|[eat]
|-boost|p1a: Kommo-o|spe|1|[from] item: Salac Berry
|
|upkeep
|turn|8
|
|t:|1757868987
|-end|p2a: Iron Treads|Quark Drive|[silent]
|switch|p2a: Pecharunt|Pecharunt|100/100
|move|p1a: Kommo-o|Drain Punch|p2a: Pecharunt
|-immune|p2a: Pecharunt
|
|upkeep
|turn|9
|j| Dionysos
|
|t:|1757868994
|move|p1a: Kommo-o|Earthquake|p2a: Pecharunt
|-supereffective|p2a: Pecharunt
|-damage|p2a: Pecharunt|0 fnt
|faint|p2a: Pecharunt
|
|upkeep
|inactive|Battle timer is ON: inactive players will automatically lose when time's up. (requested by jamel1)
|
|t:|1757869035
|switch|p2a: Iron Treads|Iron Treads|98/100
|turn|10
|
|t:|1757869050
|move|p1a: Kommo-o|Drain Punch|p2a: Iron Treads
|-supereffective|p2a: Iron Treads
|-damage|p2a: Iron Treads|0 fnt
|-heal|p1a: Kommo-o|85/100|[from] drain|[of] p2a: Iron Treads
|faint|p2a: Iron Treads
|-end|p2a: Iron Treads|Quark Drive|[silent]
|
|-sideend|p1: jamel1|Reflect
|upkeep
|-message|localdealerr forfeited.
|
|win|jamel1
|raw|jamel1's rating: 1651 &rarr; <strong>1669</strong><br />(+18 for winning)
|raw|localdealerr's rating: 1608 &rarr; <strong>1590</strong><br />(-18 for losing)
|l|☆localdealerr
|player|p2|
|l|☆jamel1
|player|p1|
