|j|☆pokefanfdj
|j|☆Daacebandit
|t:|1757823733
|gametype|singles
|player|p1|pokefanfdj|169|1336
|player|p2|Daacebandit|musician|1255
|gen|9
|tier|[Gen 9] OU
|rated|
|rule|HP Percentage Mod: HP is shown in percentages
|rule|Endless Battle Clause: Forcing endless battles is banned
|rule|Species Clause: Limit one of each Pokémon
|rule|OHKO Clause: OHKO moves are banned
|rule|Evasion Items Clause: Evasion items are banned
|rule|Evasion Moves Clause: Evasion moves are banned
|rule|Evasion Abilities Clause: Evasion abilities are banned
|rule|Sleep Moves Clause: Sleep-inducing moves are banned
|clearpoke
|poke|p1|Kleavor, F|
|poke|p1|Brambleghast, F|
|poke|p1|Moltres|
|poke|p1|Mamoswine, M|
|poke|p1|Kingambit, M|
|poke|p1|Blissey, F|
|poke|p2|Thundurus-Therian, M|
|poke|p2|Samurott-Hisui, M|
|poke|p2|Tauros-Paldea-Blaze, M|
|poke|p2|Quagsire, M|
|poke|p2|Torterra, M|
|poke|p2|Hitmontop, M|
|teampreview
|inactive|Battle timer is ON: inactive players will automatically lose when time's up. (requested by pokefanfdj)
|
|t:|1757823745
|teamsize|p1|6
|teamsize|p2|6
|start
|switch|p1a: Kleavor|Kleavor, F|100/100
|switch|p2a: Samurott|Samurott-Hisui, M, shiny|100/100
|turn|1
|
|t:|1757823756
|move|p2a: Samurott|Razor Shell|p1a: Kleavor
|-supereffective|p1a: Kleavor
|-enditem|p1a: Kleavor|Focus Sash
|-damage|p1a: Kleavor|1/100
|-unboost|p1a: Kleavor|def|1
|move|p1a: Kleavor|Tailwind|p1a: Kleavor
|-sidestart|p1: pokefanfdj|move: Tailwind
|
|upkeep
|turn|2
|
|t:|1757823765
|move|p1a: Kleavor|Close Combat|p2a: Samurott
|-supereffective|p2a: Samurott
|-enditem|p2a: Samurott|Focus Sash
|-damage|p2a: Samurott|1/100
|-unboost|p1a: Kleavor|def|1
|-unboost|p1a: Kleavor|spd|1
|move|p2a: Samurott|Ceaseless Edge|p1a: Kleavor
|-damage|p1a: Kleavor|0 fnt
|-sidestart|p1: pokefanfdj|Spikes
|faint|p1a: Kleavor
|
|upkeep
|
|t:|1757823769
|switch|p1a: Brambleghast|Brambleghast, F|100/100
|-damage|p1a: Brambleghast|88/100|[from] Spikes
|-ability|p1a: Brambleghast|Wind Rider|boost
|-boost|p1a: Brambleghast|atk|1
|turn|3
|
|t:|1757823785
|move|p2a: Samurott|Aqua Jet|p1a: Brambleghast
|-resisted|p1a: Brambleghast
|-damage|p1a: Brambleghast|73/100
|move|p1a: Brambleghast|Rapid Spin|p2a: Samurott
|-crit|p2a: Samurott
|-damage|p2a: Samurott|0 fnt
|-boost|p1a: Brambleghast|spe|1
|-sideend|p1: pokefanfdj|Spikes|[from] move: Rapid Spin|[of] p1a: Brambleghast
|faint|p2a: Samurott
|-damage|p1a: Brambleghast|63/100|[from] item: Life Orb
|
|upkeep
|
|t:|1757823799
|switch|p2a: Hitmontop|Hitmontop, M|100/100
|turn|4
|
|t:|1757823803
|move|p1a: Brambleghast|Poltergeist|p2a: Hitmontop|[miss]
|-miss|p1a: Brambleghast|p2a: Hitmontop
|move|p2a: Hitmontop|Triple Axel|p1a: Brambleghast
|-supereffective|p1a: Brambleghast
|-damage|p1a: Brambleghast|26/100
|-supereffective|p1a: Brambleghast
|-damage|p1a: Brambleghast|0 fnt
|faint|p1a: Brambleghast
|-hitcount|p1: Brambleghast|2
|
|-sideend|p1: pokefanfdj|move: Tailwind
|upkeep
|
|t:|1757823806
|switch|p1a: Moltres|Moltres|100/100
|turn|5
|
|t:|1757823820
|switch|p2a: Quagsire|Quagsire, M|100/100
|move|p1a: Moltres|Air Slash|p2a: Quagsire
|-damage|p2a: Quagsire|57/100
|
|-heal|p2a: Quagsire|63/100|[from] item: Leftovers
|upkeep
|turn|6
|
|t:|1757823827
|move|p1a: Moltres|Air Slash|p2a: Quagsire
|-damage|p2a: Quagsire|15/100
|move|p2a: Quagsire|Toxic|p1a: Moltres|[miss]
|-miss|p2a: Quagsire|p1a: Moltres
|
|-heal|p2a: Quagsire|22/100|[from] item: Leftovers
|upkeep
|turn|7
|
|t:|1757823834
|move|p1a: Moltres|Air Slash|p2a: Quagsire
|-damage|p2a: Quagsire|0 fnt
|faint|p2a: Quagsire
|
|upkeep
|
|t:|1757823837
|switch|p2a: Thundurus|Thundurus-Therian, M|100/100
|turn|8
|
|t:|1757823843
|switch|p1a: Blissey|Blissey, F|100/100
|move|p2a: Thundurus|Thunderbolt|p1a: Blissey
|-damage|p1a: Blissey|84/100
|
|-heal|p1a: Blissey|90/100|[from] item: Leftovers
|upkeep
|turn|9
|
|t:|1757823848
|switch|p2a: Hitmontop|Hitmontop, M|100/100
|move|p1a: Blissey|Thunder Wave|p2a: Hitmontop
|-status|p2a: Hitmontop|par
|
|-heal|p1a: Blissey|96/100|[from] item: Leftovers
|upkeep
|turn|10
|
|t:|1757823855
|switch|p1a: Moltres|Moltres|100/100
|move|p2a: Hitmontop|Triple Axel|p1a: Moltres
|-damage|p1a: Moltres|91/100
|-hitcount|p1a: Moltres|1
|
|upkeep
|turn|11
|
|t:|1757823870
|move|p1a: Moltres|Tailwind|p1a: Moltres
|-sidestart|p1: pokefanfdj|move: Tailwind
|cant|p2a: Hitmontop|par
|
|upkeep
|turn|12
|
|t:|1757823874
|move|p1a: Moltres|Air Slash|p2a: Hitmontop
|-supereffective|p2a: Hitmontop
|-damage|p2a: Hitmontop|1/100 par
|cant|p2a: Hitmontop|par
|
|upkeep
|turn|13
|
|t:|1757823879
|cant|p2a: Hitmontop|par
|move|p1a: Moltres|Air Slash|p2a: Hitmontop
|-supereffective|p2a: Hitmontop
|-damage|p2a: Hitmontop|0 fnt
|faint|p2a: Hitmontop
|
|upkeep
|
|t:|1757823889
|switch|p2a: Torterra|Torterra, M|100/100
|turn|14
|
|t:|1757823892
|-terastallize|p2a: Torterra|Steel
|move|p1a: Moltres|Fire Blast|p2a: Torterra
|-supereffective|p2a: Torterra
|-damage|p2a: Torterra|0 fnt
|faint|p2a: Torterra
|
|-sideend|p1: pokefanfdj|move: Tailwind
|upkeep
|
|t:|1757823897
|switch|p2a: Tauros|Tauros-Paldea-Blaze, M, shiny|100/100
|-ability|p2a: Tauros|Intimidate|boost
|-unboost|p1a: Moltres|atk|1
|turn|15
|
|t:|1757823906
|move|p2a: Tauros|Bulk Up|p2a: Tauros
|-boost|p2a: Tauros|atk|1
|-boost|p2a: Tauros|def|1
|move|p1a: Moltres|Tailwind|p1a: Moltres
|-sidestart|p1: pokefanfdj|move: Tailwind
|
|upkeep
|turn|16
|
|t:|1757823911
|move|p1a: Moltres|Air Slash|p2a: Tauros
|-supereffective|p2a: Tauros
|-damage|p2a: Tauros|0 fnt
|faint|p2a: Tauros
|
|upkeep
|-message|Daacebandit forfeited.
|
|win|pokefanfdj
|raw|pokefanfdj's rating: 1336 &rarr; <strong>1351</strong><br />(+15 for winning)
|raw|Daacebandit's rating: 1255 &rarr; <strong>1236</strong><br />(-19 for losing)
|l|☆Daacebandit
|player|p2|
|l|☆pokefanfdj
|player|p1|
