|j|☆sailormooo
|j|☆bad teambuilder3
|t:|1757909021
|gametype|singles
|player|p1|sailormooo|whitney|1217
|player|p2|bad teambuilder3|beauty-gen4dp|1134
|gen|9
|tier|[Gen 9] OU
|rated|
|rule|HP Percentage Mod: HP is shown in percentages
|rule|Endless Battle Clause: Forcing endless battles is banned
|rule|Species Clause: Limit one of each Pokémon
|rule|OHKO Clause: OHKO moves are banned
|rule|Evasion Items Clause: Evasion items are banned
|rule|Evasion Moves Clause: Evasion moves are banned
|rule|Evasion Abilities Clause: Evasion abilities are banned
|rule|Sleep Moves Clause: Sleep-inducing moves are banned
|clearpoke
|poke|p1|Maushold-Four|
|poke|p1|Zoroark-Hisui, F|
|poke|p1|Ursaluna, F|
|poke|p1|Ditto|
|poke|p1|Arboliva, F|
|poke|p1|Wyrdeer, F|
|poke|p2|Scizor, F|
|poke|p2|Latios, M|
|poke|p2|Iron Crown|
|poke|p2|Ceruledge, F|
|poke|p2|Maushold-Four|
|poke|p2|Samurott-Hisui, M|
|teampreview
|inactive|Battle timer is ON: inactive players will automatically lose when time's up. (requested by sailormooo)
|inactive|bad teambuilder3 also wants the timer to be on.
|
|t:|1757909031
|teamsize|p1|6
|teamsize|p2|6
|start
|switch|p1a: Arboliva|Arboliva, F, shiny|100/100
|switch|p2a: Samurott|Samurott-Hisui, M|100/100
|turn|1
|
|t:|1757909040
|move|p2a: Samurott|Ceaseless Edge|p1a: Arboliva
|-damage|p1a: Arboliva|51/100
|-sidestart|p1: sailormooo|Spikes
|move|p1a: Arboliva|Leech Seed|p2a: Samurott
|-start|p2a: Samurott|move: Leech Seed
|
|-damage|p2a: Samurott|88/100|[from] Leech Seed|[of] p1a: Arboliva
|-heal|p1a: Arboliva|62/100|[silent]
|upkeep
|turn|2
|
|t:|1757909050
|move|p2a: Samurott|Ceaseless Edge|p1a: Arboliva
|-damage|p1a: Arboliva|20/100
|-sidestart|p1: sailormooo|Spikes
|-enditem|p1a: Arboliva|Sitrus Berry|[eat]
|-heal|p1a: Arboliva|45/100|[from] item: Sitrus Berry
|move|p1a: Arboliva|Giga Drain|p2a: Samurott
|-supereffective|p2a: Samurott
|-damage|p2a: Samurott|0 fnt
|-heal|p1a: Arboliva|84/100|[from] drain|[of] p2a: Samurott
|faint|p2a: Samurott
|
|-item|p1a: Arboliva|Sitrus Berry|[from] ability: Harvest
|upkeep
|
|t:|1757909066
|switch|p2a: Maushold|Maushold-Four|100/100
|turn|3
|
|t:|1757909070
|move|p2a: Maushold|Tidy Up|p2a: Maushold
|-sideend|p1: sailormooo|Spikes
|-activate|p2a: Maushold|move: Tidy Up
|-boost|p2a: Maushold|atk|1
|-boost|p2a: Maushold|spe|1
|move|p1a: Arboliva|Leech Seed|p2a: Maushold
|-start|p2a: Maushold|move: Leech Seed
|
|-damage|p2a: Maushold|88/100|[from] Leech Seed|[of] p1a: Arboliva
|-heal|p1a: Arboliva|94/100|[silent]
|upkeep
|turn|4
|
|t:|1757909080
|move|p1a: Arboliva|Protect|p1a: Arboliva
|-singleturn|p1a: Arboliva|Protect
|move|p2a: Maushold|Population Bomb|p1a: Arboliva
|-activate|p1a: Arboliva|move: Protect
|
|-damage|p2a: Maushold|76/100|[from] Leech Seed|[of] p1a: Arboliva
|-heal|p1a: Arboliva|100/100|[silent]
|upkeep
|turn|5
|
|t:|1757909091
|switch|p1a: Maushold|Maushold-Four, shiny|100/100
|move|p2a: Maushold|Population Bomb|p1a: Maushold
|-immune|p1a: Maushold
|
|-damage|p2a: Maushold|63/100|[from] Leech Seed|[of] p1a: Maushold
|upkeep
|turn|6
|
|t:|1757909100
|move|p2a: Maushold|Beat Up|p1a: Maushold
|-supereffective|p1a: Maushold
|-damage|p1a: Maushold|74/100
|replace|p1a: Zoroark|Zoroark-Hisui, F, shiny
|-end|p1a: Zoroark|Illusion
|-supereffective|p1a: Zoroark
|-damage|p1a: Zoroark|43/100
|-supereffective|p1a: Zoroark
|-crit|p1a: Zoroark
|-damage|p1a: Zoroark|0 fnt
|faint|p1a: Zoroark
|-hitcount|p1: Zoroark|3
|
|upkeep
|
|t:|1757909109
|switch|p1a: Ditto|Ditto, shiny|100/100
|-transform|p1a: Ditto|p2a: Maushold|[from] ability: Imposter
|turn|7
|
|t:|1757909119
|move|p1a: Ditto|Population Bomb|p2a: Maushold
|-damage|p2a: Maushold|37/100
|-damage|p2a: Maushold|10/100
|-damage|p2a: Maushold|0 fnt
|faint|p2a: Maushold
|-hitcount|p2: Maushold|3
|
|upkeep
|
|t:|1757909129
|switch|p2a: Scizor|Scizor, F|100/100
|turn|8
|
|t:|1757909139
|switch|p1a: Arboliva|Arboliva, F, shiny|100/100
|move|p2a: Scizor|Close Combat|p1a: Arboliva
|-supereffective|p1a: Arboliva
|-damage|p1a: Arboliva|20/100
|-unboost|p2a: Scizor|def|1
|-unboost|p2a: Scizor|spd|1
|-enditem|p1a: Arboliva|Sitrus Berry|[eat]
|-heal|p1a: Arboliva|45/100|[from] item: Sitrus Berry
|
|-item|p1a: Arboliva|Sitrus Berry|[from] ability: Harvest
|upkeep
|-enditem|p1a: Arboliva|Sitrus Berry|[eat]
|-heal|p1a: Arboliva|69/100|[from] item: Sitrus Berry
|turn|9
|
|t:|1757909155
|move|p2a: Scizor|Close Combat|p1a: Arboliva
|-supereffective|p1a: Arboliva
|-damage|p1a: Arboliva|0 fnt
|-unboost|p2a: Scizor|def|1
|-unboost|p2a: Scizor|spd|1
|faint|p1a: Arboliva
|
|upkeep
|
|t:|1757909161
|switch|p1a: Ursaluna|Ursaluna, F, shiny|100/100
|turn|10
|
|t:|1757909165
|move|p2a: Scizor|Close Combat|p1a: Ursaluna
|-supereffective|p1a: Ursaluna
|-damage|p1a: Ursaluna|41/100
|-unboost|p2a: Scizor|def|1
|-unboost|p2a: Scizor|spd|1
|move|p1a: Ursaluna|Trailblaze|p2a: Scizor
|-resisted|p2a: Scizor
|-damage|p2a: Scizor|85/100
|-boost|p1a: Ursaluna|spe|1
|
|-status|p1a: Ursaluna|brn|[from] item: Flame Orb
|upkeep
|turn|11
|
|t:|1757909181
|move|p2a: Scizor|Bullet Punch|p1a: Ursaluna
|-damage|p1a: Ursaluna|18/100 brn
|move|p1a: Ursaluna|Earthquake|p2a: Scizor
|-damage|p2a: Scizor|0 fnt
|faint|p2a: Scizor
|
|-damage|p1a: Ursaluna|12/100 brn|[from] brn
|upkeep
|
|t:|1757909191
|switch|p2a: Ceruledge|Ceruledge, F|100/100
|turn|12
|
|t:|1757909206
|move|p2a: Ceruledge|Bitter Blade|p1a: Ursaluna
|-damage|p1a: Ursaluna|0 fnt
|faint|p1a: Ursaluna
|
|upkeep
|
|t:|1757909210
|switch|p1a: Ditto|Ditto, shiny|100/100
|-transform|p1a: Ditto|p2a: Ceruledge|[from] ability: Imposter
|turn|13
|
|t:|1757909220
|move|p1a: Ditto|Shadow Sneak|p2a: Ceruledge
|-supereffective|p2a: Ceruledge
|-damage|p2a: Ceruledge|45/100
|-ability|p2a: Ceruledge|Weak Armor|boost
|-unboost|p2a: Ceruledge|def|1
|-boost|p2a: Ceruledge|spe|2
|move|p2a: Ceruledge|Swords Dance|p2a: Ceruledge
|-boost|p2a: Ceruledge|atk|2
|
|upkeep
|turn|14
|
|t:|1757909238
|move|p2a: Ceruledge|Shadow Sneak|p1a: Ditto
|-supereffective|p1a: Ditto
|-damage|p1a: Ditto|0 fnt
|faint|p1a: Ditto
|
|upkeep
|
|t:|1757909243
|switch|p1a: Wyrdeer|Wyrdeer, F, shiny|100/100
|-ability|p1a: Wyrdeer|Intimidate|boost
|-unboost|p2a: Ceruledge|atk|1
|turn|15
|
|t:|1757909250
|-terastallize|p1a: Wyrdeer|Fairy
|move|p2a: Ceruledge|Bitter Blade|p1a: Wyrdeer
|-damage|p1a: Wyrdeer|32/100
|-heal|p2a: Ceruledge|93/100|[from] drain|[of] p1a: Wyrdeer
|move|p1a: Wyrdeer|Tera Blast|p2a: Ceruledge|[anim] Tera Blast Fairy
|-resisted|p2a: Ceruledge
|-damage|p2a: Ceruledge|71/100
|
|-heal|p1a: Wyrdeer|38/100|[from] item: Leftovers
|upkeep
|turn|16
|
|t:|1757909261
|move|p2a: Ceruledge|Bitter Blade|p1a: Wyrdeer
|-damage|p1a: Wyrdeer|0 fnt
|-heal|p2a: Ceruledge|98/100|[from] drain|[of] p1a: Wyrdeer
|faint|p1a: Wyrdeer
|
|upkeep
|
|t:|1757909263
|switch|p1a: Maushold|Maushold-Four, shiny|100/100
|turn|17
|
|t:|1757909268
|move|p2a: Ceruledge|Close Combat|p1a: Maushold
|-supereffective|p1a: Maushold
|-crit|p1a: Maushold
|-damage|p1a: Maushold|0 fnt
|-unboost|p2a: Ceruledge|def|1
|-unboost|p2a: Ceruledge|spd|1
|faint|p1a: Maushold
|
|win|bad teambuilder3
|raw|sailormooo's rating: 1217 &rarr; <strong>1186</strong><br />(-31 for losing)
|raw|bad teambuilder3's rating: 1134 &rarr; <strong>1165</strong><br />(+31 for winning)
|l|☆sailormooo
|player|p1|
|l|☆bad teambuilder3
|player|p2|
