|j|☆Chuck2025
|j|‽Sacred Quill
|t:|1757834465
|gametype|singles
|player|p1|Chuck2025|dawn|1198
|player|p2|Sacred Quill|clerk|1248
|gen|9
|tier|[Gen 9] OU
|rated|
|rule|HP Percentage Mod: HP is shown in percentages
|rule|Endless Battle Clause: Forcing endless battles is banned
|rule|Species Clause: Limit one of each Pokémon
|rule|OHKO Clause: OHKO moves are banned
|rule|Evasion Items Clause: Evasion items are banned
|rule|Evasion Moves Clause: Evasion moves are banned
|rule|Evasion Abilities Clause: Evasion abilities are banned
|rule|Sleep Moves Clause: Sleep-inducing moves are banned
|clearpoke
|poke|p1|Dragonite, M|
|poke|p1|Swampert, F|
|poke|p1|Snorlax, F|
|poke|p1|Iron Hands|
|poke|p1|Zamazenta-*|
|poke|p1|Cetitan, M|
|poke|p2|Araquanid, F|
|poke|p2|Weavile, F|
|poke|p2|Gliscor, M|
|poke|p2|Pecharunt|
|poke|p2|Rotom-Wash|
|poke|p2|Donphan, M|
|teampreview
|inactive|Battle timer is ON: inactive players will automatically lose when time's up. (requested by Chuck2025)
|
|t:|1757834477
|teamsize|p1|6
|teamsize|p2|6
|start
|switch|p1a: Snorlax|Snorlax, F, shiny|100/100
|switch|p2a: Araquanid|Araquanid, F|100/100
|turn|1
|
|t:|1757834487
|move|p2a: Araquanid|Sticky Web|p1a: Snorlax
|-sidestart|p1: Chuck2025|move: Sticky Web
|move|p1a: Snorlax|Thunderbolt|p2a: Araquanid
|-supereffective|p2a: Araquanid
|-damage|p2a: Araquanid|68/100
|-status|p2a: Araquanid|par
|
|upkeep
|turn|2
|
|t:|1757834498
|switch|p2a: Donphan|Donphan, M, shiny|100/100
|move|p1a: Snorlax|Thunderbolt|p2a: Donphan
|-immune|p2a: Donphan
|
|upkeep
|turn|3
|
|t:|1757834510
|switch|p1a: Swampert|Swampert, F|100/100
|move|p2a: Donphan|Knock Off|p1a: Swampert
|-damage|p1a: Swampert|75/100
|-enditem|p1a: Swampert|Heavy-Duty Boots|[from] move: Knock Off|[of] p2a: Donphan
|
|upkeep
|turn|4
|
|t:|1757834519
|switch|p2a: Rotom|Rotom-Wash, shiny|100/100
|move|p1a: Swampert|Hydro Pump|p2a: Rotom
|-resisted|p2a: Rotom
|-damage|p2a: Rotom|74/100
|
|-heal|p2a: Rotom|80/100|[from] item: Leftovers
|upkeep
|turn|5
|
|t:|1757834527
|move|p2a: Rotom|Hydro Pump|p1a: Swampert|[miss]
|-miss|p2a: Rotom|p1a: Swampert
|move|p1a: Swampert|Sludge Wave|p2a: Rotom
|-damage|p2a: Rotom|50/100
|-status|p2a: Rotom|psn
|
|-heal|p2a: Rotom|56/100 psn|[from] item: Leftovers
|-damage|p2a: Rotom|44/100 psn|[from] psn
|upkeep
|turn|6
|
|t:|1757834539
|move|p2a: Rotom|Pain Split|p1a: Swampert
|-sethp|p1a: Swampert|54/100|[from] move: Pain Split|[silent]
|-sethp|p2a: Rotom|71/100 psn|[from] move: Pain Split
|move|p1a: Swampert|Sludge Wave|p2a: Rotom
|-damage|p2a: Rotom|42/100 psn
|
|-heal|p2a: Rotom|48/100 psn|[from] item: Leftovers
|-damage|p2a: Rotom|36/100 psn|[from] psn
|upkeep
|turn|7
|
|t:|1757834567
|move|p2a: Rotom|Hydro Pump|p1a: Swampert
|-damage|p1a: Swampert|20/100
|move|p1a: Swampert|Sludge Wave|p2a: Rotom
|-damage|p2a: Rotom|6/100 psn
|
|-heal|p2a: Rotom|13/100 psn|[from] item: Leftovers
|-damage|p2a: Rotom|0 fnt|[from] psn
|faint|p2a: Rotom
|upkeep
|
|t:|1757834591
|switch|p2a: Pecharunt|Pecharunt|100/100
|turn|8
|
|t:|1757834596
|move|p2a: Pecharunt|Hex|p1a: Swampert
|-damage|p1a: Swampert|0 fnt
|faint|p1a: Swampert
|
|upkeep
|
|t:|1757834616
|switch|p1a: Iron Hands|Iron Hands, shiny|100/100
|-activate|p1a: Iron Hands|move: Sticky Web
|-unboost|p1a: Iron Hands|spe|1
|turn|9
|
|t:|1757834623
|switch|p2a: Araquanid|Araquanid, F|68/100 par
|move|p1a: Iron Hands|Earthquake|p2a: Araquanid
|-resisted|p2a: Araquanid
|-damage|p2a: Araquanid|47/100 par
|
|upkeep
|turn|10
|
|t:|1757834632
|move|p1a: Iron Hands|Drain Punch|p2a: Araquanid
|-resisted|p2a: Araquanid
|-damage|p2a: Araquanid|24/100 par
|move|p2a: Araquanid|Surf|p1a: Iron Hands
|-damage|p1a: Iron Hands|49/100
|
|upkeep
|turn|11
|-enditem|p2a: Araquanid|Custap Berry|[eat]
|-activate|p2a: Araquanid|item: Custap Berry|[consumed]
|
|t:|1757834639
|move|p2a: Araquanid|Surf|p1a: Iron Hands
|-damage|p1a: Iron Hands|3/100
|move|p1a: Iron Hands|Drain Punch|p2a: Araquanid
|-resisted|p2a: Araquanid
|-damage|p2a: Araquanid|3/100 par
|-heal|p1a: Iron Hands|10/100|[from] drain|[of] p2a: Araquanid
|
|upkeep
|turn|12
|
|t:|1757834649
|switch|p2a: Pecharunt|Pecharunt|100/100
|move|p1a: Iron Hands|Drain Punch|p2a: Pecharunt
|-immune|p2a: Pecharunt
|
|upkeep
|turn|13
|
|t:|1757834655
|move|p2a: Pecharunt|Malignant Chain|p1a: Iron Hands
|-damage|p1a: Iron Hands|0 fnt
|faint|p1a: Iron Hands
|-end|p1a: Iron Hands|Quark Drive|[silent]
|
|upkeep
|
|t:|1757834664
|switch|p1a: Cetitan|Cetitan, M, shiny|100/100
|-activate|p1a: Cetitan|move: Sticky Web
|-unboost|p1a: Cetitan|spe|1
|turn|14
|
|t:|1757834683
|switch|p2a: Araquanid|Araquanid, F|3/100 par
|move|p1a: Cetitan|Earthquake|p2a: Araquanid
|-resisted|p2a: Araquanid
|-damage|p2a: Araquanid|0 fnt
|faint|p2a: Araquanid
|
|upkeep
|inactive|Sacred Quill has 120 seconds left.
|
|t:|1757834713
|switch|p2a: Pecharunt|Pecharunt|100/100
|turn|15
|inactive|Sacred Quill has 120 seconds left.
|
|t:|1757834726
|move|p2a: Pecharunt|Nasty Plot|p2a: Pecharunt
|-boost|p2a: Pecharunt|spa|2
|move|p1a: Cetitan|Earthquake|p2a: Pecharunt
|-supereffective|p2a: Pecharunt
|-damage|p2a: Pecharunt|66/100
|
|upkeep
|turn|16
|
|t:|1757834733
|move|p2a: Pecharunt|Malignant Chain|p1a: Cetitan
|-damage|p1a: Cetitan|37/100
|-status|p1a: Cetitan|tox
|-start|p1a: Cetitan|confusion|[from] ability: Poison Puppeteer|[of] p2a: Pecharunt
|-activate|p1a: Cetitan|confusion
|move|p1a: Cetitan|Earthquake|p2a: Pecharunt
|-supereffective|p2a: Pecharunt
|-damage|p2a: Pecharunt|28/100
|
|-damage|p1a: Cetitan|30/100 tox|[from] psn
|upkeep
|turn|17
|
|t:|1757834745
|move|p2a: Pecharunt|Recover|p2a: Pecharunt
|-heal|p2a: Pecharunt|78/100
|-activate|p1a: Cetitan|confusion
|-damage|p1a: Cetitan|23/100 tox|[from] confusion
|
|-damage|p1a: Cetitan|10/100 tox|[from] psn
|upkeep
|turn|18
|
|t:|1757834753
|move|p2a: Pecharunt|Hex|p1a: Cetitan
|-damage|p1a: Cetitan|0 fnt
|faint|p1a: Cetitan
|
|upkeep
|
|t:|1757834759
|switch|p1a: Dragonite|Dragonite, M|100/100
|turn|19
|
|t:|1757834767
|move|p2a: Pecharunt|Malignant Chain|p1a: Dragonite
|-damage|p1a: Dragonite|61/100
|-status|p1a: Dragonite|tox
|-start|p1a: Dragonite|confusion|[from] ability: Poison Puppeteer|[of] p2a: Pecharunt
|-activate|p1a: Dragonite|confusion
|move|p1a: Dragonite|Earthquake|p2a: Pecharunt
|-supereffective|p2a: Pecharunt
|-damage|p2a: Pecharunt|19/100
|
|-damage|p1a: Dragonite|55/100 tox|[from] psn
|upkeep
|turn|20
|
|t:|1757834779
|-end|p1a: Dragonite|confusion
|move|p1a: Dragonite|Extreme Speed|p2a: Pecharunt
|-immune|p2a: Pecharunt
|move|p2a: Pecharunt|Hex|p1a: Dragonite
|-damage|p1a: Dragonite|0 fnt
|faint|p1a: Dragonite
|
|upkeep
|-message|Chuck2025 forfeited.
|
|win|Sacred Quill
|raw|Chuck2025's rating: 1198 &rarr; <strong>1177</strong><br />(-21 for losing)
|raw|Sacred Quill's rating: 1248 &rarr; <strong>1269</strong><br />(+21 for winning)
|l|☆Chuck2025
|player|p1|
|l|‽Sacred Quill
|player|p2|
