|j|☆M.C.9
|j|☆gwuh
|t:|1757947664
|gametype|singles
|player|p1|M.C.9|n|1187
|player|p2|gwuh|serena-masters|1221
|gen|9
|tier|[Gen 9] OU
|rated|
|rule|HP Percentage Mod: HP is shown in percentages
|rule|Endless Battle Clause: Forcing endless battles is banned
|rule|Species Clause: Limit one of each Pokémon
|rule|OHKO Clause: OHKO moves are banned
|rule|Evasion Items Clause: Evasion items are banned
|rule|Evasion Moves Clause: Evasion moves are banned
|rule|Evasion Abilities Clause: Evasion abilities are banned
|rule|Sleep Moves Clause: Sleep-inducing moves are banned
|clearpoke
|poke|p1|Ogerpon-Cornerstone, F|
|poke|p1|Meowscarada, M|
|poke|p1|Hydrapple, F|
|poke|p1|Amoonguss, F|
|poke|p1|Rillaboom, F|
|poke|p1|Iron Leaves|
|poke|p2|Kingambit, M|
|poke|p2|Ogerpon-Wellspring, F|
|poke|p2|Landorus-Therian, M|
|poke|p2|Primarina, F|
|poke|p2|Dragapult, F|
|poke|p2|Iron Moth|
|teampreview
|inactive|Battle timer is ON: inactive players will automatically lose when time's up. (requested by gwuh)
|inactive|M.C.9 also wants the timer to be on.
|
|t:|1757947672
|teamsize|p1|6
|teamsize|p2|6
|start
|switch|p1a: Meowscarada|Meowscarada, M|100/100
|switch|p2a: Iron Moth|Iron Moth|100/100
|-enditem|p2a: Iron Moth|Booster Energy
|-activate|p2a: Iron Moth|ability: Quark Drive|[fromitem]
|-start|p2a: Iron Moth|quarkdrivespa
|turn|1
|
|t:|1757947683
|move|p1a: Meowscarada|Knock Off|p2a: Iron Moth
|-start|p1a: Meowscarada|typechange|Dark|[from] ability: Protean
|-damage|p2a: Iron Moth|61/100
|move|p2a: Iron Moth|Fiery Dance|p1a: Meowscarada
|-damage|p1a: Meowscarada|14/100
|-boost|p2a: Iron Moth|spa|1
|
|upkeep
|turn|2
|
|t:|1757947704
|move|p1a: Meowscarada|Knock Off|p2a: Iron Moth
|-damage|p2a: Iron Moth|19/100
|move|p2a: Iron Moth|Fiery Dance|p1a: Meowscarada
|-damage|p1a: Meowscarada|0 fnt
|-boost|p2a: Iron Moth|spa|1
|faint|p1a: Meowscarada
|
|upkeep
|inactive|M.C.9 has 120 seconds left.
|
|t:|1757947732
|switch|p1a: Iron Leaves|Iron Leaves|100/100
|-enditem|p1a: Iron Leaves|Booster Energy
|-activate|p1a: Iron Leaves|ability: Quark Drive|[fromitem]
|-start|p1a: Iron Leaves|quarkdrivespe
|turn|3
|
|t:|1757947751
|-end|p2a: Iron Moth|Quark Drive|[silent]
|switch|p2a: Kingambit|Kingambit, M, shiny|100/100
|-item|p2a: Kingambit|Air Balloon
|move|p1a: Iron Leaves|Psyblade|p2a: Kingambit
|-immune|p2a: Kingambit
|
|upkeep
|turn|4
|inactive|M.C.9 has 120 seconds left.
|
|t:|1757947758
|move|p1a: Iron Leaves|Close Combat|p2a: Kingambit
|-supereffective|p2a: Kingambit
|-damage|p2a: Kingambit|0 fnt
|-unboost|p1a: Iron Leaves|def|1
|-unboost|p1a: Iron Leaves|spd|1
|-enditem|p2a: Kingambit|Air Balloon
|faint|p2a: Kingambit
|-end|p2a: Kingambit|fallenundefined|[silent]
|
|upkeep
|
|t:|1757947768
|switch|p2a: Landorus|Landorus-Therian, M|100/100
|-ability|p2a: Landorus|Intimidate|boost
|-unboost|p1a: Iron Leaves|atk|1
|turn|5
|
|t:|1757947779
|move|p1a: Iron Leaves|Psyblade|p2a: Landorus
|-damage|p2a: Landorus|76/100
|-damage|p1a: Iron Leaves|84/100|[from] item: Rocky Helmet|[of] p2a: Landorus
|move|p2a: Landorus|Stealth Rock|p1a: Iron Leaves
|-sidestart|p1: M.C.9|move: Stealth Rock
|
|upkeep
|turn|6
|
|t:|1757947793
|move|p1a: Iron Leaves|Swords Dance|p1a: Iron Leaves
|-boost|p1a: Iron Leaves|atk|2
|move|p2a: Landorus|U-turn|p1a: Iron Leaves
|-supereffective|p1a: Iron Leaves
|-damage|p1a: Iron Leaves|0 fnt
|faint|p1a: Iron Leaves
|-end|p1a: Iron Leaves|Quark Drive|[silent]
|
|t:|1757947799
|switch|p2a: Dragapult|Dragapult, F|100/100|[from] U-turn
|
|upkeep
|inactive|M.C.9 has 120 seconds left.
|
|t:|1757947816
|switch|p1a: Hydrapple|Hydrapple, F|100/100
|turn|7
|
|t:|1757947824
|-terastallize|p2a: Dragapult|Fairy
|-terastallize|p1a: Hydrapple|Fairy
|move|p2a: Dragapult|Dragon Darts|p1a: Hydrapple
|-immune|p1a: Hydrapple
|move|p1a: Hydrapple|Nasty Plot|p1a: Hydrapple
|-boost|p1a: Hydrapple|spa|2
|
|upkeep
|turn|8
|c|☆gwuh|LMAO
|
|t:|1757947835
|move|p2a: Dragapult|Will-O-Wisp|p1a: Hydrapple
|-status|p1a: Hydrapple|brn
|move|p1a: Hydrapple|Giga Drain|p2a: Dragapult
|-damage|p2a: Dragapult|21/100
|
|-damage|p1a: Hydrapple|94/100 brn|[from] brn
|upkeep
|turn|9
|
|t:|1757947861
|move|p2a: Dragapult|U-turn|p1a: Hydrapple
|-resisted|p1a: Hydrapple
|-damage|p1a: Hydrapple|89/100 brn
|inactive|gwuh has 120 seconds left.
|
|t:|1757947872
|switch|p2a: Ogerpon|Ogerpon-Wellspring, F|100/100|[from] U-turn
|move|p1a: Hydrapple|Giga Drain|p2a: Ogerpon
|-damage|p2a: Ogerpon|36/100
|-heal|p1a: Hydrapple|100/100 brn|[from] drain|[of] p2a: Ogerpon
|
|-damage|p1a: Hydrapple|94/100 brn|[from] brn
|upkeep
|turn|10
|
|t:|1757947884
|move|p2a: Ogerpon|Ivy Cudgel|p1a: Hydrapple|[anim] Ivy Cudgel Water
|-damage|p1a: Hydrapple|62/100 brn
|move|p1a: Hydrapple|Giga Drain|p2a: Ogerpon
|-damage|p2a: Ogerpon|0 fnt
|-heal|p1a: Hydrapple|75/100 brn|[from] drain|[of] p2a: Ogerpon
|faint|p2a: Ogerpon
|
|-damage|p1a: Hydrapple|69/100 brn|[from] brn
|upkeep
|inactive|gwuh has 120 seconds left.
|
|t:|1757947900
|switch|p2a: Primarina|Primarina, F|100/100
|turn|11
|
|t:|1757947906
|move|p2a: Primarina|Calm Mind|p2a: Primarina
|-boost|p2a: Primarina|spa|1
|-boost|p2a: Primarina|spd|1
|move|p1a: Hydrapple|Giga Drain|p2a: Primarina
|-supereffective|p2a: Primarina
|-damage|p2a: Primarina|33/100
|-heal|p1a: Hydrapple|98/100 brn|[from] drain|[of] p2a: Primarina
|
|-damage|p1a: Hydrapple|92/100 brn|[from] brn
|upkeep
|turn|12
|
|t:|1757947914
|move|p2a: Primarina|Hydro Pump|p1a: Hydrapple
|-damage|p1a: Hydrapple|0 fnt
|faint|p1a: Hydrapple
|
|upkeep
|
|t:|1757947924
|switch|p1a: Rillaboom|Rillaboom, F|100/100
|-damage|p1a: Rillaboom|88/100|[from] Stealth Rock
|-fieldstart|move: Grassy Terrain|[from] ability: Grassy Surge|[of] p1a: Rillaboom
|turn|13
|
|t:|1757947940
|move|p1a: Rillaboom|Wood Hammer|p2a: Primarina
|-supereffective|p2a: Primarina
|-damage|p2a: Primarina|0 fnt
|faint|p2a: Primarina
|-damage|p1a: Rillaboom|77/100|[from] Recoil
|
|-heal|p1a: Rillaboom|83/100|[from] Grassy Terrain
|upkeep
|
|t:|1757947944
|switch|p2a: Dragapult|Dragapult, F, tera:Fairy|21/100
|turn|14
|
|t:|1757947951
|move|p1a: Rillaboom|Grassy Glide|p2a: Dragapult
|-crit|p2a: Dragapult
|-damage|p2a: Dragapult|0 fnt
|faint|p2a: Dragapult
|
|-heal|p1a: Rillaboom|89/100|[from] Grassy Terrain
|upkeep
|
|t:|1757947955
|switch|p2a: Landorus|Landorus-Therian, M|76/100
|-ability|p2a: Landorus|Intimidate|boost
|-unboost|p1a: Rillaboom|atk|1
|turn|15
|
|t:|1757947965
|move|p2a: Landorus|U-turn|p1a: Rillaboom
|-supereffective|p1a: Rillaboom
|-damage|p1a: Rillaboom|44/100
|
|t:|1757947969
|switch|p2a: Iron Moth|Iron Moth|19/100|[from] U-turn
|move|p1a: Rillaboom|Wood Hammer|p2a: Iron Moth
|-resisted|p2a: Iron Moth
|-damage|p2a: Iron Moth|0 fnt
|faint|p2a: Iron Moth
|-end|p2a: Iron Moth|Quark Drive|[silent]
|-damage|p1a: Rillaboom|39/100|[from] Recoil
|
|-heal|p1a: Rillaboom|45/100|[from] Grassy Terrain
|upkeep
|
|t:|1757947972
|switch|p2a: Landorus|Landorus-Therian, M|76/100
|-ability|p2a: Landorus|Intimidate|boost
|-unboost|p1a: Rillaboom|atk|1
|turn|16
|
|t:|1757947983
|move|p1a: Rillaboom|Grassy Glide|p2a: Landorus
|-damage|p2a: Landorus|56/100
|-damage|p1a: Rillaboom|29/100|[from] item: Rocky Helmet|[of] p2a: Landorus
|move|p2a: Landorus|U-turn|p1a: Rillaboom
|-supereffective|p1a: Rillaboom
|-damage|p1a: Rillaboom|0 fnt
|faint|p1a: Rillaboom
|
|upkeep
|
|t:|1757947992
|switch|p1a: Ogerpon|Ogerpon-Cornerstone, F|100/100
|-damage|p1a: Ogerpon|88/100|[from] Stealth Rock
|turn|17
|
|t:|1757948000
|move|p1a: Ogerpon|Power Whip|p2a: Landorus
|-damage|p2a: Landorus|0 fnt
|-damage|p1a: Ogerpon|72/100|[from] item: Rocky Helmet|[of] p2a: Landorus
|faint|p2a: Landorus
|
|win|M.C.9
|raw|M.C.9's rating: 1187 &rarr; <strong>1214</strong><br />(+27 for winning)
|raw|gwuh's rating: 1221 &rarr; <strong>1194</strong><br />(-27 for losing)
|l|☆gwuh
|player|p2|
