|j|☆NIKOLAS PELUSA
|j|☆Ag3ntZ0
|t:|1757875778
|gametype|singles
|player|p1|NIKOLAS PELUSA|101|1041
|player|p2|Ag3ntZ0|cynthia-gen4|1033
|gen|9
|tier|[Gen 9] OU
|rated|
|rule|HP Percentage Mod: HP is shown in percentages
|rule|Endless Battle Clause: Forcing endless battles is banned
|rule|Species Clause: Limit one of each Pokémon
|rule|OHKO Clause: OHKO moves are banned
|rule|Evasion Items Clause: Evasion items are banned
|rule|Evasion Moves Clause: Evasion moves are banned
|rule|Evasion Abilities Clause: Evasion abilities are banned
|rule|Sleep Moves Clause: Sleep-inducing moves are banned
|clearpoke
|poke|p1|Greninja-*, F|
|poke|p1|Goodra, F|
|poke|p1|Florges-Blue, F|
|poke|p1|Talonflame, M|
|poke|p1|Dragalge, F|
|poke|p1|Hawlucha, F|
|poke|p2|Gogoat, F|
|poke|p2|Tentacruel, F|
|poke|p2|Sylveon, F|
|poke|p2|Gliscor, F|
|poke|p2|Alomomola, M|
|poke|p2|Iron Moth|
|teampreview
|inactive|Battle timer is ON: inactive players will automatically lose when time's up. (requested by Ag3ntZ0)
|
|t:|1757875789
|teamsize|p1|6
|teamsize|p2|6
|start
|switch|p1a: Hawlucha|Hawlucha, F|100/100
|switch|p2a: Sylveon|Sylveon, F, shiny|100/100
|turn|1
|
|t:|1757875795
|move|p1a: Hawlucha|Poison Jab|p2a: Sylveon
|-supereffective|p2a: Sylveon
|-damage|p2a: Sylveon|42/100
|-enditem|p2a: Sylveon|Sitrus Berry|[eat]
|-heal|p2a: Sylveon|66/100|[from] item: Sitrus Berry
|move|p2a: Sylveon|Curse|p2a: Sylveon
|-unboost|p2a: Sylveon|spe|1
|-boost|p2a: Sylveon|atk|1
|-boost|p2a: Sylveon|def|1
|
|upkeep
|turn|2
|
|t:|1757875805
|move|p2a: Sylveon|Protect|p2a: Sylveon
|-singleturn|p2a: Sylveon|Protect
|move|p1a: Hawlucha|Poison Jab|p2a: Sylveon
|-activate|p2a: Sylveon|move: Protect
|
|upkeep
|turn|3
|
|t:|1757875813
|-terastallize|p2a: Sylveon|Steel
|move|p1a: Hawlucha|Poison Jab|p2a: Sylveon
|-immune|p2a: Sylveon
|move|p2a: Sylveon|Last Resort|p1a: Hawlucha
|-supereffective|p1a: Hawlucha
|-damage|p1a: Hawlucha|0 fnt
|faint|p1a: Hawlucha
|
|upkeep
|
|t:|1757875821
|switch|p1a: Talonflame|Talonflame, M|100/100
|turn|4
|
|t:|1757875825
|move|p1a: Talonflame|Heat Wave|p2a: Sylveon
|-supereffective|p2a: Sylveon
|-damage|p2a: Sylveon|29/100
|-damage|p1a: Talonflame|91/100|[from] item: Life Orb
|move|p2a: Sylveon|Last Resort|p1a: Talonflame
|-resisted|p1a: Talonflame
|-damage|p1a: Talonflame|37/100
|-status|p2a: Sylveon|brn|[from] ability: Flame Body|[of] p1a: Talonflame
|
|-damage|p2a: Sylveon|23/100 brn|[from] brn
|upkeep
|turn|5
|
|t:|1757875836
|move|p2a: Sylveon|Protect|p2a: Sylveon
|-singleturn|p2a: Sylveon|Protect
|move|p1a: Talonflame|Roost|p1a: Talonflame
|-heal|p1a: Talonflame|87/100
|-singleturn|p1a: Talonflame|move: Roost
|
|-damage|p2a: Sylveon|17/100 brn|[from] brn
|upkeep
|turn|6
|
|t:|1757875849
|switch|p2a: Alomomola|Alomomola, M|100/100
|move|p1a: Talonflame|Heat Wave|p2a: Alomomola
|-resisted|p2a: Alomomola
|-damage|p2a: Alomomola|79/100
|-status|p2a: Alomomola|brn
|-damage|p1a: Talonflame|77/100|[from] item: Life Orb
|
|-damage|p2a: Alomomola|73/100 brn|[from] brn
|upkeep
|turn|7
|
|t:|1757875869
|switch|p1a: Florges|Florges-Blue, F|100/100
|move|p2a: Alomomola|Wish|p2a: Alomomola
|
|-damage|p2a: Alomomola|67/100 brn|[from] brn
|upkeep
|turn|8
|
|t:|1757875875
|move|p1a: Florges|Energy Ball|p2a: Alomomola
|-supereffective|p2a: Alomomola
|-damage|p2a: Alomomola|0 fnt
|faint|p2a: Alomomola
|
|upkeep
|
|t:|1757875880
|switch|p2a: Sylveon|Sylveon, F, shiny, tera:Steel|17/100 brn
|turn|9
|
|t:|1757875885
|switch|p1a: Goodra|Goodra, F|100/100
|move|p2a: Sylveon|Last Resort||[still]
|-fail|p2a: Sylveon
|
|-damage|p2a: Sylveon|11/100 brn|[from] brn
|upkeep
|turn|10
|
|t:|1757875898
|move|p1a: Goodra|Flamethrower|p2a: Sylveon
|-supereffective|p2a: Sylveon
|-damage|p2a: Sylveon|0 fnt
|faint|p2a: Sylveon
|
|upkeep
|
|t:|1757875902
|switch|p2a: Iron Moth|Iron Moth|100/100
|-enditem|p2a: Iron Moth|Booster Energy
|-activate|p2a: Iron Moth|ability: Quark Drive|[fromitem]
|-start|p2a: Iron Moth|quarkdrivespa
|turn|11
|
|t:|1757875907
|move|p2a: Iron Moth|Fiery Dance|p1a: Goodra
|-resisted|p1a: Goodra
|-damage|p1a: Goodra|90/100
|move|p1a: Goodra|Earthquake|p2a: Iron Moth
|-supereffective|p2a: Iron Moth
|-damage|p2a: Iron Moth|0 fnt
|faint|p2a: Iron Moth
|-end|p2a: Iron Moth|Quark Drive|[silent]
|
|upkeep
|
|t:|1757875916
|switch|p2a: Cmere|Gliscor, F, shiny|100/100
|turn|12
|
|t:|1757875924
|switch|p1a: Florges|Florges-Blue, F|100/100
|move|p2a: Cmere|Swords Dance|p2a: Cmere
|-boost|p2a: Cmere|atk|2
|
|-status|p2a: Cmere|tox|[from] item: Toxic Orb
|upkeep
|turn|13
|
|t:|1757875932
|move|p2a: Cmere|Fling|p1a: Florges
|-resisted|p1a: Florges
|-damage|p1a: Florges|88/100
|-status|p1a: Florges|tox
|-enditem|p2a: Cmere|Toxic Orb|[from] move: Fling
|move|p1a: Florges|Moonblast|p2a: Cmere
|-damage|p2a: Cmere|39/100 tox
|-unboost|p2a: Cmere|spa|1
|
|-heal|p1a: Florges|94/100 tox|[from] item: Leftovers
|-heal|p2a: Cmere|51/100 tox|[from] ability: Poison Heal
|-damage|p1a: Florges|88/100 tox|[from] psn
|upkeep
|turn|14
|
|t:|1757875944
|move|p2a: Cmere|Acrobatics|p1a: Florges
|-damage|p1a: Florges|0 fnt
|faint|p1a: Florges
|
|-heal|p2a: Cmere|63/100 tox|[from] ability: Poison Heal
|upkeep
|
|t:|1757875960
|switch|p1a: Dragalge|Dragalge, F|100/100
|turn|15
|
|t:|1757875968
|move|p2a: Cmere|Earthquake|p1a: Dragalge
|-supereffective|p1a: Dragalge
|-damage|p1a: Dragalge|0 fnt
|faint|p1a: Dragalge
|
|-heal|p2a: Cmere|76/100 tox|[from] ability: Poison Heal
|upkeep
|
|t:|1757875975
|switch|p1a: Goodra|Goodra, F|90/100
|turn|16
|
|t:|1757875983
|move|p2a: Cmere|Earthquake|p1a: Goodra
|-damage|p1a: Goodra|0 fnt
|faint|p1a: Goodra
|
|-heal|p2a: Cmere|88/100 tox|[from] ability: Poison Heal
|upkeep
|
|t:|1757875988
|switch|p1a: Talonflame|Talonflame, M|77/100
|turn|17
|
|t:|1757875994
|move|p1a: Talonflame|Brave Bird|p2a: Cmere
|-damage|p2a: Cmere|28/100 tox
|-damage|p1a: Talonflame|58/100|[from] Recoil
|-damage|p1a: Talonflame|48/100|[from] item: Life Orb
|move|p2a: Cmere|Acrobatics|p1a: Talonflame
|-damage|p1a: Talonflame|0 fnt
|faint|p1a: Talonflame
|
|-heal|p2a: Cmere|40/100 tox|[from] ability: Poison Heal
|upkeep
|
|t:|1757876004
|switch|p1a: Greninja|Greninja, F|100/100
|turn|18
|
|t:|1757876010
|move|p1a: Greninja|Ice Beam|p2a: Cmere
|-start|p1a: Greninja|typechange|Ice|[from] ability: Protean
|-supereffective|p2a: Cmere
|-damage|p2a: Cmere|0 fnt
|faint|p2a: Cmere
|
|upkeep
|
|t:|1757876017
|switch|p2a: I Like Grass|Gogoat, F|100/100
|turn|19
|
|t:|1757876028
|move|p1a: Greninja|Ice Beam|p2a: I Like Grass
|-supereffective|p2a: I Like Grass
|-damage|p2a: I Like Grass|52/100
|move|p2a: I Like Grass|Rock Slide|p1a: Greninja|[miss]
|-miss|p2a: I Like Grass|p1a: Greninja
|
|-heal|p2a: I Like Grass|58/100|[from] item: Leftovers
|upkeep
|turn|20
|
|t:|1757876039
|move|p1a: Greninja|Ice Beam|p2a: I Like Grass
|-supereffective|p2a: I Like Grass
|-damage|p2a: I Like Grass|12/100
|move|p2a: I Like Grass|Rock Slide|p1a: Greninja
|-supereffective|p1a: Greninja
|-damage|p1a: Greninja|40/100
|
|-heal|p1a: Greninja|46/100|[from] item: Leftovers
|-heal|p2a: I Like Grass|19/100|[from] item: Leftovers
|upkeep
|turn|21
|
|t:|1757876047
|move|p1a: Greninja|Ice Beam|p2a: I Like Grass
|-supereffective|p2a: I Like Grass
|-damage|p2a: I Like Grass|0 fnt
|faint|p2a: I Like Grass
|
|-heal|p1a: Greninja|52/100|[from] item: Leftovers
|upkeep
|
|t:|1757876051
|switch|p2a: Tentacruel|Tentacruel, F, shiny|100/100
|turn|22
|
|t:|1757876060
|move|p1a: Greninja|Ice Beam|p2a: Tentacruel
|-resisted|p2a: Tentacruel
|-damage|p2a: Tentacruel|89/100
|move|p2a: Tentacruel|Toxic|p1a: Greninja
|-status|p1a: Greninja|tox
|
|-heal|p1a: Greninja|58/100 tox|[from] item: Leftovers
|-damage|p1a: Greninja|52/100 tox|[from] psn
|upkeep
|turn|23
|
|t:|1757876068
|move|p1a: Greninja|Dark Pulse|p2a: Tentacruel
|-damage|p2a: Tentacruel|74/100
|cant|p2a: Tentacruel|flinch
|
|-heal|p1a: Greninja|58/100 tox|[from] item: Leftovers
|-damage|p1a: Greninja|46/100 tox|[from] psn
|upkeep
|turn|24
|
|t:|1757876075
|move|p1a: Greninja|Dark Pulse|p2a: Tentacruel
|-damage|p2a: Tentacruel|61/100
|cant|p2a: Tentacruel|flinch
|
|-heal|p1a: Greninja|52/100 tox|[from] item: Leftovers
|-damage|p1a: Greninja|34/100 tox|[from] psn
|upkeep
|turn|25
|
|t:|1757876083
|move|p1a: Greninja|Dark Pulse|p2a: Tentacruel
|-damage|p2a: Tentacruel|46/100
|move|p2a: Tentacruel|Rapid Spin|p1a: Greninja
|-damage|p1a: Greninja|20/100 tox
|-boost|p2a: Tentacruel|spe|1
|
|-heal|p1a: Greninja|26/100 tox|[from] item: Leftovers
|-damage|p1a: Greninja|2/100 tox|[from] psn
|upkeep
|turn|26
|
|t:|1757876092
|move|p1a: Greninja|Dark Pulse|p2a: Tentacruel
|-crit|p2a: Tentacruel
|-damage|p2a: Tentacruel|25/100
|move|p2a: Tentacruel|Rapid Spin|p1a: Greninja
|-damage|p1a: Greninja|0 fnt
|-boost|p2a: Tentacruel|spe|1
|faint|p1a: Greninja
|
|win|Ag3ntZ0
|raw|NIKOLAS PELUSA's rating: 1041 &rarr; <strong>1024</strong><br />(-17 for losing)
|raw|Ag3ntZ0's rating: 1033 &rarr; <strong>1069</strong><br />(+36 for winning)
|l|☆NIKOLAS PELUSA
|player|p1|
|l|☆Ag3ntZ0
|player|p2|
|j|☆Ag3ntZ0
|player|p2|Ag3ntZ0|cynthia-gen4|
