|j|☆Prince Ghosty
|j|☆brandon (halabi)
|t:|1757945706
|gametype|singles
|player|p1|Prince Ghosty|veteran|1109
|player|p2|brandon (halabi)|supernerd|1152
|gen|9
|tier|[Gen 9] OU
|rated|
|rule|HP Percentage Mod: HP is shown in percentages
|rule|Endless Battle Clause: Forcing endless battles is banned
|rule|Species Clause: Limit one of each Pokémon
|rule|OHKO Clause: OHKO moves are banned
|rule|Evasion Items Clause: Evasion items are banned
|rule|Evasion Moves Clause: Evasion moves are banned
|rule|Evasion Abilities Clause: Evasion abilities are banned
|rule|Sleep Moves Clause: Sleep-inducing moves are banned
|clearpoke
|poke|p1|Zoroark-Hisui, M|
|poke|p1|Cinderace, F|
|poke|p1|Gliscor, F|
|poke|p1|Metagross|
|poke|p1|Ogerpon-Wellspring, F|
|poke|p1|Kommo-o, M|
|poke|p2|Arcanine-Hisui, M|
|poke|p2|Primarina, F|
|poke|p2|Scrafty, M|
|poke|p2|Samurott-Hisui, F|
|poke|p2|Gholdengo|
|poke|p2|Galvantula, F|
|teampreview
|inactive|Battle timer is ON: inactive players will automatically lose when time's up. (requested by Prince Ghosty)
|
|t:|1757945754
|teamsize|p1|6
|teamsize|p2|6
|start
|switch|p1a: Gliscor|Gliscor, F|100/100
|switch|p2a: Scrafty|Scrafty, M|100/100
|turn|1
|
|t:|1757945768
|move|p1a: Gliscor|Toxic|p2a: Scrafty
|-status|p2a: Scrafty|tox
|move|p2a: Scrafty|Knock Off|p1a: Gliscor
|-damage|p1a: Gliscor|61/100
|-enditem|p1a: Gliscor|Toxic Orb|[from] move: Knock Off|[of] p2a: Scrafty
|
|-damage|p2a: Scrafty|94/100 tox|[from] psn
|upkeep
|turn|2
|c|☆Prince Ghosty|:c
|
|t:|1757945783
|move|p1a: Gliscor|Earthquake|p2a: Scrafty
|-damage|p2a: Scrafty|43/100 tox
|move|p2a: Scrafty|Ice Punch|p1a: Gliscor
|-supereffective|p1a: Gliscor
|-damage|p1a: Gliscor|0 fnt
|faint|p1a: Gliscor
|-ability|p2a: Scrafty|Moxie|boost
|-boost|p2a: Scrafty|atk|1
|
|-heal|p2a: Scrafty|49/100 tox|[from] item: Leftovers
|-damage|p2a: Scrafty|37/100 tox|[from] psn
|upkeep
|
|t:|1757945801
|switch|p1a: Cinderace|Cinderace, F|100/100
|turn|3
|
|t:|1757945827
|move|p1a: Cinderace|Hyper Voice|p2a: Scrafty
|-damage|p2a: Scrafty|0 fnt
|faint|p2a: Scrafty
|
|upkeep
|inactive|brandon (halabi) has 120 seconds left.
|
|t:|1757945838
|switch|p2a: Samurott|Samurott-Hisui, F|100/100
|turn|4
|
|t:|1757945849
|switch|p1a: Kommo-o|Kommo-o, M|100/100
|move|p2a: Samurott|Ceaseless Edge|p1a: Kommo-o
|-resisted|p1a: Kommo-o
|-damage|p1a: Kommo-o|80/100
|-sidestart|p1: Prince Ghosty|Spikes
|
|upkeep
|turn|5
|inactive|brandon (halabi) has 120 seconds left.
|
|t:|1757945869
|switch|p2a: Gholdengo|Gholdengo|100/100
|move|p1a: Kommo-o|Aura Sphere|p2a: Gholdengo
|-immune|p2a: Gholdengo
|
|-damage|p2a: Gholdengo|88/100|[from] item: Black Sludge
|upkeep
|turn|6
|
|t:|1757945880
|move|p1a: Kommo-o|Aura Sphere|p2a: Gholdengo
|-immune|p2a: Gholdengo
|move|p2a: Gholdengo|Trick|p1a: Kommo-o
|-activate|p2a: Gholdengo|move: Trick|[of] p1a: Kommo-o
|-item|p1a: Kommo-o|Black Sludge|[from] move: Trick
|-item|p2a: Gholdengo|Choice Scarf|[from] move: Trick
|
|-damage|p1a: Kommo-o|67/100|[from] item: Black Sludge
|upkeep
|turn|7
|
|t:|1757945899
|move|p2a: Gholdengo|Shadow Ball|p1a: Kommo-o
|-immune|p1a: Kommo-o|[from] ability: Bulletproof
|move|p1a: Kommo-o|Flamethrower|p2a: Gholdengo
|-supereffective|p2a: Gholdengo
|-damage|p2a: Gholdengo|34/100
|
|-damage|p1a: Kommo-o|55/100|[from] item: Black Sludge
|upkeep
|turn|8
|inactive|brandon (halabi) has 120 seconds left.
|
|t:|1757945940
|switch|p2a: Primarina|Primarina, F, shiny|100/100
|move|p1a: Kommo-o|Aura Sphere|p2a: Primarina
|-resisted|p2a: Primarina
|-damage|p2a: Primarina|90/100
|
|-damage|p1a: Kommo-o|43/100|[from] item: Black Sludge
|upkeep
|turn|9
|
|t:|1757945948
|move|p1a: Kommo-o|Flash Cannon|p2a: Primarina
|-damage|p2a: Primarina|74/100
|move|p2a: Primarina|Calm Mind|p2a: Primarina
|-boost|p2a: Primarina|spa|1
|-boost|p2a: Primarina|spd|1
|
|-damage|p1a: Kommo-o|30/100|[from] item: Black Sludge
|upkeep
|turn|10
|
|t:|1757945959
|move|p1a: Kommo-o|Flash Cannon|p2a: Primarina
|-damage|p2a: Primarina|64/100
|move|p2a: Primarina|Calm Mind|p2a: Primarina
|-boost|p2a: Primarina|spa|1
|-boost|p2a: Primarina|spd|1
|
|-damage|p1a: Kommo-o|18/100|[from] item: Black Sludge
|upkeep
|turn|11
|
|t:|1757945970
|switch|p1a: Metagross|Metagross|100/100
|-damage|p1a: Metagross|88/100|[from] Spikes
|move|p2a: Primarina|Substitute|p2a: Primarina
|-start|p2a: Primarina|Substitute
|-damage|p2a: Primarina|39/100
|
|-heal|p1a: Metagross|94/100|[from] item: Leftovers
|upkeep
|turn|12
|
|t:|1757945986
|move|p1a: Metagross|Iron Head|p2a: Primarina
|-end|p2a: Primarina|Substitute
|move|p2a: Primarina|Surf|p1a: Metagross
|-damage|p1a: Metagross|6/100
|-damage|p2a: Primarina|29/100|[from] item: Life Orb
|
|-heal|p1a: Metagross|12/100|[from] item: Leftovers
|upkeep
|turn|13
|
|t:|1757946001
|switch|p2a: Gholdengo|Gholdengo|34/100
|move|p1a: Metagross|Iron Head|p2a: Gholdengo
|-resisted|p2a: Gholdengo
|-damage|p2a: Gholdengo|21/100
|
|-heal|p1a: Metagross|18/100|[from] item: Leftovers
|upkeep
|turn|14
|c|☆Prince Ghosty|Why was I faster?
|
|t:|1757946019
|switch|p1a: Kommo-o|Kommo-o, M|18/100
|-damage|p1a: Kommo-o|6/100|[from] Spikes
|move|p2a: Gholdengo|Reflect|p2a: Gholdengo
|-sidestart|p2: brandon (halabi)|Reflect
|
|-damage|p1a: Kommo-o|0 fnt|[from] item: Black Sludge
|faint|p1a: Kommo-o
|upkeep
|
|t:|1757946030
|switch|p1a: Cinderace|Cinderace, F|100/100
|-damage|p1a: Cinderace|88/100|[from] Spikes
|turn|15
|
|t:|1757946046
|switch|p2a: Samurott|Samurott-Hisui, F|100/100
|move|p1a: Cinderace|Flamethrower|p2a: Samurott
|-resisted|p2a: Samurott
|-damage|p2a: Samurott|77/100
|
|-heal|p2a: Samurott|83/100|[from] item: Leftovers
|upkeep
|turn|16
|
|t:|1757946056
|switch|p1a: Ogerpon|Ogerpon-Wellspring, F|100/100
|-damage|p1a: Ogerpon|88/100|[from] Spikes
|move|p2a: Samurott|Ceaseless Edge|p1a: Ogerpon
|-damage|p1a: Ogerpon|32/100
|-sidestart|p1: Prince Ghosty|Spikes
|
|-heal|p2a: Samurott|89/100|[from] item: Leftovers
|upkeep
|turn|17
|
|t:|1757946065
|move|p1a: Ogerpon|Horn Leech|p2a: Samurott
|-supereffective|p2a: Samurott
|-damage|p2a: Samurott|30/100
|-heal|p1a: Ogerpon|63/100|[from] drain|[of] p2a: Samurott
|move|p2a: Samurott|Ceaseless Edge|p1a: Ogerpon
|-damage|p1a: Ogerpon|2/100
|-sidestart|p1: Prince Ghosty|Spikes
|
|-heal|p2a: Samurott|36/100|[from] item: Leftovers
|upkeep
|turn|18
|
|t:|1757946092
|switch|p2a: Gholdengo|Gholdengo|21/100
|move|p1a: Ogerpon|Horn Leech|p2a: Gholdengo
|-resisted|p2a: Gholdengo
|-damage|p2a: Gholdengo|14/100
|-heal|p1a: Ogerpon|7/100|[from] drain|[of] p2a: Gholdengo
|
|-sideend|p2: brandon (halabi)|Reflect
|upkeep
|turn|19
|
|t:|1757946102
|move|p1a: Ogerpon|Knock Off|p2a: Gholdengo
|-supereffective|p2a: Gholdengo
|-damage|p2a: Gholdengo|0 fnt
|-enditem|p2a: Gholdengo|Choice Scarf|[from] move: Knock Off|[of] p1a: Ogerpon
|faint|p2a: Gholdengo
|
|upkeep
|
|t:|1757946107
|switch|p2a: Galvantula|Galvantula, F|100/100
|turn|20
|
|t:|1757946115
|move|p1a: Ogerpon|Knock Off|p2a: Galvantula
|-damage|p2a: Galvantula|26/100
|-enditem|p2a: Galvantula|Focus Sash|[from] move: Knock Off|[of] p1a: Ogerpon
|move|p2a: Galvantula|Volt Switch|p1a: Ogerpon
|-damage|p1a: Ogerpon|0 fnt
|faint|p1a: Ogerpon
|
|t:|1757946123
|switch|p2a: Samurott|Samurott-Hisui, F|36/100|[from] Volt Switch
|
|-heal|p2a: Samurott|42/100|[from] item: Leftovers
|upkeep
|
|t:|1757946131
|switch|p1a: Cinderace|Cinderace, F|88/100
|-damage|p1a: Cinderace|63/100|[from] Spikes
|turn|21
|inactive|brandon (halabi) has 120 seconds left.
|
|t:|1757946139
|move|p1a: Cinderace|Hyper Voice|p2a: Samurott
|-damage|p2a: Samurott|0 fnt
|faint|p2a: Samurott
|
|upkeep
|inactive|brandon (halabi) has 120 seconds left.
|
|t:|1757946148
|switch|p2a: Primarina|Primarina, F, shiny|29/100
|turn|22
|
|t:|1757946152
|move|p1a: Cinderace|Shadow Ball|p2a: Primarina
|-damage|p2a: Primarina|1/100
|move|p2a: Primarina|Draining Kiss|p1a: Cinderace
|-damage|p1a: Cinderace|0 fnt
|-heal|p2a: Primarina|34/100|[from] drain|[of] p1a: Cinderace
|replace|p1a: Zoroark|Zoroark-Hisui, M, shiny
|-end|p1a: Zoroark|Illusion
|faint|p1a: Zoroark
|-damage|p2a: Primarina|24/100|[from] item: Life Orb
|
|upkeep
|
|t:|1757946162
|switch|p1a: Metagross|Metagross|18/100
|-damage|p1a: Metagross|0 fnt|[from] Spikes
|faint|p1a: Metagross
|
|t:|1757946166
|switch|p1a: Cinderace|Cinderace, F|100/100
|-damage|p1a: Cinderace|76/100|[from] Spikes
|turn|23
|inactive|Prince Ghosty has 120 seconds left.
|
|t:|1757946201
|-terastallize|p1a: Cinderace|Stellar
|move|p1a: Cinderace|Pyro Ball|p2a: Primarina
|-resisted|p2a: Primarina
|-damage|p2a: Primarina|0 fnt
|faint|p2a: Primarina
|
|upkeep
|
|t:|1757946227
|switch|p2a: Arcanine|Arcanine-Hisui, M|100/100
|turn|24
|c|☆Prince Ghosty|GG
|
|t:|1757946237
|-terastallize|p2a: Arcanine|Fairy
|move|p2a: Arcanine|Flare Blitz|p1a: Cinderace
|-resisted|p1a: Cinderace
|-damage|p1a: Cinderace|37/100
|move|p1a: Cinderace|Pyro Ball|p2a: Arcanine
|-damage|p2a: Arcanine|0 fnt
|faint|p2a: Arcanine
|
|upkeep
|c|☆Prince Ghosty|???
|
|t:|1757946245
|switch|p2a: Galvantula|Galvantula, F|26/100
|turn|25
|
|t:|1757946249
|move|p1a: Cinderace|Pyro Ball|p2a: Galvantula
|-supereffective|p2a: Galvantula
|-damage|p2a: Galvantula|0 fnt
|faint|p2a: Galvantula
|
|win|Prince Ghosty
|raw|Prince Ghosty's rating: 1109 &rarr; <strong>1137</strong><br />(+28 for winning)
|raw|brandon (halabi)'s rating: 1152 &rarr; <strong>1124</strong><br />(-28 for losing)
|l|☆brandon (halabi)
|player|p2|
|c|☆Prince Ghosty|Why?
|l|☆Prince Ghosty
|player|p1|
