|j|‽cacao1
|j|☆mansonabuluting
|t:|1757858337
|gametype|singles
|player|p1|cacao1|265|1445
|player|p2|mansonabuluting|bellelba|1527
|gen|9
|tier|[Gen 9] OU
|rated|
|rule|HP Percentage Mod: HP is shown in percentages
|rule|Endless Battle Clause: Forcing endless battles is banned
|rule|Species Clause: Limit one of each Pokémon
|rule|OHKO Clause: OHKO moves are banned
|rule|Evasion Items Clause: Evasion items are banned
|rule|Evasion Moves Clause: Evasion moves are banned
|rule|Evasion Abilities Clause: Evasion abilities are banned
|rule|Sleep Moves Clause: Sleep-inducing moves are banned
|clearpoke
|poke|p1|Cinderace, M|
|poke|p1|Rillaboom, F|
|poke|p1|Greninja-*, M|
|poke|p1|Meowscarada, M|
|poke|p1|Primarina, M|
|poke|p1|Infernape, M|
|poke|p2|Rillaboom, M|
|poke|p2|Hawlucha, M|
|poke|p2|Thundurus-Therian, M|
|poke|p2|Great Tusk|
|poke|p2|Volcanion|
|poke|p2|Goodra-Hisui, M|
|teampreview
|inactive|Battle timer is ON: inactive players will automatically lose when time's up. (requested by cacao1)
|
|t:|1757858358
|teamsize|p1|6
|teamsize|p2|6
|start
|switch|p1a: Meowscarada|Meowscarada, M|100/100
|switch|p2a: Volcanion|Volcanion|100/100
|turn|1
|inactive|mansonabuluting has 120 seconds left.
|
|t:|1757858405
|move|p1a: Meowscarada|U-turn|p2a: Volcanion
|-start|p1a: Meowscarada|typechange|Bug|[from] ability: Protean
|-resisted|p2a: Volcanion
|-damage|p2a: Volcanion|86/100
|
|t:|1757858413
|switch|p1a: Primarina|Primarina, M|100/100|[from] U-turn
|move|p2a: Volcanion|Overheat|p1a: Primarina
|-resisted|p1a: Primarina
|-damage|p1a: Primarina|72/100
|-unboost|p2a: Volcanion|spa|2
|
|upkeep
|turn|2
|
|t:|1757858435
|switch|p2a: Rillaboom|Rillaboom, M|100/100
|-fieldstart|move: Grassy Terrain|[from] ability: Grassy Surge|[of] p2a: Rillaboom
|move|p1a: Primarina|Moonblast|p2a: Rillaboom
|-damage|p2a: Rillaboom|37/100
|
|-heal|p2a: Rillaboom|43/100|[from] Grassy Terrain
|-heal|p1a: Primarina|79/100|[from] Grassy Terrain
|upkeep
|turn|3
|
|t:|1757858444
|switch|p1a: Infernape|Infernape, M|100/100
|move|p2a: Rillaboom|Wood Hammer|p1a: Infernape
|-resisted|p1a: Infernape
|-damage|p1a: Infernape|1/100
|-damage|p2a: Rillaboom|19/100|[from] Recoil
|
|-heal|p1a: Infernape|7/100|[from] Grassy Terrain
|-heal|p2a: Rillaboom|26/100|[from] Grassy Terrain
|upkeep
|turn|4
|
|t:|1757858472
|switch|p2a: Great Tusk|Great Tusk|100/100
|move|p1a: Infernape|Focus Blast|p2a: Great Tusk|[miss]
|-miss|p1a: Infernape|p2a: Great Tusk
|
|-heal|p1a: Infernape|13/100|[from] Grassy Terrain
|upkeep
|turn|5
|
|t:|1757858480
|-end|p2a: Great Tusk|Protosynthesis|[silent]
|switch|p2a: Goodra|Goodra-Hisui, M|100/100
|move|p1a: Infernape|Fire Blast|p2a: Goodra
|-damage|p2a: Goodra|55/100
|-damage|p1a: Infernape|3/100|[from] item: Life Orb
|
|-heal|p1a: Infernape|9/100|[from] Grassy Terrain
|-heal|p2a: Goodra|61/100|[from] Grassy Terrain
|upkeep
|turn|6
|
|t:|1757858492
|move|p1a: Infernape|Focus Blast|p2a: Goodra
|-supereffective|p2a: Goodra
|-damage|p2a: Goodra|0 fnt
|faint|p2a: Goodra
|-damage|p1a: Infernape|0 fnt|[from] item: Life Orb
|faint|p1a: Infernape
|
|-fieldend|move: Grassy Terrain
|upkeep
|
|t:|1757858504
|switch|p1a: Rillaboom|Rillaboom, F|100/100
|switch|p2a: Thundurus|Thundurus-Therian, M|100/100
|-fieldstart|move: Grassy Terrain|[from] ability: Grassy Surge|[of] p1a: Rillaboom
|turn|7
|inactive|mansonabuluting has 90 seconds left.
|
|t:|1757858545
|move|p2a: Thundurus|Volt Switch|p1a: Rillaboom
|-resisted|p1a: Rillaboom
|-damage|p1a: Rillaboom|71/100
|
|t:|1757858549
|switch|p2a: Rillaboom|Rillaboom, M|26/100|[from] Volt Switch
|move|p1a: Rillaboom|Wood Hammer|p2a: Rillaboom
|-resisted|p2a: Rillaboom
|-damage|p2a: Rillaboom|0 fnt
|faint|p2a: Rillaboom
|-damage|p1a: Rillaboom|61/100|[from] Recoil
|
|-heal|p1a: Rillaboom|68/100|[from] Grassy Terrain
|upkeep
|
|t:|1757858552
|switch|p2a: Hawlucha|Hawlucha, M|100/100
|-enditem|p2a: Hawlucha|Grassy Seed
|-boost|p2a: Hawlucha|def|1|[from] item: Grassy Seed
|turn|8
|
|t:|1757858563
|move|p2a: Hawlucha|Swords Dance|p2a: Hawlucha
|-boost|p2a: Hawlucha|atk|2
|move|p1a: Rillaboom|Wood Hammer|p2a: Hawlucha
|-resisted|p2a: Hawlucha
|-damage|p2a: Hawlucha|50/100
|-damage|p1a: Rillaboom|50/100|[from] Recoil
|
|-heal|p1a: Rillaboom|57/100|[from] Grassy Terrain
|upkeep
|turn|9
|inactive|mansonabuluting has 90 seconds left.
|
|t:|1757858582
|switch|p1a: Meowscarada|Meowscarada, M|100/100
|move|p2a: Hawlucha|Acrobatics|p1a: Meowscarada
|-supereffective|p1a: Meowscarada
|-damage|p1a: Meowscarada|0 fnt
|faint|p1a: Meowscarada
|
|upkeep
|
|t:|1757858587
|switch|p1a: Greninja|Greninja, M|100/100
|turn|10
|
|t:|1757858590
|move|p1a: Greninja|Water Shuriken|p2a: Hawlucha
|-damage|p2a: Hawlucha|36/100
|-damage|p2a: Hawlucha|23/100
|-hitcount|p2a: Hawlucha|2
|move|p2a: Hawlucha|Acrobatics|p1a: Greninja
|-damage|p1a: Greninja|0 fnt
|faint|p1a: Greninja
|
|upkeep
|
|t:|1757858597
|switch|p1a: Rillaboom|Rillaboom, F|57/100
|turn|11
|
|t:|1757858601
|-terastallize|p1a: Rillaboom|Grass
|move|p1a: Rillaboom|Grassy Glide|p2a: Hawlucha
|-resisted|p2a: Hawlucha
|-damage|p2a: Hawlucha|0 fnt
|faint|p2a: Hawlucha
|
|-heal|p1a: Rillaboom|63/100|[from] Grassy Terrain
|-fieldend|move: Grassy Terrain
|upkeep
|
|t:|1757858616
|switch|p2a: Great Tusk|Great Tusk|100/100
|turn|12
|
|t:|1757858626
|switch|p1a: Cinderace|Cinderace, M|100/100
|move|p2a: Great Tusk|Headlong Rush|p1a: Cinderace
|-supereffective|p1a: Cinderace
|-damage|p1a: Cinderace|0 fnt
|-unboost|p2a: Great Tusk|def|1
|-unboost|p2a: Great Tusk|spd|1
|faint|p1a: Cinderace
|
|upkeep
|
|t:|1757858631
|switch|p1a: Rillaboom|Rillaboom, F, tera:Grass|63/100
|-fieldstart|move: Grassy Terrain|[from] ability: Grassy Surge|[of] p1a: Rillaboom
|turn|13
|
|t:|1757858640
|-end|p2a: Great Tusk|Protosynthesis|[silent]
|switch|p2a: Volcanion|Volcanion|86/100
|move|p1a: Rillaboom|Grassy Glide|p2a: Volcanion
|-damage|p2a: Volcanion|24/100
|
|-heal|p1a: Rillaboom|69/100|[from] Grassy Terrain
|-heal|p2a: Volcanion|30/100|[from] Grassy Terrain
|upkeep
|turn|14
|
|t:|1757858647
|move|p1a: Rillaboom|Grassy Glide|p2a: Volcanion
|-damage|p2a: Volcanion|0 fnt
|faint|p2a: Volcanion
|
|-heal|p1a: Rillaboom|75/100|[from] Grassy Terrain
|upkeep
|
|t:|1757858652
|switch|p2a: Great Tusk|Great Tusk|100/100
|turn|15
|
|t:|1757858655
|move|p1a: Rillaboom|Grassy Glide|p2a: Great Tusk
|-supereffective|p2a: Great Tusk
|-damage|p2a: Great Tusk|26/100
|-damage|p1a: Rillaboom|59/100|[from] item: Rocky Helmet|[of] p2a: Great Tusk
|move|p2a: Great Tusk|Ice Spinner|p1a: Rillaboom
|-supereffective|p1a: Rillaboom
|-damage|p1a: Rillaboom|9/100
|-fieldend|move: Grassy Terrain
|
|upkeep
|turn|16
|
|t:|1757858674
|-end|p2a: Great Tusk|Protosynthesis|[silent]
|switch|p2a: Thundurus|Thundurus-Therian, M|100/100
|move|p1a: Rillaboom|Grassy Glide|p2a: Thundurus
|-resisted|p2a: Thundurus
|-damage|p2a: Thundurus|46/100
|
|upkeep
|turn|17
|
|t:|1757858679
|switch|p1a: Primarina|Primarina, M|79/100
|move|p2a: Thundurus|Volt Switch|p1a: Primarina
|-supereffective|p1a: Primarina
|-damage|p1a: Primarina|31/100
|
|t:|1757858683
|switch|p2a: Great Tusk|Great Tusk|26/100|[from] Volt Switch
|
|upkeep
|turn|18
|
|t:|1757858688
|-terastallize|p2a: Great Tusk|Ground
|move|p2a: Great Tusk|Headlong Rush|p1a: Primarina
|-damage|p1a: Primarina|0 fnt
|-unboost|p2a: Great Tusk|def|1
|-unboost|p2a: Great Tusk|spd|1
|faint|p1a: Primarina
|
|upkeep
|
|t:|1757858693
|switch|p1a: Rillaboom|Rillaboom, F, tera:Grass|9/100
|-fieldstart|move: Grassy Terrain|[from] ability: Grassy Surge|[of] p1a: Rillaboom
|turn|19
|
|t:|1757858697
|move|p1a: Rillaboom|Grassy Glide|p2a: Great Tusk
|-supereffective|p2a: Great Tusk
|-damage|p2a: Great Tusk|0 fnt
|-damage|p1a: Rillaboom|0 fnt|[from] item: Rocky Helmet|[of] p2a: Great Tusk
|faint|p2a: Great Tusk
|-end|p2a: Great Tusk|Protosynthesis|[silent]
|faint|p1a: Rillaboom
|
|win|mansonabuluting
|raw|cacao1's rating: 1445 &rarr; <strong>1430</strong><br />(-15 for losing)
|raw|mansonabuluting's rating: 1527 &rarr; <strong>1542</strong><br />(+15 for winning)
|l|☆mansonabuluting
|player|p2|
|l|‽cacao1
|player|p1|
