|j|☆Asmongoon
|j|☆EddusEatzAlot
|t:|1757912340
|gametype|singles
|player|p1|Asmongoon|roark|1460
|player|p2|EddusEatzAlot|steven|1413
|gen|9
|tier|[Gen 9] OU
|rated|
|rule|HP Percentage Mod: HP is shown in percentages
|rule|Endless Battle Clause: Forcing endless battles is banned
|rule|Species Clause: Limit one of each Pokémon
|rule|OHKO Clause: OHKO moves are banned
|rule|Evasion Items Clause: Evasion items are banned
|rule|Evasion Moves Clause: Evasion moves are banned
|rule|Evasion Abilities Clause: Evasion abilities are banned
|rule|Sleep Moves Clause: Sleep-inducing moves are banned
|clearpoke
|poke|p1|Iron Crown|
|poke|p1|Iron Hands|
|poke|p1|Grimmsnarl, M|
|poke|p1|Great Tusk|
|poke|p1|Dragonite, F|
|poke|p1|Glimmora, M|
|poke|p2|Rillaboom, M|
|poke|p2|Kyurem|
|poke|p2|Heatran, F|
|poke|p2|Hatterene, F|
|poke|p2|Dragapult, M|
|poke|p2|Slowking-Galar, M|
|teampreview
|
|t:|1757912353
|teamsize|p1|6
|teamsize|p2|6
|start
|switch|p1a: Grimmsnarl|Grimmsnarl, M, shiny|100/100
|switch|p2a: Hatterene|Hatterene, F|100/100
|turn|1
|
|t:|1757912357
|move|p1a: Grimmsnarl|Light Screen|p1a: Grimmsnarl
|-sidestart|p1: Asmongoon|move: Light Screen
|move|p2a: Hatterene|Draining Kiss|p1a: Grimmsnarl
|-supereffective|p1a: Grimmsnarl
|-damage|p1a: Grimmsnarl|78/100
|
|upkeep
|turn|2
|
|t:|1757912364
|switch|p1a: Glimmora|Glimmora, M|100/100
|move|p2a: Hatterene|Draining Kiss|p1a: Glimmora
|-resisted|p1a: Glimmora
|-damage|p1a: Glimmora|91/100
|
|upkeep
|turn|3
|
|t:|1757912372
|move|p1a: Glimmora|Meteor Beam||[still]
|-prepare|p1a: Glimmora|Meteor Beam
|-boost|p1a: Glimmora|spa|1
|-enditem|p1a: Glimmora|Power Herb
|-anim|p1a: Glimmora|Meteor Beam|p2a: Hatterene
|-damage|p2a: Hatterene|42/100
|move|p2a: Hatterene|Psyshock|p1a: Glimmora
|-supereffective|p1a: Glimmora
|-damage|p1a: Glimmora|43/100
|
|upkeep
|turn|4
|
|t:|1757912402
|switch|p2a: Slowking|Slowking-Galar, M|100/100
|move|p1a: Glimmora|Dazzling Gleam|p2a: Slowking
|-resisted|p2a: Slowking
|-crit|p2a: Slowking
|-damage|p2a: Slowking|81/100
|
|upkeep
|turn|5
|
|t:|1757912407
|move|p1a: Glimmora|Earth Power|p2a: Slowking
|-supereffective|p2a: Slowking
|-damage|p2a: Slowking|21/100
|-unboost|p2a: Slowking|spd|1
|-prepare|p2a: Slowking|Chilly Reception|[premajor]
|move|p2a: Slowking|Chilly Reception|p2a: Slowking
|-weather|Snowscape
|
|t:|1757912410
|switch|p2a: Rillaboom|Rillaboom, M|100/100|[from] Chilly Reception
|-fieldstart|move: Grassy Terrain|[from] ability: Grassy Surge|[of] p2a: Rillaboom
|
|-weather|Snowscape|[upkeep]
|-heal|p1a: Glimmora|50/100|[from] Grassy Terrain
|upkeep
|turn|6
|
|t:|1757912424
|switch|p1a: Dragonite|Dragonite, F|100/100
|move|p2a: Rillaboom|Grassy Glide|p1a: Dragonite
|-resisted|p1a: Dragonite
|-damage|p1a: Dragonite|92/100
|
|-weather|Snowscape|[upkeep]
|upkeep
|turn|7
|
|t:|1757912431
|switch|p2a: Kyurem|Kyurem|100/100
|-ability|p2a: Kyurem|Pressure
|move|p1a: Dragonite|Dragon Dance|p1a: Dragonite
|-boost|p1a: Dragonite|atk|1
|-boost|p1a: Dragonite|spe|1
|
|-weather|Snowscape|[upkeep]
|upkeep
|turn|8
|
|t:|1757912439
|move|p1a: Dragonite|Scale Shot|p2a: Kyurem
|-supereffective|p2a: Kyurem
|-damage|p2a: Kyurem|70/100
|-supereffective|p2a: Kyurem
|-damage|p2a: Kyurem|42/100
|-supereffective|p2a: Kyurem
|-damage|p2a: Kyurem|14/100
|-supereffective|p2a: Kyurem
|-damage|p2a: Kyurem|0 fnt
|faint|p2a: Kyurem
|-hitcount|p2: Kyurem|4
|-unboost|p1a: Dragonite|def|1
|-boost|p1a: Dragonite|spe|1
|
|-weather|Snowscape|[upkeep]
|-sideend|p1: Asmongoon|move: Light Screen
|upkeep
|
|t:|1757912448
|switch|p2a: Hatterene|Hatterene, F|42/100
|turn|9
|
|t:|1757912458
|switch|p1a: Glimmora|Glimmora, M|50/100
|move|p2a: Hatterene|Draining Kiss|p1a: Glimmora
|-resisted|p1a: Glimmora
|-damage|p1a: Glimmora|32/100
|-heal|p2a: Hatterene|55/100|[from] drain|[of] p1a: Glimmora
|
|-weather|none
|-heal|p1a: Glimmora|38/100|[from] Grassy Terrain
|-heal|p2a: Hatterene|61/100|[from] Grassy Terrain
|-fieldend|move: Grassy Terrain
|upkeep
|turn|10
|
|t:|1757912470
|move|p1a: Glimmora|Earth Power|p2a: Hatterene
|-damage|p2a: Hatterene|39/100
|-unboost|p2a: Hatterene|spd|1
|move|p2a: Hatterene|Psyshock|p1a: Glimmora
|-supereffective|p1a: Glimmora
|-damage|p1a: Glimmora|0 fnt
|faint|p1a: Glimmora
|
|upkeep
|
|t:|1757912499
|switch|p1a: Great Tusk|Great Tusk|100/100
|-enditem|p1a: Great Tusk|Booster Energy
|-activate|p1a: Great Tusk|ability: Protosynthesis|[fromitem]
|-start|p1a: Great Tusk|protosynthesisspe
|turn|11
|
|t:|1757912504
|move|p1a: Great Tusk|Ice Spinner|p2a: Hatterene
|-damage|p2a: Hatterene|13/100
|move|p2a: Hatterene|Draining Kiss|p1a: Great Tusk
|-supereffective|p1a: Great Tusk
|-damage|p1a: Great Tusk|36/100
|-heal|p2a: Hatterene|79/100|[from] drain|[of] p1a: Great Tusk
|
|upkeep
|turn|12
|
|t:|1757912510
|move|p1a: Great Tusk|Headlong Rush|p2a: Hatterene
|-damage|p2a: Hatterene|21/100
|-unboost|p1a: Great Tusk|def|1
|-unboost|p1a: Great Tusk|spd|1
|move|p2a: Hatterene|Draining Kiss|p1a: Great Tusk
|-supereffective|p1a: Great Tusk
|-damage|p1a: Great Tusk|0 fnt
|-heal|p2a: Hatterene|56/100|[from] drain|[of] p1a: Great Tusk
|faint|p1a: Great Tusk
|-end|p1a: Great Tusk|Protosynthesis|[silent]
|
|upkeep
|
|t:|1757912515
|switch|p1a: Iron Crown|Iron Crown|100/100
|-enditem|p1a: Iron Crown|Booster Energy
|-activate|p1a: Iron Crown|ability: Quark Drive|[fromitem]
|-start|p1a: Iron Crown|quarkdrivespe
|turn|13
|
|t:|1757912517
|move|p1a: Iron Crown|Calm Mind|p1a: Iron Crown
|-boost|p1a: Iron Crown|spa|1
|-boost|p1a: Iron Crown|spd|1
|move|p2a: Hatterene|Mystical Fire|p1a: Iron Crown
|-supereffective|p1a: Iron Crown
|-damage|p1a: Iron Crown|66/100
|-unboost|p1a: Iron Crown|spa|1
|
|upkeep
|turn|14
|-message|Asmongoon forfeited.
|
|win|EddusEatzAlot
|raw|Asmongoon's rating: 1460 &rarr; <strong>1437</strong><br />(-23 for losing)
|raw|EddusEatzAlot's rating: 1413 &rarr; <strong>1436</strong><br />(+23 for winning)
|l|☆Asmongoon
|player|p1|
|l|☆EddusEatzAlot
|player|p2|
