|j|☆Luxray Through
|j|‽wwesucks
|t:|1757910341
|gametype|singles
|player|p1|Luxray Through|gambler|1497
|player|p2|wwesucks|miku-ice|1431
|gen|9
|tier|[Gen 9] OU
|rated|
|rule|HP Percentage Mod: HP is shown in percentages
|rule|Endless Battle Clause: Forcing endless battles is banned
|rule|Species Clause: Limit one of each Pokémon
|rule|OHKO Clause: OHKO moves are banned
|rule|Evasion Items Clause: Evasion items are banned
|rule|Evasion Moves Clause: Evasion moves are banned
|rule|Evasion Abilities Clause: Evasion abilities are banned
|rule|Sleep Moves Clause: Sleep-inducing moves are banned
|clearpoke
|poke|p1|Dragonite, F|
|poke|p1|Kingambit, F|
|poke|p1|Iron Moth|
|poke|p1|Samurott-Hisui, M|
|poke|p1|Iron Valiant|
|poke|p1|Moltres-Galar|
|poke|p2|Rotom-Wash|
|poke|p2|Blaziken, F|
|poke|p2|Sinistcha|
|poke|p2|Excadrill, F|
|poke|p2|Zamazenta-*|
|poke|p2|Tyranitar, F|
|teampreview
|inactive|Battle timer is ON: inactive players will automatically lose when time's up. (requested by wwesucks)
|
|t:|1757910356
|teamsize|p1|6
|teamsize|p2|6
|start
|switch|p1a: Samurott|Samurott-Hisui, M|100/100
|switch|p2a: Rotom|Rotom-Wash|100/100
|turn|1
|
|t:|1757910365
|move|p1a: Samurott|Ceaseless Edge|p2a: Rotom
|-damage|p2a: Rotom|52/100
|-sidestart|p2: wwesucks|Spikes
|move|p2a: Rotom|Will-O-Wisp|p1a: Samurott
|-status|p1a: Samurott|brn
|
|-heal|p2a: Rotom|58/100|[from] item: Leftovers
|-damage|p1a: Samurott|94/100 brn|[from] brn
|upkeep
|turn|2
|
|t:|1757910374
|move|p1a: Samurott|Ceaseless Edge|p2a: Rotom
|-damage|p2a: Rotom|34/100
|-sidestart|p2: wwesucks|Spikes
|move|p2a: Rotom|Pain Split|p1a: Samurott
|-sethp|p1a: Samurott|63/100 brn|[from] move: Pain Split|[silent]
|-sethp|p2a: Rotom|67/100|[from] move: Pain Split
|
|-heal|p2a: Rotom|73/100|[from] item: Leftovers
|-damage|p1a: Samurott|57/100 brn|[from] brn
|upkeep
|turn|3
|
|t:|1757910379
|move|p1a: Samurott|Knock Off|p2a: Rotom
|-damage|p2a: Rotom|46/100
|-enditem|p2a: Rotom|Leftovers|[from] move: Knock Off|[of] p1a: Samurott
|move|p2a: Rotom|Volt Switch|p1a: Samurott
|-supereffective|p1a: Samurott
|-damage|p1a: Samurott|0 fnt
|faint|p1a: Samurott
|
|t:|1757910386
|switch|p2a: Sinistcha|Sinistcha|100/100|[from] Volt Switch
|
|upkeep
|
|t:|1757910393
|switch|p1a: Moltres|Moltres-Galar|100/100
|turn|4
|inactive|wwesucks has 120 seconds left.
|
|t:|1757910423
|switch|p2a: Tyranitar|Tyranitar, F|100/100
|-damage|p2a: Tyranitar|84/100|[from] Spikes
|-weather|Sandstorm|[from] ability: Sand Stream|[of] p2a: Tyranitar
|move|p1a: Moltres|Agility|p1a: Moltres
|-boost|p1a: Moltres|spe|2
|
|-weather|Sandstorm|[upkeep]
|-damage|p1a: Moltres|94/100|[from] Sandstorm
|upkeep
|turn|5
|inactive|wwesucks has 120 seconds left.
|
|t:|1757910440
|-terastallize|p1a: Moltres|Fairy
|move|p1a: Moltres|Nasty Plot|p1a: Moltres
|-boost|p1a: Moltres|spa|2
|move|p2a: Tyranitar|Ice Beam|p1a: Moltres
|-damage|p1a: Moltres|76/100
|
|-weather|Sandstorm|[upkeep]
|-damage|p1a: Moltres|70/100|[from] Sandstorm
|upkeep
|turn|6
|
|t:|1757910449
|switch|p2a: Zamazenta|Zamazenta|100/100
|-damage|p2a: Zamazenta|84/100|[from] Spikes
|-ability|p2a: Zamazenta|Dauntless Shield|boost
|-boost|p2a: Zamazenta|def|1
|move|p1a: Moltres|Tera Blast|p2a: Zamazenta|[anim] Tera Blast Fairy
|-supereffective|p2a: Zamazenta
|-crit|p2a: Zamazenta
|-damage|p2a: Zamazenta|0 fnt
|faint|p2a: Zamazenta
|
|-weather|Sandstorm|[upkeep]
|-damage|p1a: Moltres|63/100|[from] Sandstorm
|upkeep
|
|t:|1757910458
|switch|p2a: Excadrill|Excadrill, F|100/100
|-damage|p2a: Excadrill|84/100|[from] Spikes
|turn|7
|
|t:|1757910466
|-terastallize|p2a: Excadrill|Ice
|move|p1a: Moltres|Fiery Wrath|p2a: Excadrill
|-crit|p2a: Excadrill
|-damage|p2a: Excadrill|0 fnt
|faint|p2a: Excadrill
|
|-weather|Sandstorm|[upkeep]
|-damage|p1a: Moltres|57/100|[from] Sandstorm
|upkeep
|-message|wwesucks forfeited.
|
|win|Luxray Through
|raw|Luxray Through's rating: 1497 &rarr; <strong>1513</strong><br />(+16 for winning)
|raw|wwesucks's rating: 1431 &rarr; <strong>1415</strong><br />(-16 for losing)
|l|‽wwesucks
|player|p2|
|l|☆Luxray Through
|player|p1|
