|j|☆spreadcrosser
|j|☆CarrotStix
|t:|1757906480
|gametype|singles
|player|p1|spreadcrosser|266|1324
|player|p2|CarrotStix|plasmagruntf-gen5bw|1326
|gen|9
|tier|[Gen 9] OU
|rated|
|rule|HP Percentage Mod: HP is shown in percentages
|rule|Endless Battle Clause: Forcing endless battles is banned
|rule|Species Clause: Limit one of each Pokémon
|rule|OHKO Clause: OHKO moves are banned
|rule|Evasion Items Clause: Evasion items are banned
|rule|Evasion Moves Clause: Evasion moves are banned
|rule|Evasion Abilities Clause: Evasion abilities are banned
|rule|Sleep Moves Clause: Sleep-inducing moves are banned
|clearpoke
|poke|p1|Serperior, M|
|poke|p1|Kingambit, M|
|poke|p1|Excadrill, M|
|poke|p1|Iron Hands|
|poke|p1|Ceruledge, M|
|poke|p1|Raging Bolt|
|poke|p2|Rillaboom, F|
|poke|p2|Meowscarada, M|
|poke|p2|Slowking-Galar, F|
|poke|p2|Glastrier|
|poke|p2|Tentacruel, F|
|poke|p2|Minior|
|teampreview
|inactive|Battle timer is ON: inactive players will automatically lose when time's up. (requested by spreadcrosser)
|
|t:|1757906513
|teamsize|p1|6
|teamsize|p2|6
|start
|switch|p1a: Iron Hands|Iron Hands|100/100
|switch|p2a: GreenBack|Rillaboom, F|100/100
|-fieldstart|move: Grassy Terrain|[from] ability: Grassy Surge|[of] p2a: GreenBack
|-enditem|p1a: Iron Hands|Booster Energy
|-activate|p1a: Iron Hands|ability: Quark Drive|[fromitem]
|-start|p1a: Iron Hands|quarkdriveatk
|turn|1
|
|t:|1757906530
|move|p2a: GreenBack|Wood Hammer|p1a: Iron Hands
|-damage|p1a: Iron Hands|40/100
|-damage|p2a: GreenBack|78/100|[from] Recoil
|move|p1a: Iron Hands|Ice Punch|p2a: GreenBack
|-supereffective|p2a: GreenBack
|-damage|p2a: GreenBack|3/100
|
|-heal|p2a: GreenBack|9/100|[from] Grassy Terrain
|-heal|p1a: Iron Hands|46/100|[from] Grassy Terrain
|upkeep
|turn|2
|
|t:|1757906550
|move|p2a: GreenBack|U-turn|p1a: Iron Hands
|-resisted|p1a: Iron Hands
|-damage|p1a: Iron Hands|38/100
|
|t:|1757906562
|switch|p2a: War Horse|Glastrier|100/100|[from] U-turn
|move|p1a: Iron Hands|Ice Punch|p2a: War Horse
|-resisted|p2a: War Horse
|-damage|p2a: War Horse|88/100
|
|-heal|p1a: Iron Hands|44/100|[from] Grassy Terrain
|-heal|p2a: War Horse|95/100|[from] Grassy Terrain
|upkeep
|turn|3
|
|t:|1757906573
|move|p1a: Iron Hands|Supercell Slam|p2a: War Horse
|-damage|p2a: War Horse|43/100
|move|p2a: War Horse|Avalanche|p1a: Iron Hands
|-crit|p1a: Iron Hands
|-damage|p1a: Iron Hands|0 fnt
|faint|p1a: Iron Hands
|-end|p1a: Iron Hands|Quark Drive|[silent]
|-ability|p2a: War Horse|Chilling Neigh|boost
|-boost|p2a: War Horse|atk|1
|
|-heal|p2a: War Horse|49/100|[from] Grassy Terrain
|upkeep
|
|t:|1757906582
|switch|p1a: Serperior|Serperior, M|100/100
|turn|4
|
|t:|1757906593
|-terastallize|p2a: War Horse|Poison
|move|p1a: Serperior|Leaf Storm|p2a: War Horse
|-resisted|p2a: War Horse
|-damage|p2a: War Horse|28/100
|-boost|p1a: Serperior|spa|2
|move|p2a: War Horse|Avalanche|p1a: Serperior
|-supereffective|p1a: Serperior
|-crit|p1a: Serperior
|-damage|p1a: Serperior|0 fnt
|faint|p1a: Serperior
|-ability|p2a: War Horse|Chilling Neigh|boost
|-boost|p2a: War Horse|atk|1
|
|-heal|p2a: War Horse|34/100|[from] Grassy Terrain
|upkeep
|
|t:|1757906605
|switch|p1a: Ceruledge|Ceruledge, M|100/100
|turn|5
|
|t:|1757906610
|move|p1a: Ceruledge|Swords Dance|p1a: Ceruledge
|-boost|p1a: Ceruledge|atk|2
|move|p2a: War Horse|Crunch|p1a: Ceruledge
|-supereffective|p1a: Ceruledge
|-enditem|p1a: Ceruledge|Focus Sash
|-damage|p1a: Ceruledge|1/100
|-ability|p1a: Ceruledge|Weak Armor|boost
|-unboost|p1a: Ceruledge|def|1
|-boost|p1a: Ceruledge|spe|2
|
|-heal|p1a: Ceruledge|7/100|[from] Grassy Terrain
|-heal|p2a: War Horse|41/100|[from] Grassy Terrain
|upkeep
|turn|6
|
|t:|1757906619
|move|p1a: Ceruledge|Bitter Blade|p2a: War Horse
|-damage|p2a: War Horse|0 fnt
|-heal|p1a: Ceruledge|35/100|[from] drain|[of] p2a: War Horse
|faint|p2a: War Horse
|
|-heal|p1a: Ceruledge|41/100|[from] Grassy Terrain
|upkeep
|
|t:|1757906628
|switch|p2a: TenToesDown|Tentacruel, F|100/100
|turn|7
|
|t:|1757906638
|-terastallize|p1a: Ceruledge|Grass
|move|p1a: Ceruledge|Swords Dance|p1a: Ceruledge
|-boost|p1a: Ceruledge|atk|2
|move|p2a: TenToesDown|Whirlpool|p1a: Ceruledge
|-resisted|p1a: Ceruledge
|-damage|p1a: Ceruledge|35/100
|-activate|p1a: Ceruledge|move: Whirlpool|[of] p2a: TenToesDown
|
|-heal|p1a: Ceruledge|41/100|[from] Grassy Terrain
|-damage|p1a: Ceruledge|29/100|[from] move: Whirlpool|[partiallytrapped]
|upkeep
|turn|8
|
|t:|1757906649
|move|p1a: Ceruledge|Bitter Blade|p2a: TenToesDown
|-resisted|p2a: TenToesDown
|-damage|p2a: TenToesDown|6/100
|-damage|p1a: Ceruledge|0 fnt|[from] ability: Liquid Ooze|[of] p2a: TenToesDown
|faint|p1a: Ceruledge
|move|p2a: TenToesDown|Venoshock|p1: Ceruledge|[notarget]
|-fail|p2a: TenToesDown
|
|-heal|p2a: TenToesDown|12/100|[from] Grassy Terrain
|-heal|p2a: TenToesDown|18/100|[from] item: Leftovers
|-fieldend|move: Grassy Terrain
|upkeep
|
|t:|1757906656
|switch|p1a: Excadrill|Excadrill, M|100/100
|-ability|p1a: Excadrill|Mold Breaker
|turn|9
|
|t:|1757906661
|switch|p2a: GreenBack|Rillaboom, F|9/100
|-fieldstart|move: Grassy Terrain|[from] ability: Grassy Surge|[of] p2a: GreenBack
|move|p1a: Excadrill|Rapid Spin|p2a: GreenBack
|-damage|p2a: GreenBack|0 fnt
|-boost|p1a: Excadrill|spe|1
|faint|p2a: GreenBack
|
|upkeep
|
|t:|1757906680
|switch|p2a: Mini-Moo|Minior, shiny|100/100
|-formechange|p2a: Mini-Moo|Minior-Meteor||[from] ability: Shields Down
|turn|10
|
|t:|1757906700
|move|p1a: Excadrill|Swords Dance|p1a: Excadrill
|-boost|p1a: Excadrill|atk|2
|move|p2a: Mini-Moo|Shell Smash|p2a: Mini-Moo
|-unboost|p2a: Mini-Moo|def|1
|-unboost|p2a: Mini-Moo|spd|1
|-boost|p2a: Mini-Moo|atk|2
|-boost|p2a: Mini-Moo|spa|2
|-boost|p2a: Mini-Moo|spe|2
|
|upkeep
|turn|11
|
|t:|1757906707
|move|p1a: Excadrill|Rock Tomb|p2a: Mini-Moo
|-supereffective|p2a: Mini-Moo
|-damage|p2a: Mini-Moo|0 fnt
|faint|p2a: Mini-Moo
|
|upkeep
|inactive|CarrotStix has 120 seconds left.
|
|t:|1757906725
|switch|p2a: Tybalt|Meowscarada, M|100/100
|turn|12
|
|t:|1757906733
|move|p1a: Excadrill|Rock Tomb|p2a: Tybalt
|-damage|p2a: Tybalt|33/100
|-unboost|p2a: Tybalt|spe|1
|move|p2a: Tybalt|Flower Trick|p1a: Excadrill
|-start|p2a: Tybalt|typechange|Grass|[from] ability: Protean
|-crit|p1a: Excadrill
|-damage|p1a: Excadrill|13/100
|
|-heal|p1a: Excadrill|19/100|[from] Grassy Terrain
|-heal|p2a: Tybalt|39/100|[from] Grassy Terrain
|upkeep
|turn|13
|
|t:|1757906743
|move|p2a: Tybalt|Sucker Punch|p1a: Excadrill
|-damage|p1a: Excadrill|0 fnt
|faint|p1a: Excadrill
|
|-heal|p2a: Tybalt|45/100|[from] Grassy Terrain
|upkeep
|
|t:|1757906747
|switch|p1a: Kingambit|Kingambit, M|100/100
|-item|p1a: Kingambit|Air Balloon
|turn|14
|
|t:|1757906756
|move|p2a: Tybalt|Sucker Punch|p1a: Kingambit
|-resisted|p1a: Kingambit
|-damage|p1a: Kingambit|92/100
|-enditem|p1a: Kingambit|Air Balloon
|move|p1a: Kingambit|Sucker Punch||[still]
|-fail|p1a: Kingambit
|
|-heal|p2a: Tybalt|51/100|[from] Grassy Terrain
|-heal|p1a: Kingambit|99/100|[from] Grassy Terrain
|upkeep
|turn|15
|
|t:|1757906766
|switch|p2a: TenToesDown|Tentacruel, F|18/100
|move|p1a: Kingambit|Kowtow Cleave|p2a: TenToesDown
|-damage|p2a: TenToesDown|0 fnt
|faint|p2a: TenToesDown
|
|-heal|p1a: Kingambit|100/100|[from] Grassy Terrain
|upkeep
|
|t:|1757906788
|switch|p2a: Lucille Beehive|Slowking-Galar, F|100/100
|turn|16
|
|t:|1757906792
|move|p1a: Kingambit|Swords Dance|p1a: Kingambit
|-boost|p1a: Kingambit|atk|2
|move|p2a: Lucille Beehive|Surf|p1a: Kingambit
|-damage|p1a: Kingambit|71/100
|
|-heal|p1a: Kingambit|77/100|[from] Grassy Terrain
|-fieldend|move: Grassy Terrain
|upkeep
|turn|17
|
|t:|1757906798
|move|p1a: Kingambit|Kowtow Cleave|p2a: Lucille Beehive
|-supereffective|p2a: Lucille Beehive
|-damage|p2a: Lucille Beehive|0 fnt
|faint|p2a: Lucille Beehive
|
|upkeep
|
|t:|1757906801
|switch|p2a: Tybalt|Meowscarada, M|51/100
|turn|18
|
|t:|1757906806
|move|p1a: Kingambit|Sucker Punch||[still]
|-fail|p1a: Kingambit
|move|p2a: Tybalt|Copycat|p2a: Tybalt
|move|p2a: Tybalt|Sucker Punch||[from] move: Copycat|[still]
|-fail|p2a: Tybalt
|
|upkeep
|turn|19
|
|t:|1757906816
|move|p2a: Tybalt|Triple Axel|p1a: Kingambit|[miss]
|-start|p2a: Tybalt|typechange|Ice|[from] ability: Protean
|-miss|p2a: Tybalt|p1a: Kingambit
|move|p1a: Kingambit|Kowtow Cleave|p2a: Tybalt
|-damage|p2a: Tybalt|0 fnt
|faint|p2a: Tybalt
|
|win|spreadcrosser
|raw|spreadcrosser's rating: 1324 &rarr; <strong>1344</strong><br />(+20 for winning)
|raw|CarrotStix's rating: 1326 &rarr; <strong>1306</strong><br />(-20 for losing)
|l|☆spreadcrosser
|player|p1|
|l|☆CarrotStix
|player|p2|
