|j|☆kaelja
|j|☆chibronlaser
|t:|1757944275
|gametype|singles
|player|p1|kaelja|dahlia|1348
|player|p2|chibronlaser|102|1343
|gen|9
|tier|[Gen 9] OU
|rated|
|rule|HP Percentage Mod: HP is shown in percentages
|rule|Endless Battle Clause: Forcing endless battles is banned
|rule|Species Clause: Limit one of each Pokémon
|rule|OHKO Clause: OHKO moves are banned
|rule|Evasion Items Clause: Evasion items are banned
|rule|Evasion Moves Clause: Evasion moves are banned
|rule|Evasion Abilities Clause: Evasion abilities are banned
|rule|Sleep Moves Clause: Sleep-inducing moves are banned
|clearpoke
|poke|p1|Sandy Shocks|
|poke|p1|Quaquaval, M|
|poke|p1|Dragapult, M|
|poke|p1|Grimmsnarl, M|
|poke|p1|Mew|
|poke|p1|Cinccino, F|
|poke|p2|Enamorus, F|
|poke|p2|Great Tusk|
|poke|p2|Slowking-Galar, F|
|poke|p2|Iron Valiant|
|poke|p2|Cinderace, F|
|poke|p2|Kyurem|
|teampreview
|inactive|Battle timer is ON: inactive players will automatically lose when time's up. (requested by kaelja)
|
|t:|1757944295
|teamsize|p1|6
|teamsize|p2|6
|start
|switch|p1a: Mew|Mew|100/100
|switch|p2a: Cinderace|Cinderace, F|100/100
|turn|1
|
|t:|1757944312
|switch|p1a: Dragapult|Dragapult, M|100/100
|move|p2a: Cinderace|U-turn|p1a: Dragapult
|-start|p2a: Cinderace|typechange|Bug|[from] ability: Libero
|-resisted|p1a: Dragapult
|-damage|p1a: Dragapult|76/100
|
|t:|1757944320
|switch|p2a: Enamorus|Enamorus, F|100/100|[from] U-turn
|
|upkeep
|turn|2
|
|t:|1757944335
|-terastallize|p1a: Dragapult|Fire
|move|p1a: Dragapult|Dragon Dance|p1a: Dragapult
|-boost|p1a: Dragapult|atk|1
|-boost|p1a: Dragapult|spe|1
|move|p2a: Enamorus|Substitute|p2a: Enamorus
|-start|p2a: Enamorus|Substitute
|-damage|p2a: Enamorus|76/100
|
|upkeep
|turn|3
|
|t:|1757944345
|move|p1a: Dragapult|Flamethrower|p2a: Enamorus
|-damage|p2a: Enamorus|34/100
|move|p2a: Enamorus|Earth Power|p1a: Dragapult
|-supereffective|p1a: Dragapult
|-damage|p1a: Dragapult|0 fnt
|faint|p1a: Dragapult
|
|upkeep
|
|t:|1757944354
|switch|p1a: Cinccino|Cinccino, F|100/100
|turn|4
|
|t:|1757944357
|move|p1a: Cinccino|Triple Axel|p2a: Enamorus
|-supereffective|p2a: Enamorus
|-end|p2a: Enamorus|Substitute
|-supereffective|p2a: Enamorus
|-damage|p2a: Enamorus|0 fnt
|faint|p2a: Enamorus
|-hitcount|p2: Enamorus|2
|
|upkeep
|
|t:|1757944370
|switch|p2a: Iron Valiant|Iron Valiant|100/100
|-enditem|p2a: Iron Valiant|Booster Energy
|-activate|p2a: Iron Valiant|ability: Quark Drive|[fromitem]
|-start|p2a: Iron Valiant|quarkdrivespe
|turn|5
|
|t:|1757944380
|switch|p1a: Grimmsnarl|Grimmsnarl, M|100/100
|move|p2a: Iron Valiant|Close Combat|p1a: Grimmsnarl
|-damage|p1a: Grimmsnarl|36/100
|-unboost|p2a: Iron Valiant|def|1
|-unboost|p2a: Iron Valiant|spd|1
|
|upkeep
|turn|6
|
|t:|1757944386
|move|p1a: Grimmsnarl|Reflect|p1a: Grimmsnarl
|-sidestart|p1: kaelja|Reflect
|move|p2a: Iron Valiant|Moonblast|p1a: Grimmsnarl
|-supereffective|p1a: Grimmsnarl
|-damage|p1a: Grimmsnarl|0 fnt
|faint|p1a: Grimmsnarl
|
|upkeep
|
|t:|1757944393
|switch|p1a: Mew|Mew|100/100
|turn|7
|
|t:|1757944396
|move|p2a: Iron Valiant|Knock Off|p1a: Mew
|-supereffective|p1a: Mew
|-damage|p1a: Mew|75/100
|-enditem|p1a: Mew|Choice Specs|[from] move: Knock Off|[of] p2a: Iron Valiant
|move|p1a: Mew|Psychic|p2a: Iron Valiant
|-supereffective|p2a: Iron Valiant
|-damage|p2a: Iron Valiant|0 fnt
|faint|p2a: Iron Valiant
|-end|p2a: Iron Valiant|Quark Drive|[silent]
|
|upkeep
|
|t:|1757944404
|switch|p2a: Slowking|Slowking-Galar, F|100/100
|turn|8
|
|t:|1757944408
|move|p1a: Mew|Earth Power|p2a: Slowking
|-supereffective|p2a: Slowking
|-damage|p2a: Slowking|71/100
|move|p2a: Slowking|Future Sight|p1a: Mew
|-start|p2a: Slowking|move: Future Sight
|
|-heal|p2a: Slowking|77/100|[from] item: Black Sludge
|upkeep
|turn|9
|
|t:|1757944422
|move|p1a: Mew|Earth Power|p2a: Slowking
|-supereffective|p2a: Slowking
|-damage|p2a: Slowking|48/100
|-unboost|p2a: Slowking|spd|1
|-prepare|p2a: Slowking|Chilly Reception|[premajor]
|move|p2a: Slowking|Chilly Reception|p2a: Slowking
|-weather|Snowscape
|
|t:|1757944433
|switch|p2a: Cinderace|Cinderace, F|100/100|[from] Chilly Reception
|
|-weather|Snowscape|[upkeep]
|upkeep
|turn|10
|
|t:|1757944440
|move|p2a: Cinderace|Court Change|p2a: Cinderace
|-start|p2a: Cinderace|typechange|Normal|[from] ability: Libero
|-swapsideconditions
|-activate|p2a: Cinderace|move: Court Change
|move|p1a: Mew|Psychic|p2a: Cinderace
|-damage|p2a: Cinderace|46/100
|
|-weather|Snowscape|[upkeep]
|-end|p1a: Mew|move: Future Sight
|-resisted|p1a: Mew
|-damage|p1a: Mew|54/100
|upkeep
|turn|11
|
|t:|1757944451
|move|p2a: Cinderace|U-turn|p1a: Mew
|-supereffective|p1a: Mew
|-damage|p1a: Mew|10/100
|
|t:|1757944458
|switch|p2a: Slowking|Slowking-Galar, F|81/100|[from] U-turn
|move|p1a: Mew|Psychic|p2a: Slowking
|-damage|p2a: Slowking|57/100
|
|-weather|Snowscape|[upkeep]
|-heal|p2a: Slowking|63/100|[from] item: Black Sludge
|upkeep
|turn|12
|
|t:|1757944466
|move|p1a: Mew|Trick|p2a: Slowking
|-activate|p1a: Mew|move: Trick|[of] p2a: Slowking
|-enditem|p2a: Slowking|Black Sludge|[silent]|[from] move: Trick
|-item|p1a: Mew|Black Sludge|[from] move: Trick
|move|p2a: Slowking|Future Sight|p1a: Mew
|-start|p2a: Slowking|move: Future Sight
|
|-weather|Snowscape|[upkeep]
|-damage|p1a: Mew|0 fnt|[from] item: Black Sludge
|faint|p1a: Mew
|upkeep
|
|t:|1757944475
|switch|p1a: Sandy Shocks|Sandy Shocks|100/100
|turn|13
|
|t:|1757944482
|switch|p2a: Cinderace|Cinderace, F|46/100
|move|p1a: Sandy Shocks|Earth Power|p2a: Cinderace
|-supereffective|p2a: Cinderace
|-damage|p2a: Cinderace|0 fnt
|faint|p2a: Cinderace
|
|-weather|none
|-sideend|p2: chibronlaser|Reflect
|upkeep
|
|t:|1757944489
|switch|p2a: Slowking|Slowking-Galar, F|96/100
|turn|14
|
|t:|1757944492
|move|p1a: Sandy Shocks|Earth Power|p2a: Slowking
|-supereffective|p2a: Slowking
|-damage|p2a: Slowking|39/100
|-prepare|p2a: Slowking|Chilly Reception|[premajor]
|move|p2a: Slowking|Chilly Reception|p2a: Slowking
|-weather|Snowscape
|
|t:|1757944498
|switch|p2a: Kyurem|Kyurem|100/100|[from] Chilly Reception
|-ability|p2a: Kyurem|Pressure
|
|-weather|Snowscape|[upkeep]
|-end|p1a: Sandy Shocks|move: Future Sight
|-damage|p1a: Sandy Shocks|42/100
|upkeep
|turn|15
|
|t:|1757944505
|move|p1a: Sandy Shocks|Earth Power|p2a: Kyurem
|-damage|p2a: Kyurem|61/100
|move|p2a: Kyurem|Dragon Dance|p2a: Kyurem
|-boost|p2a: Kyurem|atk|1
|-boost|p2a: Kyurem|spe|1
|
|-weather|Snowscape|[upkeep]
|upkeep
|turn|16
|
|t:|1757944512
|move|p1a: Sandy Shocks|Earth Power|p2a: Kyurem
|-damage|p2a: Kyurem|16/100
|-unboost|p2a: Kyurem|spd|1
|move|p2a: Kyurem|Icicle Spear|p1a: Sandy Shocks
|-supereffective|p1a: Sandy Shocks
|-damage|p1a: Sandy Shocks|0 fnt
|faint|p1a: Sandy Shocks
|-end|p1a: Sandy Shocks|Protosynthesis|[silent]
|-hitcount|p1: Sandy Shocks|1
|
|-weather|Snowscape|[upkeep]
|upkeep
|
|t:|1757944520
|switch|p1a: Quaquaval|Quaquaval, M|100/100
|turn|17
|
|t:|1757944524
|move|p2a: Kyurem|Scale Shot|p1a: Quaquaval
|-damage|p1a: Quaquaval|76/100
|-damage|p1a: Quaquaval|50/100
|-damage|p1a: Quaquaval|25/100
|-damage|p1a: Quaquaval|0 fnt
|faint|p1a: Quaquaval
|-hitcount|p1: Quaquaval|4
|-unboost|p2a: Kyurem|def|1
|-boost|p2a: Kyurem|spe|1
|
|-weather|Snowscape|[upkeep]
|upkeep
|
|t:|1757944530
|switch|p1a: Cinccino|Cinccino, F|100/100
|turn|18
|
|t:|1757944536
|move|p2a: Kyurem|Icicle Spear|p1a: Cinccino
|-damage|p1a: Cinccino|68/100
|-damage|p1a: Cinccino|31/100
|-damage|p1a: Cinccino|0 fnt
|faint|p1a: Cinccino
|-hitcount|p1: Cinccino|3
|
|win|chibronlaser
|raw|kaelja's rating: 1348 &rarr; <strong>1328</strong><br />(-20 for losing)
|raw|chibronlaser's rating: 1343 &rarr; <strong>1363</strong><br />(+20 for winning)
|l|☆kaelja
|player|p1|
|l|☆chibronlaser
|player|p2|
