|j|☆TAT_Yangyu
|j|☆murret man
|t:|1757910332
|gametype|singles
|player|p1|TAT_Yangyu|plasmagrunt-gen5bw|1181
|player|p2|murret man|265|1170
|gen|9
|tier|[Gen 9] OU
|rated|
|rule|HP Percentage Mod: HP is shown in percentages
|rule|Endless Battle Clause: Forcing endless battles is banned
|rule|Species Clause: Limit one of each Pokémon
|rule|OHKO Clause: OHKO moves are banned
|rule|Evasion Items Clause: Evasion items are banned
|rule|Evasion Moves Clause: Evasion moves are banned
|rule|Evasion Abilities Clause: Evasion abilities are banned
|rule|Sleep Moves Clause: Sleep-inducing moves are banned
|clearpoke
|poke|p1|Samurott-Hisui, M|
|poke|p1|Kingambit, M|
|poke|p1|Mimikyu, M|
|poke|p1|Dragapult, F|
|poke|p1|Gliscor, M|
|poke|p1|Incineroar, M|
|poke|p2|Gliscor, F|
|poke|p2|Garganacl, F|
|poke|p2|Sinistcha|
|poke|p2|Iron Valiant|
|poke|p2|Slowking-Galar, M|
|poke|p2|Kingambit, M|
|teampreview
|
|t:|1757910354
|teamsize|p1|6
|teamsize|p2|6
|start
|switch|p1a: Gliscor|Gliscor, M|100/100
|switch|p2a: Iron Valiant|Iron Valiant|100/100
|turn|1
|
|t:|1757910364
|move|p1a: Gliscor|Protect|p1a: Gliscor
|-singleturn|p1a: Gliscor|Protect
|move|p2a: Iron Valiant|Knock Off|p1a: Gliscor
|-activate|p1a: Gliscor|move: Protect
|
|-status|p1a: Gliscor|tox|[from] item: Toxic Orb
|upkeep
|turn|2
|
|t:|1757910369
|move|p2a: Iron Valiant|Encore|p1a: Gliscor
|-start|p1a: Gliscor|Encore
|move|p1a: Gliscor|Protect||[still]
|-fail|p1a: Gliscor
|
|upkeep
|turn|3
|
|t:|1757910379
|switch|p1a: Incineroar|Incineroar, M|100/100
|-ability|p1a: Incineroar|Intimidate|boost
|-unboost|p2a: Iron Valiant|atk|1
|move|p2a: Iron Valiant|Knock Off|p1a: Incineroar
|-resisted|p1a: Incineroar
|-damage|p1a: Incineroar|91/100
|-enditem|p1a: Incineroar|Assault Vest|[from] move: Knock Off|[of] p2a: Iron Valiant
|
|upkeep
|turn|4
|
|t:|1757910404
|-end|p2a: Iron Valiant|Quark Drive|[silent]
|switch|p2a: Gliscor|Gliscor, F|100/100
|switch|p1a: Mimikyu|Mimikyu, M|100/100
|
|-status|p2a: Gliscor|tox|[from] item: Toxic Orb
|upkeep
|turn|5
|
|t:|1757910414
|move|p1a: Mimikyu|Curse|p2a: Gliscor
|-start|p2a: Gliscor|Curse|[of] p1a: Mimikyu
|-damage|p1a: Mimikyu|50/100
|move|p2a: Gliscor|Knock Off|p1a: Mimikyu
|-activate|p1a: Mimikyu|ability: Disguise
|-damage|p1a: Mimikyu|50/100
|-enditem|p1a: Mimikyu|Leftovers|[from] move: Knock Off|[of] p2a: Gliscor
|detailschange|p1a: Mimikyu|Mimikyu-Busted, M
|-damage|p1a: Mimikyu|38/100|[from] pokemon: Mimikyu-Busted
|
|-damage|p2a: Gliscor|75/100 tox|[from] Curse
|upkeep
|turn|6
|
|t:|1757910426
|move|p1a: Mimikyu|Substitute|p1a: Mimikyu
|-start|p1a: Mimikyu|Substitute
|-damage|p1a: Mimikyu|13/100
|move|p2a: Gliscor|Knock Off|p1a: Mimikyu
|-activate|p1a: Mimikyu|move: Substitute|[damage]
|
|-heal|p2a: Gliscor|88/100 tox|[from] ability: Poison Heal
|-damage|p2a: Gliscor|63/100 tox|[from] Curse
|upkeep
|turn|7
|
|t:|1757910438
|switch|p2a: Garganacl|Garganacl, F|100/100
|move|p1a: Mimikyu|Pain Split|p2a: Garganacl
|-sethp|p2a: Garganacl|55/100|[from] move: Pain Split|[silent]
|-sethp|p1a: Mimikyu|71/100|[from] move: Pain Split
|
|-heal|p2a: Garganacl|62/100|[from] item: Leftovers
|upkeep
|turn|8
|
|t:|1757910451
|move|p2a: Garganacl|Protect|p2a: Garganacl
|-singleturn|p2a: Garganacl|Protect
|move|p1a: Mimikyu|Curse|p2a: Garganacl
|-start|p2a: Garganacl|Curse|[of] p1a: Mimikyu
|-damage|p1a: Mimikyu|21/100
|
|-heal|p2a: Garganacl|68/100|[from] item: Leftovers
|-damage|p2a: Garganacl|43/100|[from] Curse
|upkeep
|turn|9
|
|t:|1757910457
|switch|p2a: Gliscor|Gliscor, F|63/100 tox
|move|p1a: Mimikyu|Pain Split|p2a: Gliscor
|-sethp|p2a: Gliscor|41/100 tox|[from] move: Pain Split|[silent]
|-sethp|p1a: Mimikyu|46/100|[from] move: Pain Split
|
|-heal|p2a: Gliscor|53/100 tox|[from] ability: Poison Heal
|upkeep
|turn|10
|
|t:|1757910468
|move|p1a: Mimikyu|Shadow Sneak|p2a: Gliscor
|-damage|p2a: Gliscor|45/100 tox
|move|p2a: Gliscor|Knock Off|p1a: Mimikyu
|-end|p1a: Mimikyu|Substitute
|
|-heal|p2a: Gliscor|58/100 tox|[from] ability: Poison Heal
|upkeep
|turn|11
|inactive|Battle timer is ON: inactive players will automatically lose when time's up. (requested by TAT_Yangyu)
|
|t:|1757910507
|switch|p2a: Iron Valiant|Iron Valiant|100/100
|move|p1a: Mimikyu|Substitute|p1a: Mimikyu
|-start|p1a: Mimikyu|Substitute
|-damage|p1a: Mimikyu|21/100
|
|upkeep
|turn|12
|
|t:|1757910516
|move|p2a: Iron Valiant|Moonblast|p1a: Mimikyu
|-end|p1a: Mimikyu|Substitute
|move|p1a: Mimikyu|Pain Split|p2a: Iron Valiant
|-sethp|p2a: Iron Valiant|61/100|[from] move: Pain Split|[silent]
|-sethp|p1a: Mimikyu|57/100|[from] move: Pain Split
|
|upkeep
|turn|13
|
|t:|1757910525
|switch|p1a: Gliscor|Gliscor, M|100/100 tox
|move|p2a: Iron Valiant|Encore||[still]
|-fail|p2a: Iron Valiant
|
|upkeep
|turn|14
|
|t:|1757910534
|-end|p2a: Iron Valiant|Quark Drive|[silent]
|switch|p2a: Garganacl|Garganacl, F|43/100
|move|p1a: Gliscor|Knock Off|p2a: Garganacl
|-damage|p2a: Garganacl|28/100
|-enditem|p2a: Garganacl|Leftovers|[from] move: Knock Off|[of] p1a: Gliscor
|
|upkeep
|turn|15
|
|t:|1757910540
|move|p1a: Gliscor|Toxic|p2a: Garganacl
|-immune|p2a: Garganacl|[from] ability: Purifying Salt
|move|p2a: Garganacl|Recover|p2a: Garganacl
|-heal|p2a: Garganacl|78/100
|
|upkeep
|turn|16
|-message|TAT_Yangyu forfeited.
|
|win|murret man
|raw|TAT_Yangyu's rating: 1181 &rarr; <strong>1155</strong><br />(-26 for losing)
|raw|murret man's rating: 1170 &rarr; <strong>1196</strong><br />(+26 for winning)
|l|☆TAT_Yangyu
|player|p1|
|l|☆murret man
|player|p2|
