|inactive|Battle timer is ON: inactive players will automatically lose when time's up.
|t:|1757859423
|gametype|singles
|player|p1|Separation|#scl5spartans2|
|player|p2|starmaster|#starmaster|
|gen|9
|tier|[Gen 9] OU
|rule|HP Percentage Mod: HP is shown in percentages
|rule|Endless Battle Clause: Forcing endless battles is banned
|rule|Species Clause: Limit one of each Pokémon
|rule|OHKO Clause: OHKO moves are banned
|rule|Evasion Items Clause: Evasion items are banned
|rule|Evasion Moves Clause: Evasion moves are banned
|rule|Evasion Abilities Clause: Evasion abilities are banned
|rule|Sleep Moves Clause: Sleep-inducing moves are banned
|clearpoke
|poke|p1|Dragapult, F|
|poke|p1|Hydrapple, F|
|poke|p1|Slowking-Galar, F|
|poke|p1|Iron Treads|
|poke|p1|Moltres|
|poke|p1|Darkrai|
|poke|p2|Rillaboom, F|
|poke|p2|Ting-Lu|
|poke|p2|Zamazenta-*|
|poke|p2|Gholdengo|
|poke|p2|Glimmora, M|
|poke|p2|Hatterene, F|
|teampreview
|c|☆starmaster|hf
|c|☆Separation|hf
|inactive|Separation has 270 seconds left.
|inactive|starmaster has 270 seconds left.
|inactive|Separation has 240 seconds left.
|
|t:|1757859496
|teamsize|p1|6
|teamsize|p2|6
|start
|switch|p1a: Slowking|Slowking-Galar, F|100/100
|switch|p2a: Rillaboom|Rillaboom, F|100/100
|-fieldstart|move: Grassy Terrain|[from] ability: Grassy Surge|[of] p2a: Rillaboom
|turn|1
|inactive|Separation has 270 seconds left.
|inactive|starmaster has 270 seconds left.
|
|t:|1757859532
|move|p2a: Rillaboom|U-turn|p1a: Slowking
|-damage|p1a: Slowking|76/100
|
|t:|1757859534
|switch|p2a: Ting-Lu|Ting-Lu|100/100|[from] U-turn
|-ability|p2a: Ting-Lu|Vessel of Ruin
|move|p1a: Slowking|Flamethrower|p2a: Ting-Lu
|-damage|p2a: Ting-Lu|90/100
|
|-heal|p2a: Ting-Lu|96/100|[from] Grassy Terrain
|-heal|p1a: Slowking|82/100|[from] Grassy Terrain
|upkeep
|turn|2
|inactive|starmaster has 270 seconds left.
|
|t:|1757859546
|move|p2a: Ting-Lu|Spikes|p1a: Slowking
|-sidestart|p1: Separation|Spikes
|move|p1a: Slowking|Toxic|p2a: Ting-Lu
|-status|p2a: Ting-Lu|tox
|
|-heal|p2a: Ting-Lu|100/100 tox|[from] Grassy Terrain
|-heal|p1a: Slowking|88/100|[from] Grassy Terrain
|-damage|p2a: Ting-Lu|94/100 tox|[from] psn
|upkeep
|turn|3
|inactive|starmaster has 270 seconds left.
|
|t:|1757859556
|move|p2a: Ting-Lu|Ruination|p1a: Slowking
|-damage|p1a: Slowking|44/100
|-prepare|p1a: Slowking|Chilly Reception|[premajor]
|move|p1a: Slowking|Chilly Reception|p1a: Slowking
|-weather|Snowscape
|
|t:|1757859560
|switch|p1a: Iron Treads|Iron Treads|100/100|[from] Chilly Reception
|-damage|p1a: Iron Treads|88/100|[from] Spikes
|
|-weather|Snowscape|[upkeep]
|-heal|p1a: Iron Treads|94/100|[from] Grassy Terrain
|-heal|p1a: Iron Treads|99/100|[from] item: Leftovers
|-heal|p2a: Ting-Lu|100/100 tox|[from] Grassy Terrain
|-damage|p2a: Ting-Lu|88/100 tox|[from] psn
|upkeep
|turn|4
|inactive|Separation has 270 seconds left.
|
|t:|1757859582
|move|p1a: Iron Treads|Stealth Rock|p2a: Ting-Lu
|-sidestart|p2: starmaster|move: Stealth Rock
|move|p2a: Ting-Lu|Ruination|p1a: Iron Treads|[miss]
|-miss|p2a: Ting-Lu|p1a: Iron Treads
|
|-weather|Snowscape|[upkeep]
|-heal|p1a: Iron Treads|100/100|[from] Grassy Terrain
|-heal|p2a: Ting-Lu|94/100 tox|[from] Grassy Terrain
|-damage|p2a: Ting-Lu|76/100 tox|[from] psn
|upkeep
|turn|5
|
|t:|1757859594
|move|p1a: Iron Treads|Rapid Spin|p2a: Ting-Lu
|-damage|p2a: Ting-Lu|69/100 tox
|-boost|p1a: Iron Treads|spe|1
|-damage|p1a: Iron Treads|84/100|[from] item: Rocky Helmet|[of] p2a: Ting-Lu
|-sideend|p1: Separation|Spikes|[from] move: Rapid Spin|[of] p1a: Iron Treads
|move|p2a: Ting-Lu|Ruination|p1a: Iron Treads
|-damage|p1a: Iron Treads|42/100
|
|-weather|Snowscape|[upkeep]
|-heal|p1a: Iron Treads|49/100|[from] Grassy Terrain
|-heal|p1a: Iron Treads|55/100|[from] item: Leftovers
|-heal|p2a: Ting-Lu|75/100 tox|[from] Grassy Terrain
|-damage|p2a: Ting-Lu|50/100 tox|[from] psn
|-fieldend|move: Grassy Terrain
|upkeep
|turn|6
|inactive|Separation has 270 seconds left.
|
|t:|1757859616
|-end|p1a: Iron Treads|Quark Drive|[silent]
|switch|p1a: Moltres|Moltres|100/100
|switch|p2a: Rillaboom|Rillaboom, F|100/100
|-damage|p2a: Rillaboom|88/100|[from] Stealth Rock
|-fieldstart|move: Grassy Terrain|[from] ability: Grassy Surge|[of] p2a: Rillaboom
|
|-weather|Snowscape|[upkeep]
|-heal|p2a: Rillaboom|94/100|[from] Grassy Terrain
|upkeep
|turn|7
|inactive|Separation has 270 seconds left.
|
|t:|1757859634
|move|p2a: Rillaboom|Knock Off|p1a: Moltres
|-damage|p1a: Moltres|78/100
|-status|p2a: Rillaboom|brn|[from] ability: Flame Body|[of] p1a: Moltres
|-enditem|p1a: Moltres|Heavy-Duty Boots|[from] move: Knock Off|[of] p2a: Rillaboom
|move|p1a: Moltres|Roar|p2a: Rillaboom
|drag|p2a: Ting-Lu|Ting-Lu|50/100 tox
|-damage|p2a: Ting-Lu|44/100 tox|[from] Stealth Rock
|-ability|p2a: Ting-Lu|Vessel of Ruin
|
|-weather|none
|-heal|p2a: Ting-Lu|50/100 tox|[from] Grassy Terrain
|-damage|p2a: Ting-Lu|44/100 tox|[from] psn
|upkeep
|turn|8
|
|t:|1757859651
|move|p1a: Moltres|Flamethrower|p2a: Ting-Lu
|-damage|p2a: Ting-Lu|27/100 tox
|move|p2a: Ting-Lu|Spikes|p1a: Moltres
|-sidestart|p1: Separation|Spikes
|
|-heal|p2a: Ting-Lu|33/100 tox|[from] Grassy Terrain
|-damage|p2a: Ting-Lu|20/100 tox|[from] psn
|upkeep
|turn|9
|inactive|starmaster has 270 seconds left.
|
|t:|1757859690
|move|p1a: Moltres|Roost|p1a: Moltres
|-heal|p1a: Moltres|100/100
|-singleturn|p1a: Moltres|move: Roost
|move|p2a: Ting-Lu|Spikes|p1a: Moltres
|-sidestart|p1: Separation|Spikes
|
|-heal|p2a: Ting-Lu|27/100 tox|[from] Grassy Terrain
|-damage|p2a: Ting-Lu|8/100 tox|[from] psn
|upkeep
|turn|10
|
|t:|1757859694
|switch|p2a: Glimmora|Glimmora, M|100/100
|-damage|p2a: Glimmora|88/100|[from] Stealth Rock
|move|p1a: Moltres|Flamethrower|p2a: Glimmora
|-resisted|p2a: Glimmora
|-damage|p2a: Glimmora|62/100
|
|-heal|p2a: Glimmora|69/100|[from] Grassy Terrain
|-fieldend|move: Grassy Terrain
|upkeep
|turn|11
|inactive|starmaster has 270 seconds left.
|
|t:|1757859710
|switch|p1a: Iron Treads|Iron Treads|55/100
|-damage|p1a: Iron Treads|38/100|[from] Spikes
|move|p2a: Glimmora|Stealth Rock|p1a: Iron Treads
|-sidestart|p1: Separation|move: Stealth Rock
|
|-heal|p1a: Iron Treads|44/100|[from] item: Leftovers
|upkeep
|turn|12
|inactive|starmaster has 270 seconds left.
|inactive|Separation has 240 seconds left.
|inactive|starmaster has 240 seconds left.
|
|t:|1757859755
|move|p2a: Glimmora|Earth Power|p1a: Iron Treads
|-supereffective|p1a: Iron Treads
|-damage|p1a: Iron Treads|0 fnt
|faint|p1a: Iron Treads
|-end|p1a: Iron Treads|Quark Drive|[silent]
|
|upkeep
|inactive|Separation has 240 seconds left.
|inactive|Separation has 210 seconds left.
|inactive|Separation has 180 seconds left.
|
|t:|1757859830
|switch|p1a: Slowking|Slowking-Galar, F|78/100
|turn|13
|
|t:|1757859836
|move|p2a: Glimmora|Meteor Beam||[still]
|-prepare|p2a: Glimmora|Meteor Beam
|-boost|p2a: Glimmora|spa|1
|-enditem|p2a: Glimmora|Power Herb
|-anim|p2a: Glimmora|Meteor Beam|p1a: Slowking
|-damage|p1a: Slowking|17/100
|move|p1a: Slowking|Psychic Noise|p2a: Glimmora
|-supereffective|p2a: Glimmora
|-damage|p2a: Glimmora|0 fnt
|faint|p2a: Glimmora
|
|upkeep
|inactive|starmaster has 240 seconds left.
|inactive|starmaster has 210 seconds left.
|inactive|starmaster has 180 seconds left.
|
|t:|1757859916
|switch|p2a: Hatterene|Hatterene, F|100/100
|-damage|p2a: Hatterene|88/100|[from] Stealth Rock
|turn|14
|
|t:|1757859925
|move|p2a: Hatterene|Psychic Noise|p1a: Slowking
|-damage|p1a: Slowking|0 fnt
|faint|p1a: Slowking
|
|upkeep
|
|t:|1757859944
|switch|p1a: Dragapult|Dragapult, F|100/100
|-damage|p1a: Dragapult|84/100|[from] Spikes
|-damage|p1a: Dragapult|72/100|[from] Stealth Rock
|turn|15
|inactive|Separation has 180 seconds left.
|inactive|starmaster has 180 seconds left.
|
|t:|1757859972
|switch|p2a: Ting-Lu|Ting-Lu|8/100 tox
|-damage|p2a: Ting-Lu|2/100 tox|[from] Stealth Rock
|-ability|p2a: Ting-Lu|Vessel of Ruin
|move|p1a: Dragapult|U-turn|p2a: Ting-Lu
|-supereffective|p2a: Ting-Lu
|-crit|p2a: Ting-Lu
|-damage|p2a: Ting-Lu|0 fnt
|-damage|p1a: Dragapult|55/100|[from] item: Rocky Helmet|[of] p2a: Ting-Lu
|faint|p2a: Ting-Lu
|inactive|Separation has 150 seconds left.
|
|t:|1757860013
|switch|p1a: Hydrapple|Hydrapple, F|100/100|[from] U-turn
|
|upkeep
|
|t:|1757860016
|switch|p2a: Hatterene|Hatterene, F|88/100
|-damage|p2a: Hatterene|76/100|[from] Stealth Rock
|turn|16
|
|t:|1757860030
|switch|p1a: Moltres|Moltres|100/100
|-damage|p1a: Moltres|51/100|[from] Stealth Rock
|move|p2a: Hatterene|Future Sight|p1a: Moltres
|-start|p2a: Hatterene|move: Future Sight
|
|upkeep
|turn|17
|inactive|Separation has 150 seconds left.
|
|t:|1757860039
|move|p1a: Moltres|Flamethrower|p2a: Hatterene
|-damage|p2a: Hatterene|53/100
|move|p2a: Hatterene|Psychic Noise|p1a: Moltres
|-damage|p1a: Moltres|15/100
|-start|p1a: Moltres|move: Heal Block
|
|upkeep
|turn|18
|inactive|starmaster has 180 seconds left.
|
|t:|1757860086
|move|p1a: Moltres|Flamethrower|p2a: Hatterene
|-damage|p2a: Hatterene|29/100
|move|p2a: Hatterene|Draining Kiss|p1a: Moltres
|-resisted|p1a: Moltres
|-damage|p1a: Moltres|3/100
|-heal|p2a: Hatterene|40/100|[from] drain|[of] p1a: Moltres
|-status|p2a: Hatterene|brn|[from] ability: Flame Body|[of] p1a: Moltres
|
|-end|p1a: Moltres|move: Future Sight
|-damage|p1a: Moltres|0 fnt
|faint|p1a: Moltres
|-damage|p2a: Hatterene|34/100 brn|[from] brn
|upkeep
|inactive|Separation has 150 seconds left.
|
|t:|1757860113
|switch|p1a: Dragapult|Dragapult, F|55/100
|-damage|p1a: Dragapult|39/100|[from] Spikes
|-damage|p1a: Dragapult|27/100|[from] Stealth Rock
|turn|19
|
|t:|1757860120
|move|p1a: Dragapult|U-turn|p2a: Hatterene
|-crit|p2a: Hatterene
|-damage|p2a: Hatterene|0 fnt
|faint|p2a: Hatterene
|
|t:|1757860128
|switch|p1a: Hydrapple|Hydrapple, F|100/100|[from] U-turn
|
|upkeep
|rated|Smogon Champions League
|inactive|starmaster has 180 seconds left.
|
|t:|1757860147
|switch|p2a: Gholdengo|Gholdengo|100/100
|-damage|p2a: Gholdengo|94/100|[from] Stealth Rock
|turn|20
|inactive|Separation has 150 seconds left.
|
|t:|1757860164
|move|p2a: Gholdengo|Nasty Plot|p2a: Gholdengo
|-boost|p2a: Gholdengo|spa|2
|move|p1a: Hydrapple|Earth Power|p2a: Gholdengo
|-supereffective|p2a: Gholdengo
|-damage|p2a: Gholdengo|51/100
|
|upkeep
|turn|21
|inactive|starmaster has 180 seconds left.
|
|t:|1757860176
|move|p2a: Gholdengo|Recover|p2a: Gholdengo
|-heal|p2a: Gholdengo|100/100
|move|p1a: Hydrapple|Earth Power|p2a: Gholdengo
|-supereffective|p2a: Gholdengo
|-damage|p2a: Gholdengo|55/100
|
|upkeep
|turn|22
|inactive|starmaster has 180 seconds left.
|
|t:|1757860193
|switch|p1a: Dragapult|Dragapult, F|27/100
|-damage|p1a: Dragapult|10/100|[from] Spikes
|-damage|p1a: Dragapult|0 fnt|[from] Stealth Rock
|faint|p1a: Dragapult
|-terastallize|p2a: Gholdengo|Fairy
|move|p2a: Gholdengo|Recover|p2a: Gholdengo
|-heal|p2a: Gholdengo|100/100
|
|upkeep
|
|t:|1757860198
|switch|p1a: Darkrai|Darkrai|100/100
|-damage|p1a: Darkrai|84/100|[from] Spikes
|-damage|p1a: Darkrai|72/100|[from] Stealth Rock
|turn|23
|inactive|Separation has 150 seconds left.
|inactive|starmaster has 180 seconds left.
|
|t:|1757860231
|move|p1a: Darkrai|Nasty Plot|p1a: Darkrai
|-boost|p1a: Darkrai|spa|2
|move|p2a: Gholdengo|Shadow Ball|p1a: Darkrai
|-resisted|p1a: Darkrai
|-damage|p1a: Darkrai|34/100
|-unboost|p1a: Darkrai|spd|1
|
|-heal|p1a: Darkrai|40/100|[from] item: Leftovers
|upkeep
|turn|24
|inactive|Separation has 150 seconds left.
|
|t:|1757860248
|move|p1a: Darkrai|Ice Beam|p2a: Gholdengo
|-damage|p2a: Gholdengo|46/100
|move|p2a: Gholdengo|Shadow Ball|p1a: Darkrai
|-resisted|p1a: Darkrai
|-damage|p1a: Darkrai|0 fnt
|faint|p1a: Darkrai
|
|upkeep
|
|t:|1757860257
|switch|p1a: Hydrapple|Hydrapple, F|100/100
|turn|25
|inactive|Separation has 150 seconds left.
|
|t:|1757860278
|-terastallize|p1a: Hydrapple|Steel
|move|p2a: Gholdengo|Shadow Ball|p1a: Hydrapple
|-damage|p1a: Hydrapple|27/100
|move|p1a: Hydrapple|Nasty Plot|p1a: Hydrapple
|-boost|p1a: Hydrapple|spa|2
|
|upkeep
|turn|26
|c|☆Separation|gg
|c|☆starmaster|gg
|-message|Separation forfeited.
|
|win|starmaster
|player|p1|
|player|p2|
