|j|☆acediawa
|j|☆niccommoc
|t:|1757896527
|gametype|singles
|player|p1|acediawa|backersf|1483
|player|p2|niccommoc|cyclist|1541
|gen|9
|tier|[Gen 9] OU
|rated|
|rule|HP Percentage Mod: HP is shown in percentages
|rule|Endless Battle Clause: Forcing endless battles is banned
|rule|Species Clause: Limit one of each Pokémon
|rule|OHKO Clause: OHKO moves are banned
|rule|Evasion Items Clause: Evasion items are banned
|rule|Evasion Moves Clause: Evasion moves are banned
|rule|Evasion Abilities Clause: Evasion abilities are banned
|rule|Sleep Moves Clause: Sleep-inducing moves are banned
|clearpoke
|poke|p1|Raging Bolt|
|poke|p1|Iron Treads|
|poke|p1|Ting-Lu|
|poke|p1|Gholdengo|
|poke|p1|Zamazenta-*|
|poke|p1|Tornadus-Therian, M|
|poke|p2|Slowking-Galar, F|
|poke|p2|Kingambit, M|
|poke|p2|Great Tusk|
|poke|p2|Scrafty, F|
|poke|p2|Dragapult, M|
|poke|p2|Ogerpon-Wellspring, F|
|teampreview
|inactive|Battle timer is ON: inactive players will automatically lose when time's up. (requested by acediawa)
|
|t:|1757896579
|teamsize|p1|6
|teamsize|p2|6
|start
|switch|p1a: Ting-Lu|Ting-Lu|100/100
|switch|p2a: Great Tusk|Great Tusk|100/100
|-ability|p1a: Ting-Lu|Vessel of Ruin
|turn|1
|
|t:|1757896588
|move|p2a: Great Tusk|Stealth Rock|p1a: Ting-Lu
|-sidestart|p1: acediawa|move: Stealth Rock
|move|p1a: Ting-Lu|Ruination|p2a: Great Tusk
|-damage|p2a: Great Tusk|51/100
|
|upkeep
|turn|2
|
|t:|1757896603
|-end|p2a: Great Tusk|Protosynthesis|[silent]
|switch|p2a: Ogerpon|Ogerpon-Wellspring, F|100/100
|move|p1a: Ting-Lu|Ruination|p2a: Ogerpon
|-damage|p2a: Ogerpon|51/100
|
|upkeep
|turn|3
|
|t:|1757896612
|move|p2a: Ogerpon|Ivy Cudgel|p1a: Ting-Lu|[anim] Ivy Cudgel Water
|-supereffective|p1a: Ting-Lu
|-damage|p1a: Ting-Lu|35/100
|-enditem|p1a: Ting-Lu|Weakness Policy
|-boost|p1a: Ting-Lu|atk|2|[from] item: Weakness Policy
|-boost|p1a: Ting-Lu|spa|2|[from] item: Weakness Policy
|move|p1a: Ting-Lu|Payback|p2a: Ogerpon
|-damage|p2a: Ogerpon|0 fnt
|faint|p2a: Ogerpon
|
|upkeep
|
|t:|1757896620
|switch|p2a: Great Tusk|Great Tusk|51/100
|turn|4
|
|t:|1757896625
|move|p2a: Great Tusk|Ice Spinner|p1a: Ting-Lu
|-supereffective|p1a: Ting-Lu
|-damage|p1a: Ting-Lu|8/100
|move|p1a: Ting-Lu|Earthquake|p2a: Great Tusk
|-damage|p2a: Great Tusk|0 fnt
|faint|p2a: Great Tusk
|-end|p2a: Great Tusk|Protosynthesis|[silent]
|
|upkeep
|
|t:|1757896642
|switch|p2a: Dragapult|Dragapult, M|100/100
|turn|5
|
|t:|1757896647
|move|p2a: Dragapult|U-turn|p1a: Ting-Lu
|-supereffective|p1a: Ting-Lu
|-damage|p1a: Ting-Lu|0 fnt
|faint|p1a: Ting-Lu
|
|t:|1757896654
|switch|p2a: Slowking|Slowking-Galar, F|100/100|[from] U-turn
|
|upkeep
|
|t:|1757896660
|switch|p1a: Iron Treads|Iron Treads|100/100
|-damage|p1a: Iron Treads|98/100|[from] Stealth Rock
|-enditem|p1a: Iron Treads|Booster Energy
|-activate|p1a: Iron Treads|ability: Quark Drive|[fromitem]
|-start|p1a: Iron Treads|quarkdrivespe
|turn|6
|
|t:|1757896674
|switch|p2a: Mr. PullUpYaPants|Scrafty, F|100/100
|-ability|p2a: Mr. PullUpYaPants|Intimidate|boost
|-unboost|p1a: Iron Treads|atk|1
|move|p1a: Iron Treads|Rapid Spin|p2a: Mr. PullUpYaPants
|-damage|p2a: Mr. PullUpYaPants|91/100
|-boost|p1a: Iron Treads|spe|1
|-sideend|p1: acediawa|Stealth Rock|[from] move: Rapid Spin|[of] p1a: Iron Treads
|
|upkeep
|turn|7
|inactive|niccommoc has 120 seconds left.
|
|t:|1757896712
|-end|p1a: Iron Treads|Quark Drive|[silent]
|switch|p1a: Zamazenta|Zamazenta|100/100
|-ability|p1a: Zamazenta|Dauntless Shield|boost
|-boost|p1a: Zamazenta|def|1
|move|p2a: Mr. PullUpYaPants|Super Fang|p1a: Zamazenta
|-damage|p1a: Zamazenta|51/100
|
|-heal|p1a: Zamazenta|57/100|[from] item: Leftovers
|upkeep
|turn|8
|inactive|niccommoc has 120 seconds left.
|
|t:|1757896733
|switch|p2a: Slowking|Slowking-Galar, F|100/100
|move|p1a: Zamazenta|Crunch|p2a: Slowking
|-supereffective|p2a: Slowking
|-damage|p2a: Slowking|60/100
|
|-heal|p1a: Zamazenta|63/100|[from] item: Leftovers
|upkeep
|turn|9
|
|t:|1757896742
|move|p1a: Zamazenta|Crunch|p2a: Slowking
|-supereffective|p2a: Slowking
|-damage|p2a: Slowking|15/100
|move|p2a: Slowking|Thunder Wave|p1a: Zamazenta
|-status|p1a: Zamazenta|par
|
|-heal|p1a: Zamazenta|69/100 par|[from] item: Leftovers
|upkeep
|turn|10
|
|t:|1757896749
|switch|p2a: Mr. PullUpYaPants|Scrafty, F|91/100
|-ability|p2a: Mr. PullUpYaPants|Intimidate|boost
|-unboost|p1a: Zamazenta|atk|1
|move|p1a: Zamazenta|Crunch|p2a: Mr. PullUpYaPants
|-resisted|p2a: Mr. PullUpYaPants
|-damage|p2a: Mr. PullUpYaPants|88/100
|
|-heal|p1a: Zamazenta|75/100 par|[from] item: Leftovers
|upkeep
|turn|11
|inactive|niccommoc has 120 seconds left.
|
|t:|1757896756
|move|p1a: Zamazenta|Body Press|p2a: Mr. PullUpYaPants
|-supereffective|p2a: Mr. PullUpYaPants
|-damage|p2a: Mr. PullUpYaPants|0 fnt
|faint|p2a: Mr. PullUpYaPants
|
|-heal|p1a: Zamazenta|81/100 par|[from] item: Leftovers
|upkeep
|inactive|niccommoc has 120 seconds left.
|
|t:|1757896762
|switch|p2a: Dragapult|Dragapult, M|100/100
|turn|12
|
|t:|1757896766
|move|p2a: Dragapult|Hex|p1a: Zamazenta
|-damage|p1a: Zamazenta|29/100 par
|cant|p1a: Zamazenta|par
|
|-heal|p1a: Zamazenta|35/100 par|[from] item: Leftovers
|upkeep
|turn|13
|
|t:|1757896771
|move|p2a: Dragapult|Hex|p1a: Zamazenta
|-damage|p1a: Zamazenta|0 fnt
|faint|p1a: Zamazenta
|
|upkeep
|
|t:|1757896776
|switch|p1a: Tornadus|Tornadus-Therian, M|100/100
|turn|14
|
|t:|1757896781
|move|p2a: Dragapult|U-turn|p1a: Tornadus
|-resisted|p1a: Tornadus
|-damage|p1a: Tornadus|88/100
|
|t:|1757896783
|switch|p2a: Slowking|Slowking-Galar, F|48/100|[from] U-turn
|move|p1a: Tornadus|Dark Pulse|p2a: Slowking
|-supereffective|p2a: Slowking
|-damage|p2a: Slowking|13/100
|-damage|p1a: Tornadus|78/100|[from] item: Life Orb
|
|upkeep
|turn|15
|
|t:|1757896789
|switch|p2a: Kingambit|Kingambit, M|100/100
|-activate|p2a: Kingambit|ability: Supreme Overlord
|-start|p2a: Kingambit|fallen3|[silent]
|move|p1a: Tornadus|Dark Pulse|p2a: Kingambit
|-resisted|p2a: Kingambit
|-damage|p2a: Kingambit|82/100
|-damage|p1a: Tornadus|69/100|[from] item: Life Orb
|
|upkeep
|turn|16
|
|t:|1757896803
|-terastallize|p1a: Tornadus|Dark
|move|p1a: Tornadus|Focus Blast|p2a: Kingambit
|-supereffective|p2a: Kingambit
|-damage|p2a: Kingambit|0 fnt
|faint|p2a: Kingambit
|-end|p2a: Kingambit|fallen3|[silent]
|-damage|p1a: Tornadus|59/100|[from] item: Life Orb
|
|upkeep
|
|t:|1757896808
|switch|p2a: Slowking|Slowking-Galar, F|46/100
|turn|17
|
|t:|1757896816
|switch|p1a: Gholdengo|Gholdengo|100/100
|-item|p1a: Gholdengo|Air Balloon
|move|p2a: Slowking|Thunder Wave|p1a: Gholdengo
|-immune|p1a: Gholdengo|[from] ability: Good as Gold
|
|upkeep
|turn|18
|
|t:|1757896824
|move|p1a: Gholdengo|Nasty Plot|p1a: Gholdengo
|-boost|p1a: Gholdengo|spa|2
|move|p2a: Slowking|Future Sight|p1a: Gholdengo
|-start|p2a: Slowking|move: Future Sight
|
|upkeep
|turn|19
|
|t:|1757896833
|move|p1a: Gholdengo|Shadow Ball|p2a: Slowking
|-supereffective|p2a: Slowking
|-damage|p2a: Slowking|0 fnt
|faint|p2a: Slowking
|
|upkeep
|
|t:|1757896836
|switch|p2a: Dragapult|Dragapult, M|100/100
|turn|20
|
|t:|1757896841
|-terastallize|p2a: Dragapult|Ghost
|move|p2a: Dragapult|Hex|p1a: Gholdengo
|-supereffective|p1a: Gholdengo
|-damage|p1a: Gholdengo|27/100
|-enditem|p1a: Gholdengo|Air Balloon
|move|p1a: Gholdengo|Shadow Ball|p2a: Dragapult
|-supereffective|p2a: Dragapult
|-damage|p2a: Dragapult|0 fnt
|faint|p2a: Dragapult
|
|win|acediawa
|raw|acediawa's rating: 1483 &rarr; <strong>1506</strong><br />(+23 for winning)
|raw|niccommoc's rating: 1541 &rarr; <strong>1518</strong><br />(-23 for losing)
|l|☆niccommoc
|player|p2|
|l|☆acediawa
|player|p1|
