|inactive|Battle timer is ON: inactive players will automatically lose when time's up.
|t:|1757851034
|gametype|singles
|player|p1|leng loi|#scl5machines|
|player|p2|70to90gxe|#wcop2025ussouth|
|gen|9
|tier|[Gen 9] OU
|rule|HP Percentage Mod: HP is shown in percentages
|rule|Endless Battle Clause: Forcing endless battles is banned
|rule|Species Clause: Limit one of each Pokémon
|rule|OHKO Clause: OHKO moves are banned
|rule|Evasion Items Clause: Evasion items are banned
|rule|Evasion Moves Clause: Evasion moves are banned
|rule|Evasion Abilities Clause: Evasion abilities are banned
|rule|Sleep Moves Clause: Sleep-inducing moves are banned
|clearpoke
|poke|p1|Rillaboom, F|
|poke|p1|Zamazenta-*|
|poke|p1|Gholdengo|
|poke|p1|Garchomp, F|
|poke|p1|Iron Treads|
|poke|p1|Enamorus-Therian, F|
|poke|p2|Ting-Lu|
|poke|p2|Dragonite, F|
|poke|p2|Slowking-Galar, M|
|poke|p2|Zamazenta-*|
|poke|p2|Ogerpon-Wellspring, F|
|poke|p2|Weezing-Galar, F|
|teampreview
|c|☆70to90gxe|hf
|c|☆leng loi|hf
|inactive|leng loi has 270 seconds left.
|inactive|70to90gxe has 270 seconds left.
|inactive|leng loi has 240 seconds left.
|inactive|70to90gxe has 240 seconds left.
|inactive|leng loi has 210 seconds left.
|
|t:|1757851128
|teamsize|p1|6
|teamsize|p2|6
|start
|switch|p1a: Rillaboom|Rillaboom, F|100/100
|switch|p2a: Ogerpon|Ogerpon-Wellspring, F|100/100
|-fieldstart|move: Grassy Terrain|[from] ability: Grassy Surge|[of] p1a: Rillaboom
|turn|1
|raw|<div class="broadcast-red"><strong>Moderated chat was set to ☆!</strong><br />Only users of rank ☆ and higher can talk.</div>
|inactive|70to90gxe has 270 seconds left.
|
|t:|1757851154
|switch|p2a: Weezing|Weezing-Galar, F|100/100
|switch|p1a: Garchomp|Garchomp, F|100/100
|
|upkeep
|turn|2
|
|t:|1757851166
|move|p1a: Garchomp|Stomping Tantrum|p2a: Weezing
|-immune|p2a: Weezing|[from] ability: Levitate
|move|p2a: Weezing|Will-O-Wisp|p1a: Garchomp
|-status|p1a: Garchomp|brn
|
|-damage|p1a: Garchomp|94/100 brn|[from] brn
|upkeep
|turn|3
|inactive|70to90gxe has 270 seconds left.
|c|☆leng loi|LOL
|
|t:|1757851189
|move|p1a: Garchomp|Stealth Rock|p2a: Weezing
|-sidestart|p2: 70to90gxe|move: Stealth Rock
|move|p2a: Weezing|Sludge Bomb|p1a: Garchomp
|-resisted|p1a: Garchomp
|-damage|p1a: Garchomp|83/100 brn
|
|-heal|p1a: Garchomp|89/100 brn|[from] Grassy Terrain
|-damage|p1a: Garchomp|83/100 brn|[from] brn
|upkeep
|turn|4
|
|t:|1757851199
|switch|p1a: Gholdengo|Gholdengo|100/100
|-enditem|p1a: Gholdengo|Grassy Seed
|-boost|p1a: Gholdengo|def|1|[from] item: Grassy Seed
|move|p2a: Weezing|Defog|p1a: Gholdengo
|-immune|p1a: Gholdengo|[from] ability: Good as Gold
|
|upkeep
|turn|5
|
|t:|1757851206
|switch|p2a: Dragonite|Dragonite, F|100/100
|move|p1a: Gholdengo|Nasty Plot|p1a: Gholdengo
|-boost|p1a: Gholdengo|spa|2
|
|upkeep
|turn|6
|
|t:|1757851212
|-terastallize|p1a: Gholdengo|Fairy
|move|p1a: Gholdengo|Dazzling Gleam|p2a: Dragonite
|-supereffective|p2a: Dragonite
|-damage|p2a: Dragonite|30/100
|move|p2a: Dragonite|Dragon Tail|p1a: Gholdengo
|-immune|p1a: Gholdengo
|
|upkeep
|turn|7
|inactive|70to90gxe has 270 seconds left.
|
|t:|1757851250
|move|p2a: Dragonite|Extreme Speed|p1a: Gholdengo
|-damage|p1a: Gholdengo|82/100
|move|p1a: Gholdengo|Dazzling Gleam|p2a: Dragonite
|-supereffective|p2a: Dragonite
|-damage|p2a: Dragonite|0 fnt
|faint|p2a: Dragonite
|
|-heal|p1a: Gholdengo|88/100|[from] Grassy Terrain
|upkeep
|
|t:|1757851254
|switch|p2a: Zamazenta|Zamazenta|100/100
|-ability|p2a: Zamazenta|Dauntless Shield|boost
|-boost|p2a: Zamazenta|def|1
|turn|8
|
|t:|1757851271
|switch|p1a: Garchomp|Garchomp, F|83/100 brn
|-terastallize|p2a: Zamazenta|Steel
|move|p2a: Zamazenta|Heavy Slam|p1a: Garchomp
|-damage|p1a: Garchomp|63/100 brn
|-damage|p2a: Zamazenta|88/100|[from] ability: Rough Skin|[of] p1a: Garchomp
|-damage|p2a: Zamazenta|72/100|[from] item: Rocky Helmet|[of] p1a: Garchomp
|
|-heal|p2a: Zamazenta|78/100|[from] Grassy Terrain
|-heal|p1a: Garchomp|69/100 brn|[from] Grassy Terrain
|-damage|p1a: Garchomp|63/100 brn|[from] brn
|-fieldend|move: Grassy Terrain
|upkeep
|turn|9
|inactive|70to90gxe has 270 seconds left.
|
|t:|1757851291
|switch|p2a: Slowking|Slowking-Galar, M|100/100
|move|p1a: Garchomp|Spikes|p2a: Slowking
|-sidestart|p2: 70to90gxe|Spikes
|
|-damage|p1a: Garchomp|57/100 brn|[from] brn
|upkeep
|turn|10
|
|t:|1757851300
|switch|p1a: Iron Treads|Iron Treads|100/100
|move|p2a: Slowking|Ice Beam|p1a: Iron Treads
|-damage|p1a: Iron Treads|80/100
|
|upkeep
|turn|11
|inactive|70to90gxe has 270 seconds left.
|
|t:|1757851318
|switch|p2a: Ting-Lu|Ting-Lu|100/100
|-damage|p2a: Ting-Lu|94/100|[from] Stealth Rock
|-damage|p2a: Ting-Lu|82/100|[from] Spikes
|-ability|p2a: Ting-Lu|Vessel of Ruin
|move|p1a: Iron Treads|Knock Off|p2a: Ting-Lu
|-resisted|p2a: Ting-Lu
|-damage|p2a: Ting-Lu|74/100
|-damage|p1a: Iron Treads|63/100|[from] item: Rocky Helmet|[of] p2a: Ting-Lu
|-enditem|p2a: Ting-Lu|Rocky Helmet|[from] move: Knock Off|[of] p1a: Iron Treads
|
|upkeep
|turn|12
|inactive|leng loi has 270 seconds left.
|
|t:|1757851339
|-end|p1a: Iron Treads|Quark Drive|[silent]
|switch|p1a: Rillaboom|Rillaboom, F|100/100
|-fieldstart|move: Grassy Terrain|[from] ability: Grassy Surge|[of] p1a: Rillaboom
|move|p2a: Ting-Lu|Stealth Rock|p1a: Rillaboom
|-sidestart|p1: leng loi|move: Stealth Rock
|
|-heal|p2a: Ting-Lu|80/100|[from] Grassy Terrain
|upkeep
|turn|13
|inactive|leng loi has 270 seconds left.
|
|t:|1757851373
|switch|p2a: Weezing|Weezing-Galar, F|100/100
|-damage|p2a: Weezing|88/100|[from] Stealth Rock
|move|p1a: Rillaboom|Knock Off|p2a: Weezing
|-resisted|p2a: Weezing
|-damage|p2a: Weezing|77/100
|-damage|p1a: Rillaboom|84/100|[from] item: Rocky Helmet|[of] p2a: Weezing
|-enditem|p2a: Weezing|Rocky Helmet|[from] move: Knock Off|[of] p1a: Rillaboom
|
|-heal|p1a: Rillaboom|90/100|[from] Grassy Terrain
|upkeep
|turn|14
|
|t:|1757851378
|move|p1a: Rillaboom|Taunt|p2a: Weezing
|-start|p2a: Weezing|move: Taunt
|move|p2a: Weezing|Sludge Bomb|p1a: Rillaboom
|-supereffective|p1a: Rillaboom
|-damage|p1a: Rillaboom|27/100
|
|-heal|p1a: Rillaboom|33/100|[from] Grassy Terrain
|upkeep
|turn|15
|
|t:|1757851393
|switch|p2a: Zamazenta|Zamazenta, tera:Steel|78/100
|move|p1a: Rillaboom|U-turn|p2a: Zamazenta
|-resisted|p2a: Zamazenta
|-damage|p2a: Zamazenta|65/100
|
|t:|1757851400
|switch|p1a: Zamazenta|Zamazenta|100/100|[from] U-turn
|-damage|p1a: Zamazenta|94/100|[from] Stealth Rock
|-ability|p1a: Zamazenta|Dauntless Shield|boost
|-boost|p1a: Zamazenta|def|1
|
|-heal|p1a: Zamazenta|100/100|[from] Grassy Terrain
|-heal|p2a: Zamazenta|71/100|[from] Grassy Terrain
|upkeep
|turn|16
|
|t:|1757851411
|switch|p2a: Slowking|Slowking-Galar, M|100/100
|move|p1a: Zamazenta|Crunch|p2a: Slowking
|-supereffective|p2a: Slowking
|-damage|p2a: Slowking|44/100
|-damage|p1a: Zamazenta|91/100|[from] item: Life Orb
|
|-heal|p1a: Zamazenta|97/100|[from] Grassy Terrain
|-heal|p2a: Slowking|50/100|[from] Grassy Terrain
|upkeep
|turn|17
|inactive|70to90gxe has 270 seconds left.
|inactive|leng loi has 270 seconds left.
|inactive|70to90gxe has 240 seconds left.
|
|t:|1757851458
|switch|p2a: Ting-Lu|Ting-Lu|80/100
|-damage|p2a: Ting-Lu|74/100|[from] Stealth Rock
|-damage|p2a: Ting-Lu|62/100|[from] Spikes
|-ability|p2a: Ting-Lu|Vessel of Ruin
|move|p1a: Zamazenta|Crunch|p2a: Ting-Lu
|-resisted|p2a: Ting-Lu
|-damage|p2a: Ting-Lu|52/100
|-damage|p1a: Zamazenta|87/100|[from] item: Life Orb
|
|-heal|p1a: Zamazenta|93/100|[from] Grassy Terrain
|-heal|p2a: Ting-Lu|59/100|[from] Grassy Terrain
|upkeep
|turn|18
|
|t:|1757851469
|switch|p2a: Slowking|Slowking-Galar, M|84/100
|move|p1a: Zamazenta|Close Combat|p2a: Slowking
|-resisted|p2a: Slowking
|-damage|p2a: Slowking|68/100
|-unboost|p1a: Zamazenta|def|1
|-unboost|p1a: Zamazenta|spd|1
|-damage|p1a: Zamazenta|83/100|[from] item: Life Orb
|
|-heal|p1a: Zamazenta|89/100|[from] Grassy Terrain
|-heal|p2a: Slowking|74/100|[from] Grassy Terrain
|upkeep
|turn|19
|inactive|70to90gxe has 240 seconds left.
|
|t:|1757851493
|switch|p1a: Iron Treads|Iron Treads|63/100
|-damage|p1a: Iron Treads|60/100|[from] Stealth Rock
|-prepare|p2a: Slowking|Chilly Reception|[premajor]
|move|p2a: Slowking|Chilly Reception|p2a: Slowking
|-weather|Snowscape
|inactive|70to90gxe has 240 seconds left.
|
|t:|1757851517
|switch|p2a: Ogerpon|Ogerpon-Wellspring, F|100/100|[from] Chilly Reception
|-damage|p2a: Ogerpon|88/100|[from] Stealth Rock
|-damage|p2a: Ogerpon|76/100|[from] Spikes
|
|-weather|Snowscape|[upkeep]
|-heal|p1a: Iron Treads|67/100|[from] Grassy Terrain
|-heal|p2a: Ogerpon|82/100|[from] Grassy Terrain
|-fieldend|move: Grassy Terrain
|upkeep
|turn|20
|
|t:|1757851527
|-end|p1a: Iron Treads|Quark Drive|[silent]
|switch|p1a: Garchomp|Garchomp, F|57/100 brn
|-damage|p1a: Garchomp|51/100 brn|[from] Stealth Rock
|move|p2a: Ogerpon|Ivy Cudgel|p1a: Garchomp|[anim] Ivy Cudgel Water
|-crit|p1a: Garchomp
|-damage|p1a: Garchomp|0 fnt
|faint|p1a: Garchomp
|
|-weather|Snowscape|[upkeep]
|upkeep
|
|t:|1757851533
|switch|p1a: Zamazenta|Zamazenta|89/100
|-damage|p1a: Zamazenta|83/100|[from] Stealth Rock
|turn|21
|
|t:|1757851540
|switch|p2a: Ting-Lu|Ting-Lu|59/100
|-damage|p2a: Ting-Lu|52/100|[from] Stealth Rock
|-damage|p2a: Ting-Lu|40/100|[from] Spikes
|-ability|p2a: Ting-Lu|Vessel of Ruin
|move|p1a: Zamazenta|Crunch|p2a: Ting-Lu
|-resisted|p2a: Ting-Lu
|-damage|p2a: Ting-Lu|31/100
|-unboost|p2a: Ting-Lu|def|1
|-damage|p1a: Zamazenta|73/100|[from] item: Life Orb
|
|-weather|Snowscape|[upkeep]
|upkeep
|turn|22
|inactive|leng loi has 270 seconds left.
|
|t:|1757851546
|move|p1a: Zamazenta|Close Combat|p2a: Ting-Lu
|-supereffective|p2a: Ting-Lu
|-damage|p2a: Ting-Lu|0 fnt
|-unboost|p1a: Zamazenta|def|1
|-unboost|p1a: Zamazenta|spd|1
|faint|p2a: Ting-Lu
|-damage|p1a: Zamazenta|64/100|[from] item: Life Orb
|
|-weather|Snowscape|[upkeep]
|upkeep
|
|t:|1757851559
|switch|p2a: Slowking|Slowking-Galar, M|100/100
|turn|23
|
|t:|1757851566
|switch|p1a: Rillaboom|Rillaboom, F|33/100
|-damage|p1a: Rillaboom|21/100|[from] Stealth Rock
|-fieldstart|move: Grassy Terrain|[from] ability: Grassy Surge|[of] p1a: Rillaboom
|-prepare|p2a: Slowking|Chilly Reception|[premajor]
|move|p2a: Slowking|Chilly Reception|p2a: Slowking
|
|t:|1757851569
|switch|p2a: Zamazenta|Zamazenta, tera:Steel|71/100|[from] Chilly Reception
|
|-weather|none
|-heal|p2a: Zamazenta|77/100|[from] Grassy Terrain
|-heal|p1a: Rillaboom|27/100|[from] Grassy Terrain
|upkeep
|turn|24
|inactive|70to90gxe has 270 seconds left.
|inactive|leng loi has 270 seconds left.
|
|t:|1757851606
|move|p1a: Rillaboom|Grassy Glide|p2a: Zamazenta
|-resisted|p2a: Zamazenta
|-damage|p2a: Zamazenta|58/100
|move|p2a: Zamazenta|Close Combat|p1a: Rillaboom
|-damage|p1a: Rillaboom|0 fnt
|-unboost|p2a: Zamazenta|def|1
|-unboost|p2a: Zamazenta|spd|1
|faint|p1a: Rillaboom
|
|-heal|p2a: Zamazenta|64/100|[from] Grassy Terrain
|upkeep
|
|t:|1757851613
|switch|p1a: Zamazenta|Zamazenta|64/100
|-damage|p1a: Zamazenta|57/100|[from] Stealth Rock
|turn|25
|inactive|leng loi has 270 seconds left.
|inactive|70to90gxe has 270 seconds left.
|
|t:|1757851640
|switch|p2a: Weezing|Weezing-Galar, F|77/100
|-damage|p2a: Weezing|65/100|[from] Stealth Rock
|move|p1a: Zamazenta|Close Combat|p2a: Weezing
|-resisted|p2a: Weezing
|-damage|p2a: Weezing|52/100
|-unboost|p1a: Zamazenta|def|1
|-unboost|p1a: Zamazenta|spd|1
|-damage|p1a: Zamazenta|48/100|[from] item: Life Orb
|
|-heal|p1a: Zamazenta|54/100|[from] Grassy Terrain
|upkeep
|turn|26
|
|t:|1757851646
|switch|p2a: Slowking|Slowking-Galar, M|100/100
|move|p1a: Zamazenta|Heavy Slam|p2a: Slowking
|-damage|p2a: Slowking|82/100
|-damage|p1a: Zamazenta|44/100|[from] item: Life Orb
|
|-heal|p1a: Zamazenta|50/100|[from] Grassy Terrain
|-heal|p2a: Slowking|88/100|[from] Grassy Terrain
|upkeep
|turn|27
|inactive|70to90gxe has 270 seconds left.
|inactive|leng loi has 240 seconds left.
|rated|Smogon Champions League
|inactive|70to90gxe has 240 seconds left.
|inactive|leng loi has 210 seconds left.
|
|t:|1757851728
|switch|p1a: Iron Treads|Iron Treads|67/100
|-damage|p1a: Iron Treads|63/100|[from] Stealth Rock
|-prepare|p2a: Slowking|Chilly Reception|[premajor]
|move|p2a: Slowking|Chilly Reception|p2a: Slowking
|-weather|Snowscape
|
|t:|1757851731
|switch|p2a: Ogerpon|Ogerpon-Wellspring, F|82/100|[from] Chilly Reception
|-damage|p2a: Ogerpon|70/100|[from] Stealth Rock
|-damage|p2a: Ogerpon|57/100|[from] Spikes
|
|-weather|Snowscape|[upkeep]
|-heal|p1a: Iron Treads|70/100|[from] Grassy Terrain
|-heal|p2a: Ogerpon|63/100|[from] Grassy Terrain
|upkeep
|turn|28
|
|t:|1757851752
|move|p1a: Iron Treads|Rapid Spin|p2a: Ogerpon
|-damage|p2a: Ogerpon|44/100
|-boost|p1a: Iron Treads|spe|1
|-sideend|p1: leng loi|Stealth Rock|[from] move: Rapid Spin|[of] p1a: Iron Treads
|move|p2a: Ogerpon|Ivy Cudgel|p1a: Iron Treads|[anim] Ivy Cudgel Water
|-supereffective|p1a: Iron Treads
|-damage|p1a: Iron Treads|0 fnt
|faint|p1a: Iron Treads
|-end|p1a: Iron Treads|Quark Drive|[silent]
|
|-weather|Snowscape|[upkeep]
|-heal|p2a: Ogerpon|50/100|[from] Grassy Terrain
|upkeep
|
|t:|1757851756
|switch|p1a: Zamazenta|Zamazenta|50/100
|turn|29
|
|t:|1757851771
|switch|p2a: Weezing|Weezing-Galar, F|52/100
|-damage|p2a: Weezing|39/100|[from] Stealth Rock
|move|p1a: Zamazenta|Close Combat|p2a: Weezing
|-resisted|p2a: Weezing
|-damage|p2a: Weezing|26/100
|-unboost|p1a: Zamazenta|def|1
|-unboost|p1a: Zamazenta|spd|1
|-damage|p1a: Zamazenta|40/100|[from] item: Life Orb
|
|-weather|Snowscape|[upkeep]
|-heal|p1a: Zamazenta|46/100|[from] Grassy Terrain
|upkeep
|turn|30
|inactive|70to90gxe has 240 seconds left.
|
|t:|1757851789
|switch|p1a: Enamorus|Enamorus-Therian, F|100/100
|move|p2a: Weezing|Defog|p1a: Enamorus
|-unboost|p1a: Enamorus|evasion|1
|-sideend|p2: 70to90gxe|Spikes|[from] move: Defog|[of] p2a: Weezing
|-sideend|p2: 70to90gxe|Stealth Rock|[from] move: Defog|[of] p2a: Weezing
|-fieldend|move: Grassy Terrain
|
|-weather|Snowscape|[upkeep]
|upkeep
|turn|31
|
|t:|1757851794
|move|p1a: Enamorus|Calm Mind|p1a: Enamorus
|-boost|p1a: Enamorus|spa|1
|-boost|p1a: Enamorus|spd|1
|move|p2a: Weezing|Sludge Bomb|p1a: Enamorus
|-supereffective|p1a: Enamorus
|-damage|p1a: Enamorus|65/100
|
|-weather|none
|upkeep
|turn|32
|
|t:|1757851798
|move|p1a: Enamorus|Draining Kiss|p2a: Weezing
|-resisted|p2a: Weezing
|-damage|p2a: Weezing|1/100
|-heal|p1a: Enamorus|82/100|[from] drain|[of] p2a: Weezing
|move|p2a: Weezing|Sludge Bomb|p1a: Enamorus
|-supereffective|p1a: Enamorus
|-damage|p1a: Enamorus|48/100
|
|upkeep
|turn|33
|
|t:|1757851800
|move|p1a: Enamorus|Draining Kiss|p2a: Weezing
|-resisted|p2a: Weezing
|-damage|p2a: Weezing|0 fnt
|-heal|p1a: Enamorus|49/100|[from] drain|[of] p2a: Weezing
|faint|p2a: Weezing
|
|upkeep
|inactive|70to90gxe has 270 seconds left.
|
|t:|1757851830
|switch|p2a: Zamazenta|Zamazenta, tera:Steel|64/100
|turn|34
|
|t:|1757851840
|switch|p1a: Zamazenta|Zamazenta|46/100
|move|p2a: Zamazenta|Heavy Slam|p1a: Zamazenta
|-damage|p1a: Zamazenta|26/100
|
|upkeep
|turn|35
|
|t:|1757851867
|switch|p2a: Slowking|Slowking-Galar, M|100/100
|move|p1a: Zamazenta|Crunch|p2a: Slowking
|-supereffective|p2a: Slowking
|-damage|p2a: Slowking|50/100
|-damage|p1a: Zamazenta|16/100|[from] item: Life Orb
|
|upkeep
|turn|36
|inactive|70to90gxe has 240 seconds left.
|inactive|leng loi has 210 seconds left.
|inactive|70to90gxe has 210 seconds left.
|inactive|leng loi has 180 seconds left.
|inactive|70to90gxe has 180 seconds left.
|
|t:|1757851945
|switch|p2a: Ogerpon|Ogerpon-Wellspring, F|50/100
|move|p1a: Zamazenta|Close Combat|p2a: Ogerpon
|-damage|p2a: Ogerpon|0 fnt
|-unboost|p1a: Zamazenta|def|1
|-unboost|p1a: Zamazenta|spd|1
|faint|p2a: Ogerpon
|-damage|p1a: Zamazenta|6/100|[from] item: Life Orb
|
|upkeep
|inactive|70to90gxe has 180 seconds left.
|
|t:|1757851957
|switch|p2a: Slowking|Slowking-Galar, M|83/100
|turn|37
|
|t:|1757851962
|switch|p1a: Gholdengo|Gholdengo, tera:Fairy|88/100
|-prepare|p2a: Slowking|Chilly Reception|[premajor]
|move|p2a: Slowking|Chilly Reception|p2a: Slowking
|-weather|Snowscape
|
|t:|1757851966
|switch|p2a: Zamazenta|Zamazenta, tera:Steel|64/100|[from] Chilly Reception
|
|-weather|Snowscape|[upkeep]
|upkeep
|turn|38
|
|t:|1757851979
|move|p2a: Zamazenta|Heavy Slam|p1a: Gholdengo
|-supereffective|p1a: Gholdengo
|-damage|p1a: Gholdengo|0 fnt
|faint|p1a: Gholdengo
|
|-weather|Snowscape|[upkeep]
|upkeep
|
|t:|1757851982
|switch|p1a: Zamazenta|Zamazenta|6/100
|turn|39
|
|t:|1757851991
|switch|p2a: Slowking|Slowking-Galar, M|100/100
|switch|p1a: Enamorus|Enamorus-Therian, F|49/100
|
|-weather|Snowscape|[upkeep]
|upkeep
|turn|40
|inactive|leng loi has 210 seconds left.
|
|t:|1757852002
|move|p1a: Enamorus|Calm Mind|p1a: Enamorus
|-boost|p1a: Enamorus|spa|1
|-boost|p1a: Enamorus|spd|1
|-prepare|p2a: Slowking|Chilly Reception|[premajor]
|move|p2a: Slowking|Chilly Reception|p2a: Slowking
|
|t:|1757852004
|switch|p2a: Zamazenta|Zamazenta, tera:Steel|64/100|[from] Chilly Reception
|
|-weather|Snowscape|[upkeep]
|upkeep
|turn|41
|
|t:|1757852012
|move|p2a: Zamazenta|Heavy Slam|p1a: Enamorus
|-supereffective|p1a: Enamorus
|-damage|p1a: Enamorus|0 fnt
|faint|p1a: Enamorus
|
|-weather|none
|upkeep
|
|t:|1757852015
|switch|p1a: Zamazenta|Zamazenta|6/100
|turn|42
|
|t:|1757852018
|move|p1a: Zamazenta|Close Combat|p2a: Zamazenta
|-supereffective|p2a: Zamazenta
|-damage|p2a: Zamazenta|0 fnt
|-unboost|p1a: Zamazenta|def|1
|-unboost|p1a: Zamazenta|spd|1
|faint|p2a: Zamazenta
|-damage|p1a: Zamazenta|0 fnt|[from] item: Life Orb
|faint|p1a: Zamazenta
|
|win|70to90gxe
|c|☆leng loi|gg
|c|☆70to90gxe|gg
|player|p1|
