|j|☆Whatsapp Liligant
|j|☆usurper9!!
|t:|1757845649
|gametype|singles
|player|p1|Whatsapp Liligant|cheryl|1184
|player|p2|usurper9!!|n|1147
|gen|9
|tier|[Gen 9] OU
|rated|
|rule|HP Percentage Mod: HP is shown in percentages
|rule|Endless Battle Clause: Forcing endless battles is banned
|rule|Species Clause: Limit one of each Pokémon
|rule|OHKO Clause: OHKO moves are banned
|rule|Evasion Items Clause: Evasion items are banned
|rule|Evasion Moves Clause: Evasion moves are banned
|rule|Evasion Abilities Clause: Evasion abilities are banned
|rule|Sleep Moves Clause: Sleep-inducing moves are banned
|clearpoke
|poke|p1|Gumshoos, M|
|poke|p1|Probopass, F|
|poke|p1|Scrafty, M|
|poke|p1|Dragapult, M|
|poke|p1|Iron Hands|
|poke|p1|Inteleon, M|
|poke|p2|Probopass, F|
|poke|p2|Ting-Lu|
|poke|p2|Sinistcha|
|poke|p2|Scizor, F|
|poke|p2|Walking Wake|
|poke|p2|Great Tusk|
|teampreview
|
|t:|1757845680
|teamsize|p1|6
|teamsize|p2|6
|start
|switch|p1a: Charlie Kirk|Inteleon, M|100/100
|switch|p2a: Ting-Lu|Ting-Lu|100/100
|-ability|p2a: Ting-Lu|Vessel of Ruin
|turn|1
|
|t:|1757845692
|move|p1a: Charlie Kirk|Snipe Shot|p2a: Ting-Lu
|-supereffective|p2a: Ting-Lu
|-damage|p2a: Ting-Lu|63/100
|move|p2a: Ting-Lu|Spikes|p1a: Charlie Kirk
|-sidestart|p1: Whatsapp Liligant|Spikes
|
|-heal|p2a: Ting-Lu|69/100|[from] item: Leftovers
|upkeep
|turn|2
|
|t:|1757845701
|switch|p2a: Walking Wake|Walking Wake|100/100
|move|p1a: Charlie Kirk|Snipe Shot|p2a: Walking Wake
|-resisted|p2a: Walking Wake
|-crit|p2a: Walking Wake
|-damage|p2a: Walking Wake|70/100
|
|upkeep
|turn|3
|
|t:|1757845710
|move|p2a: Walking Wake|Knock Off|p1a: Charlie Kirk
|-damage|p1a: Charlie Kirk|76/100
|-enditem|p1a: Charlie Kirk|Scope Lens|[from] move: Knock Off|[of] p2a: Walking Wake
|move|p1a: Charlie Kirk|Air Cutter|p2a: Walking Wake
|-damage|p2a: Walking Wake|43/100
|
|upkeep
|turn|4
|
|t:|1757845721
|move|p2a: Walking Wake|Draco Meteor|p1a: Charlie Kirk
|-damage|p1a: Charlie Kirk|0 fnt
|-unboost|p2a: Walking Wake|spa|2
|faint|p1a: Charlie Kirk
|
|upkeep
|
|t:|1757845730
|switch|p1a: Oi vey|Probopass, F|100/100
|-damage|p1a: Oi vey|88/100|[from] Spikes
|turn|5
|
|t:|1757845749
|move|p2a: Walking Wake|Flip Turn|p1a: Oi vey
|-supereffective|p1a: Oi vey
|-damage|p1a: Oi vey|68/100
|-damage|p2a: Walking Wake|27/100|[from] item: Rocky Helmet|[of] p1a: Oi vey
|
|t:|1757845754
|-end|p2a: Walking Wake|Protosynthesis|[silent]
|switch|p2a: Sinistcha|Sinistcha|100/100|[from] Flip Turn
|move|p1a: Oi vey|Stealth Rock|p2a: Sinistcha
|-sidestart|p2: usurper9!!|move: Stealth Rock
|
|upkeep
|turn|6
|
|t:|1757845762
|move|p2a: Sinistcha|Calm Mind|p2a: Sinistcha
|-boost|p2a: Sinistcha|spa|1
|-boost|p2a: Sinistcha|spd|1
|move|p1a: Oi vey|Thunder Wave|p2a: Sinistcha
|-status|p2a: Sinistcha|par
|
|upkeep
|turn|7
|
|t:|1757845786
|switch|p1a: Hoodlum|Scrafty, M|100/100
|-damage|p1a: Hoodlum|88/100|[from] Spikes
|move|p2a: Sinistcha|Matcha Gotcha|p1a: Hoodlum
|-damage|p1a: Hoodlum|53/100
|
|-heal|p1a: Hoodlum|59/100|[from] item: Leftovers
|upkeep
|turn|8
|
|t:|1757845805
|move|p1a: Hoodlum|Bulk Up|p1a: Hoodlum
|-boost|p1a: Hoodlum|atk|1
|-boost|p1a: Hoodlum|def|1
|move|p2a: Sinistcha|Matcha Gotcha|p1a: Hoodlum
|-damage|p1a: Hoodlum|23/100
|
|-heal|p1a: Hoodlum|29/100|[from] item: Leftovers
|upkeep
|turn|9
|
|t:|1757845820
|-terastallize|p2a: Sinistcha|Poison
|move|p1a: Hoodlum|Knock Off|p2a: Sinistcha
|-damage|p2a: Sinistcha|65/100 par
|-enditem|p2a: Sinistcha|Heavy-Duty Boots|[from] move: Knock Off|[of] p1a: Hoodlum
|move|p2a: Sinistcha|Matcha Gotcha|p1a: Hoodlum|[miss]
|-miss|p2a: Sinistcha|p1a: Hoodlum
|
|-heal|p1a: Hoodlum|35/100|[from] item: Leftovers
|upkeep
|turn|10
|
|t:|1757845833
|move|p1a: Hoodlum|Rest|p1a: Hoodlum
|-status|p1a: Hoodlum|slp|[from] move: Rest
|-heal|p1a: Hoodlum|100/100 slp|[silent]
|cant|p2a: Sinistcha|par
|
|-activate|p1a: Hoodlum|ability: Shed Skin
|-curestatus|p1a: Hoodlum|slp|[msg]
|upkeep
|turn|11
|
|t:|1757845854
|switch|p1a: Oi vey|Probopass, F|68/100
|-damage|p1a: Oi vey|55/100|[from] Spikes
|switch|p2a: Great Tusk|Great Tusk|100/100
|-damage|p2a: Great Tusk|97/100|[from] Stealth Rock
|-enditem|p2a: Great Tusk|Booster Energy
|-activate|p2a: Great Tusk|ability: Protosynthesis|[fromitem]
|-start|p2a: Great Tusk|protosynthesisspe
|
|upkeep
|turn|12
|
|t:|1757845866
|switch|p1a: B-2 Stealth Bomber|Dragapult, M|100/100
|-damage|p1a: B-2 Stealth Bomber|88/100|[from] Spikes
|move|p2a: Great Tusk|Rapid Spin|p1a: B-2 Stealth Bomber
|-immune|p1a: B-2 Stealth Bomber
|
|upkeep
|turn|13
|
|t:|1757845874
|move|p2a: Great Tusk|Ice Spinner|p1a: B-2 Stealth Bomber
|-supereffective|p1a: B-2 Stealth Bomber
|-damage|p1a: B-2 Stealth Bomber|24/100
|move|p1a: B-2 Stealth Bomber|Reflect|p1a: B-2 Stealth Bomber
|-sidestart|p1: Whatsapp Liligant|Reflect
|
|upkeep
|turn|14
|
|t:|1757845880
|move|p2a: Great Tusk|Ice Spinner|p1a: B-2 Stealth Bomber
|-supereffective|p1a: B-2 Stealth Bomber
|-damage|p1a: B-2 Stealth Bomber|0 fnt
|faint|p1a: B-2 Stealth Bomber
|
|upkeep
|
|t:|1757845884
|switch|p1a: Trump|Gumshoos, M|100/100
|-damage|p1a: Trump|88/100|[from] Spikes
|turn|15
|
|t:|1757845889
|move|p2a: Great Tusk|Close Combat|p1a: Trump
|-supereffective|p1a: Trump
|-crit|p1a: Trump
|-damage|p1a: Trump|0 fnt
|-unboost|p2a: Great Tusk|def|1
|-unboost|p2a: Great Tusk|spd|1
|faint|p1a: Trump
|
|upkeep
|
|t:|1757845894
|switch|p1a: McDonalds|Iron Hands|100/100
|-damage|p1a: McDonalds|88/100|[from] Spikes
|-enditem|p1a: McDonalds|Booster Energy
|-activate|p1a: McDonalds|ability: Quark Drive|[fromitem]
|-start|p1a: McDonalds|quarkdriveatk
|turn|16
|
|t:|1757845903
|-terastallize|p1a: McDonalds|Flying
|move|p2a: Great Tusk|Headlong Rush|p1a: McDonalds
|-immune|p1a: McDonalds
|move|p1a: McDonalds|Swords Dance|p1a: McDonalds
|-boost|p1a: McDonalds|atk|2
|
|upkeep
|turn|17
|
|t:|1757845917
|-end|p2a: Great Tusk|Protosynthesis|[silent]
|switch|p2a: Sinistcha|Sinistcha, tera:Poison|65/100 par
|-damage|p2a: Sinistcha|52/100 par|[from] Stealth Rock
|move|p1a: McDonalds|Drain Punch|p2a: Sinistcha
|-resisted|p2a: Sinistcha
|-damage|p2a: Sinistcha|9/100 par
|-heal|p1a: McDonalds|100/100|[from] drain|[of] p2a: Sinistcha
|
|upkeep
|turn|18
|
|t:|1757845929
|move|p1a: McDonalds|Drain Punch|p2a: Sinistcha
|-resisted|p2a: Sinistcha
|-damage|p2a: Sinistcha|0 fnt
|faint|p2a: Sinistcha
|
|upkeep
|
|t:|1757845950
|switch|p2a: Walking Wake|Walking Wake|27/100
|turn|19
|
|t:|1757845958
|move|p2a: Walking Wake|Draco Meteor|p1a: McDonalds
|-damage|p1a: McDonalds|49/100
|-unboost|p2a: Walking Wake|spa|2
|move|p1a: McDonalds|Drain Punch|p2a: Walking Wake
|-damage|p2a: Walking Wake|0 fnt
|-heal|p1a: McDonalds|60/100|[from] drain|[of] p2a: Walking Wake
|faint|p2a: Walking Wake
|-end|p2a: Walking Wake|Protosynthesis|[silent]
|
|upkeep
|
|t:|1757845974
|switch|p2a: Great Tusk|Great Tusk|97/100
|-damage|p2a: Great Tusk|94/100|[from] Stealth Rock
|turn|20
|
|t:|1757846019
|move|p2a: Great Tusk|Ice Spinner|p1a: McDonalds
|-supereffective|p1a: McDonalds
|-damage|p1a: McDonalds|44/100
|move|p1a: McDonalds|Ice Punch|p2a: Great Tusk
|-supereffective|p2a: Great Tusk
|-damage|p2a: Great Tusk|0 fnt
|faint|p2a: Great Tusk
|-end|p2a: Great Tusk|Protosynthesis|[silent]
|
|-sideend|p1: Whatsapp Liligant|Reflect
|upkeep
|
|t:|1757846032
|switch|p2a: Scizor|Scizor, F|100/100
|-damage|p2a: Scizor|88/100|[from] Stealth Rock
|turn|21
|
|t:|1757846038
|move|p2a: Scizor|Bullet Punch|p1a: McDonalds
|-damage|p1a: McDonalds|5/100
|move|p1a: McDonalds|Drain Punch|p2a: Scizor
|-damage|p2a: Scizor|0 fnt
|-heal|p1a: McDonalds|36/100|[from] drain|[of] p2a: Scizor
|faint|p2a: Scizor
|
|upkeep
|-message|usurper9!! forfeited.
|
|win|Whatsapp Liligant
|raw|Whatsapp Liligant's rating: 1184 &rarr; <strong>1206</strong><br />(+22 for winning)
|raw|usurper9!!'s rating: 1147 &rarr; <strong>1125</strong><br />(-22 for losing)
|l|☆usurper9!!
|player|p2|
