|j|☆charizandra
|j|☆ZeNiN_K1
|t:|1757889107
|gametype|singles
|player|p1|charizandra|cynthia-gen4|1130
|player|p2|ZeNiN_K1|acetrainer-gen4|1203
|gen|9
|tier|[Gen 9] OU
|rated|
|rule|HP Percentage Mod: HP is shown in percentages
|rule|Endless Battle Clause: Forcing endless battles is banned
|rule|Species Clause: Limit one of each Pokémon
|rule|OHKO Clause: OHKO moves are banned
|rule|Evasion Items Clause: Evasion items are banned
|rule|Evasion Moves Clause: Evasion moves are banned
|rule|Evasion Abilities Clause: Evasion abilities are banned
|rule|Sleep Moves Clause: Sleep-inducing moves are banned
|clearpoke
|poke|p1|Gholdengo|
|poke|p1|Metagross|
|poke|p1|Heatran, F|
|poke|p1|Corviknight, M|
|poke|p1|Iron Treads|
|poke|p1|Lucario, M|
|poke|p2|Zamazenta-*|
|poke|p2|Ninetales-Alola, F|
|poke|p2|Darkrai|
|poke|p2|Ceruledge, F|
|poke|p2|Gliscor, M|
|poke|p2|Hatterene, F|
|teampreview
|
|t:|1757889134
|teamsize|p1|6
|teamsize|p2|6
|start
|switch|p1a: Heatran|Heatran, F|100/100
|switch|p2a: Ceruledge|Ceruledge, F|100/100
|turn|1
|
|t:|1757889142
|move|p2a: Ceruledge|Taunt|p1a: Heatran
|-start|p1a: Heatran|move: Taunt
|move|p1a: Heatran|Flash Cannon|p2a: Ceruledge
|-resisted|p2a: Ceruledge
|-damage|p2a: Ceruledge|82/100
|
|upkeep
|turn|2
|
|t:|1757889151
|move|p2a: Ceruledge|Bulk Up|p2a: Ceruledge
|-boost|p2a: Ceruledge|atk|1
|-boost|p2a: Ceruledge|def|1
|move|p1a: Heatran|Earth Power|p2a: Ceruledge
|-supereffective|p2a: Ceruledge
|-damage|p2a: Ceruledge|31/100
|
|upkeep
|turn|3
|
|t:|1757889178
|switch|p2a: Gliscor|Gliscor, M|100/100
|move|p1a: Heatran|Earth Power|p2a: Gliscor
|-immune|p2a: Gliscor
|
|-end|p1a: Heatran|move: Taunt
|-status|p2a: Gliscor|tox|[from] item: Toxic Orb
|upkeep
|turn|4
|
|t:|1757889193
|switch|p1a: Gholdengo|Gholdengo|100/100
|-item|p1a: Gholdengo|Air Balloon
|move|p2a: Gliscor|Earthquake|p1a: Gholdengo
|-immune|p1a: Gholdengo
|
|upkeep
|turn|5
|
|t:|1757889210
|switch|p2a: Zamazenta|Zamazenta|100/100
|-ability|p2a: Zamazenta|Dauntless Shield|boost
|-boost|p2a: Zamazenta|def|1
|move|p1a: Gholdengo|Nasty Plot|p1a: Gholdengo
|-boost|p1a: Gholdengo|spa|2
|
|upkeep
|turn|6
|
|t:|1757889217
|move|p2a: Zamazenta|Crunch|p1a: Gholdengo
|-supereffective|p1a: Gholdengo
|-damage|p1a: Gholdengo|49/100
|-enditem|p1a: Gholdengo|Air Balloon
|move|p1a: Gholdengo|Dazzling Gleam|p2a: Zamazenta
|-supereffective|p2a: Zamazenta
|-damage|p2a: Zamazenta|0 fnt
|faint|p2a: Zamazenta
|
|upkeep
|
|t:|1757889230
|switch|p2a: Darkrai|Darkrai|100/100
|turn|7
|
|t:|1757889234
|move|p2a: Darkrai|Dark Pulse|p1a: Gholdengo
|-supereffective|p1a: Gholdengo
|-damage|p1a: Gholdengo|0 fnt
|faint|p1a: Gholdengo
|
|upkeep
|
|t:|1757889244
|switch|p1a: Heatran|Heatran, F|100/100
|turn|8
|
|t:|1757889254
|switch|p2a: Ceruledge|Ceruledge, F|31/100
|move|p1a: Heatran|Lava Plume|p2a: Ceruledge
|-start|p2a: Ceruledge|ability: Flash Fire
|
|upkeep
|turn|9
|
|t:|1757889276
|-end|p2a: Ceruledge|ability: Flash Fire|[silent]
|switch|p2a: Gliscor|Gliscor, M|100/100 tox
|move|p1a: Heatran|Stealth Rock|p2a: Gliscor
|-sidestart|p2: ZeNiN_K1|move: Stealth Rock
|
|upkeep
|turn|10
|
|t:|1757889287
|switch|p1a: Corviknight|Corviknight, M|100/100
|-ability|p1a: Corviknight|Pressure
|move|p2a: Gliscor|Swords Dance|p2a: Gliscor
|-boost|p2a: Gliscor|atk|2
|
|upkeep
|turn|11
|
|t:|1757889300
|move|p2a: Gliscor|Facade|p1a: Corviknight
|-resisted|p1a: Corviknight
|-damage|p1a: Corviknight|76/100
|move|p1a: Corviknight|Iron Defense|p1a: Corviknight
|-boost|p1a: Corviknight|def|2
|
|-heal|p1a: Corviknight|82/100|[from] item: Leftovers
|upkeep
|turn|12
|
|t:|1757889313
|switch|p2a: Ninetales|Ninetales-Alola, F|100/100
|-damage|p2a: Ninetales|76/100|[from] Stealth Rock
|-weather|Snowscape|[from] ability: Snow Warning|[of] p2a: Ninetales
|move|p1a: Corviknight|Body Press|p2a: Ninetales
|-damage|p2a: Ninetales|45/100
|
|-weather|Snowscape|[upkeep]
|-heal|p1a: Corviknight|88/100|[from] item: Leftovers
|upkeep
|turn|13
|
|t:|1757889333
|move|p2a: Ninetales|Aurora Veil|p2a: Ninetales
|-sidestart|p2: ZeNiN_K1|move: Aurora Veil
|move|p1a: Corviknight|U-turn|p2a: Ninetales
|-resisted|p2a: Ninetales
|-damage|p2a: Ninetales|42/100
|
|t:|1757889339
|switch|p1a: Lucario|Lucario, M|100/100|[from] U-turn
|
|-weather|Snowscape|[upkeep]
|upkeep
|turn|14
|
|t:|1757889363
|switch|p2a: Gliscor|Gliscor, M|100/100 tox
|-damage|p2a: Gliscor|88/100 tox|[from] Stealth Rock
|move|p1a: Lucario|Flash Cannon|p2a: Gliscor
|-damage|p2a: Gliscor|60/100 tox
|-damage|p1a: Lucario|91/100|[from] item: Life Orb
|
|-weather|Snowscape|[upkeep]
|-heal|p2a: Gliscor|73/100 tox|[from] ability: Poison Heal
|upkeep
|turn|15
|
|t:|1757889383
|-terastallize|p1a: Lucario|Ice
|move|p1a: Lucario|Tera Blast|p2a: Gliscor|[anim] Tera Blast Ice
|-supereffective|p2a: Gliscor
|-damage|p2a: Gliscor|0 fnt
|faint|p2a: Gliscor
|-damage|p1a: Lucario|81/100|[from] item: Life Orb
|
|-weather|Snowscape|[upkeep]
|upkeep
|
|t:|1757889391
|switch|p2a: Hatterene|Hatterene, F|100/100
|-damage|p2a: Hatterene|88/100|[from] Stealth Rock
|turn|16
|
|t:|1757889405
|switch|p1a: Heatran|Heatran, F|100/100
|-terastallize|p2a: Hatterene|Water
|move|p2a: Hatterene|Nuzzle|p1a: Heatran
|-damage|p1a: Heatran|98/100
|-status|p1a: Heatran|par
|
|-weather|none
|-heal|p1a: Heatran|100/100 par|[from] item: Leftovers
|upkeep
|turn|17
|
|t:|1757889418
|move|p2a: Hatterene|Psyshock|p1a: Heatran
|-resisted|p1a: Heatran
|-damage|p1a: Heatran|83/100 par
|move|p1a: Heatran|Earth Power|p2a: Hatterene
|-damage|p2a: Hatterene|77/100
|
|-heal|p1a: Heatran|89/100 par|[from] item: Leftovers
|upkeep
|turn|18
|
|t:|1757889424
|move|p2a: Hatterene|Mystical Fire|p1a: Heatran
|-start|p1a: Heatran|ability: Flash Fire
|move|p1a: Heatran|Earth Power|p2a: Hatterene
|-damage|p2a: Hatterene|66/100
|
|-heal|p1a: Heatran|96/100 par|[from] item: Leftovers
|upkeep
|turn|19
|
|t:|1757889430
|move|p2a: Hatterene|Draining Kiss|p1a: Heatran
|-resisted|p1a: Heatran
|-damage|p1a: Heatran|90/100 par
|-heal|p2a: Hatterene|72/100|[from] drain|[of] p1a: Heatran
|move|p1a: Heatran|Lava Plume|p2a: Hatterene
|-resisted|p2a: Hatterene
|-damage|p2a: Hatterene|61/100
|
|-heal|p1a: Heatran|96/100 par|[from] item: Leftovers
|upkeep
|turn|20
|
|t:|1757889444
|switch|p2a: Ceruledge|Ceruledge, F|31/100
|-damage|p2a: Ceruledge|6/100|[from] Stealth Rock
|cant|p1a: Heatran|par
|
|-heal|p1a: Heatran|100/100 par|[from] item: Leftovers
|-sideend|p2: ZeNiN_K1|move: Aurora Veil
|upkeep
|turn|21
|
|t:|1757889454
|move|p2a: Ceruledge|Shadow Sneak|p1a: Heatran
|-damage|p1a: Heatran|87/100 par
|move|p1a: Heatran|Earth Power|p2a: Ceruledge
|-supereffective|p2a: Ceruledge
|-damage|p2a: Ceruledge|0 fnt
|faint|p2a: Ceruledge
|
|-heal|p1a: Heatran|93/100 par|[from] item: Leftovers
|upkeep
|
|t:|1757889461
|switch|p2a: Ninetales|Ninetales-Alola, F|42/100
|-damage|p2a: Ninetales|17/100|[from] Stealth Rock
|-weather|Snowscape|[from] ability: Snow Warning|[of] p2a: Ninetales
|turn|22
|
|t:|1757889468
|move|p2a: Ninetales|Aurora Veil|p2a: Ninetales
|-sidestart|p2: ZeNiN_K1|move: Aurora Veil
|move|p1a: Heatran|Flash Cannon|p2a: Ninetales
|-supereffective|p2a: Ninetales
|-damage|p2a: Ninetales|0 fnt
|faint|p2a: Ninetales
|
|-weather|Snowscape|[upkeep]
|-heal|p1a: Heatran|99/100 par|[from] item: Leftovers
|upkeep
|
|t:|1757889472
|switch|p2a: Darkrai|Darkrai|100/100
|-damage|p2a: Darkrai|88/100|[from] Stealth Rock
|turn|23
|
|t:|1757889484
|move|p2a: Darkrai|Nasty Plot|p2a: Darkrai
|-boost|p2a: Darkrai|spa|2
|move|p1a: Heatran|Lava Plume|p2a: Darkrai
|-damage|p2a: Darkrai|42/100
|-status|p2a: Darkrai|brn
|
|-weather|Snowscape|[upkeep]
|-heal|p2a: Darkrai|48/100 brn|[from] item: Leftovers
|-heal|p1a: Heatran|100/100 par|[from] item: Leftovers
|-damage|p2a: Darkrai|42/100 brn|[from] brn
|upkeep
|turn|24
|
|t:|1757889491
|move|p2a: Darkrai|Dark Pulse|p1a: Heatran
|-damage|p1a: Heatran|31/100 par
|cant|p1a: Heatran|par
|
|-weather|Snowscape|[upkeep]
|-heal|p2a: Darkrai|48/100 brn|[from] item: Leftovers
|-heal|p1a: Heatran|37/100 par|[from] item: Leftovers
|-damage|p2a: Darkrai|42/100 brn|[from] brn
|upkeep
|turn|25
|
|t:|1757889499
|move|p2a: Darkrai|Dark Pulse|p1a: Heatran
|-damage|p1a: Heatran|0 fnt
|faint|p1a: Heatran
|
|-weather|Snowscape|[upkeep]
|-heal|p2a: Darkrai|48/100 brn|[from] item: Leftovers
|-damage|p2a: Darkrai|42/100 brn|[from] brn
|upkeep
|
|t:|1757889501
|switch|p1a: Iron Treads|Iron Treads|100/100
|turn|26
|
|t:|1757889507
|move|p2a: Darkrai|Dark Pulse|p1a: Iron Treads
|-damage|p1a: Iron Treads|0 fnt
|faint|p1a: Iron Treads
|-end|p1a: Iron Treads|Quark Drive|[silent]
|
|-weather|none
|-heal|p2a: Darkrai|48/100 brn|[from] item: Leftovers
|-damage|p2a: Darkrai|42/100 brn|[from] brn
|upkeep
|
|t:|1757889515
|switch|p1a: Corviknight|Corviknight, M|88/100
|-ability|p1a: Corviknight|Pressure
|turn|27
|
|t:|1757889518
|move|p2a: Darkrai|Dark Pulse|p1a: Corviknight
|-damage|p1a: Corviknight|31/100
|move|p1a: Corviknight|Body Press|p2a: Darkrai
|-supereffective|p2a: Darkrai
|-damage|p2a: Darkrai|17/100 brn
|
|-heal|p2a: Darkrai|23/100 brn|[from] item: Leftovers
|-heal|p1a: Corviknight|37/100|[from] item: Leftovers
|-damage|p2a: Darkrai|17/100 brn|[from] brn
|upkeep
|turn|28
|
|t:|1757889523
|move|p2a: Darkrai|Dark Pulse|p1a: Corviknight
|-damage|p1a: Corviknight|0 fnt
|faint|p1a: Corviknight
|
|-heal|p2a: Darkrai|23/100 brn|[from] item: Leftovers
|-damage|p2a: Darkrai|17/100 brn|[from] brn
|upkeep
|
|t:|1757889526
|switch|p1a: Lucario|Lucario, M, tera:Ice|81/100
|turn|29
|
|t:|1757889529
|move|p1a: Lucario|Vacuum Wave|p2a: Darkrai
|-supereffective|p2a: Darkrai
|-damage|p2a: Darkrai|0 fnt
|faint|p2a: Darkrai
|-damage|p1a: Lucario|71/100|[from] item: Life Orb
|
|-sideend|p2: ZeNiN_K1|move: Aurora Veil
|upkeep
|
|t:|1757889531
|switch|p2a: Hatterene|Hatterene, F, tera:Water|61/100
|-damage|p2a: Hatterene|48/100|[from] Stealth Rock
|turn|30
|
|t:|1757889545
|move|p1a: Lucario|Flash Cannon|p2a: Hatterene
|-resisted|p2a: Hatterene
|-damage|p2a: Hatterene|32/100
|-unboost|p2a: Hatterene|spd|1
|-damage|p1a: Lucario|61/100|[from] item: Life Orb
|move|p2a: Hatterene|Mystical Fire|p1a: Lucario
|-supereffective|p1a: Lucario
|-damage|p1a: Lucario|0 fnt
|faint|p1a: Lucario
|
|upkeep
|
|t:|1757889547
|switch|p1a: Metagross|Metagross|100/100
|turn|31
|
|t:|1757889554
|move|p1a: Metagross|Agility|p1a: Metagross
|-boost|p1a: Metagross|spe|2
|move|p2a: Hatterene|Nuzzle|p1a: Metagross
|-damage|p1a: Metagross|97/100
|-status|p1a: Metagross|par
|
|upkeep
|turn|32
|
|t:|1757889561
|move|p1a: Metagross|Earthquake|p2a: Hatterene
|-damage|p2a: Hatterene|0 fnt
|faint|p2a: Hatterene
|
|win|charizandra
|raw|charizandra's rating: 1130 &rarr; <strong>1160</strong><br />(+30 for winning)
|raw|ZeNiN_K1's rating: 1203 &rarr; <strong>1173</strong><br />(-30 for losing)
