|badge|p2|bronze|gen9doublesou|100-6
|uhtml|medal-msg|<div class="broadcast-blue">Curious what those medals under the avatar are? PS now has Ladder Seasons! For more information, check out the <a href="https://www.smogon.com/forums/threads/3740067/">thread on Smogon.</a></div>
|j|☆RAND0M TEAM GENS
|j|☆mattmandaman
|t:|1757871530
|gametype|singles
|player|p1|RAND0M TEAM GENS|giovanni-gen3|1430
|player|p2|mattmandaman|giovanni|1497
|gen|9
|tier|[Gen 9] OU
|rated|
|rule|HP Percentage Mod: HP is shown in percentages
|rule|Endless Battle Clause: Forcing endless battles is banned
|rule|Species Clause: Limit one of each Pokémon
|rule|OHKO Clause: OHKO moves are banned
|rule|Evasion Items Clause: Evasion items are banned
|rule|Evasion Moves Clause: Evasion moves are banned
|rule|Evasion Abilities Clause: Evasion abilities are banned
|rule|Sleep Moves Clause: Sleep-inducing moves are banned
|clearpoke
|poke|p1|Hatterene, F|
|poke|p1|Iron Moth|
|poke|p1|Darkrai|
|poke|p1|Iron Valiant|
|poke|p1|Munkidori, M|
|poke|p1|Deoxys-Speed|
|poke|p2|Alomomola, M|
|poke|p2|Iron Valiant|
|poke|p2|Cinderace, M|
|poke|p2|Samurott-Hisui, M|
|poke|p2|Ting-Lu|
|poke|p2|Pecharunt|
|teampreview
|
|t:|1757871593
|teamsize|p1|6
|teamsize|p2|6
|start
|switch|p1a: Iron Valiant|Iron Valiant|100/100
|switch|p2a: Cinderace|Cinderace, M|100/100
|-enditem|p1a: Iron Valiant|Booster Energy
|-activate|p1a: Iron Valiant|ability: Quark Drive|[fromitem]
|-start|p1a: Iron Valiant|quarkdrivespe
|turn|1
|
|t:|1757871610
|move|p1a: Iron Valiant|Knock Off|p2a: Cinderace
|-damage|p2a: Cinderace|52/100
|-enditem|p2a: Cinderace|Heavy-Duty Boots|[from] move: Knock Off|[of] p1a: Iron Valiant
|move|p2a: Cinderace|Gunk Shot|p1a: Iron Valiant
|-start|p2a: Cinderace|typechange|Poison|[from] ability: Libero
|-supereffective|p1a: Iron Valiant
|-damage|p1a: Iron Valiant|0 fnt
|faint|p1a: Iron Valiant
|-end|p1a: Iron Valiant|Quark Drive|[silent]
|
|upkeep
|
|t:|1757871616
|switch|p1a: Deoxys|Deoxys-Speed|100/100
|-ability|p1a: Deoxys|Pressure
|turn|2
|
|t:|1757871623
|switch|p2a: Samurott|Samurott-Hisui, M|100/100
|move|p1a: Deoxys|Substitute|p1a: Deoxys
|-start|p1a: Deoxys|Substitute
|-damage|p1a: Deoxys|76/100
|
|upkeep
|turn|3
|
|t:|1757871625
|move|p1a: Deoxys|Thunderbolt|p2a: Samurott
|-supereffective|p2a: Samurott
|-damage|p2a: Samurott|58/100
|move|p2a: Samurott|Ceaseless Edge|p1a: Deoxys
|-supereffective|p1a: Deoxys
|-end|p1a: Deoxys|Substitute
|-sidestart|p1: RAND0M TEAM GENS|Spikes
|
|upkeep
|turn|4
|
|t:|1757871634
|move|p1a: Deoxys|Thunderbolt|p2a: Samurott
|-supereffective|p2a: Samurott
|-damage|p2a: Samurott|13/100
|move|p2a: Samurott|Ceaseless Edge|p1a: Deoxys
|-supereffective|p1a: Deoxys
|-damage|p1a: Deoxys|0 fnt
|-sidestart|p1: RAND0M TEAM GENS|Spikes
|faint|p1a: Deoxys
|
|upkeep
|
|t:|1757871642
|switch|p1a: Hatterene|Hatterene, F|100/100
|-damage|p1a: Hatterene|84/100|[from] Spikes
|turn|5
|
|t:|1757871656
|move|p2a: Samurott|Ceaseless Edge|p1a: Hatterene
|-damage|p1a: Hatterene|37/100
|-sidestart|p1: RAND0M TEAM GENS|Spikes
|move|p1a: Hatterene|Substitute|p1a: Hatterene
|-start|p1a: Hatterene|Substitute
|-damage|p1a: Hatterene|12/100
|
|-heal|p1a: Hatterene|18/100|[from] item: Leftovers
|upkeep
|turn|6
|
|t:|1757871670
|move|p2a: Samurott|Razor Shell|p1a: Hatterene
|-end|p1a: Hatterene|Substitute
|move|p1a: Hatterene|Tera Blast|p2a: Samurott
|-damage|p2a: Samurott|0 fnt
|faint|p2a: Samurott
|
|-heal|p1a: Hatterene|24/100|[from] item: Leftovers
|upkeep
|
|t:|1757871677
|switch|p2a: Pecharunt|Pecharunt|100/100
|turn|7
|
|t:|1757871684
|move|p2a: Pecharunt|Shadow Ball|p1a: Hatterene
|-supereffective|p1a: Hatterene
|-crit|p1a: Hatterene
|-damage|p1a: Hatterene|0 fnt
|faint|p1a: Hatterene
|
|upkeep
|
|t:|1757871691
|switch|p1a: Iron Moth|Iron Moth|100/100
|-damage|p1a: Iron Moth|76/100|[from] Spikes
|turn|8
|
|t:|1757871696
|move|p1a: Iron Moth|Fiery Dance|p2a: Pecharunt
|-damage|p2a: Pecharunt|65/100
|-boost|p1a: Iron Moth|spa|1
|move|p2a: Pecharunt|Parting Shot|p1a: Iron Moth
|-unboost|p1a: Iron Moth|atk|1
|-unboost|p1a: Iron Moth|spa|1
|
|t:|1757871699
|switch|p2a: Ting-Lu|Ting-Lu|100/100|[from] Parting Shot
|-ability|p2a: Ting-Lu|Vessel of Ruin
|
|upkeep
|turn|9
|
|t:|1757871705
|-terastallize|p1a: Iron Moth|Flying
|move|p1a: Iron Moth|Fiery Dance|p2a: Ting-Lu
|-damage|p2a: Ting-Lu|76/100
|-boost|p1a: Iron Moth|spa|1
|move|p2a: Ting-Lu|Stealth Rock|p1a: Iron Moth
|-sidestart|p1: RAND0M TEAM GENS|move: Stealth Rock
|
|-heal|p2a: Ting-Lu|83/100|[from] item: Leftovers
|upkeep
|turn|10
|
|t:|1757871716
|move|p1a: Iron Moth|Bug Buzz|p2a: Ting-Lu
|-supereffective|p2a: Ting-Lu
|-crit|p2a: Ting-Lu
|-damage|p2a: Ting-Lu|2/100
|move|p2a: Ting-Lu|Whirlwind|p1a: Iron Moth
|-end|p1a: Iron Moth|Quark Drive|[silent]
|drag|p1a: Munkidori|Munkidori, M|100/100
|-damage|p1a: Munkidori|76/100|[from] Spikes
|-damage|p1a: Munkidori|63/100|[from] Stealth Rock
|
|-heal|p2a: Ting-Lu|9/100|[from] item: Leftovers
|upkeep
|turn|11
|
|t:|1757871729
|move|p1a: Munkidori|Sludge Wave|p2a: Ting-Lu
|-resisted|p2a: Ting-Lu
|-damage|p2a: Ting-Lu|0 fnt
|faint|p2a: Ting-Lu
|
|upkeep
|
|t:|1757871739
|switch|p2a: Iron Valiant|Iron Valiant|100/100
|-enditem|p2a: Iron Valiant|Booster Energy
|-activate|p2a: Iron Valiant|ability: Quark Drive|[fromitem]
|-start|p2a: Iron Valiant|quarkdrivespe
|turn|12
|
|t:|1757871745
|-terastallize|p2a: Iron Valiant|Dark
|move|p2a: Iron Valiant|Knock Off|p1a: Munkidori
|-supereffective|p1a: Munkidori
|-damage|p1a: Munkidori|0 fnt
|-enditem|p1a: Munkidori|Choice Scarf|[from] move: Knock Off|[of] p2a: Iron Valiant
|faint|p1a: Munkidori
|
|upkeep
|-message|RAND0M TEAM GENS forfeited.
|
|win|mattmandaman
|raw|RAND0M TEAM GENS's rating: 1430 &rarr; <strong>1414</strong><br />(-16 for losing)
|raw|mattmandaman's rating: 1497 &rarr; <strong>1513</strong><br />(+16 for winning)
|l|☆RAND0M TEAM GENS
|player|p1|
|l|☆mattmandaman
|player|p2|
