|j|☆Envy cat
|j|☆spashtm
|t:|1757806370
|gametype|singles
|player|p1|Envy cat|roughneck-gen4|1076
|player|p2|spashtm|cress|1059
|gen|9
|tier|[Gen 9] OU
|rated|
|rule|HP Percentage Mod: HP is shown in percentages
|rule|Endless Battle Clause: Forcing endless battles is banned
|rule|Species Clause: Limit one of each Pokémon
|rule|OHKO Clause: OHKO moves are banned
|rule|Evasion Items Clause: Evasion items are banned
|rule|Evasion Moves Clause: Evasion moves are banned
|rule|Evasion Abilities Clause: Evasion abilities are banned
|rule|Sleep Moves Clause: Sleep-inducing moves are banned
|clearpoke
|poke|p1|Zoroark-Hisui, F|
|poke|p1|Sandslash-Alola, M|
|poke|p1|Kyurem|
|poke|p1|Lanturn, F|
|poke|p1|Landorus-Therian, M|
|poke|p1|Scrafty, M|
|poke|p2|Milotic, M|
|poke|p2|Slowking-Galar, F|
|poke|p2|Sandshrew-Alola, M|
|poke|p2|Haxorus, F|
|poke|p2|Talonflame, F|
|poke|p2|Lokix, M|
|teampreview
|
|t:|1757806390
|teamsize|p1|6
|teamsize|p2|6
|start
|switch|p1a: Não pode ser|Landorus-Therian, M|100/100
|switch|p2a: Slowking|Slowking-Galar, F|100/100
|-ability|p1a: Não pode ser|Intimidate|boost
|-unboost|p2a: Slowking|atk|1
|turn|1
|c|☆spashtm|Lordt, big guy
|
|t:|1757806400
|move|p1a: Não pode ser|Earth Power|p2a: Slowking
|-supereffective|p2a: Slowking
|-damage|p2a: Slowking|16/100
|move|p2a: Slowking|Ice Beam|p1a: Não pode ser
|-supereffective|p1a: Não pode ser
|-damage|p1a: Não pode ser|0 fnt
|faint|p1a: Não pode ser
|
|-heal|p2a: Slowking|22/100|[from] item: Leftovers
|upkeep
|
|t:|1757806417
|switch|p1a: PARABÉNS MEU AMOR|Sandslash-Alola, M|100/100
|turn|2
|
|t:|1757806439
|switch|p2a: Lil Guy|Sandshrew-Alola, M|100/100
|move|p1a: PARABÉNS MEU AMOR|Rapid Spin|p2a: Lil Guy
|-resisted|p2a: Lil Guy
|-damage|p2a: Lil Guy|96/100
|-boost|p1a: PARABÉNS MEU AMOR|spe|1
|
|upkeep
|turn|3
|
|t:|1757806451
|move|p1a: PARABÉNS MEU AMOR|Earthquake|p2a: Lil Guy
|-supereffective|p2a: Lil Guy
|-damage|p2a: Lil Guy|50/100
|move|p2a: Lil Guy|Super Fang|p1a: PARABÉNS MEU AMOR
|-damage|p1a: PARABÉNS MEU AMOR|51/100
|
|upkeep
|turn|4
|
|t:|1757806461
|move|p1a: PARABÉNS MEU AMOR|Earthquake|p2a: Lil Guy
|-supereffective|p2a: Lil Guy
|-damage|p2a: Lil Guy|7/100
|move|p2a: Lil Guy|Stealth Rock|p1a: PARABÉNS MEU AMOR
|-sidestart|p1: Envy cat|move: Stealth Rock
|
|upkeep
|turn|5
|
|t:|1757806471
|-terastallize|p2a: Lil Guy|Ghost
|move|p1a: PARABÉNS MEU AMOR|Rapid Spin|p2a: Lil Guy
|-immune|p2a: Lil Guy
|move|p2a: Lil Guy|Super Fang|p1a: PARABÉNS MEU AMOR
|-damage|p1a: PARABÉNS MEU AMOR|26/100
|
|upkeep
|turn|6
|
|t:|1757806478
|move|p1a: PARABÉNS MEU AMOR|Earthquake|p2a: Lil Guy
|-damage|p2a: Lil Guy|0 fnt
|faint|p2a: Lil Guy
|
|upkeep
|
|t:|1757806483
|switch|p2a: Lokix|Lokix, M|100/100
|turn|7
|
|t:|1757806495
|switch|p1a: Olha a cobra!!|Scrafty, M|100/100
|-damage|p1a: Olha a cobra!!|95/100|[from] Stealth Rock
|-ability|p1a: Olha a cobra!!|Intimidate|boost
|-unboost|p2a: Lokix|atk|1
|move|p2a: Lokix|First Impression|p1a: Olha a cobra!!
|-damage|p1a: Olha a cobra!!|57/100
|-damage|p2a: Lokix|91/100|[from] item: Life Orb
|
|upkeep
|turn|8
|
|t:|1757806504
|move|p2a: Lokix|U-turn|p1a: Olha a cobra!!
|-damage|p1a: Olha a cobra!!|24/100
|-damage|p2a: Lokix|81/100|[from] item: Life Orb
|
|t:|1757806510
|switch|p2a: Milotic|Milotic, M|100/100|[from] U-turn
|move|p1a: Olha a cobra!!|Dragon Dance|p1a: Olha a cobra!!
|-boost|p1a: Olha a cobra!!|atk|1
|-boost|p1a: Olha a cobra!!|spe|1
|
|-status|p2a: Milotic|brn|[from] item: Flame Orb
|upkeep
|turn|9
|
|t:|1757806519
|move|p1a: Olha a cobra!!|Close Combat|p2a: Milotic
|-damage|p2a: Milotic|59/100 brn
|-unboost|p1a: Olha a cobra!!|def|1
|-unboost|p1a: Olha a cobra!!|spd|1
|move|p2a: Milotic|Dragon Tail|p1a: Olha a cobra!!
|-damage|p1a: Olha a cobra!!|16/100
|drag|p1a: PARABÉNS MEU AMOR|Sandslash-Alola, M|26/100
|-damage|p1a: PARABÉNS MEU AMOR|13/100|[from] Stealth Rock
|
|-damage|p2a: Milotic|53/100 brn|[from] brn
|upkeep
|turn|10
|
|t:|1757806531
|-terastallize|p1a: PARABÉNS MEU AMOR|Electric
|move|p1a: PARABÉNS MEU AMOR|Tera Blast|p2a: Milotic|[anim] Tera Blast Electric
|-supereffective|p2a: Milotic
|-damage|p2a: Milotic|9/100 brn
|move|p2a: Milotic|Recover|p2a: Milotic
|-heal|p2a: Milotic|59/100 brn
|
|-damage|p2a: Milotic|53/100 brn|[from] brn
|upkeep
|turn|11
|
|t:|1757806540
|switch|p2a: Haxorus|Haxorus, F|100/100
|-ability|p2a: Haxorus|Mold Breaker
|move|p1a: PARABÉNS MEU AMOR|Tera Blast|p2a: Haxorus|[anim] Tera Blast Electric
|-resisted|p2a: Haxorus
|-damage|p2a: Haxorus|76/100
|
|upkeep
|turn|12
|
|t:|1757806548
|switch|p1a: Olha a cobra!!|Scrafty, M|16/100
|-damage|p1a: Olha a cobra!!|10/100|[from] Stealth Rock
|-ability|p1a: Olha a cobra!!|Intimidate|boost
|-unboost|p2a: Haxorus|atk|1
|move|p2a: Haxorus|Dragon Tail|p1a: Olha a cobra!!
|-damage|p1a: Olha a cobra!!|0 fnt
|faint|p1a: Olha a cobra!!
|
|upkeep
|
|t:|1757806565
|switch|p1a: PARABÉNS MEU AMOR|Sandslash-Alola, M|100/100
|-damage|p1a: PARABÉNS MEU AMOR|88/100|[from] Stealth Rock
|-start|p1a: PARABÉNS MEU AMOR|typechange|Electric|[silent]
|turn|13
|
|t:|1757806587
|move|p1a: PARABÉNS MEU AMOR|Snowscape|p1a: PARABÉNS MEU AMOR
|-weather|Snowscape
|move|p2a: Haxorus|Earthquake|p1a: PARABÉNS MEU AMOR
|-damage|p1a: PARABÉNS MEU AMOR|29/100
|replace|p1a: É mentira!!!|Zoroark-Hisui, F, shiny
|-end|p1a: É mentira!!!|Illusion
|
|-weather|Snowscape|[upkeep]
|upkeep
|turn|14
|
|t:|1757806596
|move|p1a: É mentira!!!|Focus Blast|p2a: Haxorus
|-damage|p2a: Haxorus|41/100
|move|p2a: Haxorus|Dragon Tail|p1a: É mentira!!!
|-damage|p1a: É mentira!!!|0 fnt
|faint|p1a: É mentira!!!
|
|-weather|Snowscape|[upkeep]
|upkeep
|
|t:|1757806603
|switch|p1a: PARABÉNS MEU AMOR|Sandslash-Alola, M, tera:Electric|13/100
|-damage|p1a: PARABÉNS MEU AMOR|1/100|[from] Stealth Rock
|turn|15
|
|t:|1757806609
|switch|p2a: Slowking|Slowking-Galar, F|56/100
|move|p1a: PARABÉNS MEU AMOR|Ice Spinner|p2a: Slowking
|-damage|p2a: Slowking|14/100
|
|-weather|Snowscape|[upkeep]
|-heal|p2a: Slowking|21/100|[from] item: Leftovers
|upkeep
|turn|16
|
|t:|1757806621
|move|p1a: PARABÉNS MEU AMOR|Earthquake|p2a: Slowking
|-supereffective|p2a: Slowking
|-damage|p2a: Slowking|0 fnt
|faint|p2a: Slowking
|
|-weather|Snowscape|[upkeep]
|upkeep
|
|t:|1757806629
|switch|p2a: Haxorus|Haxorus, F|41/100
|-ability|p2a: Haxorus|Mold Breaker
|turn|17
|
|t:|1757806633
|move|p2a: Haxorus|First Impression|p1a: PARABÉNS MEU AMOR
|-damage|p1a: PARABÉNS MEU AMOR|0 fnt
|faint|p1a: PARABÉNS MEU AMOR
|
|-weather|Snowscape|[upkeep]
|upkeep
|
|t:|1757806636
|switch|p1a: PFVR MEU AMOR|Kyurem, shiny|100/100
|-damage|p1a: PFVR MEU AMOR|76/100|[from] Stealth Rock
|-ability|p1a: PFVR MEU AMOR|Pressure
|turn|18
|
|t:|1757806643
|move|p1a: PFVR MEU AMOR|Dragon Dance|p1a: PFVR MEU AMOR
|-boost|p1a: PFVR MEU AMOR|atk|1
|-boost|p1a: PFVR MEU AMOR|spe|1
|move|p2a: Haxorus|Iron Head|p1a: PFVR MEU AMOR
|-supereffective|p1a: PFVR MEU AMOR
|-damage|p1a: PFVR MEU AMOR|34/100
|
|-weather|Snowscape|[upkeep]
|upkeep
|turn|19
|
|t:|1757806650
|move|p1a: PFVR MEU AMOR|Dragon Claw|p2a: Haxorus
|-supereffective|p2a: Haxorus
|-damage|p2a: Haxorus|0 fnt
|faint|p2a: Haxorus
|
|-weather|Snowscape|[upkeep]
|upkeep
|
|t:|1757806656
|switch|p2a: Lokix|Lokix, M|81/100
|turn|20
|
|t:|1757806659
|move|p2a: Lokix|First Impression|p1a: PFVR MEU AMOR
|-damage|p1a: PFVR MEU AMOR|2/100
|-damage|p2a: Lokix|71/100|[from] item: Life Orb
|move|p1a: PFVR MEU AMOR|Fling|p2a: Lokix
|-resisted|p2a: Lokix
|-damage|p2a: Lokix|24/100
|-enditem|p1a: PFVR MEU AMOR|Big Nugget|[from] move: Fling
|
|-weather|none
|upkeep
|turn|21
|c|☆spashtm|Oh shiii
|
|t:|1757806674
|switch|p2a: Talonflame|Talonflame, F|100/100
|move|p1a: PFVR MEU AMOR|Ice Fang|p2a: Talonflame
|-damage|p2a: Talonflame|20/100
|
|upkeep
|turn|22
|
|t:|1757806683
|move|p1a: PFVR MEU AMOR|Dragon Claw|p2a: Talonflame
|-damage|p2a: Talonflame|0 fnt
|faint|p2a: Talonflame
|
|upkeep
|
|t:|1757806687
|switch|p2a: Lokix|Lokix, M|24/100
|turn|23
|
|t:|1757806690
|move|p2a: Lokix|First Impression|p1a: PFVR MEU AMOR
|-damage|p1a: PFVR MEU AMOR|0 fnt
|faint|p1a: PFVR MEU AMOR
|-damage|p2a: Lokix|14/100|[from] item: Life Orb
|
|upkeep
|
|t:|1757806692
|switch|p1a: Mas tem que ser|Lanturn, F|100/100
|-damage|p1a: Mas tem que ser|88/100|[from] Stealth Rock
|turn|24
|
|t:|1757806701
|move|p2a: Lokix|U-turn|p1a: Mas tem que ser
|-damage|p1a: Mas tem que ser|42/100
|-damage|p2a: Lokix|4/100|[from] item: Life Orb
|
|t:|1757806704
|switch|p2a: Milotic|Milotic, M|53/100 brn|[from] U-turn
|move|p1a: Mas tem que ser|Thunderbolt|p2a: Milotic
|-supereffective|p2a: Milotic
|-damage|p2a: Milotic|0 fnt
|faint|p2a: Milotic
|
|upkeep
|
|t:|1757806711
|switch|p2a: Lokix|Lokix, M|4/100
|turn|25
|
|t:|1757806713
|move|p2a: Lokix|First Impression|p1a: Mas tem que ser
|-damage|p1a: Mas tem que ser|0 fnt
|faint|p1a: Mas tem que ser
|-damage|p2a: Lokix|0 fnt|[from] item: Life Orb
|faint|p2a: Lokix
|
|win|spashtm
|raw|Envy cat's rating: 1076 &rarr; <strong>1054</strong><br />(-22 for losing)
|raw|spashtm's rating: 1059 &rarr; <strong>1092</strong><br />(+33 for winning)
|c|☆spashtm|ggs
