|j|☆Kdjfjdkd
|j|☆serinuia
|t:|1757962968
|gametype|singles
|player|p1|Kdjfjdkd|266|1023
|player|p2|serinuia|dawn|1000
|gen|9
|tier|[Gen 9] OU
|rated|
|rule|HP Percentage Mod: HP is shown in percentages
|rule|Endless Battle Clause: Forcing endless battles is banned
|rule|Species Clause: Limit one of each Pokémon
|rule|OHKO Clause: OHKO moves are banned
|rule|Evasion Items Clause: Evasion items are banned
|rule|Evasion Moves Clause: Evasion moves are banned
|rule|Evasion Abilities Clause: Evasion abilities are banned
|rule|Sleep Moves Clause: Sleep-inducing moves are banned
|clearpoke
|poke|p1|Blissey, F|
|poke|p1|Garganacl, F|
|poke|p1|Clefable, M|
|poke|p1|Snorlax, F|
|poke|p1|Ogerpon-Wellspring, F|
|poke|p1|Gliscor, F|
|poke|p2|Wigglytuff, M|
|poke|p2|Pecharunt|
|poke|p2|Cloyster, F|
|poke|p2|Blaziken, M|
|poke|p2|Gholdengo|
|poke|p2|Hatterene, F|
|teampreview
|
|t:|1757962984
|teamsize|p1|6
|teamsize|p2|6
|start
|switch|p1a: Ogerpon|Ogerpon-Wellspring, F|100/100
|switch|p2a: Wigglytuff|Wigglytuff, M|100/100
|turn|1
|inactive|Battle timer is ON: inactive players will automatically lose when time's up. (requested by serinuia)
|
|t:|1757962993
|move|p1a: Ogerpon|Spikes|p2a: Wigglytuff
|-sidestart|p2: serinuia|Spikes
|move|p2a: Wigglytuff|Thunder Wave|p1a: Ogerpon
|-status|p1a: Ogerpon|par
|
|upkeep
|turn|2
|
|t:|1757963002
|cant|p1a: Ogerpon|par
|move|p2a: Wigglytuff|Stealth Rock|p1a: Ogerpon
|-sidestart|p1: Kdjfjdkd|move: Stealth Rock
|
|upkeep
|turn|3
|
|t:|1757963025
|move|p1a: Ogerpon|Encore|p2a: Wigglytuff
|-start|p2a: Wigglytuff|Encore
|move|p2a: Wigglytuff|Stealth Rock||[still]
|-fail|p2a: Wigglytuff
|
|upkeep
|turn|4
|
|t:|1757963029
|switch|p2a: Cloyster|Cloyster, F|100/100
|-damage|p2a: Cloyster|88/100|[from] Spikes
|move|p1a: Ogerpon|Spikes|p2a: Cloyster
|-sidestart|p2: serinuia|Spikes
|
|upkeep
|turn|5
|
|t:|1757963037
|move|p1a: Ogerpon|Spiky Shield|p1a: Ogerpon
|-singleturn|p1a: Ogerpon|move: Protect
|move|p2a: Cloyster|Shell Smash|p2a: Cloyster
|-unboost|p2a: Cloyster|def|1
|-unboost|p2a: Cloyster|spd|1
|-boost|p2a: Cloyster|atk|2
|-boost|p2a: Cloyster|spa|2
|-boost|p2a: Cloyster|spe|2
|-enditem|p2a: Cloyster|White Herb
|-clearnegativeboost|p2a: Cloyster|[silent]
|
|upkeep
|turn|6
|
|t:|1757963052
|move|p2a: Cloyster|Icicle Spear|p1a: Ogerpon
|-damage|p1a: Ogerpon|74/100 par
|-damage|p1a: Ogerpon|47/100 par
|-damage|p1a: Ogerpon|20/100 par
|-damage|p1a: Ogerpon|0 fnt
|faint|p1a: Ogerpon
|-hitcount|p1: Ogerpon|4
|
|upkeep
|
|t:|1757963058
|switch|p1a: Garganacl|Garganacl, F, shiny|100/100
|-damage|p1a: Garganacl|88/100|[from] Stealth Rock
|turn|7
|
|t:|1757963065
|move|p2a: Cloyster|Waterfall|p1a: Garganacl
|-supereffective|p1a: Garganacl
|-damage|p1a: Garganacl|0 fnt
|faint|p1a: Garganacl
|
|upkeep
|
|t:|1757963070
|switch|p1a: Snorlax|Snorlax, F|100/100
|-damage|p1a: Snorlax|88/100|[from] Stealth Rock
|turn|8
|
|t:|1757963076
|move|p2a: Cloyster|Rock Blast|p1a: Snorlax
|-damage|p1a: Snorlax|76/100
|-damage|p1a: Snorlax|64/100
|-damage|p1a: Snorlax|52/100
|-damage|p1a: Snorlax|39/100
|-damage|p1a: Snorlax|26/100
|-hitcount|p1a: Snorlax|5
|move|p1a: Snorlax|Curse|p1a: Snorlax
|-unboost|p1a: Snorlax|spe|1
|-boost|p1a: Snorlax|atk|1
|-boost|p1a: Snorlax|def|1
|
|upkeep
|turn|9
|
|t:|1757963091
|move|p2a: Cloyster|Icicle Spear|p1a: Snorlax
|-damage|p1a: Snorlax|19/100
|-enditem|p1a: Snorlax|Apicot Berry|[eat]
|-boost|p1a: Snorlax|spd|1|[from] item: Apicot Berry
|-damage|p1a: Snorlax|12/100
|-damage|p1a: Snorlax|6/100
|-damage|p1a: Snorlax|0 fnt
|faint|p1a: Snorlax
|-hitcount|p1: Snorlax|4
|
|upkeep
|-message|Kdjfjdkd forfeited.
|
|win|serinuia
|raw|Kdjfjdkd's rating: 1023 &rarr; <strong>1009</strong><br />(-14 for losing)
|raw|serinuia's rating: 1000 &rarr; <strong>1043</strong><br />(+43 for winning)
|l|☆Kdjfjdkd
|player|p1|
