|j|☆adithya_agent
|j|☆PokemonGT7
|inactive|Battle timer is ON: inactive players will automatically lose when time's up.
|t:|1757857017
|gametype|singles
|player|p1|adithya_agent|palmer|
|player|p2|PokemonGT7|willow-casual|
|gen|9
|tier|[Gen 9] OU
|rated|Tournament battle
|rule|HP Percentage Mod: HP is shown in percentages
|rule|Endless Battle Clause: Forcing endless battles is banned
|rule|Species Clause: Limit one of each Pokémon
|rule|OHKO Clause: OHKO moves are banned
|rule|Evasion Items Clause: Evasion items are banned
|rule|Evasion Moves Clause: Evasion moves are banned
|rule|Evasion Abilities Clause: Evasion abilities are banned
|rule|Sleep Moves Clause: Sleep-inducing moves are banned
|raw|<div class="infobox"><details class="readmore" open><summary><strong>1 custom rule:</strong></summary> -wobbuffet</details></div>
|clearpoke
|poke|p1|Malamar, F|
|poke|p1|Galvantula, M|
|poke|p1|Yanmega, F|
|poke|p2|Jumpluff, F|
|poke|p2|Dewgong, F|
|poke|p2|Electivire, M|
|teampreview
|j|*Lady Monita ☀
|c|☆PokemonGT7|glhf
|inactive|adithya_agent has 120 seconds left.
|
|t:|1757857073
|teamsize|p1|3
|teamsize|p2|3
|start
|switch|p1a: Malamar|Malamar, F|100/100
|switch|p2a: Dewgong|Dewgong, F|100/100
|turn|1
|j| The impimp
|
|t:|1757857096
|move|p1a: Malamar|Expanding Force|p2a: Dewgong
|-damage|p2a: Dewgong|82/100
|move|p2a: Dewgong|Perish Song|p2a: Dewgong
|-start|p1a: Malamar|perish3|[silent]
|-start|p2a: Dewgong|perish3|[silent]
|-fieldactivate|move: Perish Song
|
|-heal|p2a: Dewgong|89/100|[from] item: Leftovers
|-start|p1a: Malamar|perish3
|-start|p2a: Dewgong|perish3
|upkeep
|turn|2
|c|☆PokemonGT7|Hey impimp
|
|t:|1757857108
|move|p1a: Malamar|Dark Pulse|p2a: Dewgong
|-damage|p2a: Dewgong|70/100
|cant|p2a: Dewgong|flinch
|
|-heal|p2a: Dewgong|76/100|[from] item: Leftovers
|-start|p1a: Malamar|perish2
|-start|p2a: Dewgong|perish2
|upkeep
|turn|3
|c| The impimp|I got banned because of you
|
|t:|1757857118
|move|p1a: Malamar|Expanding Force|p2a: Dewgong
|-damage|p2a: Dewgong|58/100
|move|p2a: Dewgong|Whirlpool|p1a: Malamar
|-damage|p1a: Malamar|92/100
|-activate|p1a: Malamar|move: Whirlpool|[of] p2a: Dewgong
|
|-heal|p2a: Dewgong|64/100|[from] item: Leftovers
|-damage|p1a: Malamar|80/100|[from] move: Whirlpool|[partiallytrapped]
|-start|p1a: Malamar|perish1
|-start|p2a: Dewgong|perish1
|upkeep
|turn|4
|c|☆PokemonGT7|Huh?
|inactive|adithya_agent has 120 seconds left.
|
|t:|1757857146
|switch|p2a: Jumpluff|Jumpluff, F|100/100
|move|p1a: Malamar|Dark Pulse|p2a: Jumpluff
|-damage|p2a: Jumpluff|72/100
|
|-end|p1a: Malamar|Whirlpool|[partiallytrapped]|[silent]
|-start|p1a: Malamar|perish0
|upkeep
|faint|p1a: Malamar
|inactive|adithya_agent has 120 seconds left.
|c| The impimp|because you said last respects was banned so I did not use it and because I lost to a player who use the other pokemon with last respects I called them a cheater
|
|t:|1757857155
|switch|p1a: Yanmega|Yanmega, F|100/100
|turn|5
|c| The impimp|So I was banned for a week
|
|t:|1757857162
|move|p2a: Jumpluff|Substitute|p2a: Jumpluff
|-start|p2a: Jumpluff|Substitute
|-damage|p2a: Jumpluff|47/100
|move|p1a: Yanmega|Dual Wingbeat|p2a: Jumpluff
|-supereffective|p2a: Jumpluff
|-end|p2a: Jumpluff|Substitute
|-supereffective|p2a: Jumpluff
|-damage|p2a: Jumpluff|9/100
|-hitcount|p2a: Jumpluff|2
|
|-ability|p1a: Yanmega|Speed Boost|boost
|-boost|p1a: Yanmega|spe|1
|upkeep
|turn|6
|inactive|adithya_agent has 120 seconds left.
|
|t:|1757857178
|move|p1a: Yanmega|Dual Wingbeat|p2a: Jumpluff|[miss]
|-miss|p1a: Yanmega|p2a: Jumpluff
|move|p2a: Jumpluff|Strength Sap|p1a: Yanmega
|-unboost|p1a: Yanmega|atk|1
|-heal|p2a: Jumpluff|80/100
|
|-ability|p1a: Yanmega|Speed Boost|boost
|-boost|p1a: Yanmega|spe|1
|upkeep
|turn|7
|inactive|adithya_agent has 120 seconds left.
|c|☆PokemonGT7|I thought it was banned
|c|☆PokemonGT7|Depends what format ur playing tho
|c| The impimp|Doubles
|
|t:|1757857207
|move|p1a: Yanmega|Dual Wingbeat|p2a: Jumpluff
|-supereffective|p2a: Jumpluff
|-damage|p2a: Jumpluff|53/100
|-supereffective|p2a: Jumpluff
|-damage|p2a: Jumpluff|27/100
|-hitcount|p2a: Jumpluff|2
|move|p2a: Jumpluff|Leech Seed|p1a: Yanmega
|-start|p1a: Yanmega|move: Leech Seed
|
|-damage|p1a: Yanmega|88/100|[from] Leech Seed|[of] p2a: Jumpluff
|-heal|p2a: Jumpluff|41/100|[silent]
|-ability|p1a: Yanmega|Speed Boost|boost
|-boost|p1a: Yanmega|spe|1
|upkeep
|turn|8
|c| The impimp|It was a doubled tour
|inactive|adithya_agent has 120 seconds left.
|
|t:|1757857219
|switch|p2a: Electivire|Electivire, M|100/100
|move|p1a: Yanmega|Dual Wingbeat|p2a: Electivire
|-resisted|p2a: Electivire
|-damage|p2a: Electivire|94/100
|-resisted|p2a: Electivire
|-damage|p2a: Electivire|87/100
|-hitcount|p2a: Electivire|2
|
|-damage|p1a: Yanmega|76/100|[from] Leech Seed|[of] p2a: Electivire
|-heal|p2a: Electivire|100/100|[silent]
|-ability|p1a: Yanmega|Speed Boost|boost
|-boost|p1a: Yanmega|spe|1
|upkeep
|turn|9
|inactive|adithya_agent has 120 seconds left.
|c|☆PokemonGT7|Look idk alright?
|c| The impimp|Ok
|
|t:|1757857239
|switch|p1a: Galvantula|Galvantula, M|100/100
|-terastallize|p2a: Electivire|Flying
|move|p2a: Electivire|Supercell Slam|p1a: Galvantula
|-resisted|p1a: Galvantula
|-damage|p1a: Galvantula|51/100
|-damage|p2a: Electivire|91/100|[from] item: Life Orb
|
|upkeep
|turn|10
|inactive|adithya_agent has 120 seconds left.
|
|t:|1757857261
|move|p2a: Electivire|Bulk Up|p2a: Electivire
|-boost|p2a: Electivire|atk|1
|-boost|p2a: Electivire|def|1
|move|p1a: Galvantula|Discharge|p2a: Electivire
|-ability|p2a: Electivire|Motor Drive|boost
|-boost|p2a: Electivire|spe|1
|
|upkeep
|turn|11
|l| The impimp
|
|t:|1757857270
|move|p2a: Electivire|Knock Off|p1a: Galvantula
|-damage|p1a: Galvantula|0 fnt
|-enditem|p1a: Galvantula|Clear Amulet|[from] move: Knock Off|[of] p2a: Electivire
|faint|p1a: Galvantula
|-damage|p2a: Electivire|81/100|[from] item: Life Orb
|
|upkeep
|
|t:|1757857279
|switch|p1a: Yanmega|Yanmega, F|76/100
|turn|12
|c|☆PokemonGT7|gg
|
|t:|1757857287
|move|p2a: Electivire|Thunder Wave|p1a: Yanmega
|-status|p1a: Yanmega|par
|move|p1a: Yanmega|Dual Wingbeat|p2a: Electivire
|-damage|p2a: Electivire|67/100
|-damage|p2a: Electivire|54/100
|-hitcount|p2a: Electivire|2
|
|-ability|p1a: Yanmega|Speed Boost|boost
|-boost|p1a: Yanmega|spe|1
|upkeep
|turn|13
|inactive|adithya_agent has 120 seconds left.
|
|t:|1757857306
|move|p2a: Electivire|Supercell Slam|p1a: Yanmega
|-supereffective|p1a: Yanmega
|-damage|p1a: Yanmega|0 fnt
|faint|p1a: Yanmega
|-damage|p2a: Electivire|44/100|[from] item: Life Orb
|
|win|PokemonGT7
|n|☆adithya_agent|adithyaagent
|n|☆PokemonGT7|pokemongt7
|n|*Lady Monita ☀|ladymonita
|l|*Lady Monita ☀
|l|☆PokemonGT7
|player|p2|
|l|☆adithya_agent
|player|p1|
|j| The impimp
