|j|☆r0wsg0ld
|j|☆DeCompaniu
|t:|1757904839
|gametype|singles
|player|p1|r0wsg0ld|266|1337
|player|p2|DeCompaniu|richboy|1304
|gen|9
|tier|[Gen 9] OU
|rated|
|rule|HP Percentage Mod: HP is shown in percentages
|rule|Endless Battle Clause: Forcing endless battles is banned
|rule|Species Clause: Limit one of each Pokémon
|rule|OHKO Clause: OHKO moves are banned
|rule|Evasion Items Clause: Evasion items are banned
|rule|Evasion Moves Clause: Evasion moves are banned
|rule|Evasion Abilities Clause: Evasion abilities are banned
|rule|Sleep Moves Clause: Sleep-inducing moves are banned
|clearpoke
|poke|p1|Serperior, M|
|poke|p1|Iron Crown|
|poke|p1|Heatran, F|
|poke|p1|Rillaboom, M|
|poke|p1|Raging Bolt|
|poke|p1|Great Tusk|
|poke|p2|Greedent, M|
|poke|p2|Malamar, F|
|poke|p2|Hawlucha, F|
|poke|p2|Glimmora, F|
|poke|p2|Indeedee, M|
|poke|p2|Polteageist-Antique|
|teampreview
|inactive|Battle timer is ON: inactive players will automatically lose when time's up. (requested by r0wsg0ld)
|
|t:|1757904864
|teamsize|p1|6
|teamsize|p2|6
|start
|switch|p1a: Heatran|Heatran, F|100/100
|switch|p2a: Glimmora|Glimmora, F|100/100
|-item|p1a: Heatran|Air Balloon
|turn|1
|
|t:|1757904876
|switch|p2a: Malamar|Malamar, F|100/100
|move|p1a: Heatran|Earth Power|p2a: Malamar
|-damage|p2a: Malamar|64/100
|
|upkeep
|turn|2
|
|t:|1757904883
|move|p2a: Malamar|Superpower|p1a: Heatran
|-supereffective|p1a: Heatran
|-damage|p1a: Heatran|57/100
|-boost|p2a: Malamar|atk|1
|-boost|p2a: Malamar|def|1
|-status|p2a: Malamar|brn|[from] ability: Flame Body|[of] p1a: Heatran
|-enditem|p1a: Heatran|Air Balloon
|move|p1a: Heatran|Stealth Rock|p2a: Malamar
|-sidestart|p2: DeCompaniu|move: Stealth Rock
|
|-damage|p2a: Malamar|58/100 brn|[from] brn
|upkeep
|turn|3
|
|t:|1757904896
|move|p2a: Malamar|Superpower|p1a: Heatran
|-supereffective|p1a: Heatran
|-damage|p1a: Heatran|25/100
|-boost|p2a: Malamar|atk|1
|-boost|p2a: Malamar|def|1
|move|p1a: Heatran|Magma Storm|p2a: Malamar
|-damage|p2a: Malamar|4/100 brn
|-activate|p2a: Malamar|move: Magma Storm|[of] p1a: Heatran
|
|-damage|p2a: Malamar|0 fnt|[from] brn
|faint|p2a: Malamar
|upkeep
|
|t:|1757904916
|switch|p2a: Greedent|Greedent, M|100/100
|-damage|p2a: Greedent|88/100|[from] Stealth Rock
|turn|4
|
|t:|1757904923
|move|p1a: Heatran|Will-O-Wisp|p2a: Greedent
|-status|p2a: Greedent|brn
|move|p2a: Greedent|Body Press|p1a: Heatran
|-supereffective|p1a: Heatran
|-damage|p1a: Heatran|7/100
|
|-damage|p2a: Greedent|82/100 brn|[from] brn
|upkeep
|turn|5
|
|t:|1757904933
|move|p1a: Heatran|Earth Power|p2a: Greedent
|-damage|p2a: Greedent|55/100 brn
|move|p2a: Greedent|Body Press|p1a: Heatran
|-supereffective|p1a: Heatran
|-damage|p1a: Heatran|0 fnt
|faint|p1a: Heatran
|
|-damage|p2a: Greedent|49/100 brn|[from] brn
|upkeep
|
|t:|1757904950
|switch|p1a: Iron Crown|Iron Crown|100/100
|-enditem|p1a: Iron Crown|Booster Energy
|-activate|p1a: Iron Crown|ability: Quark Drive|[fromitem]
|-start|p1a: Iron Crown|quarkdrivespe
|turn|6
|
|t:|1757904957
|move|p1a: Iron Crown|Calm Mind|p1a: Iron Crown
|-boost|p1a: Iron Crown|spa|1
|-boost|p1a: Iron Crown|spd|1
|move|p2a: Greedent|Super Fang|p1a: Iron Crown
|-damage|p1a: Iron Crown|50/100
|
|-damage|p2a: Greedent|43/100 brn|[from] brn
|upkeep
|turn|7
|
|t:|1757904968
|move|p1a: Iron Crown|Tachyon Cutter|p2a: Greedent
|-damage|p2a: Greedent|11/100 brn
|-enditem|p2a: Greedent|Ganlon Berry|[eat]
|-boost|p2a: Greedent|def|1|[from] item: Ganlon Berry
|-heal|p2a: Greedent|45/100 brn|[from] ability: Cheek Pouch
|-damage|p2a: Greedent|9/100 brn
|-hitcount|p2a: Greedent|2
|move|p2a: Greedent|Super Fang|p1a: Iron Crown
|-damage|p1a: Iron Crown|26/100
|
|-damage|p2a: Greedent|3/100 brn|[from] brn
|upkeep
|turn|8
|
|t:|1757904981
|move|p1a: Iron Crown|Tachyon Cutter|p2a: Greedent
|-damage|p2a: Greedent|0 fnt
|faint|p2a: Greedent
|-hitcount|p2: Greedent|1
|
|upkeep
|
|t:|1757904991
|switch|p2a: Indeedee|Indeedee, M|100/100
|-damage|p2a: Indeedee|88/100|[from] Stealth Rock
|-fieldstart|move: Psychic Terrain|[from] ability: Psychic Surge|[of] p2a: Indeedee
|turn|9
|
|t:|1757905002
|move|p1a: Iron Crown|Tachyon Cutter|p2a: Indeedee
|-damage|p2a: Indeedee|40/100
|-damage|p2a: Indeedee|0 fnt
|faint|p2a: Indeedee
|-hitcount|p2: Indeedee|2
|
|upkeep
|
|t:|1757905010
|switch|p2a: Hawlucha|Hawlucha, F|100/100
|-damage|p2a: Hawlucha|88/100|[from] Stealth Rock
|-enditem|p2a: Hawlucha|Psychic Seed
|-boost|p2a: Hawlucha|spd|1|[from] item: Psychic Seed
|turn|10
|
|t:|1757905017
|move|p2a: Hawlucha|Throat Chop|p1a: Iron Crown
|-supereffective|p1a: Iron Crown
|-damage|p1a: Iron Crown|0 fnt
|faint|p1a: Iron Crown
|-end|p1a: Iron Crown|Quark Drive|[silent]
|
|upkeep
|
|t:|1757905024
|switch|p1a: Rillaboom|Rillaboom, M|100/100
|-fieldstart|move: Grassy Terrain|[from] ability: Grassy Surge|[of] p1a: Rillaboom
|turn|11
|
|t:|1757905030
|move|p2a: Hawlucha|Acrobatics|p1a: Rillaboom
|-supereffective|p1a: Rillaboom
|-damage|p1a: Rillaboom|0 fnt
|faint|p1a: Rillaboom
|
|upkeep
|
|t:|1757905033
|switch|p1a: Raging Bolt|Raging Bolt|100/100
|turn|12
|
|t:|1757905052
|-terastallize|p2a: Hawlucha|Dark
|move|p2a: Hawlucha|Close Combat|p1a: Raging Bolt
|-damage|p1a: Raging Bolt|65/100
|-unboost|p2a: Hawlucha|def|1
|-unboost|p2a: Hawlucha|spd|1
|move|p1a: Raging Bolt|Thunderbolt|p2a: Hawlucha
|-damage|p2a: Hawlucha|10/100
|
|-heal|p2a: Hawlucha|16/100|[from] Grassy Terrain
|-heal|p1a: Raging Bolt|71/100|[from] Grassy Terrain
|-heal|p1a: Raging Bolt|78/100|[from] item: Leftovers
|upkeep
|turn|13
|
|t:|1757905065
|move|p1a: Raging Bolt|Thunderclap||[still]
|-fail|p1a: Raging Bolt
|move|p2a: Hawlucha|Swords Dance|p2a: Hawlucha
|-boost|p2a: Hawlucha|atk|2
|
|-heal|p2a: Hawlucha|22/100|[from] Grassy Terrain
|-heal|p1a: Raging Bolt|84/100|[from] Grassy Terrain
|-heal|p1a: Raging Bolt|90/100|[from] item: Leftovers
|upkeep
|turn|14
|
|t:|1757905075
|move|p1a: Raging Bolt|Thunderclap||[still]
|-fail|p1a: Raging Bolt
|move|p2a: Hawlucha|Swords Dance|p2a: Hawlucha
|-boost|p2a: Hawlucha|atk|2
|
|-heal|p2a: Hawlucha|28/100|[from] Grassy Terrain
|-heal|p1a: Raging Bolt|96/100|[from] Grassy Terrain
|-heal|p1a: Raging Bolt|100/100|[from] item: Leftovers
|upkeep
|turn|15
|
|t:|1757905085
|move|p1a: Raging Bolt|Thunderclap|p2a: Hawlucha
|-damage|p2a: Hawlucha|0 fnt
|faint|p2a: Hawlucha
|
|upkeep
|
|t:|1757905091
|switch|p2a: Glimmora|Glimmora, F|100/100
|-damage|p2a: Glimmora|88/100|[from] Stealth Rock
|turn|16
|
|t:|1757905097
|move|p2a: Glimmora|Mortal Spin|p1a: Raging Bolt
|-damage|p1a: Raging Bolt|97/100
|-status|p1a: Raging Bolt|psn
|-sideend|p2: DeCompaniu|Stealth Rock|[from] move: Mortal Spin|[of] p2a: Glimmora
|move|p1a: Raging Bolt|Thunderbolt|p2a: Glimmora
|-damage|p2a: Glimmora|40/100
|
|-heal|p2a: Glimmora|46/100|[from] Grassy Terrain
|-heal|p1a: Raging Bolt|100/100 psn|[from] Grassy Terrain
|-damage|p1a: Raging Bolt|88/100 psn|[from] psn
|upkeep
|turn|17
|
|t:|1757905109
|move|p2a: Glimmora|Stealth Rock|p1a: Raging Bolt
|-sidestart|p1: r0wsg0ld|move: Stealth Rock
|move|p1a: Raging Bolt|Thunderbolt|p2a: Glimmora
|-damage|p2a: Glimmora|4/100
|
|-heal|p2a: Glimmora|10/100|[from] Grassy Terrain
|-heal|p1a: Raging Bolt|94/100 psn|[from] Grassy Terrain
|-heal|p1a: Raging Bolt|100/100 psn|[from] item: Leftovers
|-damage|p1a: Raging Bolt|88/100 psn|[from] psn
|upkeep
|turn|18
|
|t:|1757905120
|move|p2a: Glimmora|Sludge Bomb|p1a: Raging Bolt
|-damage|p1a: Raging Bolt|45/100 psn
|move|p1a: Raging Bolt|Thunderbolt|p2a: Glimmora
|-damage|p2a: Glimmora|0 fnt
|faint|p2a: Glimmora
|
|-heal|p1a: Raging Bolt|51/100 psn|[from] Grassy Terrain
|-heal|p1a: Raging Bolt|57/100 psn|[from] item: Leftovers
|-damage|p1a: Raging Bolt|45/100 psn|[from] psn
|-fieldend|move: Grassy Terrain
|upkeep
|
|t:|1757905133
|switch|p2a: Polteageist|Polteageist-Antique|100/100
|turn|19
|
|t:|1757905138
|move|p2a: Polteageist|Shell Smash|p2a: Polteageist
|-unboost|p2a: Polteageist|def|1
|-unboost|p2a: Polteageist|spd|1
|-boost|p2a: Polteageist|atk|2
|-boost|p2a: Polteageist|spa|2
|-boost|p2a: Polteageist|spe|2
|move|p1a: Raging Bolt|Thunderbolt|p2a: Polteageist
|-damage|p2a: Polteageist|22/100
|
|-heal|p1a: Raging Bolt|51/100 psn|[from] item: Leftovers
|-damage|p1a: Raging Bolt|39/100 psn|[from] psn
|upkeep
|turn|20
|
|t:|1757905150
|move|p2a: Polteageist|Shell Smash|p2a: Polteageist
|-unboost|p2a: Polteageist|def|1
|-unboost|p2a: Polteageist|spd|1
|-boost|p2a: Polteageist|atk|2
|-boost|p2a: Polteageist|spa|2
|-boost|p2a: Polteageist|spe|2
|move|p1a: Raging Bolt|Thunderbolt|p2a: Polteageist
|-damage|p2a: Polteageist|0 fnt
|faint|p2a: Polteageist
|
|win|r0wsg0ld
|raw|r0wsg0ld's rating: 1337 &rarr; <strong>1355</strong><br />(+18 for winning)
|raw|DeCompaniu's rating: 1304 &rarr; <strong>1286</strong><br />(-18 for losing)
|l|☆r0wsg0ld
|player|p1|
|l|☆DeCompaniu
|player|p2|
