|j|☆clail
|j|☆Gameprom4
|t:|1757809970
|gametype|singles
|player|p1|clail|170|1615
|player|p2|Gameprom4|266|1639
|gen|9
|tier|[Gen 9] OU
|rated|
|rule|HP Percentage Mod: HP is shown in percentages
|rule|Endless Battle Clause: Forcing endless battles is banned
|rule|Species Clause: Limit one of each Pokémon
|rule|OHKO Clause: OHKO moves are banned
|rule|Evasion Items Clause: Evasion items are banned
|rule|Evasion Moves Clause: Evasion moves are banned
|rule|Evasion Abilities Clause: Evasion abilities are banned
|rule|Sleep Moves Clause: Sleep-inducing moves are banned
|clearpoke
|poke|p1|Ribombee, F|
|poke|p1|Ogerpon-Wellspring, F|
|poke|p1|Great Tusk|
|poke|p1|Gholdengo|
|poke|p1|Ceruledge, F|
|poke|p1|Glimmora, M|
|poke|p2|Sinistcha|
|poke|p2|Primarina, M|
|poke|p2|Iron Hands|
|poke|p2|Scizor, M|
|poke|p2|Araquanid, M|
|poke|p2|Great Tusk|
|teampreview
|inactive|Battle timer is ON: inactive players will automatically lose when time's up. (requested by Gameprom4)
|l|☆clail
|inactive|clail disconnected and has a minute to reconnect!
|player|p1|
|j|☆clail
|inactive|clail reconnected and has 140 seconds left.
|player|p1|clail|170|
|
|t:|1757809997
|teamsize|p1|6
|teamsize|p2|6
|start
|switch|p1a: Glimmora|Glimmora, M|100/100
|switch|p2a: Araquanid|Araquanid, M|100/100
|turn|1
|
|t:|1757810005
|move|p2a: Araquanid|Endure|p2a: Araquanid
|-singleturn|p2a: Araquanid|move: Endure
|move|p1a: Glimmora|Meteor Beam||[still]
|-prepare|p1a: Glimmora|Meteor Beam
|-boost|p1a: Glimmora|spa|1
|-enditem|p1a: Glimmora|Power Herb
|-anim|p1a: Glimmora|Meteor Beam|p2a: Araquanid|[miss]
|-miss|p1a: Glimmora|p2a: Araquanid
|
|upkeep
|turn|2
|
|t:|1757810009
|move|p1a: Glimmora|Stealth Rock|p2a: Araquanid
|-sidestart|p2: Gameprom4|move: Stealth Rock
|move|p2a: Araquanid|Surf|p1a: Glimmora
|-supereffective|p1a: Glimmora
|-damage|p1a: Glimmora|0 fnt
|faint|p1a: Glimmora
|
|upkeep
|
|t:|1757810012
|switch|p1a: Ogerpon|Ogerpon-Wellspring, F|100/100
|turn|3
|
|t:|1757810015
|move|p1a: Ogerpon|Encore|p2a: Araquanid
|-start|p2a: Araquanid|Encore
|move|p2a: Araquanid|Surf|p1a: Ogerpon
|-immune|p1a: Ogerpon|[from] ability: Water Absorb
|
|upkeep
|turn|4
|
|t:|1757810018
|switch|p2a: Sinistcha|Sinistcha|100/100
|-damage|p2a: Sinistcha|88/100|[from] Stealth Rock
|move|p1a: Ogerpon|Ivy Cudgel|p2a: Sinistcha|[anim] Ivy Cudgel Water
|-resisted|p2a: Sinistcha
|-damage|p2a: Sinistcha|66/100
|
|-heal|p2a: Sinistcha|72/100|[from] item: Leftovers
|upkeep
|turn|5
|
|t:|1757810043
|move|p1a: Ogerpon|U-turn|p2a: Sinistcha
|-damage|p2a: Sinistcha|54/100
|
|t:|1757810045
|switch|p1a: Gholdengo|Gholdengo|100/100|[from] U-turn
|-item|p1a: Gholdengo|Air Balloon
|move|p2a: Sinistcha|Strength Sap|p1a: Gholdengo
|-immune|p1a: Gholdengo|[from] ability: Good as Gold
|
|-heal|p2a: Sinistcha|60/100|[from] item: Leftovers
|upkeep
|turn|6
|
|t:|1757810048
|switch|p2a: Iron Hands|Iron Hands|100/100
|-damage|p2a: Iron Hands|94/100|[from] Stealth Rock
|move|p1a: Gholdengo|Nasty Plot|p1a: Gholdengo
|-boost|p1a: Gholdengo|spa|2
|
|upkeep
|turn|7
|
|t:|1757810067
|move|p1a: Gholdengo|Shadow Ball|p2a: Iron Hands
|-damage|p2a: Iron Hands|51/100
|-unboost|p2a: Iron Hands|spd|1
|move|p2a: Iron Hands|Thunder Punch|p1a: Gholdengo
|-damage|p1a: Gholdengo|52/100
|-enditem|p1a: Gholdengo|Air Balloon
|
|upkeep
|turn|8
|
|t:|1757810072
|-end|p2a: Iron Hands|Quark Drive|[silent]
|switch|p2a: Araquanid|Araquanid, M|100/100
|-damage|p2a: Araquanid|75/100|[from] Stealth Rock
|move|p1a: Gholdengo|Dazzling Gleam|p2a: Araquanid
|-damage|p2a: Araquanid|31/100
|
|upkeep
|turn|9
|
|t:|1757810088
|move|p1a: Gholdengo|Nasty Plot|p1a: Gholdengo
|-boost|p1a: Gholdengo|spa|2
|move|p2a: Araquanid|Sticky Web|p1a: Gholdengo
|-sidestart|p1: clail|move: Sticky Web
|
|upkeep
|turn|10
|
|t:|1757810093
|move|p2a: Araquanid|Endure|p2a: Araquanid
|-singleturn|p2a: Araquanid|move: Endure
|move|p1a: Gholdengo|Shadow Ball|p2a: Araquanid
|-activate|p2a: Araquanid|move: Endure
|-damage|p2a: Araquanid|1/100
|
|upkeep
|turn|11
|-enditem|p2a: Araquanid|Custap Berry|[eat]
|-activate|p2a: Araquanid|item: Custap Berry|[consumed]
|
|t:|1757810106
|move|p2a: Araquanid|Surf|p1a: Gholdengo
|-damage|p1a: Gholdengo|9/100
|move|p1a: Gholdengo|Shadow Ball|p2a: Araquanid
|-damage|p2a: Araquanid|0 fnt
|faint|p2a: Araquanid
|
|upkeep
|
|t:|1757810108
|switch|p2a: Scizor|Scizor, M|100/100
|-damage|p2a: Scizor|88/100|[from] Stealth Rock
|turn|12
|
|t:|1757810110
|move|p2a: Scizor|Bullet Punch|p1a: Gholdengo
|-resisted|p1a: Gholdengo
|-damage|p1a: Gholdengo|0 fnt
|faint|p1a: Gholdengo
|
|upkeep
|-message|clail forfeited.
|
|win|Gameprom4
|raw|clail's rating: 1615 &rarr; <strong>1596</strong><br />(-19 for losing)
|raw|Gameprom4's rating: 1639 &rarr; <strong>1658</strong><br />(+19 for winning)
|l|☆clail
|player|p1|
|j|☆clail
|player|p1|clail|170|
|l|☆Gameprom4
|player|p2|
|l|☆clail
|player|p1|
