|j|☆Alphalegacy
|j|☆kookoobooboo
|t:|1757806730
|gametype|singles
|player|p1|Alphalegacy|266|1246
|player|p2|kookoobooboo|101|1229
|gen|9
|tier|[Gen 9] OU
|rated|
|rule|HP Percentage Mod: HP is shown in percentages
|rule|Endless Battle Clause: Forcing endless battles is banned
|rule|Species Clause: Limit one of each Pokémon
|rule|OHKO Clause: OHKO moves are banned
|rule|Evasion Items Clause: Evasion items are banned
|rule|Evasion Moves Clause: Evasion moves are banned
|rule|Evasion Abilities Clause: Evasion abilities are banned
|rule|Sleep Moves Clause: Sleep-inducing moves are banned
|clearpoke
|poke|p1|Ting-Lu|
|poke|p1|Darkrai|
|poke|p1|Iron Moth|
|poke|p1|Tornadus-Therian, M|
|poke|p1|Cinderace, F|
|poke|p1|Slowking, M|
|poke|p2|Empoleon, M|
|poke|p2|Iron Valiant|
|poke|p2|Hydrapple, M|
|poke|p2|Garchomp, M|
|poke|p2|Ceruledge, M|
|poke|p2|Zoroark-Hisui, F|
|teampreview
|inactive|Battle timer is ON: inactive players will automatically lose when time's up. (requested by Alphalegacy)
|
|t:|1757806740
|teamsize|p1|6
|teamsize|p2|6
|start
|switch|p1a: Tornadus|Tornadus-Therian, M|100/100
|switch|p2a: Iron Valiant|Iron Valiant, shiny|100/100
|turn|1
|
|t:|1757806750
|move|p2a: Iron Valiant|Trick|p1a: Tornadus
|-activate|p2a: Iron Valiant|move: Trick|[of] p1a: Tornadus
|-item|p1a: Tornadus|Choice Scarf|[from] move: Trick
|-item|p2a: Iron Valiant|Heavy-Duty Boots|[from] move: Trick
|move|p1a: Tornadus|U-turn|p2a: Iron Valiant
|-resisted|p2a: Iron Valiant
|-damage|p2a: Iron Valiant|83/100
|replace|p2a: Zoroark|Zoroark-Hisui, F, shiny
|-end|p2a: Zoroark|Illusion
|
|t:|1757806761
|switch|p1a: Darkrai|Darkrai|100/100|[from] U-turn
|
|upkeep
|turn|2
|
|t:|1757806769
|switch|p2a: Empoleon|Empoleon, M|100/100
|move|p1a: Darkrai|Dark Pulse|p2a: Empoleon
|-damage|p2a: Empoleon|70/100
|
|upkeep
|turn|3
|
|t:|1757806772
|move|p1a: Darkrai|Nasty Plot|p1a: Darkrai
|-boost|p1a: Darkrai|spa|2
|move|p2a: Empoleon|Roost|p2a: Empoleon
|-heal|p2a: Empoleon|100/100
|-singleturn|p2a: Empoleon|move: Roost
|
|upkeep
|turn|4
|
|t:|1757806780
|move|p1a: Darkrai|Dark Pulse|p2a: Empoleon
|-damage|p2a: Empoleon|46/100
|move|p2a: Empoleon|Haze|p2a: Empoleon
|-clearallboost
|
|upkeep
|turn|5
|
|t:|1757806784
|move|p1a: Darkrai|Nasty Plot|p1a: Darkrai
|-boost|p1a: Darkrai|spa|2
|move|p2a: Empoleon|Roost|p2a: Empoleon
|-heal|p2a: Empoleon|96/100
|-singleturn|p2a: Empoleon|move: Roost
|
|upkeep
|turn|6
|
|t:|1757806786
|move|p1a: Darkrai|Dark Pulse|p2a: Empoleon
|-damage|p2a: Empoleon|38/100
|move|p2a: Empoleon|Haze|p2a: Empoleon
|-clearallboost
|
|upkeep
|turn|7
|
|t:|1757806794
|move|p1a: Darkrai|Dark Pulse|p2a: Empoleon
|-damage|p2a: Empoleon|7/100
|move|p2a: Empoleon|Haze|p2a: Empoleon
|-clearallboost
|
|upkeep
|turn|8
|
|t:|1757806798
|move|p1a: Darkrai|Dark Pulse|p2a: Empoleon
|-damage|p2a: Empoleon|0 fnt
|faint|p2a: Empoleon
|
|upkeep
|
|t:|1757806808
|switch|p2a: Ceruledge|Ceruledge, M|100/100
|turn|9
|
|t:|1757806814
|move|p1a: Darkrai|Psychic|p2a: Ceruledge
|-damage|p2a: Ceruledge|68/100
|move|p2a: Ceruledge|Bitter Blade|p1a: Darkrai
|-damage|p1a: Darkrai|52/100
|-heal|p2a: Ceruledge|91/100|[from] drain|[of] p1a: Darkrai
|
|upkeep
|turn|10
|
|t:|1757806821
|move|p1a: Darkrai|Dark Pulse|p2a: Ceruledge
|-supereffective|p2a: Ceruledge
|-damage|p2a: Ceruledge|17/100
|-enditem|p2a: Ceruledge|Weakness Policy
|-boost|p2a: Ceruledge|atk|2|[from] item: Weakness Policy
|-boost|p2a: Ceruledge|spa|2|[from] item: Weakness Policy
|move|p2a: Ceruledge|Bitter Blade|p1a: Darkrai
|-damage|p1a: Darkrai|0 fnt
|-heal|p2a: Ceruledge|42/100|[from] drain|[of] p1a: Darkrai
|faint|p1a: Darkrai
|
|upkeep
|
|t:|1757806828
|switch|p1a: Tornadus|Tornadus-Therian, M|100/100
|turn|11
|
|t:|1757806832
|move|p1a: Tornadus|Bleakwind Storm|p2a: Ceruledge|[miss]
|-miss|p1a: Tornadus|p2a: Ceruledge
|move|p2a: Ceruledge|Bitter Blade|p1a: Tornadus
|-damage|p1a: Tornadus|0 fnt
|-heal|p2a: Ceruledge|94/100|[from] drain|[of] p1a: Tornadus
|faint|p1a: Tornadus
|
|upkeep
|
|t:|1757806843
|switch|p1a: Ting-Lu|Ting-Lu|100/100
|-ability|p1a: Ting-Lu|Vessel of Ruin
|turn|12
|
|t:|1757806847
|move|p2a: Ceruledge|Will-O-Wisp|p1a: Ting-Lu
|-status|p1a: Ting-Lu|brn
|move|p1a: Ting-Lu|Stealth Rock|p2a: Ceruledge
|-sidestart|p2: kookoobooboo|move: Stealth Rock
|
|-damage|p1a: Ting-Lu|94/100 brn|[from] brn
|upkeep
|turn|13
|
|t:|1757806850
|move|p2a: Ceruledge|Bitter Blade|p1a: Ting-Lu
|-damage|p1a: Ting-Lu|61/100 brn
|-heal|p2a: Ceruledge|100/100|[from] drain|[of] p1a: Ting-Lu
|-damage|p2a: Ceruledge|84/100|[from] item: Rocky Helmet|[of] p1a: Ting-Lu
|move|p1a: Ting-Lu|Whirlwind|p2a: Ceruledge
|drag|p2a: Garchomp|Garchomp, M|100/100
|
|-damage|p1a: Ting-Lu|55/100 brn|[from] brn
|upkeep
|turn|14
|
|t:|1757806855
|move|p2a: Garchomp|Stealth Rock|p1a: Ting-Lu
|-sidestart|p1: Alphalegacy|move: Stealth Rock
|move|p1a: Ting-Lu|Spikes|p2a: Garchomp
|-sidestart|p2: kookoobooboo|Spikes
|
|-damage|p1a: Ting-Lu|49/100 brn|[from] brn
|upkeep
|turn|15
|
|t:|1757806860
|move|p2a: Garchomp|Earthquake|p1a: Ting-Lu
|-damage|p1a: Ting-Lu|29/100 brn
|move|p1a: Ting-Lu|Spikes|p2a: Garchomp
|-sidestart|p2: kookoobooboo|Spikes
|
|-damage|p1a: Ting-Lu|22/100 brn|[from] brn
|upkeep
|turn|16
|
|t:|1757806864
|move|p2a: Garchomp|Earthquake|p1a: Ting-Lu
|-damage|p1a: Ting-Lu|3/100 brn
|move|p1a: Ting-Lu|Whirlwind|p2a: Garchomp
|drag|p2a: Iron Valiant|Iron Valiant, shiny|83/100
|
|-damage|p1a: Ting-Lu|0 fnt|[from] brn
|faint|p1a: Ting-Lu
|upkeep
|
|t:|1757806877
|switch|p1a: Slowking|Slowking, M|100/100
|-damage|p1a: Slowking|88/100|[from] Stealth Rock
|turn|17
|
|t:|1757806882
|move|p2a: Iron Valiant|Hex|p1a: Slowking
|-supereffective|p1a: Slowking
|-damage|p1a: Slowking|54/100
|move|p1a: Slowking|Future Sight|p2a: Iron Valiant
|-start|p1a: Slowking|move: Future Sight
|
|upkeep
|turn|18
|
|t:|1757806892
|move|p2a: Iron Valiant|Hyper Voice|p1a: Slowking
|-damage|p1a: Slowking|30/100
|move|p1a: Slowking|Scald|p2a: Iron Valiant
|-damage|p2a: Iron Valiant|0 fnt
|replace|p2a: Zoroark|Zoroark-Hisui, F, shiny
|-end|p2a: Zoroark|Illusion
|faint|p2a: Zoroark
|
|upkeep
|
|t:|1757806897
|switch|p2a: Garchomp|Garchomp, M|100/100
|turn|19
|
|t:|1757806905
|move|p2a: Garchomp|Earthquake|p1a: Slowking
|-damage|p1a: Slowking|0 fnt
|faint|p1a: Slowking
|
|-end|p2a: Garchomp|move: Future Sight
|-damage|p2a: Garchomp|42/100
|upkeep
|
|t:|1757806908
|switch|p1a: Iron Moth|Iron Moth|100/100
|-damage|p1a: Iron Moth|76/100|[from] Stealth Rock
|-enditem|p1a: Iron Moth|Booster Energy
|-activate|p1a: Iron Moth|ability: Quark Drive|[fromitem]
|-start|p1a: Iron Moth|quarkdrivespa
|turn|20
|
|t:|1757806912
|-terastallize|p1a: Iron Moth|Grass
|move|p2a: Garchomp|Earthquake|p1a: Iron Moth
|-resisted|p1a: Iron Moth
|-damage|p1a: Iron Moth|31/100
|move|p1a: Iron Moth|Agility|p1a: Iron Moth
|-boost|p1a: Iron Moth|spe|2
|
|upkeep
|turn|21
|
|t:|1757806920
|move|p1a: Iron Moth|Energy Ball|p2a: Garchomp
|-damage|p2a: Garchomp|0 fnt
|faint|p2a: Garchomp
|
|upkeep
|
|t:|1757806929
|switch|p2a: Ceruledge|Ceruledge, M|84/100
|-damage|p2a: Ceruledge|59/100|[from] Stealth Rock
|-damage|p2a: Ceruledge|43/100|[from] Spikes
|turn|22
|
|t:|1757806935
|move|p1a: Iron Moth|Sludge Wave|p2a: Ceruledge
|-resisted|p2a: Ceruledge
|-damage|p2a: Ceruledge|9/100
|-status|p2a: Ceruledge|psn
|move|p2a: Ceruledge|Bitter Blade|p1a: Iron Moth
|-supereffective|p1a: Iron Moth
|-damage|p1a: Iron Moth|0 fnt
|-heal|p2a: Ceruledge|25/100 psn|[from] drain|[of] p1a: Iron Moth
|faint|p1a: Iron Moth
|-end|p1a: Iron Moth|Quark Drive|[silent]
|
|-damage|p2a: Ceruledge|13/100 psn|[from] psn
|upkeep
|
|t:|1757806938
|switch|p1a: Cinderace|Cinderace, F|100/100
|turn|23
|
|t:|1757806943
|move|p2a: Ceruledge|Shadow Sneak|p1a: Cinderace
|-damage|p1a: Cinderace|76/100
|move|p1a: Cinderace|Pyro Ball|p2a: Ceruledge
|-resisted|p2a: Ceruledge
|-damage|p2a: Ceruledge|0 fnt
|faint|p2a: Ceruledge
|
|upkeep
|
|t:|1757806949
|switch|p2a: Hydrapple|Hydrapple, M, shiny|100/100
|-damage|p2a: Hydrapple|88/100|[from] Stealth Rock
|-damage|p2a: Hydrapple|72/100|[from] Spikes
|turn|24
|
|t:|1757806954
|move|p1a: Cinderace|Pyro Ball|p2a: Hydrapple
|-crit|p2a: Hydrapple
|-damage|p2a: Hydrapple|18/100
|-status|p2a: Hydrapple|brn
|move|p2a: Hydrapple|Fickle Beam|p1a: Cinderace
|-crit|p1a: Cinderace
|-damage|p1a: Cinderace|0 fnt
|faint|p1a: Cinderace
|
|win|kookoobooboo
|raw|Alphalegacy's rating: 1246 &rarr; <strong>1220</strong><br />(-26 for losing)
|raw|kookoobooboo's rating: 1229 &rarr; <strong>1255</strong><br />(+26 for winning)
