|j|☆mathismathin
|j|☆BeachLeak
|t:|1757898167
|gametype|singles
|player|p1|mathismathin|hilbert|1604
|player|p2|BeachLeak|archer|1534
|gen|9
|tier|[Gen 9] OU
|rated|
|rule|HP Percentage Mod: HP is shown in percentages
|rule|Endless Battle Clause: Forcing endless battles is banned
|rule|Species Clause: Limit one of each Pokémon
|rule|OHKO Clause: OHKO moves are banned
|rule|Evasion Items Clause: Evasion items are banned
|rule|Evasion Moves Clause: Evasion moves are banned
|rule|Evasion Abilities Clause: Evasion abilities are banned
|rule|Sleep Moves Clause: Sleep-inducing moves are banned
|clearpoke
|poke|p1|Mesprit|
|poke|p1|Jolteon, M|
|poke|p1|Sandslash, F|
|poke|p1|Snorlax, M|
|poke|p1|Floatzel, F|
|poke|p1|Oricorio, F|
|poke|p2|Salamence, M|
|poke|p2|Tyranitar, M|
|poke|p2|Excadrill, M|
|poke|p2|Iron Crown|
|poke|p2|Azumarill, F|
|poke|p2|Zamazenta-*|
|teampreview
|inactive|Battle timer is ON: inactive players will automatically lose when time's up. (requested by BeachLeak)
|
|t:|1757898180
|teamsize|p1|6
|teamsize|p2|6
|start
|switch|p1a: Sandslash|Sandslash, F|100/100
|switch|p2a: Tyranitar|Tyranitar, M, shiny|100/100
|-weather|Sandstorm|[from] ability: Sand Stream|[of] p2a: Tyranitar
|turn|1
|
|t:|1757898184
|move|p1a: Sandslash|Stealth Rock|p2a: Tyranitar
|-sidestart|p2: BeachLeak|move: Stealth Rock
|move|p2a: Tyranitar|Ice Punch|p1a: Sandslash
|-supereffective|p1a: Sandslash
|-damage|p1a: Sandslash|47/100
|
|-weather|Sandstorm|[upkeep]
|upkeep
|turn|2
|
|t:|1757898207
|switch|p1a: Floatzel|Floatzel, F|100/100
|switch|p2a: Excadrill|Excadrill, M|100/100
|-damage|p2a: Excadrill|97/100|[from] Stealth Rock
|-item|p2a: Excadrill|Air Balloon
|
|-weather|Sandstorm|[upkeep]
|-damage|p1a: Floatzel|94/100|[from] Sandstorm
|upkeep
|turn|3
|
|t:|1757898216
|switch|p1a: Oricorio|Oricorio, F|100/100
|move|p2a: Excadrill|Rapid Spin|p1a: Oricorio
|-damage|p1a: Oricorio|73/100
|-boost|p2a: Excadrill|spe|1
|-sideend|p2: BeachLeak|Stealth Rock|[from] move: Rapid Spin|[of] p2a: Excadrill
|
|-weather|Sandstorm|[upkeep]
|-damage|p1a: Oricorio|67/100|[from] Sandstorm
|upkeep
|turn|4
|
|t:|1757898241
|switch|p2a: Sherbet|Salamence, M, shiny|100/100
|-ability|p2a: Sherbet|Intimidate|boost
|-unboost|p1a: Oricorio|atk|1
|move|p1a: Oricorio|Revelation Dance|p2a: Sherbet
|-resisted|p2a: Sherbet
|-damage|p2a: Sherbet|78/100
|
|-weather|Sandstorm|[upkeep]
|-damage|p2a: Sherbet|72/100|[from] Sandstorm
|-damage|p1a: Oricorio|61/100|[from] Sandstorm
|upkeep
|turn|5
|
|t:|1757898252
|switch|p1a: Mesprit|Mesprit|100/100
|move|p2a: Sherbet|Draco Meteor|p1a: Mesprit
|-damage|p1a: Mesprit|10/100
|-unboost|p2a: Sherbet|spa|2
|
|-weather|none
|upkeep
|turn|6
|
|t:|1757898258
|move|p2a: Sherbet|Draco Meteor|p1a: Mesprit
|-damage|p1a: Mesprit|0 fnt
|-unboost|p2a: Sherbet|spa|2
|faint|p1a: Mesprit
|
|upkeep
|
|t:|1757898262
|switch|p1a: Snorlax|Snorlax, M|100/100
|turn|7
|
|t:|1757898266
|switch|p2a: Zamazenta|Zamazenta|100/100
|-ability|p2a: Zamazenta|Dauntless Shield|boost
|-boost|p2a: Zamazenta|def|1
|move|p1a: Snorlax|Curse|p1a: Snorlax
|-unboost|p1a: Snorlax|spe|1
|-boost|p1a: Snorlax|atk|1
|-boost|p1a: Snorlax|def|1
|
|upkeep
|turn|8
|
|t:|1757898269
|-terastallize|p1a: Snorlax|Fairy
|move|p2a: Zamazenta|Close Combat|p1a: Snorlax
|-resisted|p1a: Snorlax
|-damage|p1a: Snorlax|76/100
|-unboost|p2a: Zamazenta|def|1
|-unboost|p2a: Zamazenta|spd|1
|-damage|p2a: Zamazenta|91/100|[from] item: Life Orb
|move|p1a: Snorlax|Curse|p1a: Snorlax
|-unboost|p1a: Snorlax|spe|1
|-boost|p1a: Snorlax|atk|1
|-boost|p1a: Snorlax|def|1
|
|-heal|p1a: Snorlax|83/100|[from] item: Leftovers
|upkeep
|turn|9
|
|t:|1757898273
|switch|p2a: Sherbet|Salamence, M, shiny|72/100
|-ability|p2a: Sherbet|Intimidate|boost
|-unboost|p1a: Snorlax|atk|1
|move|p1a: Snorlax|Body Slam|p2a: Sherbet
|-damage|p2a: Sherbet|10/100
|
|-heal|p1a: Snorlax|89/100|[from] item: Leftovers
|upkeep
|turn|10
|
|t:|1757898277
|move|p2a: Sherbet|Air Slash|p1a: Snorlax
|-damage|p1a: Snorlax|64/100
|move|p1a: Snorlax|Body Slam|p2a: Sherbet
|-damage|p2a: Sherbet|0 fnt
|faint|p2a: Sherbet
|
|-heal|p1a: Snorlax|70/100|[from] item: Leftovers
|upkeep
|
|t:|1757898283
|switch|p2a: Iron Crown|Iron Crown|100/100
|turn|11
|
|t:|1757898286
|-terastallize|p2a: Iron Crown|Steel
|move|p2a: Iron Crown|Tachyon Cutter|p1a: Snorlax
|-supereffective|p1a: Snorlax
|-damage|p1a: Snorlax|42/100
|-supereffective|p1a: Snorlax
|-damage|p1a: Snorlax|9/100
|-hitcount|p1a: Snorlax|2
|move|p1a: Snorlax|Heat Crash|p2a: Iron Crown
|-supereffective|p2a: Iron Crown
|-damage|p2a: Iron Crown|54/100
|
|-heal|p1a: Snorlax|15/100|[from] item: Leftovers
|upkeep
|turn|12
|
|t:|1757898294
|switch|p1a: Jolteon|Jolteon, M|100/100
|move|p2a: Iron Crown|Tachyon Cutter|p1a: Jolteon
|-resisted|p1a: Jolteon
|-damage|p1a: Jolteon|77/100
|-resisted|p1a: Jolteon
|-damage|p1a: Jolteon|56/100
|-hitcount|p1a: Jolteon|2
|
|upkeep
|turn|13
|
|t:|1757898299
|-end|p2a: Iron Crown|Quark Drive|[silent]
|switch|p2a: Excadrill|Excadrill, M|97/100
|-item|p2a: Excadrill|Air Balloon
|move|p1a: Jolteon|Shadow Ball|p2a: Excadrill
|-damage|p2a: Excadrill|50/100
|-enditem|p2a: Excadrill|Air Balloon
|
|upkeep
|turn|14
|
|t:|1757898329
|move|p1a: Jolteon|Shadow Ball|p2a: Excadrill
|-damage|p2a: Excadrill|0 fnt
|faint|p2a: Excadrill
|
|upkeep
|
|t:|1757898333
|switch|p2a: Tyranitar|Tyranitar, M, shiny|100/100
|-weather|Sandstorm|[from] ability: Sand Stream|[of] p2a: Tyranitar
|turn|15
|
|t:|1757898349
|switch|p1a: Snorlax|Snorlax, M, tera:Fairy|15/100
|move|p2a: Tyranitar|Knock Off|p1a: Snorlax
|-resisted|p1a: Snorlax
|-damage|p1a: Snorlax|0 fnt
|-enditem|p1a: Snorlax|Leftovers|[from] move: Knock Off|[of] p2a: Tyranitar
|faint|p1a: Snorlax
|
|-weather|Sandstorm|[upkeep]
|upkeep
|
|t:|1757898352
|switch|p1a: Sandslash|Sandslash, F|47/100
|turn|16
|
|t:|1757898358
|move|p1a: Sandslash|Earthquake|p2a: Tyranitar
|-supereffective|p2a: Tyranitar
|-damage|p2a: Tyranitar|39/100
|move|p2a: Tyranitar|Knock Off|p1a: Sandslash
|-damage|p1a: Sandslash|0 fnt
|-enditem|p1a: Sandslash|Heavy-Duty Boots|[from] move: Knock Off|[of] p2a: Tyranitar
|faint|p1a: Sandslash
|
|-weather|Sandstorm|[upkeep]
|upkeep
|inactive|mathismathin has 120 seconds left.
|
|t:|1757898407
|switch|p1a: Floatzel|Floatzel, F|94/100
|turn|17
|
|t:|1757898421
|switch|p2a: Azumarill|Azumarill, F, shiny|100/100
|move|p1a: Floatzel|Flip Turn|p2a: Azumarill
|-resisted|p2a: Azumarill
|-damage|p2a: Azumarill|84/100
|inactive|mathismathin has 90 seconds left.
|
|t:|1757898460
|switch|p1a: Jolteon|Jolteon, M|56/100|[from] Flip Turn
|
|-weather|Sandstorm|[upkeep]
|-damage|p1a: Jolteon|50/100|[from] Sandstorm
|-damage|p2a: Azumarill|78/100|[from] Sandstorm
|upkeep
|turn|18
|
|t:|1757898468
|move|p1a: Jolteon|Thunderbolt|p2a: Azumarill
|-supereffective|p2a: Azumarill
|-damage|p2a: Azumarill|0 fnt
|faint|p2a: Azumarill
|
|-weather|Sandstorm|[upkeep]
|-damage|p1a: Jolteon|44/100|[from] Sandstorm
|upkeep
|
|t:|1757898473
|switch|p2a: Zamazenta|Zamazenta|91/100
|turn|19
|inactive|mathismathin has 90 seconds left.
|
|t:|1757898497
|move|p2a: Zamazenta|Close Combat|p1a: Jolteon
|-damage|p1a: Jolteon|0 fnt
|-unboost|p2a: Zamazenta|def|1
|-unboost|p2a: Zamazenta|spd|1
|faint|p1a: Jolteon
|-damage|p2a: Zamazenta|81/100|[from] item: Life Orb
|
|-weather|none
|upkeep
|
|t:|1757898499
|switch|p1a: Floatzel|Floatzel, F|94/100
|turn|20
|
|t:|1757898509
|switch|p2a: Tyranitar|Tyranitar, M, shiny|39/100
|-weather|Sandstorm|[from] ability: Sand Stream|[of] p2a: Tyranitar
|move|p1a: Floatzel|Wave Crash|p2a: Tyranitar
|-supereffective|p2a: Tyranitar
|-damage|p2a: Tyranitar|0 fnt
|faint|p2a: Tyranitar
|-damage|p1a: Floatzel|81/100|[from] Recoil
|
|-weather|Sandstorm|[upkeep]
|-damage|p1a: Floatzel|74/100|[from] Sandstorm
|upkeep
|
|t:|1757898515
|switch|p2a: Zamazenta|Zamazenta|81/100
|turn|21
|inactive|mathismathin has 90 seconds left.
|
|t:|1757898542
|switch|p1a: Oricorio|Oricorio, F|61/100
|move|p2a: Zamazenta|Wild Charge|p1a: Oricorio
|-supereffective|p1a: Oricorio
|-crit|p1a: Oricorio
|-damage|p1a: Oricorio|0 fnt
|faint|p1a: Oricorio
|-damage|p2a: Zamazenta|67/100|[from] Recoil
|-damage|p2a: Zamazenta|57/100|[from] item: Life Orb
|
|-weather|Sandstorm|[upkeep]
|-damage|p2a: Zamazenta|51/100|[from] Sandstorm
|upkeep
|
|t:|1757898544
|switch|p1a: Floatzel|Floatzel, F|74/100
|turn|22
|
|t:|1757898551
|move|p1a: Floatzel|Wave Crash|p2a: Zamazenta
|-damage|p2a: Zamazenta|0 fnt
|faint|p2a: Zamazenta
|-damage|p1a: Floatzel|57/100|[from] Recoil
|
|-weather|Sandstorm|[upkeep]
|-damage|p1a: Floatzel|51/100|[from] Sandstorm
|upkeep
|
|t:|1757898554
|switch|p2a: Iron Crown|Iron Crown, tera:Steel|54/100
|turn|23
|
|t:|1757898574
|move|p1a: Floatzel|Wave Crash|p2a: Iron Crown
|-damage|p2a: Iron Crown|0 fnt
|faint|p2a: Iron Crown
|-end|p2a: Iron Crown|Quark Drive|[silent]
|-damage|p1a: Floatzel|33/100|[from] Recoil
|
|win|mathismathin
|raw|mathismathin's rating: 1621 &rarr; <strong>1636</strong><br />(+15 for winning)
|raw|BeachLeak's rating: 1534 &rarr; <strong>1519</strong><br />(-15 for losing)
|l|☆BeachLeak
|player|p2|
|l|☆mathismathin
|player|p1|
