|j|☆Black Man Lover
|j|☆chaheed
|t:|1757917217
|gametype|singles
|player|p1|Black Man Lover|emmet|1670
|player|p2|chaheed|ninjaboy|1750
|gen|9
|tier|[Gen 9] OU
|rated|
|rule|HP Percentage Mod: HP is shown in percentages
|rule|Endless Battle Clause: Forcing endless battles is banned
|rule|Species Clause: Limit one of each Pokémon
|rule|OHKO Clause: OHKO moves are banned
|rule|Evasion Items Clause: Evasion items are banned
|rule|Evasion Moves Clause: Evasion moves are banned
|rule|Evasion Abilities Clause: Evasion abilities are banned
|rule|Sleep Moves Clause: Sleep-inducing moves are banned
|clearpoke
|poke|p1|Darkrai|
|poke|p1|Iron Jugulis|
|poke|p1|Iron Treads|
|poke|p1|Primarina, M|
|poke|p1|Cinderace, F|
|poke|p1|Raging Bolt|
|poke|p2|Dragonite, M|
|poke|p2|Dragapult, F|
|poke|p2|Iron Moth|
|poke|p2|Greninja-*, M|
|poke|p2|Serperior, F|
|poke|p2|Iron Treads|
|teampreview
|inactive|Battle timer is ON: inactive players will automatically lose when time's up. (requested by chaheed)
|
|t:|1757917228
|teamsize|p1|6
|teamsize|p2|6
|start
|switch|p1a: Cinderace|Cinderace, F|100/100
|switch|p2a: Dragapult|Dragapult, F|100/100
|turn|1
|j| DoMorning
|
|t:|1757917252
|move|p2a: Dragapult|Hex|p1a: Cinderace
|-damage|p1a: Cinderace|67/100
|move|p1a: Cinderace|U-turn|p2a: Dragapult
|-start|p1a: Cinderace|typechange|Bug|[from] ability: Libero
|-resisted|p2a: Dragapult
|-damage|p2a: Dragapult|77/100
|inactive|Black Man Lover has 120 seconds left.
|
|t:|1757917269
|switch|p1a: Primarina|Primarina, M|100/100|[from] U-turn
|
|upkeep
|turn|2
|
|t:|1757917273
|move|p2a: Dragapult|Will-O-Wisp|p1a: Primarina|[miss]
|-miss|p2a: Dragapult|p1a: Primarina
|move|p1a: Primarina|Moonblast|p2a: Dragapult
|-supereffective|p2a: Dragapult
|-damage|p2a: Dragapult|0 fnt
|faint|p2a: Dragapult
|
|upkeep
|j| wuqimahei
|
|t:|1757917289
|switch|p2a: Serperior|Serperior, F|100/100
|turn|3
|inactive|Black Man Lover has 120 seconds left.
|
|t:|1757917315
|switch|p1a: Raging Bolt|Raging Bolt|100/100
|-enditem|p1a: Raging Bolt|Booster Energy
|-activate|p1a: Raging Bolt|ability: Protosynthesis|[fromitem]
|-start|p1a: Raging Bolt|protosynthesisspa
|move|p2a: Serperior|Leaf Storm|p1a: Raging Bolt
|-resisted|p1a: Raging Bolt
|-damage|p1a: Raging Bolt|76/100
|-boost|p2a: Serperior|spa|2
|
|upkeep
|turn|4
|
|t:|1757917325
|move|p2a: Serperior|Dragon Pulse|p1a: Raging Bolt
|-supereffective|p1a: Raging Bolt
|-damage|p1a: Raging Bolt|1/100
|move|p1a: Raging Bolt|Dragon Pulse|p2a: Serperior
|-damage|p2a: Serperior|21/100
|
|upkeep
|turn|5
|
|t:|1757917332
|switch|p2a: Iron Treads|Iron Treads|100/100
|-enditem|p2a: Iron Treads|Booster Energy
|-activate|p2a: Iron Treads|ability: Quark Drive|[fromitem]
|-start|p2a: Iron Treads|quarkdrivespe
|move|p1a: Raging Bolt|Thunderclap||[still]
|-fail|p1a: Raging Bolt
|
|upkeep
|turn|6
|
|t:|1757917352
|move|p2a: Iron Treads|Rapid Spin|p1a: Raging Bolt
|-damage|p1a: Raging Bolt|0 fnt
|-boost|p2a: Iron Treads|spe|1
|faint|p1a: Raging Bolt
|-end|p1a: Raging Bolt|Protosynthesis|[silent]
|
|upkeep
|inactive|Black Man Lover has 120 seconds left.
|
|t:|1757917370
|switch|p1a: Primarina|Primarina, M|100/100
|turn|7
|
|t:|1757917373
|move|p2a: Iron Treads|Earthquake|p1a: Primarina
|-damage|p1a: Primarina|40/100
|move|p1a: Primarina|Surf|p2a: Iron Treads
|-supereffective|p2a: Iron Treads
|-damage|p2a: Iron Treads|0 fnt
|faint|p2a: Iron Treads
|-end|p2a: Iron Treads|Quark Drive|[silent]
|
|upkeep
|
|t:|1757917388
|switch|p2a: Iron Moth|Iron Moth|100/100
|-enditem|p2a: Iron Moth|Booster Energy
|-activate|p2a: Iron Moth|ability: Quark Drive|[fromitem]
|-start|p2a: Iron Moth|quarkdrivespe
|turn|8
|
|t:|1757917400
|move|p2a: Iron Moth|Energy Ball|p1a: Primarina
|-supereffective|p1a: Primarina
|-damage|p1a: Primarina|5/100
|-unboost|p1a: Primarina|spd|1
|move|p1a: Primarina|Surf|p2a: Iron Moth
|-supereffective|p2a: Iron Moth
|-damage|p2a: Iron Moth|0 fnt
|faint|p2a: Iron Moth
|-end|p2a: Iron Moth|Quark Drive|[silent]
|
|upkeep
|
|t:|1757917409
|switch|p2a: Greninja|Greninja, M|100/100
|turn|9
|l| DoMorning
|inactive|Black Man Lover has 120 seconds left.
|
|t:|1757917456
|move|p2a: Greninja|Ice Beam|p1a: Primarina
|-resisted|p1a: Primarina
|-damage|p1a: Primarina|0 fnt
|faint|p1a: Primarina
|-ability|p2a: Greninja|Battle Bond|boost
|-boost|p2a: Greninja|atk|1
|-boost|p2a: Greninja|spa|1
|-boost|p2a: Greninja|spe|1
|-activate|p2a: Greninja|ability: Battle Bond
|-damage|p2a: Greninja|91/100|[from] item: Life Orb
|
|upkeep
|inactive|Black Man Lover has 90 seconds left.
|inactive|Black Man Lover has 60 seconds left.
|
|t:|1757917512
|switch|p1a: Darkrai|Darkrai|100/100
|turn|10
|
|t:|1757917521
|move|p2a: Greninja|Surf|p1a: Darkrai
|-damage|p1a: Darkrai|0 fnt
|faint|p1a: Darkrai
|-damage|p2a: Greninja|81/100|[from] item: Life Orb
|
|upkeep
|
|t:|1757917543
|switch|p1a: Iron Jugulis|Iron Jugulis|100/100
|-enditem|p1a: Iron Jugulis|Booster Energy
|-activate|p1a: Iron Jugulis|ability: Quark Drive|[fromitem]
|-start|p1a: Iron Jugulis|quarkdrivespe
|turn|11
|
|t:|1757917548
|move|p2a: Greninja|Ice Beam|p1a: Iron Jugulis
|-supereffective|p1a: Iron Jugulis
|-damage|p1a: Iron Jugulis|0 fnt
|faint|p1a: Iron Jugulis
|-end|p1a: Iron Jugulis|Quark Drive|[silent]
|-damage|p2a: Greninja|71/100|[from] item: Life Orb
|
|upkeep
|
|t:|1757917550
|switch|p1a: Cinderace|Cinderace, F|67/100
|turn|12
|j| ibibi
|
|t:|1757917556
|move|p2a: Greninja|Surf|p1a: Cinderace
|-supereffective|p1a: Cinderace
|-damage|p1a: Cinderace|0 fnt
|faint|p1a: Cinderace
|-damage|p2a: Greninja|61/100|[from] item: Life Orb
|
|upkeep
|-message|Black Man Lover forfeited.
|
|win|chaheed
|raw|Black Man Lover's rating: 1670 &rarr; <strong>1655</strong><br />(-15 for losing)
|raw|chaheed's rating: 1750 &rarr; <strong>1765</strong><br />(+15 for winning)
|l|☆Black Man Lover
|player|p1|
|l|☆chaheed
|player|p2|
|l| wuqimahei
|l| ibibi
|j| ibibi
|l| ibibi
