|j|☆Coolston
|j|☆Firebreathe
|t:|1757798641
|gametype|singles
|player|p1|Coolston|morty|1106
|player|p2|Firebreathe|gambler|1168
|gen|9
|tier|[Gen 9] OU
|rated|
|rule|HP Percentage Mod: HP is shown in percentages
|rule|Endless Battle Clause: Forcing endless battles is banned
|rule|Species Clause: Limit one of each Pokémon
|rule|OHKO Clause: OHKO moves are banned
|rule|Evasion Items Clause: Evasion items are banned
|rule|Evasion Moves Clause: Evasion moves are banned
|rule|Evasion Abilities Clause: Evasion abilities are banned
|rule|Sleep Moves Clause: Sleep-inducing moves are banned
|clearpoke
|poke|p1|Metagross|
|poke|p1|Slither Wing|
|poke|p1|Fezandipiti, M|
|poke|p1|Azumarill, M|
|poke|p1|Ting-Lu|
|poke|p1|Zamazenta-*|
|poke|p2|Sawsbuck-Winter, F|
|poke|p2|Torkoal, M|
|poke|p2|Lilligant-Hisui, F|
|poke|p2|Cinderace, M|
|poke|p2|Zamazenta-*|
|poke|p2|Walking Wake|
|teampreview
|inactive|Battle timer is ON: inactive players will automatically lose when time's up. (requested by Firebreathe)
|
|t:|1757798650
|teamsize|p1|6
|teamsize|p2|6
|start
|switch|p1a: Ting-Lu|Ting-Lu|100/100
|switch|p2a: Torkoal|Torkoal, M|100/100
|-ability|p1a: Ting-Lu|Vessel of Ruin
|-weather|SunnyDay|[from] ability: Drought|[of] p2a: Torkoal
|turn|1
|
|t:|1757798661
|move|p1a: Ting-Lu|Substitute|p1a: Ting-Lu
|-start|p1a: Ting-Lu|Substitute
|-damage|p1a: Ting-Lu|76/100
|move|p2a: Torkoal|Stealth Rock|p1a: Ting-Lu
|-sidestart|p1: Coolston|move: Stealth Rock
|
|-weather|SunnyDay|[upkeep]
|-heal|p1a: Ting-Lu|82/100|[from] item: Leftovers
|upkeep
|turn|2
|
|t:|1757798672
|switch|p2a: Walking Wake|Walking Wake|100/100
|-activate|p2a: Walking Wake|ability: Protosynthesis
|-start|p2a: Walking Wake|protosynthesisspe
|move|p1a: Ting-Lu|Stealth Rock|p2a: Walking Wake
|-sidestart|p2: Firebreathe|move: Stealth Rock
|
|-weather|SunnyDay|[upkeep]
|-heal|p1a: Ting-Lu|88/100|[from] item: Leftovers
|upkeep
|turn|3
|
|t:|1757798681
|move|p2a: Walking Wake|Flip Turn|p1a: Ting-Lu
|-supereffective|p1a: Ting-Lu
|-activate|p1a: Ting-Lu|move: Substitute|[damage]
|
|t:|1757798684
|-end|p2a: Walking Wake|Protosynthesis|[silent]
|switch|p2a: Zamazenta|Zamazenta|100/100|[from] Flip Turn
|-damage|p2a: Zamazenta|94/100|[from] Stealth Rock
|-ability|p2a: Zamazenta|Dauntless Shield|boost
|-boost|p2a: Zamazenta|def|1
|move|p1a: Ting-Lu|Ruination|p2a: Zamazenta
|-damage|p2a: Zamazenta|48/100
|
|-weather|SunnyDay|[upkeep]
|-heal|p2a: Zamazenta|54/100|[from] item: Leftovers
|-heal|p1a: Ting-Lu|94/100|[from] item: Leftovers
|upkeep
|turn|4
|
|t:|1757798702
|move|p2a: Zamazenta|Body Press|p1a: Ting-Lu
|-supereffective|p1a: Ting-Lu
|-end|p1a: Ting-Lu|Substitute
|move|p1a: Ting-Lu|Ruination|p2a: Zamazenta
|-damage|p2a: Zamazenta|27/100
|
|-weather|SunnyDay|[upkeep]
|-heal|p2a: Zamazenta|33/100|[from] item: Leftovers
|-heal|p1a: Ting-Lu|100/100|[from] item: Leftovers
|upkeep
|turn|5
|
|t:|1757798714
|switch|p1a: Azumarill|Azumarill, M|100/100
|-damage|p1a: Azumarill|88/100|[from] Stealth Rock
|move|p2a: Zamazenta|Body Press|p1a: Azumarill
|-resisted|p1a: Azumarill
|-damage|p1a: Azumarill|66/100
|
|-weather|SunnyDay|[upkeep]
|-heal|p2a: Zamazenta|40/100|[from] item: Leftovers
|upkeep
|turn|6
|inactive|Coolston has 120 seconds left.
|
|t:|1757798745
|-terastallize|p1a: Azumarill|Ground
|move|p2a: Zamazenta|Wild Charge|p1a: Azumarill
|-immune|p1a: Azumarill
|move|p1a: Azumarill|Tera Blast|p2a: Zamazenta|[anim] Tera Blast Ground
|-damage|p2a: Zamazenta|11/100
|
|-weather|SunnyDay|[upkeep]
|-heal|p2a: Zamazenta|18/100|[from] item: Leftovers
|upkeep
|turn|7
|inactive|Coolston has 120 seconds left.
|
|t:|1757798760
|move|p2a: Zamazenta|Body Press|p1a: Azumarill
|-damage|p1a: Azumarill|22/100
|move|p1a: Azumarill|Trailblaze|p2a: Zamazenta
|-damage|p2a: Zamazenta|6/100
|-boost|p1a: Azumarill|spe|1
|
|-weather|SunnyDay|[upkeep]
|-heal|p2a: Zamazenta|12/100|[from] item: Leftovers
|upkeep
|turn|8
|
|t:|1757798771
|move|p2a: Zamazenta|Body Press|p1a: Azumarill
|-damage|p1a: Azumarill|0 fnt
|faint|p1a: Azumarill
|
|-weather|none
|-heal|p2a: Zamazenta|18/100|[from] item: Leftovers
|upkeep
|inactive|Coolston has 90 seconds left.
|
|t:|1757798799
|switch|p1a: Zamazenta|Zamazenta|100/100
|-damage|p1a: Zamazenta|94/100|[from] Stealth Rock
|-ability|p1a: Zamazenta|Dauntless Shield|boost
|-boost|p1a: Zamazenta|def|1
|turn|9
|
|t:|1757798812
|move|p2a: Zamazenta|Play Rough|p1a: Zamazenta
|-supereffective|p1a: Zamazenta
|-damage|p1a: Zamazenta|65/100
|move|p1a: Zamazenta|Iron Defense|p1a: Zamazenta
|-boost|p1a: Zamazenta|def|2
|
|-heal|p2a: Zamazenta|24/100|[from] item: Leftovers
|upkeep
|turn|10
|
|t:|1757798821
|move|p2a: Zamazenta|Play Rough|p1a: Zamazenta
|-supereffective|p1a: Zamazenta
|-damage|p1a: Zamazenta|46/100
|move|p1a: Zamazenta|Body Press|p2a: Zamazenta
|-damage|p2a: Zamazenta|0 fnt
|faint|p2a: Zamazenta
|
|upkeep
|
|t:|1757798825
|switch|p2a: Torkoal|Torkoal, M|100/100
|-damage|p2a: Torkoal|76/100|[from] Stealth Rock
|-weather|SunnyDay|[from] ability: Drought|[of] p2a: Torkoal
|turn|11
|
|t:|1757798832
|move|p1a: Zamazenta|Body Press|p2a: Torkoal
|-damage|p2a: Torkoal|6/100
|move|p2a: Torkoal|Rapid Spin|p1a: Zamazenta
|-damage|p1a: Zamazenta|43/100
|-boost|p2a: Torkoal|spe|1
|-sideend|p2: Firebreathe|Stealth Rock|[from] move: Rapid Spin|[of] p2a: Torkoal
|
|-weather|SunnyDay|[upkeep]
|upkeep
|turn|12
|
|t:|1757798841
|switch|p2a: Walking Wake|Walking Wake|100/100
|-activate|p2a: Walking Wake|ability: Protosynthesis
|-start|p2a: Walking Wake|protosynthesisspe
|move|p1a: Zamazenta|Crunch|p2a: Walking Wake
|-damage|p2a: Walking Wake|70/100
|
|-weather|SunnyDay|[upkeep]
|upkeep
|turn|13
|inactive|Coolston has 120 seconds left.
|
|t:|1757798850
|move|p2a: Walking Wake|Hydro Steam|p1a: Zamazenta
|-damage|p1a: Zamazenta|0 fnt
|faint|p1a: Zamazenta
|
|-weather|SunnyDay|[upkeep]
|upkeep
|inactive|Coolston has 120 seconds left.
|c|☆Firebreathe|Everything will be getting obliterated
|
|t:|1757798874
|switch|p1a: Slither Wing|Slither Wing|100/100
|-damage|p1a: Slither Wing|88/100|[from] Stealth Rock
|-activate|p1a: Slither Wing|ability: Protosynthesis
|-start|p1a: Slither Wing|protosynthesisatk
|turn|14
|c|☆Firebreathe|it doesnt matter what you send out
|c|☆Firebreathe|Wel
|c|☆Firebreathe|actually
|c|☆Firebreathe|he might 1 tap
|
|t:|1757798891
|-end|p2a: Walking Wake|Protosynthesis|[silent]
|switch|p2a: Cinderace|Cinderace, M|100/100
|move|p1a: Slither Wing|Lunge|p2a: Cinderace
|-resisted|p2a: Cinderace
|-crit|p2a: Cinderace
|-damage|p2a: Cinderace|44/100
|-unboost|p2a: Cinderace|atk|1
|
|-weather|SunnyDay|[upkeep]
|upkeep
|turn|15
|inactive|Coolston has 90 seconds left.
|
|t:|1757798916
|-end|p1a: Slither Wing|Protosynthesis|[silent]
|switch|p1a: Ting-Lu|Ting-Lu|100/100
|-damage|p1a: Ting-Lu|94/100|[from] Stealth Rock
|-ability|p1a: Ting-Lu|Vessel of Ruin
|move|p2a: Cinderace|Pyro Ball|p1a: Ting-Lu
|-damage|p1a: Ting-Lu|57/100
|
|-weather|SunnyDay|[upkeep]
|-heal|p1a: Ting-Lu|63/100|[from] item: Leftovers
|upkeep
|turn|16
|inactive|Coolston has 90 seconds left.
|
|t:|1757798932
|switch|p2a: Sawsbuck|Sawsbuck-Winter, F|100/100
|switch|p1a: Fezandipiti|Fezandipiti, M|100/100
|-damage|p1a: Fezandipiti|88/100|[from] Stealth Rock
|
|-weather|SunnyDay|[upkeep]
|-heal|p1a: Fezandipiti|94/100|[from] item: Leftovers
|upkeep
|turn|17
|
|t:|1757798943
|move|p2a: Sawsbuck|High Horsepower|p1a: Fezandipiti
|-supereffective|p1a: Fezandipiti
|-damage|p1a: Fezandipiti|3/100
|-damage|p2a: Sawsbuck|91/100|[from] item: Life Orb
|move|p1a: Fezandipiti|Substitute|p1a: Fezandipiti
|-fail|p1a: Fezandipiti|move: Substitute|[weak]
|
|-weather|SunnyDay|[upkeep]
|-heal|p1a: Fezandipiti|9/100|[from] item: Leftovers
|upkeep
|turn|18
|
|t:|1757798967
|move|p2a: Sawsbuck|Horn Leech|p1a: Fezandipiti
|-resisted|p1a: Fezandipiti
|-damage|p1a: Fezandipiti|0 fnt
|-heal|p2a: Sawsbuck|95/100|[from] drain|[of] p1a: Fezandipiti
|faint|p1a: Fezandipiti
|-damage|p2a: Sawsbuck|85/100|[from] item: Life Orb
|
|-weather|none
|upkeep
|
|t:|1757798976
|switch|p1a: Slither Wing|Slither Wing|88/100
|-damage|p1a: Slither Wing|76/100|[from] Stealth Rock
|-enditem|p1a: Slither Wing|Booster Energy
|-activate|p1a: Slither Wing|ability: Protosynthesis|[fromitem]
|-start|p1a: Slither Wing|protosynthesisatk
|turn|19
|
|t:|1757798986
|move|p2a: Sawsbuck|Double-Edge|p1a: Slither Wing
|-damage|p1a: Slither Wing|0 fnt
|faint|p1a: Slither Wing
|-end|p1a: Slither Wing|Protosynthesis|[silent]
|-damage|p2a: Sawsbuck|59/100|[from] Recoil
|-damage|p2a: Sawsbuck|49/100|[from] item: Life Orb
|
|upkeep
|
|t:|1757798992
|switch|p1a: Ting-Lu|Ting-Lu|63/100
|-damage|p1a: Ting-Lu|57/100|[from] Stealth Rock
|-ability|p1a: Ting-Lu|Vessel of Ruin
|turn|20
|
|t:|1757798998
|move|p2a: Sawsbuck|Horn Leech|p1a: Ting-Lu
|-supereffective|p1a: Ting-Lu
|-damage|p1a: Ting-Lu|20/100
|-heal|p2a: Sawsbuck|81/100|[from] drain|[of] p1a: Ting-Lu
|-damage|p2a: Sawsbuck|71/100|[from] item: Life Orb
|move|p1a: Ting-Lu|Stealth Rock|p2a: Sawsbuck
|-sidestart|p2: Firebreathe|move: Stealth Rock
|
|-heal|p1a: Ting-Lu|27/100|[from] item: Leftovers
|upkeep
|turn|21
|
|t:|1757799009
|move|p2a: Sawsbuck|Megahorn|p1a: Ting-Lu|[miss]
|-miss|p2a: Sawsbuck|p1a: Ting-Lu
|move|p1a: Ting-Lu|Spikes|p2a: Sawsbuck
|-sidestart|p2: Firebreathe|Spikes
|
|-heal|p1a: Ting-Lu|33/100|[from] item: Leftovers
|upkeep
|turn|22
|
|t:|1757799015
|move|p2a: Sawsbuck|Megahorn|p1a: Ting-Lu
|-supereffective|p1a: Ting-Lu
|-damage|p1a: Ting-Lu|0 fnt
|faint|p1a: Ting-Lu
|-damage|p2a: Sawsbuck|61/100|[from] item: Life Orb
|
|upkeep
|
|t:|1757799021
|switch|p1a: Metagross|Metagross|100/100
|-damage|p1a: Metagross|95/100|[from] Stealth Rock
|turn|23
|inactive|Coolston has 90 seconds left.
|
|t:|1757799036
|move|p2a: Sawsbuck|High Horsepower|p1a: Metagross
|-supereffective|p1a: Metagross
|-damage|p1a: Metagross|37/100
|-damage|p2a: Sawsbuck|51/100|[from] item: Life Orb
|move|p1a: Metagross|Psychic Fangs|p2a: Sawsbuck
|-crit|p2a: Sawsbuck
|-damage|p2a: Sawsbuck|0 fnt
|faint|p2a: Sawsbuck
|
|upkeep
|
|t:|1757799040
|switch|p2a: Cinderace|Cinderace, M|44/100
|-damage|p2a: Cinderace|19/100|[from] Stealth Rock
|-damage|p2a: Cinderace|7/100|[from] Spikes
|turn|24
|
|t:|1757799047
|move|p2a: Cinderace|Pyro Ball|p1a: Metagross
|-supereffective|p1a: Metagross
|-damage|p1a: Metagross|0 fnt
|faint|p1a: Metagross
|
|win|Firebreathe
|raw|Coolston's rating: 1106 &rarr; <strong>1085</strong><br />(-21 for losing)
|raw|Firebreathe's rating: 1168 &rarr; <strong>1189</strong><br />(+21 for winning)
|l|☆Firebreathe
|player|p2|
|l|☆Coolston
|player|p1|
