|j|☆ruifiddid
|j|☆Ardorinnn
|t:|1757868583
|gametype|singles
|player|p1|ruifiddid|265|1157
|player|p2|Ardorinnn|roxie|1156
|gen|9
|tier|[Gen 9] OU
|rated|
|rule|HP Percentage Mod: HP is shown in percentages
|rule|Endless Battle Clause: Forcing endless battles is banned
|rule|Species Clause: Limit one of each Pokémon
|rule|OHKO Clause: OHKO moves are banned
|rule|Evasion Items Clause: Evasion items are banned
|rule|Evasion Moves Clause: Evasion moves are banned
|rule|Evasion Abilities Clause: Evasion abilities are banned
|rule|Sleep Moves Clause: Sleep-inducing moves are banned
|clearpoke
|poke|p1|Scizor, F|
|poke|p1|Ceruledge, M|
|poke|p1|Ninetales-Alola, M|
|poke|p1|Samurott-Hisui, F|
|poke|p1|Iron Valiant|
|poke|p1|Great Tusk|
|poke|p2|Froslass, F|
|poke|p2|Sceptile, F|
|poke|p2|Raikou|
|poke|p2|Scizor, F|
|poke|p2|Ceruledge, F|
|poke|p2|Garchomp, M|
|teampreview
|
|t:|1757868591
|teamsize|p1|6
|teamsize|p2|6
|start
|switch|p1a: Samurott|Samurott-Hisui, F|100/100
|switch|p2a: Froslass|Froslass, F, shiny|100/100
|turn|1
|
|t:|1757868599
|move|p2a: Froslass|Spikes|p1a: Samurott
|-sidestart|p1: ruifiddid|Spikes
|move|p1a: Samurott|Ceaseless Edge|p2a: Froslass
|-supereffective|p2a: Froslass
|-enditem|p2a: Froslass|Focus Sash
|-damage|p2a: Froslass|1/100
|-start|p1a: Samurott|Disable|Ceaseless Edge|[from] ability: Cursed Body|[of] p2a: Froslass
|-sidestart|p2: Ardorinnn|Spikes
|
|upkeep
|turn|2
|
|t:|1757868609
|move|p1a: Samurott|Aqua Jet|p2a: Froslass
|-damage|p2a: Froslass|0 fnt
|faint|p2a: Froslass
|
|upkeep
|
|t:|1757868614
|switch|p2a: Raikou|Raikou|100/100
|turn|3
|
|t:|1757868625
|switch|p1a: Great Tusk|Great Tusk|100/100
|move|p2a: Raikou|Scald|p1a: Great Tusk
|-supereffective|p1a: Great Tusk
|-crit|p1a: Great Tusk
|-damage|p1a: Great Tusk|0 fnt
|faint|p1a: Great Tusk
|-end|p1a: Great Tusk|Protosynthesis|[silent]
|
|upkeep
|
|t:|1757868643
|switch|p1a: Ninetales|Ninetales-Alola, M|100/100
|-damage|p1a: Ninetales|88/100|[from] Spikes
|-weather|Snowscape|[from] ability: Snow Warning|[of] p1a: Ninetales
|turn|4
|
|t:|1757868649
|move|p2a: Raikou|Thunder|p1a: Ninetales
|-damage|p1a: Ninetales|37/100
|-status|p1a: Ninetales|par
|move|p1a: Ninetales|Aurora Veil|p1a: Ninetales
|-sidestart|p1: ruifiddid|move: Aurora Veil
|
|-weather|Snowscape|[upkeep]
|upkeep
|turn|5
|
|t:|1757868661
|move|p2a: Raikou|Volt Switch|p1a: Ninetales
|-damage|p1a: Ninetales|20/100 par
|
|t:|1757868674
|switch|p2a: Scizor|Scizor, F|100/100|[from] Volt Switch
|-damage|p2a: Scizor|88/100|[from] Spikes
|move|p1a: Ninetales|Moonblast|p2a: Scizor
|-resisted|p2a: Scizor
|-crit|p2a: Scizor
|-damage|p2a: Scizor|63/100
|
|-weather|Snowscape|[upkeep]
|upkeep
|turn|6
|
|t:|1757868683
|switch|p1a: Samurott|Samurott-Hisui, F|100/100
|-damage|p1a: Samurott|88/100|[from] Spikes
|move|p2a: Scizor|Bullet Punch|p1a: Samurott
|-resisted|p1a: Samurott
|-damage|p1a: Samurott|71/100
|
|-weather|Snowscape|[upkeep]
|upkeep
|turn|7
|
|t:|1757868693
|switch|p2a: Sceptile|Sceptile, F, shiny|100/100
|-damage|p2a: Sceptile|88/100|[from] Spikes
|move|p1a: Samurott|Ceaseless Edge|p2a: Sceptile
|-damage|p2a: Sceptile|13/100
|-sidestart|p2: Ardorinnn|Spikes
|
|-weather|Snowscape|[upkeep]
|upkeep
|turn|8
|
|t:|1757868700
|move|p1a: Samurott|Aqua Jet|p2a: Sceptile
|-resisted|p2a: Sceptile
|-damage|p2a: Sceptile|0 fnt
|faint|p2a: Sceptile
|
|-weather|none
|upkeep
|
|t:|1757868707
|switch|p2a: Garchomp|Garchomp, M|100/100
|-damage|p2a: Garchomp|84/100|[from] Spikes
|turn|9
|
|t:|1757868714
|move|p2a: Garchomp|Swords Dance|p2a: Garchomp
|-boost|p2a: Garchomp|atk|2
|move|p1a: Samurott|Ceaseless Edge|p2a: Garchomp
|-damage|p2a: Garchomp|38/100
|-damage|p1a: Samurott|59/100|[from] ability: Rough Skin|[of] p2a: Garchomp
|-sidestart|p2: Ardorinnn|Spikes
|
|upkeep
|turn|10
|
|t:|1757868721
|move|p2a: Garchomp|Dragon Claw|p1a: Samurott
|-damage|p1a: Samurott|0 fnt
|faint|p1a: Samurott
|-damage|p2a: Garchomp|28/100|[from] item: Life Orb
|
|upkeep
|
|t:|1757868725
|switch|p1a: Scizor|Scizor, F|100/100
|-damage|p1a: Scizor|88/100|[from] Spikes
|turn|11
|
|t:|1757868733
|move|p1a: Scizor|Bullet Punch|p2a: Garchomp
|-damage|p2a: Garchomp|0 fnt
|-damage|p1a: Scizor|76/100|[from] ability: Rough Skin|[of] p2a: Garchomp
|faint|p2a: Garchomp
|-damage|p1a: Scizor|66/100|[from] item: Life Orb
|
|-sideend|p1: ruifiddid|move: Aurora Veil
|upkeep
|
|t:|1757868743
|switch|p2a: Raikou|Raikou|100/100
|turn|12
|
|t:|1757868747
|switch|p1a: Ninetales|Ninetales-Alola, M|20/100 par
|-damage|p1a: Ninetales|7/100 par|[from] Spikes
|-weather|Snowscape|[from] ability: Snow Warning|[of] p1a: Ninetales
|move|p2a: Raikou|Thunder|p1a: Ninetales|[miss]
|-miss|p2a: Raikou|p1a: Ninetales
|
|-weather|Snowscape|[upkeep]
|upkeep
|turn|13
|
|t:|1757868757
|move|p2a: Raikou|Volt Switch|p1a: Ninetales
|-crit|p1a: Ninetales
|-damage|p1a: Ninetales|0 fnt
|faint|p1a: Ninetales
|
|t:|1757868763
|switch|p2a: Scizor|Scizor, F|63/100|[from] Volt Switch
|-damage|p2a: Scizor|38/100|[from] Spikes
|
|-weather|Snowscape|[upkeep]
|upkeep
|
|t:|1757868769
|switch|p1a: Ceruledge|Ceruledge, M|100/100
|-damage|p1a: Ceruledge|88/100|[from] Spikes
|turn|14
|
|t:|1757868783
|switch|p2a: Ceruledge|Ceruledge, F, shiny|100/100
|-damage|p2a: Ceruledge|76/100|[from] Spikes
|move|p1a: Ceruledge|Bitter Blade|p2a: Ceruledge
|-start|p2a: Ceruledge|ability: Flash Fire
|
|-weather|Snowscape|[upkeep]
|upkeep
|turn|15
|
|t:|1757868795
|move|p1a: Ceruledge|Shadow Sneak|p2a: Ceruledge
|-supereffective|p2a: Ceruledge
|-damage|p2a: Ceruledge|17/100
|move|p2a: Ceruledge|Bitter Blade|p1a: Ceruledge
|-resisted|p1a: Ceruledge
|-crit|p1a: Ceruledge
|-damage|p1a: Ceruledge|0 fnt
|-heal|p2a: Ceruledge|61/100|[from] drain|[of] p1a: Ceruledge
|faint|p1a: Ceruledge
|-damage|p2a: Ceruledge|51/100|[from] item: Life Orb
|
|-weather|Snowscape|[upkeep]
|upkeep
|
|t:|1757868811
|switch|p1a: Iron Valiant|Iron Valiant|100/100
|-damage|p1a: Iron Valiant|88/100|[from] Spikes
|-enditem|p1a: Iron Valiant|Booster Energy
|-activate|p1a: Iron Valiant|ability: Quark Drive|[fromitem]
|-start|p1a: Iron Valiant|quarkdrivespe
|turn|16
|
|t:|1757868818
|-terastallize|p1a: Iron Valiant|Electric
|move|p1a: Iron Valiant|Thunderbolt|p2a: Ceruledge
|-damage|p2a: Ceruledge|0 fnt
|faint|p2a: Ceruledge
|
|-weather|none
|upkeep
|
|t:|1757868826
|switch|p2a: Scizor|Scizor, F|38/100
|-damage|p2a: Scizor|13/100|[from] Spikes
|turn|17
|
|t:|1757868831
|move|p2a: Scizor|Bullet Punch|p1a: Iron Valiant
|-resisted|p1a: Iron Valiant
|-damage|p1a: Iron Valiant|54/100
|move|p1a: Iron Valiant|Thunderbolt|p2a: Scizor
|-damage|p2a: Scizor|0 fnt
|faint|p2a: Scizor
|
|upkeep
|
|t:|1757868837
|switch|p2a: Raikou|Raikou|100/100
|turn|18
|
|t:|1757868841
|move|p1a: Iron Valiant|Moonblast|p2a: Raikou
|-damage|p2a: Raikou|53/100
|move|p2a: Raikou|Scald|p1a: Iron Valiant
|-damage|p1a: Iron Valiant|8/100
|-status|p1a: Iron Valiant|brn
|
|-damage|p1a: Iron Valiant|2/100 brn|[from] brn
|upkeep
|turn|19
|
|t:|1757868855
|-terastallize|p2a: Raikou|Ground
|move|p1a: Iron Valiant|Moonblast|p2a: Raikou
|-damage|p2a: Raikou|3/100
|-unboost|p2a: Raikou|spa|1
|move|p2a: Raikou|Thunder|p1a: Iron Valiant
|-resisted|p1a: Iron Valiant
|-damage|p1a: Iron Valiant|0 fnt
|faint|p1a: Iron Valiant
|-end|p1a: Iron Valiant|Quark Drive|[silent]
|
|upkeep
|
|t:|1757868863
|switch|p1a: Scizor|Scizor, F|66/100
|-damage|p1a: Scizor|54/100|[from] Spikes
|turn|20
|
|t:|1757868868
|move|p1a: Scizor|Bullet Punch|p2a: Raikou
|-damage|p2a: Raikou|0 fnt
|faint|p2a: Raikou
|-damage|p1a: Scizor|44/100|[from] item: Life Orb
|
|win|ruifiddid
|raw|ruifiddid's rating: 1157 &rarr; <strong>1182</strong><br />(+25 for winning)
|raw|Ardorinnn's rating: 1156 &rarr; <strong>1131</strong><br />(-25 for losing)
|l|☆ruifiddid
|player|p1|
|l|☆Ardorinnn
|player|p2|
