|j|☆venbailaquinceaner
|j|☆MasterX50000
|t:|1757822540
|gametype|singles
|player|p1|venbailaquinceaner|265|1193
|player|p2|MasterX50000|giovanni|1147
|gen|9
|tier|[Gen 9] OU
|rated|
|rule|HP Percentage Mod: HP is shown in percentages
|rule|Endless Battle Clause: Forcing endless battles is banned
|rule|Species Clause: Limit one of each Pokémon
|rule|OHKO Clause: OHKO moves are banned
|rule|Evasion Items Clause: Evasion items are banned
|rule|Evasion Moves Clause: Evasion moves are banned
|rule|Evasion Abilities Clause: Evasion abilities are banned
|rule|Sleep Moves Clause: Sleep-inducing moves are banned
|clearpoke
|poke|p1|Landorus-Therian, M|
|poke|p1|Samurott-Hisui, F|
|poke|p1|Gholdengo|
|poke|p1|Thundurus-Therian, M|
|poke|p1|Scizor, M|
|poke|p1|Zamazenta-*|
|poke|p2|Kingdra, F|
|poke|p2|Pelipper, M|
|poke|p2|Zapdos|
|poke|p2|Rillaboom, M|
|poke|p2|Falinks|
|poke|p2|Ting-Lu|
|teampreview
|
|t:|1757822546
|teamsize|p1|6
|teamsize|p2|6
|start
|switch|p1a: Thundurus|Thundurus-Therian, M|100/100
|switch|p2a: Breezy|Pelipper, M, shiny|100/100
|-weather|RainDance|[from] ability: Drizzle|[of] p2a: Breezy
|turn|1
|
|t:|1757822556
|switch|p2a: Ragnerock|Ting-Lu|100/100
|-ability|p2a: Ragnerock|Vessel of Ruin
|move|p1a: Thundurus|Volt Switch|p2a: Ragnerock
|-immune|p2a: Ragnerock
|
|-weather|RainDance|[upkeep]
|upkeep
|turn|2
|
|t:|1757822567
|move|p1a: Thundurus|Knock Off|p2a: Ragnerock
|-resisted|p2a: Ragnerock
|-damage|p2a: Ragnerock|95/100
|-enditem|p2a: Ragnerock|Leftovers|[from] move: Knock Off|[of] p1a: Thundurus
|move|p2a: Ragnerock|Stealth Rock|p1a: Thundurus
|-sidestart|p1: venbailaquinceaner|move: Stealth Rock
|
|-weather|RainDance|[upkeep]
|upkeep
|turn|3
|
|t:|1757822574
|switch|p1a: Zamazenta|Zamazenta|100/100
|-damage|p1a: Zamazenta|94/100|[from] Stealth Rock
|-ability|p1a: Zamazenta|Dauntless Shield|boost
|-boost|p1a: Zamazenta|def|1
|move|p2a: Ragnerock|Spikes|p1a: Zamazenta
|-sidestart|p1: venbailaquinceaner|Spikes
|
|-weather|RainDance|[upkeep]
|-heal|p1a: Zamazenta|100/100|[from] item: Leftovers
|upkeep
|turn|4
|
|t:|1757822588
|switch|p2a: Breezy|Pelipper, M, shiny|100/100
|move|p1a: Zamazenta|Body Press|p2a: Breezy
|-resisted|p2a: Breezy
|-damage|p2a: Breezy|70/100
|
|-weather|RainDance|[upkeep]
|upkeep
|turn|5
|
|t:|1757822601
|move|p1a: Zamazenta|Crunch|p2a: Breezy
|-crit|p2a: Breezy
|-damage|p2a: Breezy|34/100
|move|p2a: Breezy|Hurricane|p1a: Zamazenta
|-supereffective|p1a: Zamazenta
|-damage|p1a: Zamazenta|18/100
|
|-weather|RainDance|[upkeep]
|-heal|p1a: Zamazenta|24/100|[from] item: Leftovers
|upkeep
|turn|6
|
|t:|1757822615
|switch|p1a: Gholdengo|Gholdengo|100/100
|-damage|p1a: Gholdengo|94/100|[from] Stealth Rock
|-damage|p1a: Gholdengo|82/100|[from] Spikes
|move|p2a: Breezy|Tailwind|p2a: Breezy
|-sidestart|p2: MasterX50000|move: Tailwind
|
|-weather|RainDance|[upkeep]
|upkeep
|turn|7
|
|t:|1757822626
|move|p1a: Gholdengo|Trick|p2a: Breezy
|-activate|p1a: Gholdengo|move: Trick|[of] p2a: Breezy
|-item|p2a: Breezy|Choice Scarf|[from] move: Trick
|-item|p1a: Gholdengo|Damp Rock|[from] move: Trick
|move|p2a: Breezy|U-turn|p1a: Gholdengo
|-resisted|p1a: Gholdengo
|-damage|p1a: Gholdengo|80/100
|
|t:|1757822633
|switch|p2a: Queendra|Kingdra, F, shiny|100/100|[from] U-turn
|
|-weather|RainDance|[upkeep]
|upkeep
|turn|8
|
|t:|1757822651
|switch|p1a: Samurott|Samurott-Hisui, F|100/100
|move|p2a: Queendra|Focus Energy|p2a: Queendra
|-start|p2a: Queendra|move: Focus Energy
|
|-weather|none
|upkeep
|turn|9
|
|t:|1757822658
|-terastallize|p2a: Queendra|Dragon
|move|p1a: Samurott|Sucker Punch|p2a: Queendra
|-damage|p2a: Queendra|54/100
|move|p2a: Queendra|Draco Meteor|p1a: Samurott
|-crit|p1a: Samurott
|-damage|p1a: Samurott|0 fnt
|-unboost|p2a: Queendra|spa|2
|faint|p1a: Samurott
|
|-sideend|p2: MasterX50000|move: Tailwind
|upkeep
|
|t:|1757822674
|switch|p1a: Thundurus|Thundurus-Therian, M|100/100
|turn|10
|
|t:|1757822678
|-terastallize|p1a: Thundurus|Ice
|move|p1a: Thundurus|Tera Blast|p2a: Queendra|[anim] Tera Blast Ice
|-supereffective|p2a: Queendra
|-damage|p2a: Queendra|0 fnt
|faint|p2a: Queendra
|
|upkeep
|
|t:|1757822689
|switch|p2a: Legion|Falinks, shiny|100/100
|turn|11
|
|t:|1757822698
|move|p1a: Thundurus|Volt Switch|p2a: Legion
|-damage|p2a: Legion|27/100
|
|t:|1757822705
|switch|p1a: Landorus|Landorus-Therian, M|100/100|[from] Volt Switch
|-damage|p1a: Landorus|88/100|[from] Stealth Rock
|-ability|p1a: Landorus|Intimidate|boost
|-unboost|p2a: Legion|atk|1
|-ability|p2a: Legion|Defiant|boost
|-boost|p2a: Legion|atk|2
|move|p2a: Legion|No Retreat|p2a: Legion
|-boost|p2a: Legion|atk|1
|-boost|p2a: Legion|def|1
|-boost|p2a: Legion|spa|1
|-boost|p2a: Legion|spd|1
|-boost|p2a: Legion|spe|1
|-start|p2a: Legion|move: No Retreat
|
|upkeep
|turn|12
|
|t:|1757822726
|move|p1a: Landorus|Earthquake|p2a: Legion
|-damage|p2a: Legion|0 fnt
|faint|p2a: Legion
|
|upkeep
|
|t:|1757822730
|switch|p2a: Griffon|Zapdos|100/100
|turn|13
|
|t:|1757822735
|move|p2a: Griffon|Hurricane|p1a: Landorus
|-damage|p1a: Landorus|2/100
|move|p1a: Landorus|U-turn|p2a: Griffon
|-resisted|p2a: Griffon
|-damage|p2a: Griffon|86/100
|
|t:|1757822744
|switch|p1a: Thundurus|Thundurus-Therian, M, tera:Ice|100/100|[from] U-turn
|
|upkeep
|turn|14
|
|t:|1757822750
|switch|p2a: Breezy|Pelipper, M, shiny|34/100
|-weather|RainDance|[from] ability: Drizzle|[of] p2a: Breezy
|move|p1a: Thundurus|Tera Blast|p2a: Breezy|[anim] Tera Blast Ice
|-damage|p2a: Breezy|0 fnt
|faint|p2a: Breezy
|
|-weather|RainDance|[upkeep]
|upkeep
|
|t:|1757822764
|switch|p2a: Griffon|Zapdos|86/100
|turn|15
|
|t:|1757822778
|move|p1a: Thundurus|Volt Switch|p2a: Griffon
|-damage|p2a: Griffon|42/100
|
|t:|1757822782
|switch|p1a: Landorus|Landorus-Therian, M|2/100|[from] Volt Switch
|-damage|p1a: Landorus|0 fnt|[from] Stealth Rock
|faint|p1a: Landorus
|move|p2a: Griffon|Thunder|p1: Landorus|[notarget]
|-fail|p2a: Griffon
|
|-weather|RainDance|[upkeep]
|upkeep
|
|t:|1757822786
|switch|p1a: Thundurus|Thundurus-Therian, M, tera:Ice|100/100
|turn|16
|
|t:|1757822792
|move|p1a: Thundurus|Thunderbolt|p2a: Griffon
|-damage|p2a: Griffon|0 fnt
|faint|p2a: Griffon
|
|-weather|RainDance|[upkeep]
|upkeep
|
|t:|1757822797
|switch|p2a: Ragnerock|Ting-Lu|95/100
|-ability|p2a: Ragnerock|Vessel of Ruin
|turn|17
|
|t:|1757822804
|switch|p1a: Zamazenta|Zamazenta|24/100
|-damage|p1a: Zamazenta|18/100|[from] Stealth Rock
|-damage|p1a: Zamazenta|5/100|[from] Spikes
|move|p2a: Ragnerock|Whirlwind|p1a: Zamazenta
|drag|p1a: Scizor|Scizor, M|100/100
|
|-weather|RainDance|[upkeep]
|upkeep
|turn|18
|
|t:|1757822814
|move|p1a: Scizor|Swords Dance|p1a: Scizor
|-boost|p1a: Scizor|atk|2
|move|p2a: Ragnerock|Earthquake|p1a: Scizor
|-damage|p1a: Scizor|53/100
|
|-weather|none
|upkeep
|turn|19
|
|t:|1757822821
|move|p1a: Scizor|Bullet Punch|p2a: Ragnerock
|-damage|p2a: Ragnerock|56/100
|move|p2a: Ragnerock|Earthquake|p1a: Scizor
|-damage|p1a: Scizor|6/100
|
|upkeep
|turn|20
|
|t:|1757822827
|move|p1a: Scizor|Bullet Punch|p2a: Ragnerock
|-damage|p2a: Ragnerock|17/100
|move|p2a: Ragnerock|Whirlwind|p1a: Scizor
|drag|p1a: Gholdengo|Gholdengo|80/100
|-damage|p1a: Gholdengo|74/100|[from] Stealth Rock
|-damage|p1a: Gholdengo|61/100|[from] Spikes
|
|upkeep
|turn|21
|
|t:|1757822835
|move|p1a: Gholdengo|Shadow Ball|p2a: Ragnerock
|-resisted|p2a: Ragnerock
|-damage|p2a: Ragnerock|9/100
|move|p2a: Ragnerock|Earthquake|p1a: Gholdengo
|-supereffective|p1a: Gholdengo
|-damage|p1a: Gholdengo|0 fnt
|faint|p1a: Gholdengo
|
|upkeep
|
|t:|1757822843
|switch|p1a: Thundurus|Thundurus-Therian, M, tera:Ice|100/100
|turn|22
|
|t:|1757822848
|move|p1a: Thundurus|Tera Blast|p2a: Ragnerock|[anim] Tera Blast Ice
|-supereffective|p2a: Ragnerock
|-damage|p2a: Ragnerock|0 fnt
|faint|p2a: Ragnerock
|
|upkeep
|
|t:|1757822852
|switch|p2a: DK|Rillaboom, M, shiny|100/100
|-fieldstart|move: Grassy Terrain|[from] ability: Grassy Surge|[of] p2a: DK
|turn|23
|
|t:|1757822860
|move|p1a: Thundurus|Tera Blast|p2a: DK|[anim] Tera Blast Ice
|-supereffective|p2a: DK
|-damage|p2a: DK|29/100
|move|p2a: DK|Knock Off|p1a: Thundurus
|-damage|p1a: Thundurus|45/100
|-enditem|p1a: Thundurus|Heavy-Duty Boots|[from] move: Knock Off|[of] p2a: DK
|
|-heal|p1a: Thundurus|51/100|[from] Grassy Terrain
|-heal|p2a: DK|35/100|[from] Grassy Terrain
|upkeep
|turn|24
|
|t:|1757822869
|move|p2a: DK|Grassy Glide|p1a: Thundurus
|-damage|p1a: Thundurus|0 fnt
|faint|p1a: Thundurus
|
|-heal|p2a: DK|42/100|[from] Grassy Terrain
|upkeep
|
|t:|1757822873
|switch|p1a: Zamazenta|Zamazenta|5/100
|-damage|p1a: Zamazenta|0 fnt|[from] Stealth Rock
|faint|p1a: Zamazenta
|
|t:|1757822874
|switch|p1a: Scizor|Scizor, M|6/100
|turn|25
|
|t:|1757822881
|move|p1a: Scizor|Bullet Punch|p2a: DK
|-damage|p2a: DK|8/100
|move|p2a: DK|Grassy Glide|p1a: Scizor
|-resisted|p1a: Scizor
|-damage|p1a: Scizor|0 fnt
|faint|p1a: Scizor
|
|win|MasterX50000
|raw|venbailaquinceaner's rating: 1193 &rarr; <strong>1165</strong><br />(-28 for losing)
|raw|MasterX50000's rating: 1147 &rarr; <strong>1175</strong><br />(+28 for winning)
|c|☆MasterX50000|Gg
|l|☆MasterX50000
|player|p2|
|l|☆venbailaquinceaner
|player|p1|
