|j|☆Whatsapp Liligant
|j|☆marr123
|t:|1757843820
|gametype|singles
|player|p1|Whatsapp Liligant|cheryl|1186
|player|p2|marr123|2|1147
|gen|9
|tier|[Gen 9] OU
|rated|
|rule|HP Percentage Mod: HP is shown in percentages
|rule|Endless Battle Clause: Forcing endless battles is banned
|rule|Species Clause: Limit one of each Pokémon
|rule|OHKO Clause: OHKO moves are banned
|rule|Evasion Items Clause: Evasion items are banned
|rule|Evasion Moves Clause: Evasion moves are banned
|rule|Evasion Abilities Clause: Evasion abilities are banned
|rule|Sleep Moves Clause: Sleep-inducing moves are banned
|clearpoke
|poke|p1|Gumshoos, M|
|poke|p1|Probopass, F|
|poke|p1|Scrafty, F|
|poke|p1|Dragapult, M|
|poke|p1|Iron Hands|
|poke|p1|Inteleon, M|
|poke|p2|Rillaboom, F|
|poke|p2|Great Tusk|
|poke|p2|Gholdengo|
|poke|p2|Alomomola, F|
|poke|p2|Moltres|
|poke|p2|Garganacl, M|
|teampreview
|
|t:|1757843833
|teamsize|p1|6
|teamsize|p2|6
|start
|switch|p1a: B-2 Stealth Bomber|Dragapult, M|100/100
|switch|p2a: Great Tusk|Great Tusk|100/100
|-enditem|p2a: Great Tusk|Booster Energy
|-activate|p2a: Great Tusk|ability: Protosynthesis|[fromitem]
|-start|p2a: Great Tusk|protosynthesisatk
|turn|1
|
|t:|1757843853
|move|p1a: B-2 Stealth Bomber|Reflect|p1a: B-2 Stealth Bomber
|-sidestart|p1: Whatsapp Liligant|Reflect
|move|p2a: Great Tusk|Stealth Rock|p1a: B-2 Stealth Bomber
|-sidestart|p1: Whatsapp Liligant|move: Stealth Rock
|
|upkeep
|turn|2
|
|t:|1757843859
|move|p1a: B-2 Stealth Bomber|Shadow Ball|p2a: Great Tusk
|-damage|p2a: Great Tusk|44/100
|move|p2a: Great Tusk|Ice Spinner|p1a: B-2 Stealth Bomber
|-supereffective|p1a: B-2 Stealth Bomber
|-damage|p1a: B-2 Stealth Bomber|45/100
|
|upkeep
|turn|3
|
|t:|1757843875
|-end|p2a: Great Tusk|Protosynthesis|[silent]
|switch|p2a: Garganacl|Garganacl, M|100/100
|move|p1a: B-2 Stealth Bomber|Light Screen|p1a: B-2 Stealth Bomber
|-sidestart|p1: Whatsapp Liligant|move: Light Screen
|
|upkeep
|turn|4
|
|t:|1757843890
|switch|p1a: Charlie Kirk|Inteleon, M|100/100
|-damage|p1a: Charlie Kirk|88/100|[from] Stealth Rock
|move|p2a: Garganacl|Salt Cure|p1a: Charlie Kirk
|-damage|p1a: Charlie Kirk|79/100
|-start|p1a: Charlie Kirk|Salt Cure
|
|-damage|p1a: Charlie Kirk|54/100|[from] Salt Cure
|upkeep
|turn|5
|
|t:|1757843900
|move|p2a: Garganacl|Protect|p2a: Garganacl
|-singleturn|p2a: Garganacl|Protect
|move|p1a: Charlie Kirk|Snipe Shot|p2a: Garganacl
|-activate|p2a: Garganacl|move: Protect
|
|-damage|p1a: Charlie Kirk|29/100|[from] Salt Cure
|upkeep
|turn|6
|
|t:|1757843908
|switch|p2a: Alomomola|Alomomola, F|100/100
|move|p1a: Charlie Kirk|Air Cutter|p2a: Alomomola
|-damage|p2a: Alomomola|74/100
|
|-damage|p1a: Charlie Kirk|4/100|[from] Salt Cure
|upkeep
|turn|7
|
|t:|1757843915
|move|p1a: Charlie Kirk|Air Cutter|p2a: Alomomola
|-damage|p2a: Alomomola|46/100
|move|p2a: Alomomola|Light Screen|p2a: Alomomola
|-sidestart|p2: marr123|move: Light Screen
|
|-damage|p1a: Charlie Kirk|0 fnt|[from] Salt Cure
|faint|p1a: Charlie Kirk
|upkeep
|
|t:|1757843919
|switch|p1a: McDonalds|Iron Hands|100/100
|-damage|p1a: McDonalds|94/100|[from] Stealth Rock
|-enditem|p1a: McDonalds|Booster Energy
|-activate|p1a: McDonalds|ability: Quark Drive|[fromitem]
|-start|p1a: McDonalds|quarkdriveatk
|turn|8
|
|t:|1757843928
|switch|p2a: Great Tusk|Great Tusk|44/100
|move|p1a: McDonalds|Swords Dance|p1a: McDonalds
|-boost|p1a: McDonalds|atk|2
|
|-sideend|p1: Whatsapp Liligant|Reflect
|upkeep
|turn|9
|
|t:|1757843943
|-terastallize|p1a: McDonalds|Flying
|move|p2a: Great Tusk|Headlong Rush|p1a: McDonalds
|-immune|p1a: McDonalds
|move|p1a: McDonalds|Drain Punch|p2a: Great Tusk
|-damage|p2a: Great Tusk|0 fnt
|-heal|p1a: McDonalds|100/100|[from] drain|[of] p2a: Great Tusk
|faint|p2a: Great Tusk
|-end|p2a: Great Tusk|Protosynthesis|[silent]
|
|upkeep
|
|t:|1757843960
|switch|p2a: Rillaboom|Rillaboom, F|100/100
|-fieldstart|move: Grassy Terrain|[from] ability: Grassy Surge|[of] p2a: Rillaboom
|turn|10
|
|t:|1757843991
|switch|p2a: Moltres|Moltres|100/100
|move|p1a: McDonalds|Drain Punch|p2a: Moltres
|-resisted|p2a: Moltres
|-damage|p2a: Moltres|61/100
|
|-sideend|p1: Whatsapp Liligant|move: Light Screen
|upkeep
|turn|11
|
|t:|1757843999
|move|p1a: McDonalds|Thunder Punch|p2a: Moltres
|-supereffective|p2a: Moltres
|-damage|p2a: Moltres|0 fnt
|faint|p2a: Moltres
|
|upkeep
|
|t:|1757844004
|switch|p2a: Garganacl|Garganacl, M|100/100
|turn|12
|
|t:|1757844008
|move|p1a: McDonalds|Drain Punch|p2a: Garganacl
|-supereffective|p2a: Garganacl
|-damage|p2a: Garganacl|0 fnt
|faint|p2a: Garganacl
|
|upkeep
|
|t:|1757844013
|switch|p2a: Gholdengo|Gholdengo|100/100
|-item|p2a: Gholdengo|Air Balloon
|turn|13
|
|t:|1757844017
|move|p2a: Gholdengo|Thunder Wave|p1a: McDonalds
|-status|p1a: McDonalds|par
|move|p1a: McDonalds|Thunder Punch|p2a: Gholdengo
|-damage|p2a: Gholdengo|0 fnt
|-enditem|p2a: Gholdengo|Air Balloon
|faint|p2a: Gholdengo
|
|upkeep
|
|t:|1757844025
|switch|p2a: Rillaboom|Rillaboom, F|100/100
|turn|14
|
|t:|1757844034
|move|p2a: Rillaboom|Wood Hammer|p1a: McDonalds
|-resisted|p1a: McDonalds
|-damage|p1a: McDonalds|70/100 par
|-damage|p2a: Rillaboom|89/100|[from] Recoil
|move|p1a: McDonalds|Drain Punch|p2a: Rillaboom
|-damage|p2a: Rillaboom|0 fnt
|-heal|p1a: McDonalds|100/100 par|[from] drain|[of] p2a: Rillaboom
|faint|p2a: Rillaboom
|
|-sideend|p2: marr123|move: Light Screen
|-fieldend|move: Grassy Terrain
|upkeep
|-message|marr123 forfeited.
|
|win|Whatsapp Liligant
|raw|Whatsapp Liligant's rating: 1186 &rarr; <strong>1208</strong><br />(+22 for winning)
|raw|marr123's rating: 1147 &rarr; <strong>1125</strong><br />(-22 for losing)
|l|☆marr123
|player|p2|
