|j|☆I luv borger
|j|☆karma is a god
|t:|1757938604
|gametype|singles
|player|p1|I luv borger|drayden|1395
|player|p2|karma is a god|102|1446
|gen|9
|tier|[Gen 9] OU
|rated|
|rule|HP Percentage Mod: HP is shown in percentages
|rule|Endless Battle Clause: Forcing endless battles is banned
|rule|Species Clause: Limit one of each Pokémon
|rule|OHKO Clause: OHKO moves are banned
|rule|Evasion Items Clause: Evasion items are banned
|rule|Evasion Moves Clause: Evasion moves are banned
|rule|Evasion Abilities Clause: Evasion abilities are banned
|rule|Sleep Moves Clause: Sleep-inducing moves are banned
|clearpoke
|poke|p1|Slowking-Galar, F|
|poke|p1|Kyurem|
|poke|p1|Cetitan, F|
|poke|p1|Hatterene, F|
|poke|p1|Iron Treads|
|poke|p1|Ninetales-Alola, F|
|poke|p2|Dragapult, F|
|poke|p2|Landorus-Therian, M|
|poke|p2|Darkrai|
|poke|p2|Moltres|
|poke|p2|Scizor, M|
|poke|p2|Iron Moth|
|teampreview
|
|t:|1757938618
|teamsize|p1|6
|teamsize|p2|6
|start
|switch|p1a: Iron Treads|Iron Treads|100/100
|switch|p2a: Landorus|Landorus-Therian, M|100/100
|-ability|p2a: Landorus|Intimidate|boost
|-unboost|p1a: Iron Treads|atk|1
|turn|1
|
|t:|1757938630
|move|p1a: Iron Treads|Knock Off|p2a: Landorus
|-damage|p2a: Landorus|80/100
|-damage|p1a: Iron Treads|84/100|[from] item: Rocky Helmet|[of] p2a: Landorus
|-enditem|p2a: Landorus|Rocky Helmet|[from] move: Knock Off|[of] p1a: Iron Treads
|move|p2a: Landorus|Stealth Rock|p1a: Iron Treads
|-sidestart|p1: I luv borger|move: Stealth Rock
|
|-heal|p1a: Iron Treads|90/100|[from] item: Leftovers
|upkeep
|turn|2
|
|t:|1757938637
|move|p1a: Iron Treads|Rapid Spin|p2a: Landorus
|-damage|p2a: Landorus|70/100
|-boost|p1a: Iron Treads|spe|1
|-sideend|p1: I luv borger|Stealth Rock|[from] move: Rapid Spin|[of] p1a: Iron Treads
|move|p2a: Landorus|Earthquake|p1a: Iron Treads
|-supereffective|p1a: Iron Treads
|-damage|p1a: Iron Treads|8/100
|
|-heal|p1a: Iron Treads|14/100|[from] item: Leftovers
|upkeep
|turn|3
|
|t:|1757938645
|-end|p1a: Iron Treads|Quark Drive|[silent]
|switch|p1a: Hatterene|Hatterene, F|100/100
|move|p2a: Landorus|Stealth Rock|p1a: Hatterene
|move|p1a: Hatterene|Stealth Rock|p2a: Landorus|[from] ability: Magic Bounce
|-sidestart|p2: karma is a god|move: Stealth Rock
|
|upkeep
|turn|4
|
|t:|1757938650
|move|p2a: Landorus|U-turn|p1a: Hatterene
|-damage|p1a: Hatterene|84/100
|
|t:|1757938652
|switch|p2a: Scizor|Scizor, M|100/100|[from] U-turn
|move|p1a: Hatterene|Calm Mind|p1a: Hatterene
|-boost|p1a: Hatterene|spa|1
|-boost|p1a: Hatterene|spd|1
|
|upkeep
|turn|5
|
|t:|1757938660
|-terastallize|p2a: Scizor|Poison
|-terastallize|p1a: Hatterene|Water
|move|p2a: Scizor|Swords Dance|p2a: Scizor
|-boost|p2a: Scizor|atk|2
|move|p1a: Hatterene|Mystical Fire|p2a: Scizor
|-damage|p2a: Scizor|73/100
|-unboost|p2a: Scizor|spa|1
|
|upkeep
|turn|6
|
|t:|1757938670
|move|p2a: Scizor|Defog|p1a: Hatterene
|move|p1a: Hatterene|Defog|p2a: Scizor|[from] ability: Magic Bounce
|-unboost|p2a: Scizor|evasion|1
|-sideend|p2: karma is a god|Stealth Rock|[from] move: Defog|[of] p1a: Hatterene
|move|p1a: Hatterene|Psychic Noise|p2a: Scizor
|-supereffective|p2a: Scizor
|-damage|p2a: Scizor|0 fnt
|faint|p2a: Scizor
|
|upkeep
|
|t:|1757938682
|switch|p2a: Darkrai|Darkrai|100/100
|turn|7
|
|t:|1757938685
|move|p2a: Darkrai|Dark Pulse|p1a: Hatterene
|-damage|p1a: Hatterene|56/100
|move|p1a: Hatterene|Draining Kiss|p2a: Darkrai
|-supereffective|p2a: Darkrai
|-damage|p2a: Darkrai|6/100
|-heal|p1a: Hatterene|100/100|[from] drain|[of] p2a: Darkrai
|
|upkeep
|turn|8
|
|t:|1757938690
|move|p2a: Darkrai|Dark Pulse|p1a: Hatterene
|-damage|p1a: Hatterene|70/100
|move|p1a: Hatterene|Draining Kiss|p2a: Darkrai
|-supereffective|p2a: Darkrai
|-damage|p2a: Darkrai|0 fnt
|-heal|p1a: Hatterene|73/100|[from] drain|[of] p2a: Darkrai
|faint|p2a: Darkrai
|
|upkeep
|
|t:|1757938695
|switch|p2a: Dragapult|Dragapult, F|100/100
|turn|9
|
|t:|1757938699
|move|p2a: Dragapult|Dragon Darts|p1a: Hatterene
|-damage|p1a: Hatterene|49/100
|-anim|p2a: Dragapult|Dragon Darts|p1a: Hatterene
|-damage|p1a: Hatterene|24/100
|-damage|p2a: Dragapult|91/100|[from] item: Life Orb
|move|p1a: Hatterene|Draining Kiss|p2a: Dragapult
|-supereffective|p2a: Dragapult
|-damage|p2a: Dragapult|6/100
|-heal|p1a: Hatterene|88/100|[from] drain|[of] p2a: Dragapult
|
|upkeep
|turn|10
|
|t:|1757938704
|move|p2a: Dragapult|Dragon Darts|p1a: Hatterene
|-damage|p1a: Hatterene|62/100
|-anim|p2a: Dragapult|Dragon Darts|p1a: Hatterene
|-damage|p1a: Hatterene|36/100
|-damage|p2a: Dragapult|0 fnt|[from] item: Life Orb
|faint|p2a: Dragapult
|move|p1a: Hatterene|Draining Kiss|p2: Dragapult|[notarget]
|-fail|p1a: Hatterene
|
|upkeep
|
|t:|1757938710
|switch|p2a: Landorus|Landorus-Therian, M|70/100
|-ability|p2a: Landorus|Intimidate|boost
|-unboost|p1a: Hatterene|atk|1
|turn|11
|
|t:|1757938714
|move|p2a: Landorus|Earthquake|p1a: Hatterene
|-damage|p1a: Hatterene|0 fnt
|faint|p1a: Hatterene
|
|upkeep
|
|t:|1757938720
|switch|p1a: Kyurem|Kyurem|100/100
|-ability|p1a: Kyurem|Pressure
|turn|12
|
|t:|1757938723
|move|p1a: Kyurem|Freeze-Dry|p2a: Landorus
|-supereffective|p2a: Landorus
|-damage|p2a: Landorus|0 fnt
|faint|p2a: Landorus
|
|upkeep
|
|t:|1757938725
|switch|p2a: Iron Moth|Iron Moth|100/100
|-enditem|p2a: Iron Moth|Booster Energy
|-activate|p2a: Iron Moth|ability: Quark Drive|[fromitem]
|-start|p2a: Iron Moth|quarkdrivespe
|turn|13
|
|t:|1757938728
|switch|p1a: Slowking|Slowking-Galar, F|100/100
|move|p2a: Iron Moth|Substitute|p2a: Iron Moth
|-start|p2a: Iron Moth|Substitute
|-damage|p2a: Iron Moth|76/100
|
|upkeep
|turn|14
|
|t:|1757938733
|move|p2a: Iron Moth|Fiery Dance|p1a: Slowking
|-damage|p1a: Slowking|78/100
|-boost|p2a: Iron Moth|spa|1
|move|p1a: Slowking|Psyshock|p2a: Iron Moth
|-supereffective|p2a: Iron Moth
|-end|p2a: Iron Moth|Substitute
|
|upkeep
|turn|15
|
|t:|1757938740
|move|p2a: Iron Moth|Fiery Dance|p1a: Slowking
|-damage|p1a: Slowking|45/100
|-prepare|p1a: Slowking|Chilly Reception|[premajor]
|move|p1a: Slowking|Chilly Reception|p1a: Slowking
|-weather|Snowscape
|
|t:|1757938743
|switch|p1a: Cetitan|Cetitan, F|100/100|[from] Chilly Reception
|
|-weather|Snowscape|[upkeep]
|upkeep
|turn|16
|
|t:|1757938747
|move|p1a: Cetitan|Earthquake|p2a: Iron Moth
|-supereffective|p2a: Iron Moth
|-damage|p2a: Iron Moth|0 fnt
|faint|p2a: Iron Moth
|-end|p2a: Iron Moth|Quark Drive|[silent]
|
|-weather|Snowscape|[upkeep]
|upkeep
|
|t:|1757938749
|switch|p2a: Moltres|Moltres|100/100
|turn|17
|
|t:|1757938753
|switch|p1a: Slowking|Slowking-Galar, F|78/100
|move|p2a: Moltres|Flamethrower|p1a: Slowking
|-damage|p1a: Slowking|54/100
|
|-weather|Snowscape|[upkeep]
|upkeep
|turn|18
|
|t:|1757938758
|move|p2a: Moltres|Flamethrower|p1a: Slowking
|-damage|p1a: Slowking|33/100
|move|p1a: Slowking|Future Sight|p2a: Moltres
|-start|p1a: Slowking|move: Future Sight
|
|-weather|Snowscape|[upkeep]
|upkeep
|turn|19
|
|t:|1757938763
|move|p2a: Moltres|Flamethrower|p1a: Slowking
|-damage|p1a: Slowking|9/100
|-status|p1a: Slowking|brn
|-prepare|p1a: Slowking|Chilly Reception|[premajor]
|move|p1a: Slowking|Chilly Reception|p1a: Slowking
|
|t:|1757938766
|switch|p1a: Kyurem|Kyurem|100/100|[from] Chilly Reception
|-ability|p1a: Kyurem|Pressure
|
|-weather|Snowscape|[upkeep]
|upkeep
|turn|20
|
|t:|1757938770
|move|p1a: Kyurem|Blizzard|p2a: Moltres
|-damage|p2a: Moltres|7/100
|move|p2a: Moltres|Roost|p2a: Moltres
|-heal|p2a: Moltres|57/100
|-singleturn|p2a: Moltres|move: Roost
|
|-weather|Snowscape|[upkeep]
|-end|p2a: Moltres|move: Future Sight
|-damage|p2a: Moltres|13/100
|upkeep
|turn|21
|
|t:|1757938779
|move|p1a: Kyurem|Blizzard|p2a: Moltres
|-damage|p2a: Moltres|0 fnt
|faint|p2a: Moltres
|
|win|I luv borger
|raw|I luv borger's rating: 1395 &rarr; <strong>1418</strong><br />(+23 for winning)
|raw|karma is a god's rating: 1446 &rarr; <strong>1423</strong><br />(-23 for losing)
|l|☆karma is a god
|player|p2|
|l|☆I luv borger
|player|p1|
