|j|‽Rizeau
|j|☆the same as here
|t:|1757820457
|gametype|singles
|player|p1|Rizeau|camper|1337
|player|p2|the same as here|janitor|1297
|gen|9
|tier|[Gen 9] OU
|rated|
|rule|HP Percentage Mod: HP is shown in percentages
|rule|Endless Battle Clause: Forcing endless battles is banned
|rule|Species Clause: Limit one of each Pokémon
|rule|OHKO Clause: OHKO moves are banned
|rule|Evasion Items Clause: Evasion items are banned
|rule|Evasion Moves Clause: Evasion moves are banned
|rule|Evasion Abilities Clause: Evasion abilities are banned
|rule|Sleep Moves Clause: Sleep-inducing moves are banned
|clearpoke
|poke|p1|Pawmot, M|
|poke|p1|Primarina, F|
|poke|p1|Orthworm, F|
|poke|p1|Glimmora, F|
|poke|p1|Hawlucha, F|
|poke|p1|Rillaboom, F|
|poke|p2|Garganacl, F|
|poke|p2|Samurott-Hisui, F|
|poke|p2|Pecharunt|
|poke|p2|Great Tusk|
|poke|p2|Zapdos|
|poke|p2|Cinderace, F|
|teampreview
|
|t:|1757820470
|teamsize|p1|6
|teamsize|p2|6
|start
|switch|p1a: Rillaboom|Rillaboom, F|100/100
|switch|p2a: Samurott|Samurott-Hisui, F|100/100
|-fieldstart|move: Grassy Terrain|[from] ability: Grassy Surge|[of] p1a: Rillaboom
|turn|1
|
|t:|1757820481
|switch|p2a: Pecharunt|Pecharunt|100/100
|move|p1a: Rillaboom|Drum Beating|p2a: Pecharunt
|-resisted|p2a: Pecharunt
|-damage|p2a: Pecharunt|82/100
|-unboost|p2a: Pecharunt|spe|1
|
|-heal|p2a: Pecharunt|88/100|[from] Grassy Terrain
|-heal|p2a: Pecharunt|94/100|[from] item: Black Sludge
|upkeep
|turn|2
|
|t:|1757820491
|switch|p1a: Orthworm|Orthworm, F, shiny|100/100
|move|p2a: Pecharunt|Parting Shot|p1a: Orthworm
|-unboost|p1a: Orthworm|atk|1
|-unboost|p1a: Orthworm|spa|1
|
|t:|1757820503
|switch|p2a: Garganacl|Garganacl, F|100/100|[from] Parting Shot
|
|upkeep
|turn|3
|
|t:|1757820510
|switch|p1a: Glimmora|Glimmora, F|100/100
|move|p2a: Garganacl|Salt Cure|p1a: Glimmora
|-damage|p1a: Glimmora|84/100
|-start|p1a: Glimmora|Salt Cure
|-activate|p1a: Glimmora|ability: Toxic Debris
|-sidestart|p2: the same as here|move: Toxic Spikes
|
|-heal|p1a: Glimmora|90/100|[from] Grassy Terrain
|-damage|p1a: Glimmora|78/100|[from] Salt Cure
|upkeep
|turn|4
|
|t:|1757820546
|switch|p2a: Great Tusk|Great Tusk|100/100
|move|p1a: Glimmora|Earth Power|p2a: Great Tusk
|-damage|p2a: Great Tusk|48/100
|
|-heal|p1a: Glimmora|84/100|[from] Grassy Terrain
|-heal|p2a: Great Tusk|55/100|[from] Grassy Terrain
|-damage|p1a: Glimmora|72/100|[from] Salt Cure
|upkeep
|turn|5
|
|t:|1757820555
|move|p1a: Glimmora|Earth Power|p2a: Great Tusk
|-damage|p2a: Great Tusk|0 fnt
|faint|p2a: Great Tusk
|-end|p2a: Great Tusk|Protosynthesis|[silent]
|
|-heal|p1a: Glimmora|78/100|[from] Grassy Terrain
|-damage|p1a: Glimmora|65/100|[from] Salt Cure
|-fieldend|move: Grassy Terrain
|upkeep
|
|t:|1757820560
|switch|p2a: Zapdos|Zapdos|100/100
|turn|6
|
|t:|1757820566
|switch|p1a: Pawmot|Pawmot, M|100/100
|move|p2a: Zapdos|Volt Switch|p1a: Pawmot
|-immune|p1a: Pawmot|[from] ability: Volt Absorb
|
|upkeep
|turn|7
|
|t:|1757820574
|switch|p2a: Pecharunt|Pecharunt|94/100
|-sideend|p2: the same as here|move: Toxic Spikes|[of] p2a: Pecharunt
|move|p1a: Pawmot|Wish|p1a: Pawmot
|
|-heal|p2a: Pecharunt|99/100|[from] item: Black Sludge
|upkeep
|turn|8
|
|t:|1757820581
|switch|p1a: Glimmora|Glimmora, F|65/100
|move|p2a: Pecharunt|Shadow Ball|p1a: Glimmora
|-damage|p1a: Glimmora|29/100
|
|-heal|p1a: Glimmora|83/100|[from] move: Wish|[wisher] Pawmot
|-heal|p2a: Pecharunt|100/100|[from] item: Black Sludge
|upkeep
|turn|9
|
|t:|1757820590
|move|p1a: Glimmora|Power Gem|p2a: Pecharunt
|-damage|p2a: Pecharunt|54/100
|move|p2a: Pecharunt|Parting Shot|p1a: Glimmora
|-unboost|p1a: Glimmora|atk|1
|-unboost|p1a: Glimmora|spa|1
|
|t:|1757820600
|switch|p2a: Garganacl|Garganacl, F|100/100|[from] Parting Shot
|
|upkeep
|turn|10
|
|t:|1757820604
|switch|p1a: Rillaboom|Rillaboom, F|100/100
|-fieldstart|move: Grassy Terrain|[from] ability: Grassy Surge|[of] p1a: Rillaboom
|move|p2a: Garganacl|Iron Defense|p2a: Garganacl
|-boost|p2a: Garganacl|def|2
|
|upkeep
|turn|11
|
|t:|1757820614
|move|p1a: Rillaboom|Knock Off|p2a: Garganacl
|-damage|p2a: Garganacl|82/100
|-enditem|p2a: Garganacl|Leftovers|[from] move: Knock Off|[of] p1a: Rillaboom
|move|p2a: Garganacl|Iron Defense|p2a: Garganacl
|-boost|p2a: Garganacl|def|2
|
|-heal|p2a: Garganacl|88/100|[from] Grassy Terrain
|upkeep
|turn|12
|
|t:|1757820623
|switch|p1a: Primarina|Primarina, F|100/100
|move|p2a: Garganacl|Salt Cure|p1a: Primarina
|-damage|p1a: Primarina|85/100
|-start|p1a: Primarina|Salt Cure
|
|-heal|p1a: Primarina|91/100|[from] Grassy Terrain
|-heal|p2a: Garganacl|94/100|[from] Grassy Terrain
|-damage|p1a: Primarina|66/100|[from] Salt Cure
|upkeep
|turn|13
|
|t:|1757820636
|-terastallize|p2a: Garganacl|Ghost
|move|p1a: Primarina|Hyper Voice|p2a: Garganacl
|-damage|p2a: Garganacl|62/100
|move|p2a: Garganacl|Iron Defense|p2a: Garganacl
|-boost|p2a: Garganacl|def|2
|
|-heal|p1a: Primarina|72/100|[from] Grassy Terrain
|-heal|p2a: Garganacl|68/100|[from] Grassy Terrain
|-damage|p1a: Primarina|47/100|[from] Salt Cure
|upkeep
|turn|14
|
|t:|1757820657
|move|p1a: Primarina|Draining Kiss|p2a: Garganacl
|-damage|p2a: Garganacl|50/100
|-heal|p1a: Primarina|62/100|[from] drain|[of] p2a: Garganacl
|move|p2a: Garganacl|Recover|p2a: Garganacl
|-heal|p2a: Garganacl|99/100
|
|-heal|p1a: Primarina|68/100|[from] Grassy Terrain
|-heal|p2a: Garganacl|100/100|[from] Grassy Terrain
|-damage|p1a: Primarina|43/100|[from] Salt Cure
|-fieldend|move: Grassy Terrain
|upkeep
|turn|15
|
|t:|1757820672
|move|p1a: Primarina|Moonblast|p2a: Garganacl
|-damage|p2a: Garganacl|66/100
|move|p2a: Garganacl|Body Press|p1a: Primarina
|-resisted|p1a: Primarina
|-damage|p1a: Primarina|0 fnt
|faint|p1a: Primarina
|
|upkeep
|
|t:|1757820691
|switch|p1a: Pawmot|Pawmot, M|100/100
|turn|16
|
|t:|1757820694
|move|p1a: Pawmot|Nuzzle|p2a: Garganacl
|-damage|p2a: Garganacl|65/100
|move|p2a: Garganacl|Recover|p2a: Garganacl
|-heal|p2a: Garganacl|100/100
|
|upkeep
|turn|17
|-message|Rizeau forfeited.
|
|win|the same as here
|raw|Rizeau's rating: 1337 &rarr; <strong>1315</strong><br />(-22 for losing)
|raw|the same as here's rating: 1297 &rarr; <strong>1325</strong><br />(+28 for winning)
|l|‽Rizeau
|player|p1|
