|j|☆dominogamer2137
|j|☆Mafia Cynthia
|t:|1757869557
|gametype|singles
|player|p1|dominogamer2137|101|1261
|player|p2|Mafia Cynthia|cynthia|1213
|gen|9
|tier|[Gen 9] OU
|rated|
|rule|HP Percentage Mod: HP is shown in percentages
|rule|Endless Battle Clause: Forcing endless battles is banned
|rule|Species Clause: Limit one of each Pokémon
|rule|OHKO Clause: OHKO moves are banned
|rule|Evasion Items Clause: Evasion items are banned
|rule|Evasion Moves Clause: Evasion moves are banned
|rule|Evasion Abilities Clause: Evasion abilities are banned
|rule|Sleep Moves Clause: Sleep-inducing moves are banned
|clearpoke
|poke|p1|Iron Crown|
|poke|p1|Meowscarada, F|
|poke|p1|Great Tusk|
|poke|p1|Pecharunt|
|poke|p1|Ting-Lu|
|poke|p1|Iron Valiant|
|poke|p2|Garchomp, M|
|poke|p2|Spiritomb, M|
|poke|p2|Lucario, M|
|poke|p2|Gastrodon, M|
|poke|p2|Enamorus, F|
|poke|p2|Galvantula, F|
|teampreview
|inactive|Battle timer is ON: inactive players will automatically lose when time's up. (requested by Mafia Cynthia)
|
|t:|1757869566
|teamsize|p1|6
|teamsize|p2|6
|start
|switch|p1a: Meowscarada|Meowscarada, F|100/100
|switch|p2a: Poppy|Galvantula, F, shiny|100/100
|turn|1
|
|t:|1757869580
|move|p1a: Meowscarada|U-turn|p2a: Poppy
|-start|p1a: Meowscarada|typechange|Bug|[from] ability: Protean
|-damage|p2a: Poppy|12/100
|
|t:|1757869586
|switch|p1a: Great Tusk|Great Tusk|100/100|[from] U-turn
|move|p2a: Poppy|Sticky Web|p1a: Great Tusk
|-sidestart|p1: dominogamer2137|move: Sticky Web
|
|upkeep
|turn|2
|
|t:|1757869595
|switch|p2a: The thing|Spiritomb, M, shiny|100/100
|move|p1a: Great Tusk|Bulk Up|p1a: Great Tusk
|-boost|p1a: Great Tusk|atk|1
|-boost|p1a: Great Tusk|def|1
|
|upkeep
|turn|3
|
|t:|1757869603
|move|p1a: Great Tusk|Headlong Rush|p2a: The thing
|-damage|p2a: The thing|38/100
|-unboost|p1a: Great Tusk|def|1
|-unboost|p1a: Great Tusk|spd|1
|move|p2a: The thing|Will-O-Wisp|p1a: Great Tusk
|-status|p1a: Great Tusk|brn
|
|-heal|p2a: The thing|45/100|[from] item: Leftovers
|-damage|p1a: Great Tusk|94/100 brn|[from] brn
|upkeep
|turn|4
|
|t:|1757869615
|move|p1a: Great Tusk|Bulk Up|p1a: Great Tusk
|-boost|p1a: Great Tusk|atk|1
|-boost|p1a: Great Tusk|def|1
|move|p2a: The thing|Pain Split|p1a: Great Tusk
|-sethp|p1a: Great Tusk|63/100 brn|[from] move: Pain Split|[silent]
|-sethp|p2a: The thing|89/100|[from] move: Pain Split
|
|-heal|p1a: Great Tusk|69/100 brn|[from] item: Leftovers
|-heal|p2a: The thing|96/100|[from] item: Leftovers
|-damage|p1a: Great Tusk|63/100 brn|[from] brn
|upkeep
|turn|5
|
|t:|1757869627
|move|p1a: Great Tusk|Bulk Up|p1a: Great Tusk
|-boost|p1a: Great Tusk|atk|1
|-boost|p1a: Great Tusk|def|1
|move|p2a: The thing|Foul Play|p1a: Great Tusk
|-resisted|p1a: Great Tusk
|-damage|p1a: Great Tusk|48/100 brn
|
|-heal|p1a: Great Tusk|54/100 brn|[from] item: Leftovers
|-heal|p2a: The thing|100/100|[from] item: Leftovers
|-damage|p1a: Great Tusk|48/100 brn|[from] brn
|upkeep
|turn|6
|
|t:|1757869638
|move|p1a: Great Tusk|Headlong Rush|p2a: The thing
|-damage|p2a: The thing|51/100
|-unboost|p1a: Great Tusk|def|1
|-unboost|p1a: Great Tusk|spd|1
|move|p2a: The thing|Hex|p1a: Great Tusk
|-damage|p1a: Great Tusk|0 fnt
|faint|p1a: Great Tusk
|-end|p1a: Great Tusk|Protosynthesis|[silent]
|
|-heal|p2a: The thing|58/100|[from] item: Leftovers
|upkeep
|
|t:|1757869648
|switch|p1a: Iron Crown|Iron Crown|100/100
|-activate|p1a: Iron Crown|move: Sticky Web
|-unboost|p1a: Iron Crown|spe|1
|turn|7
|
|t:|1757869658
|-terastallize|p1a: Iron Crown|Steel
|move|p1a: Iron Crown|Tachyon Cutter|p2a: The thing
|-damage|p2a: The thing|2/100
|-damage|p2a: The thing|0 fnt
|faint|p2a: The thing
|-hitcount|p2: The thing|2
|
|upkeep
|
|t:|1757869673
|switch|p2a: The doggo|Lucario, M, shiny|100/100
|turn|8
|
|t:|1757869685
|-end|p1a: Iron Crown|Quark Drive|[silent]
|switch|p1a: Iron Valiant|Iron Valiant|100/100
|-activate|p1a: Iron Valiant|move: Sticky Web
|-unboost|p1a: Iron Valiant|spe|1
|-enditem|p1a: Iron Valiant|Booster Energy
|-activate|p1a: Iron Valiant|ability: Quark Drive|[fromitem]
|-start|p1a: Iron Valiant|quarkdrivespa
|move|p2a: The doggo|Close Combat|p1a: Iron Valiant
|-resisted|p1a: Iron Valiant
|-damage|p1a: Iron Valiant|53/100
|-unboost|p2a: The doggo|def|1
|-unboost|p2a: The doggo|spd|1
|-damage|p2a: The doggo|91/100|[from] item: Life Orb
|
|upkeep
|turn|9
|
|t:|1757869699
|move|p2a: The doggo|Meteor Mash|p1a: Iron Valiant
|-supereffective|p1a: Iron Valiant
|-damage|p1a: Iron Valiant|0 fnt
|faint|p1a: Iron Valiant
|-end|p1a: Iron Valiant|Quark Drive|[silent]
|-damage|p2a: The doggo|81/100|[from] item: Life Orb
|
|upkeep
|
|t:|1757869708
|switch|p1a: Ting-Lu|Ting-Lu|100/100
|-activate|p1a: Ting-Lu|move: Sticky Web
|-unboost|p1a: Ting-Lu|spe|1
|-ability|p1a: Ting-Lu|Vessel of Ruin
|turn|10
|
|t:|1757869722
|move|p2a: The doggo|Close Combat|p1a: Ting-Lu
|-supereffective|p1a: Ting-Lu
|-damage|p1a: Ting-Lu|25/100
|-unboost|p2a: The doggo|def|1
|-unboost|p2a: The doggo|spd|1
|-damage|p2a: The doggo|71/100|[from] item: Life Orb
|move|p1a: Ting-Lu|Stealth Rock|p2a: The doggo
|-sidestart|p2: Mafia Cynthia|move: Stealth Rock
|
|-heal|p1a: Ting-Lu|31/100|[from] item: Leftovers
|upkeep
|turn|11
|-message|dominogamer2137 forfeited.
|
|win|Mafia Cynthia
|raw|dominogamer2137's rating: 1261 &rarr; <strong>1233</strong><br />(-28 for losing)
|raw|Mafia Cynthia's rating: 1213 &rarr; <strong>1241</strong><br />(+28 for winning)
|l|☆dominogamer2137
|player|p1|
|l|☆Mafia Cynthia
|player|p2|
