|j|☆I despise gliscor
|j|☆sbob9638
|t:|1757924642
|gametype|singles
|player|p1|I despise gliscor|benga|1228
|player|p2|sbob9638|2|1234
|gen|9
|tier|[Gen 9] OU
|rated|
|rule|HP Percentage Mod: HP is shown in percentages
|rule|Endless Battle Clause: Forcing endless battles is banned
|rule|Species Clause: Limit one of each Pokémon
|rule|OHKO Clause: OHKO moves are banned
|rule|Evasion Items Clause: Evasion items are banned
|rule|Evasion Moves Clause: Evasion moves are banned
|rule|Evasion Abilities Clause: Evasion abilities are banned
|rule|Sleep Moves Clause: Sleep-inducing moves are banned
|clearpoke
|poke|p1|Corviknight, M|
|poke|p1|Alomomola, F|
|poke|p1|Landorus-Therian, M|
|poke|p1|Meowscarada, F|
|poke|p1|Iron Moth|
|poke|p1|Gholdengo|
|poke|p2|Glimmora, M|
|poke|p2|Greninja-*, M|
|poke|p2|Dragapult, M|
|poke|p2|Great Tusk|
|poke|p2|Appletun, F|
|poke|p2|Kingambit, M|
|teampreview
|inactive|Battle timer is ON: inactive players will automatically lose when time's up. (requested by I despise gliscor)
|c|☆I despise gliscor|Gl
|
|t:|1757924663
|teamsize|p1|6
|teamsize|p2|6
|start
|switch|p1a: Masked Trick|Meowscarada, F|100/100
|switch|p2a: Dragapult|Dragapult, M|100/100
|turn|1
|
|t:|1757924675
|move|p2a: Dragapult|Fire Blast|p1a: Masked Trick|[miss]
|-miss|p2a: Dragapult|p1a: Masked Trick
|move|p1a: Masked Trick|Knock Off|p2a: Dragapult
|-start|p1a: Masked Trick|typechange|Dark|[from] ability: Protean
|-supereffective|p2a: Dragapult
|-damage|p2a: Dragapult|0 fnt
|-enditem|p2a: Dragapult|Dragon Fang|[from] move: Knock Off|[of] p1a: Masked Trick
|faint|p2a: Dragapult
|
|upkeep
|
|t:|1757924688
|switch|p2a: Glimmora|Glimmora, M|100/100
|turn|2
|
|t:|1757924697
|move|p1a: Masked Trick|Knock Off|p2a: Glimmora
|-crit|p2a: Glimmora
|-damage|p2a: Glimmora|48/100
|-activate|p2a: Glimmora|ability: Toxic Debris
|-sidestart|p1: I despise gliscor|move: Toxic Spikes
|-enditem|p2a: Glimmora|Leftovers|[from] move: Knock Off|[of] p1a: Masked Trick
|move|p2a: Glimmora|Stealth Rock|p1a: Masked Trick
|-sidestart|p1: I despise gliscor|move: Stealth Rock
|
|upkeep
|turn|3
|
|t:|1757924711
|move|p1a: Masked Trick|Flower Trick|p2a: Glimmora
|-crit|p2a: Glimmora
|-damage|p2a: Glimmora|25/100
|-activate|p2a: Glimmora|ability: Toxic Debris
|-sidestart|p1: I despise gliscor|move: Toxic Spikes
|move|p2a: Glimmora|Mortal Spin|p1a: Masked Trick
|-damage|p1a: Masked Trick|92/100
|-status|p1a: Masked Trick|psn
|
|-damage|p1a: Masked Trick|80/100 psn|[from] psn
|upkeep
|turn|4
|
|t:|1757924721
|move|p2a: Glimmora|Protect|p2a: Glimmora
|-singleturn|p2a: Glimmora|Protect
|move|p1a: Masked Trick|U-turn|p2a: Glimmora
|-activate|p2a: Glimmora|move: Protect
|
|-damage|p1a: Masked Trick|67/100 psn|[from] psn
|upkeep
|turn|5
|
|t:|1757924727
|move|p1a: Masked Trick|U-turn|p2a: Glimmora
|-resisted|p2a: Glimmora
|-damage|p2a: Glimmora|17/100
|
|t:|1757924730
|switch|p1a: Iron Wing|Corviknight, M|100/100|[from] U-turn
|-damage|p1a: Iron Wing|88/100|[from] Stealth Rock
|move|p2a: Glimmora|Spikes|p1a: Iron Wing
|-sidestart|p1: I despise gliscor|Spikes
|
|-heal|p1a: Iron Wing|94/100|[from] item: Leftovers
|upkeep
|turn|6
|
|t:|1757924754
|switch|p2a: Greninja|Greninja, M|100/100
|move|p1a: Iron Wing|Defog|p2a: Greninja
|-unboost|p2a: Greninja|evasion|1
|-sideend|p1: I despise gliscor|Spikes|[from] move: Defog|[of] p1a: Iron Wing
|-sideend|p1: I despise gliscor|Toxic Spikes|[from] move: Defog|[of] p1a: Iron Wing
|-sideend|p1: I despise gliscor|Stealth Rock|[from] move: Defog|[of] p1a: Iron Wing
|
|-heal|p1a: Iron Wing|99/100|[from] item: Leftovers
|upkeep
|turn|7
|
|t:|1757924762
|move|p2a: Greninja|Ice Beam|p1a: Iron Wing
|-damage|p1a: Iron Wing|74/100
|move|p1a: Iron Wing|U-turn|p2a: Greninja
|-supereffective|p2a: Greninja
|-damage|p2a: Greninja|27/100
|
|t:|1757924773
|switch|p1a: Masked Trick|Meowscarada, F|67/100 psn|[from] U-turn
|
|-damage|p1a: Masked Trick|55/100 psn|[from] psn
|upkeep
|turn|8
|
|t:|1757924802
|move|p2a: Greninja|Sludge Wave|p1a: Masked Trick
|-supereffective|p1a: Masked Trick
|-damage|p1a: Masked Trick|0 fnt
|faint|p1a: Masked Trick
|-ability|p2a: Greninja|Battle Bond|boost
|-boost|p2a: Greninja|atk|1
|-boost|p2a: Greninja|spa|1
|-boost|p2a: Greninja|spe|1
|-activate|p2a: Greninja|ability: Battle Bond
|
|upkeep
|
|t:|1757924816
|switch|p1a: Gold Specter|Gholdengo|100/100
|turn|9
|
|t:|1757924825
|move|p2a: Greninja|Dark Pulse|p1a: Gold Specter
|-supereffective|p1a: Gold Specter
|-damage|p1a: Gold Specter|0 fnt
|faint|p1a: Gold Specter
|
|upkeep
|
|t:|1757924832
|switch|p1a: Lovely Disk|Alomomola, F|100/100
|turn|10
|
|t:|1757924843
|move|p2a: Greninja|Sludge Wave|p1a: Lovely Disk
|-crit|p1a: Lovely Disk
|-damage|p1a: Lovely Disk|45/100
|move|p1a: Lovely Disk|Flip Turn|p2a: Greninja
|-resisted|p2a: Greninja
|-damage|p2a: Greninja|13/100
|-enditem|p2a: Greninja|Aguav Berry|[eat]
|-heal|p2a: Greninja|46/100|[from] item: Aguav Berry
|
|t:|1757924846
|switch|p1a: Iron Wing|Corviknight, M|74/100|[from] Flip Turn
|
|-heal|p1a: Iron Wing|80/100|[from] item: Leftovers
|upkeep
|turn|11
|
|t:|1757924856
|move|p2a: Greninja|Ice Beam|p1a: Iron Wing
|-damage|p1a: Iron Wing|43/100
|move|p1a: Iron Wing|Brave Bird|p2a: Greninja
|-damage|p2a: Greninja|0 fnt
|faint|p2a: Greninja
|-damage|p1a: Iron Wing|31/100|[from] Recoil
|
|-heal|p1a: Iron Wing|37/100|[from] item: Leftovers
|upkeep
|
|t:|1757924878
|switch|p2a: Appletun|Appletun, F|100/100
|turn|12
|
|t:|1757924884
|-terastallize|p2a: Appletun|Fairy
|move|p1a: Iron Wing|U-turn|p2a: Appletun
|-resisted|p2a: Appletun
|-damage|p2a: Appletun|91/100
|
|t:|1757924890
|switch|p1a: VoIcarona|Iron Moth|100/100|[from] U-turn
|move|p2a: Appletun|Leech Seed|p1a: VoIcarona
|-start|p1a: VoIcarona|move: Leech Seed
|
|-heal|p2a: Appletun|97/100|[from] item: Leftovers
|-damage|p1a: VoIcarona|88/100|[from] Leech Seed|[of] p2a: Appletun
|-heal|p2a: Appletun|100/100|[silent]
|upkeep
|turn|13
|
|t:|1757924900
|-end|p1a: VoIcarona|Quark Drive|[silent]
|switch|p1a: Landorus|Landorus-Therian, M|100/100
|-ability|p1a: Landorus|Intimidate|boost
|-unboost|p2a: Appletun|atk|1
|move|p2a: Appletun|Protect||[still]
|-fail|p2a: Appletun
|
|upkeep
|turn|14
|
|t:|1757924906
|move|p1a: Landorus|U-turn|p2a: Appletun
|-resisted|p2a: Appletun
|-damage|p2a: Appletun|87/100
|
|t:|1757924910
|switch|p1a: VoIcarona|Iron Moth|88/100|[from] U-turn
|move|p2a: Appletun|Leech Seed|p1a: VoIcarona
|-start|p1a: VoIcarona|move: Leech Seed
|
|-heal|p2a: Appletun|93/100|[from] item: Leftovers
|-damage|p1a: VoIcarona|76/100|[from] Leech Seed|[of] p2a: Appletun
|-heal|p2a: Appletun|100/100|[silent]
|upkeep
|turn|15
|
|t:|1757924922
|move|p1a: VoIcarona|Sludge Wave|p2a: Appletun
|-supereffective|p2a: Appletun
|-damage|p2a: Appletun|20/100
|-damage|p1a: VoIcarona|66/100|[from] item: Life Orb
|move|p2a: Appletun|Leech Seed||[still]
|-fail|p2a: Appletun
|
|-heal|p2a: Appletun|26/100|[from] item: Leftovers
|-damage|p1a: VoIcarona|54/100|[from] Leech Seed|[of] p2a: Appletun
|-heal|p2a: Appletun|35/100|[silent]
|upkeep
|turn|16
|
|t:|1757924932
|-end|p1a: VoIcarona|Quark Drive|[silent]
|switch|p1a: Landorus|Landorus-Therian, M|100/100
|-ability|p1a: Landorus|Intimidate|boost
|-unboost|p2a: Appletun|atk|1
|move|p2a: Appletun|Protect||[still]
|-fail|p2a: Appletun
|
|-heal|p2a: Appletun|41/100|[from] item: Leftovers
|upkeep
|turn|17
|
|t:|1757924941
|move|p2a: Appletun|Protect|p2a: Appletun
|-singleturn|p2a: Appletun|Protect
|move|p1a: Landorus|Earthquake|p2a: Appletun
|-activate|p2a: Appletun|move: Protect
|
|-heal|p2a: Appletun|47/100|[from] item: Leftovers
|upkeep
|turn|18
|
|t:|1757924956
|move|p1a: Landorus|Earthquake|p2a: Appletun
|-damage|p2a: Appletun|0 fnt
|faint|p2a: Appletun
|
|upkeep
|
|t:|1757924960
|switch|p2a: Great Tusk|Great Tusk|100/100
|-enditem|p2a: Great Tusk|Booster Energy
|-activate|p2a: Great Tusk|ability: Protosynthesis|[fromitem]
|-start|p2a: Great Tusk|protosynthesisatk
|turn|19
|
|t:|1757924968
|move|p2a: Great Tusk|Ice Spinner|p1a: Landorus
|-supereffective|p1a: Landorus
|-damage|p1a: Landorus|0 fnt
|faint|p1a: Landorus
|
|upkeep
|
|t:|1757924978
|switch|p1a: VoIcarona|Iron Moth|54/100
|turn|20
|
|t:|1757924990
|-terastallize|p1a: VoIcarona|Grass
|move|p1a: VoIcarona|Energy Ball|p2a: Great Tusk
|-supereffective|p2a: Great Tusk
|-damage|p2a: Great Tusk|0 fnt
|faint|p2a: Great Tusk
|-end|p2a: Great Tusk|Protosynthesis|[silent]
|-damage|p1a: VoIcarona|44/100|[from] item: Life Orb
|
|upkeep
|
|t:|1757924997
|switch|p2a: Glimmora|Glimmora, M|17/100
|turn|21
|
|t:|1757925003
|move|p1a: VoIcarona|Energy Ball|p2a: Glimmora
|-damage|p2a: Glimmora|0 fnt
|faint|p2a: Glimmora
|-damage|p1a: VoIcarona|34/100|[from] item: Life Orb
|
|upkeep
|
|t:|1757925008
|switch|p2a: Kingambit|Kingambit, M|100/100
|-activate|p2a: Kingambit|ability: Supreme Overlord
|-start|p2a: Kingambit|fallen5|[silent]
|turn|22
|
|t:|1757925018
|-end|p1a: VoIcarona|Quark Drive|[silent]
|switch|p1a: Lovely Disk|Alomomola, F|78/100
|move|p2a: Kingambit|Sucker Punch||[still]
|-fail|p2a: Kingambit
|
|-heal|p1a: Lovely Disk|84/100|[from] item: Leftovers
|upkeep
|turn|23
|
|t:|1757925027
|switch|p1a: Iron Wing|Corviknight, M|37/100
|move|p2a: Kingambit|Kowtow Cleave|p1a: Iron Wing
|-damage|p1a: Iron Wing|0 fnt
|faint|p1a: Iron Wing
|
|upkeep
|
|t:|1757925041
|switch|p1a: Lovely Disk|Alomomola, F|100/100
|turn|24
|
|t:|1757925047
|move|p2a: Kingambit|Kowtow Cleave|p1a: Lovely Disk
|-damage|p1a: Lovely Disk|51/100
|move|p1a: Lovely Disk|Scald|p2a: Kingambit
|-damage|p2a: Kingambit|84/100
|
|-heal|p2a: Kingambit|90/100|[from] item: Leftovers
|-heal|p1a: Lovely Disk|57/100|[from] item: Leftovers
|upkeep
|turn|25
|
|t:|1757925057
|move|p1a: Lovely Disk|Protect|p1a: Lovely Disk
|-singleturn|p1a: Lovely Disk|Protect
|move|p2a: Kingambit|Iron Head|p1a: Lovely Disk
|-activate|p1a: Lovely Disk|move: Protect
|
|-heal|p2a: Kingambit|96/100|[from] item: Leftovers
|-heal|p1a: Lovely Disk|63/100|[from] item: Leftovers
|upkeep
|turn|26
|
|t:|1757925072
|move|p2a: Kingambit|Iron Head|p1a: Lovely Disk
|-resisted|p1a: Lovely Disk
|-damage|p1a: Lovely Disk|40/100
|cant|p1a: Lovely Disk|flinch
|
|-heal|p2a: Kingambit|100/100|[from] item: Leftovers
|-heal|p1a: Lovely Disk|46/100|[from] item: Leftovers
|upkeep
|turn|27
|
|t:|1757925081
|switch|p1a: VoIcarona|Iron Moth, tera:Grass|34/100
|move|p2a: Kingambit|Iron Head|p1a: VoIcarona
|-damage|p1a: VoIcarona|0 fnt
|faint|p1a: VoIcarona
|-end|p1a: VoIcarona|Quark Drive|[silent]
|
|upkeep
|
|t:|1757925083
|switch|p1a: Lovely Disk|Alomomola, F|79/100
|turn|28
|
|t:|1757925090
|move|p2a: Kingambit|Swords Dance|p2a: Kingambit
|-boost|p2a: Kingambit|atk|2
|move|p1a: Lovely Disk|Scald|p2a: Kingambit
|-damage|p2a: Kingambit|84/100
|-status|p2a: Kingambit|brn
|
|-heal|p2a: Kingambit|90/100 brn|[from] item: Leftovers
|-heal|p1a: Lovely Disk|85/100|[from] item: Leftovers
|-damage|p2a: Kingambit|84/100 brn|[from] brn
|upkeep
|turn|29
|
|t:|1757925099
|move|p2a: Kingambit|Swords Dance|p2a: Kingambit
|-boost|p2a: Kingambit|atk|2
|move|p1a: Lovely Disk|Scald|p2a: Kingambit
|-damage|p2a: Kingambit|68/100 brn
|
|-heal|p2a: Kingambit|74/100 brn|[from] item: Leftovers
|-heal|p1a: Lovely Disk|91/100|[from] item: Leftovers
|-damage|p2a: Kingambit|68/100 brn|[from] brn
|upkeep
|turn|30
|
|t:|1757925112
|move|p2a: Kingambit|Iron Head|p1a: Lovely Disk
|-resisted|p1a: Lovely Disk
|-damage|p1a: Lovely Disk|58/100
|move|p1a: Lovely Disk|Scald|p2a: Kingambit
|-damage|p2a: Kingambit|53/100 brn
|
|-heal|p2a: Kingambit|59/100 brn|[from] item: Leftovers
|-heal|p1a: Lovely Disk|64/100|[from] item: Leftovers
|-damage|p2a: Kingambit|53/100 brn|[from] brn
|upkeep
|turn|31
|
|t:|1757925123
|move|p2a: Kingambit|Kowtow Cleave|p1a: Lovely Disk
|-damage|p1a: Lovely Disk|0 fnt
|faint|p1a: Lovely Disk
|
|win|sbob9638
|raw|I despise gliscor's rating: 1228 &rarr; <strong>1203</strong><br />(-25 for losing)
|raw|sbob9638's rating: 1234 &rarr; <strong>1259</strong><br />(+25 for winning)
|c|☆I despise gliscor|Gg
|l|☆I despise gliscor
|player|p1|
|l|☆sbob9638
|player|p2|
