|j|☆Karan8179
|j|☆Plug Kristmas
|t:|1757930864
|gametype|singles
|player|p1|Karan8179|red|1084
|player|p2|Plug Kristmas|rood|1109
|gen|9
|tier|[Gen 9] OU
|rated|
|rule|HP Percentage Mod: HP is shown in percentages
|rule|Endless Battle Clause: Forcing endless battles is banned
|rule|Species Clause: Limit one of each Pokémon
|rule|OHKO Clause: OHKO moves are banned
|rule|Evasion Items Clause: Evasion items are banned
|rule|Evasion Moves Clause: Evasion moves are banned
|rule|Evasion Abilities Clause: Evasion abilities are banned
|rule|Sleep Moves Clause: Sleep-inducing moves are banned
|clearpoke
|poke|p1|Ceruledge, M|
|poke|p1|Greninja-*, M|
|poke|p1|Scyther, M|
|poke|p1|Garganacl, M|
|poke|p1|Lycanroc-Midnight, M|
|poke|p1|Salamence, M|
|poke|p2|Alcremie, F|
|poke|p2|Hariyama, F|
|poke|p2|Forretress, M|
|poke|p2|Manaphy|
|poke|p2|Iron Valiant|
|poke|p2|Heatran, F|
|teampreview
|inactive|Battle timer is ON: inactive players will automatically lose when time's up. (requested by Karan8179)
|
|t:|1757930874
|teamsize|p1|6
|teamsize|p2|6
|start
|switch|p1a: Garganacl|Garganacl, M|100/100
|switch|p2a: Forretress|Forretress, M|100/100
|turn|1
|
|t:|1757930882
|move|p2a: Forretress|Toxic Spikes|p1a: Garganacl
|-sidestart|p1: Karan8179|move: Toxic Spikes
|move|p1a: Garganacl|Salt Cure|p2a: Forretress
|-damage|p2a: Forretress|93/100
|-start|p2a: Forretress|Salt Cure
|
|-damage|p2a: Forretress|68/100|[from] Salt Cure
|upkeep
|turn|2
|
|t:|1757930892
|switch|p1a: Scyther|Scyther, M|100/100
|move|p2a: Forretress|Spikes|p1a: Scyther
|-sidestart|p1: Karan8179|Spikes
|
|-damage|p2a: Forretress|43/100|[from] Salt Cure
|upkeep
|turn|3
|
|t:|1757930906
|switch|p2a: Alcremie|Alcremie, F|100/100
|move|p1a: Scyther|Dual Wingbeat|p2a: Alcremie
|-damage|p2a: Alcremie|71/100
|-damage|p2a: Alcremie|39/100
|-hitcount|p2a: Alcremie|2
|
|-heal|p2a: Alcremie|45/100|[from] item: Leftovers
|upkeep
|turn|4
|
|t:|1757930917
|move|p1a: Scyther|Defog|p2a: Alcremie
|-unboost|p2a: Alcremie|evasion|1
|-sideend|p1: Karan8179|Spikes|[from] move: Defog|[of] p1a: Scyther
|-sideend|p1: Karan8179|Toxic Spikes|[from] move: Defog|[of] p1a: Scyther
|move|p2a: Alcremie|Recover|p2a: Alcremie
|-heal|p2a: Alcremie|95/100
|
|-heal|p2a: Alcremie|100/100|[from] item: Leftovers
|upkeep
|turn|5
|
|t:|1757930927
|switch|p1a: Greninja|Greninja, M|100/100
|move|p2a: Alcremie|Acid Armor|p2a: Alcremie
|-boost|p2a: Alcremie|def|2
|
|upkeep
|turn|6
|
|t:|1757930933
|move|p1a: Greninja|U-turn|p2a: Alcremie
|-start|p1a: Greninja|typechange|Bug|[from] ability: Protean
|-resisted|p2a: Alcremie
|-damage|p2a: Alcremie|93/100
|
|t:|1757930938
|switch|p1a: Darkuro|Ceruledge, M, shiny|100/100|[from] U-turn
|move|p2a: Alcremie|Calm Mind|p2a: Alcremie
|-boost|p2a: Alcremie|spa|1
|-boost|p2a: Alcremie|spd|1
|
|-heal|p2a: Alcremie|99/100|[from] item: Leftovers
|upkeep
|turn|7
|
|t:|1757930949
|move|p1a: Darkuro|Swords Dance|p1a: Darkuro
|-boost|p1a: Darkuro|atk|2
|move|p2a: Alcremie|Acid Armor|p2a: Alcremie
|-boost|p2a: Alcremie|def|2
|
|-heal|p2a: Alcremie|100/100|[from] item: Leftovers
|upkeep
|turn|8
|
|t:|1757930957
|move|p1a: Darkuro|Bitter Blade|p2a: Alcremie
|-damage|p2a: Alcremie|58/100
|move|p2a: Alcremie|Acid Armor|p2a: Alcremie
|-boost|p2a: Alcremie|def|2
|
|-heal|p2a: Alcremie|64/100|[from] item: Leftovers
|upkeep
|turn|9
|
|t:|1757930967
|move|p1a: Darkuro|Swords Dance|p1a: Darkuro
|-boost|p1a: Darkuro|atk|2
|move|p2a: Alcremie|Recover|p2a: Alcremie
|-heal|p2a: Alcremie|100/100
|
|upkeep
|turn|10
|
|t:|1757930974
|move|p1a: Darkuro|Bitter Blade|p2a: Alcremie
|-damage|p2a: Alcremie|55/100
|move|p2a: Alcremie|Draining Kiss|p1a: Darkuro
|-resisted|p1a: Darkuro
|-damage|p1a: Darkuro|85/100
|-heal|p2a: Alcremie|65/100|[from] drain|[of] p1a: Darkuro
|
|-heal|p2a: Alcremie|71/100|[from] item: Leftovers
|upkeep
|turn|11
|
|t:|1757930988
|switch|p2a: Forretress|Forretress, M|43/100
|move|p1a: Darkuro|Bitter Blade|p2a: Forretress
|-supereffective|p2a: Forretress
|-damage|p2a: Forretress|0 fnt
|-heal|p1a: Darkuro|100/100|[from] drain|[of] p2a: Forretress
|-damage|p1a: Darkuro|84/100|[from] item: Rocky Helmet|[of] p2a: Forretress
|faint|p2a: Forretress
|
|upkeep
|
|t:|1757930998
|switch|p2a: Manaphy|Manaphy|100/100
|turn|12
|
|t:|1757931006
|move|p2a: Manaphy|Surf|p1a: Darkuro
|-supereffective|p1a: Darkuro
|-damage|p1a: Darkuro|0 fnt
|faint|p1a: Darkuro
|
|upkeep
|
|t:|1757931012
|switch|p1a: Garganacl|Garganacl, M|100/100
|turn|13
|
|t:|1757931016
|move|p2a: Manaphy|Tail Glow|p2a: Manaphy
|-boost|p2a: Manaphy|spa|3
|move|p1a: Garganacl|Salt Cure|p2a: Manaphy
|-damage|p2a: Manaphy|88/100
|-start|p2a: Manaphy|Salt Cure
|
|-heal|p2a: Manaphy|94/100|[from] item: Leftovers
|-damage|p2a: Manaphy|69/100|[from] Salt Cure
|upkeep
|turn|14
|inactive|Karan8179 has 120 seconds left.
|
|t:|1757931062
|switch|p1a: Lycanroc|Lycanroc-Midnight, M|100/100
|move|p2a: Manaphy|Energy Ball|p1a: Lycanroc
|-supereffective|p1a: Lycanroc
|-enditem|p1a: Lycanroc|Focus Sash
|-damage|p1a: Lycanroc|1/100
|
|-heal|p2a: Manaphy|75/100|[from] item: Leftovers
|-damage|p2a: Manaphy|50/100|[from] Salt Cure
|upkeep
|turn|15
|
|t:|1757931075
|move|p2a: Manaphy|Surf|p1a: Lycanroc
|-supereffective|p1a: Lycanroc
|-damage|p1a: Lycanroc|0 fnt
|faint|p1a: Lycanroc
|
|-heal|p2a: Manaphy|57/100|[from] item: Leftovers
|-damage|p2a: Manaphy|32/100|[from] Salt Cure
|upkeep
|
|t:|1757931090
|switch|p1a: Greninja|Greninja, M|100/100
|turn|16
|
|t:|1757931099
|move|p1a: Greninja|Dark Pulse|p2a: Manaphy
|-start|p1a: Greninja|typechange|Dark|[from] ability: Protean
|-damage|p2a: Manaphy|0 fnt
|faint|p2a: Manaphy
|
|upkeep
|
|t:|1757931109
|switch|p2a: Iron Valiant|Iron Valiant|100/100
|turn|17
|
|t:|1757931118
|move|p1a: Greninja|U-turn|p2a: Iron Valiant
|-resisted|p2a: Iron Valiant
|-damage|p2a: Iron Valiant|96/100
|
|t:|1757931127
|switch|p1a: Scyther|Scyther, M|100/100|[from] U-turn
|move|p2a: Iron Valiant|Close Combat|p1a: Scyther
|-resisted|p1a: Scyther
|-damage|p1a: Scyther|85/100
|-unboost|p2a: Iron Valiant|def|1
|-unboost|p2a: Iron Valiant|spd|1
|-damage|p2a: Iron Valiant|86/100|[from] item: Life Orb
|
|upkeep
|turn|18
|
|t:|1757931139
|-end|p2a: Iron Valiant|Quark Drive|[silent]
|switch|p2a: Alcremie|Alcremie, F|71/100
|move|p1a: Scyther|Dual Wingbeat|p2a: Alcremie
|-damage|p2a: Alcremie|43/100
|-crit|p2a: Alcremie
|-damage|p2a: Alcremie|0 fnt
|faint|p2a: Alcremie
|-hitcount|p2: Alcremie|2
|
|upkeep
|
|t:|1757931150
|switch|p2a: Iron Valiant|Iron Valiant|86/100
|turn|19
|
|t:|1757931155
|-terastallize|p2a: Iron Valiant|Fairy
|move|p2a: Iron Valiant|Ice Punch|p1a: Scyther
|-supereffective|p1a: Scyther
|-damage|p1a: Scyther|28/100
|-damage|p2a: Iron Valiant|76/100|[from] item: Life Orb
|move|p1a: Scyther|Dual Wingbeat|p2a: Iron Valiant
|-damage|p2a: Iron Valiant|45/100
|-damage|p2a: Iron Valiant|16/100
|-hitcount|p2a: Iron Valiant|2
|
|upkeep
|turn|20
|
|t:|1757931168
|move|p1a: Scyther|Quick Attack|p2a: Iron Valiant
|-damage|p2a: Iron Valiant|0 fnt
|faint|p2a: Iron Valiant
|-end|p2a: Iron Valiant|Quark Drive|[silent]
|
|upkeep
|
|t:|1757931173
|switch|p2a: Hariyama|Hariyama, F|100/100
|turn|21
|
|t:|1757931178
|move|p1a: Scyther|Dual Wingbeat|p2a: Hariyama
|-supereffective|p2a: Hariyama
|-damage|p2a: Hariyama|49/100
|-supereffective|p2a: Hariyama
|-damage|p2a: Hariyama|5/100
|-hitcount|p2a: Hariyama|2
|move|p2a: Hariyama|Thunder Punch|p1a: Scyther
|-supereffective|p1a: Scyther
|-damage|p1a: Scyther|0 fnt
|faint|p1a: Scyther
|
|-status|p2a: Hariyama|brn|[from] item: Flame Orb
|upkeep
|
|t:|1757931192
|switch|p1a: Greninja|Greninja, M|100/100
|turn|22
|
|t:|1757931197
|move|p1a: Greninja|Surf|p2a: Hariyama
|-start|p1a: Greninja|typechange|Water|[from] ability: Protean
|-damage|p2a: Hariyama|0 fnt
|faint|p2a: Hariyama
|
|upkeep
|
|t:|1757931204
|switch|p2a: Heatran|Heatran, F|100/100
|-item|p2a: Heatran|Air Balloon
|turn|23
|
|t:|1757931209
|move|p1a: Greninja|Surf|p2a: Heatran
|-supereffective|p2a: Heatran
|-damage|p2a: Heatran|18/100
|-enditem|p2a: Heatran|Air Balloon
|move|p2a: Heatran|Earth Power|p1a: Greninja
|-damage|p1a: Greninja|43/100
|
|upkeep
|turn|24
|
|t:|1757931218
|move|p1a: Greninja|Surf|p2a: Heatran
|-supereffective|p2a: Heatran
|-damage|p2a: Heatran|0 fnt
|faint|p2a: Heatran
|
|win|Karan8179
|raw|Karan8179's rating: 1084 &rarr; <strong>1115</strong><br />(+31 for winning)
|raw|Plug Kristmas's rating: 1133 &rarr; <strong>1104</strong><br />(-29 for losing)
|l|☆Plug Kristmas
|player|p2|
|l|☆Karan8179
|player|p1|
