|j|☆LifeOrbPex
|j|☆Reb_Am
|t:|1757919090
|gametype|singles
|player|p1|LifeOrbPex|fantina|1244
|player|p2|Reb_Am|169|1237
|gen|9
|tier|[Gen 9] OU
|rated|
|rule|HP Percentage Mod: HP is shown in percentages
|rule|Endless Battle Clause: Forcing endless battles is banned
|rule|Species Clause: Limit one of each Pokémon
|rule|OHKO Clause: OHKO moves are banned
|rule|Evasion Items Clause: Evasion items are banned
|rule|Evasion Moves Clause: Evasion moves are banned
|rule|Evasion Abilities Clause: Evasion abilities are banned
|rule|Sleep Moves Clause: Sleep-inducing moves are banned
|clearpoke
|poke|p1|Ogerpon-Wellspring, F|
|poke|p1|Kyurem|
|poke|p1|Slowking-Galar, M|
|poke|p1|Iron Treads|
|poke|p1|Zamazenta-*|
|poke|p1|Moltres|
|poke|p2|Araquanid, F|
|poke|p2|Iron Moth|
|poke|p2|Iron Valiant|
|poke|p2|Iron Treads|
|poke|p2|Raging Bolt|
|poke|p2|Rillaboom, M|
|teampreview
|inactive|Battle timer is ON: inactive players will automatically lose when time's up. (requested by Reb_Am)
|
|t:|1757919116
|teamsize|p1|6
|teamsize|p2|6
|start
|switch|p1a: Ogerpon|Ogerpon-Wellspring, F|100/100
|switch|p2a: Rillaboom|Rillaboom, M|100/100
|-fieldstart|move: Grassy Terrain|[from] ability: Grassy Surge|[of] p2a: Rillaboom
|turn|1
|
|t:|1757919120
|move|p1a: Ogerpon|U-turn|p2a: Rillaboom
|-supereffective|p2a: Rillaboom
|-damage|p2a: Rillaboom|36/100
|
|t:|1757919124
|switch|p1a: Moltres|Moltres|100/100|[from] U-turn
|move|p2a: Rillaboom|U-turn|p1a: Moltres
|-resisted|p1a: Moltres
|-damage|p1a: Moltres|93/100
|
|t:|1757919129
|switch|p2a: Araquanid|Araquanid, F|100/100|[from] U-turn
|
|upkeep
|turn|2
|
|t:|1757919142
|move|p1a: Moltres|U-turn|p2a: Araquanid
|-damage|p2a: Araquanid|86/100
|
|t:|1757919148
|switch|p1a: Ogerpon|Ogerpon-Wellspring, F|100/100|[from] U-turn
|move|p2a: Araquanid|Sticky Web|p1a: Ogerpon
|-sidestart|p1: LifeOrbPex|move: Sticky Web
|
|-heal|p2a: Araquanid|92/100|[from] Grassy Terrain
|upkeep
|turn|3
|
|t:|1757919159
|move|p1a: Ogerpon|Wood Hammer|p2a: Araquanid
|-damage|p2a: Araquanid|0 fnt
|faint|p2a: Araquanid
|-damage|p1a: Ogerpon|66/100|[from] Recoil
|
|-heal|p1a: Ogerpon|72/100|[from] Grassy Terrain
|upkeep
|inactive|Reb_Am has 120 seconds left.
|
|t:|1757919190
|switch|p2a: Iron Moth|Iron Moth|100/100
|-enditem|p2a: Iron Moth|Booster Energy
|-activate|p2a: Iron Moth|ability: Quark Drive|[fromitem]
|-start|p2a: Iron Moth|quarkdrivespe
|turn|4
|
|t:|1757919205
|switch|p1a: Slowking|Slowking-Galar, M|100/100
|move|p2a: Iron Moth|Substitute|p2a: Iron Moth
|-start|p2a: Iron Moth|Substitute
|-damage|p2a: Iron Moth|75/100
|
|-heal|p2a: Iron Moth|82/100|[from] Grassy Terrain
|upkeep
|turn|5
|
|t:|1757919215
|move|p2a: Iron Moth|Fiery Dance|p1a: Slowking
|-damage|p1a: Slowking|78/100
|-boost|p2a: Iron Moth|spa|1
|move|p1a: Slowking|Future Sight|p2a: Iron Moth
|-start|p1a: Slowking|move: Future Sight
|
|-heal|p2a: Iron Moth|88/100|[from] Grassy Terrain
|-heal|p1a: Slowking|85/100|[from] Grassy Terrain
|-fieldend|move: Grassy Terrain
|upkeep
|turn|6
|
|t:|1757919242
|move|p2a: Iron Moth|Fiery Dance|p1a: Slowking
|-damage|p1a: Slowking|45/100
|-prepare|p1a: Slowking|Chilly Reception|[premajor]
|move|p1a: Slowking|Chilly Reception|p1a: Slowking
|-weather|Snowscape
|
|t:|1757919265
|switch|p1a: Iron Treads|Iron Treads|100/100|[from] Chilly Reception
|-activate|p1a: Iron Treads|move: Sticky Web
|-unboost|p1a: Iron Treads|spe|1
|
|-weather|Snowscape|[upkeep]
|upkeep
|turn|7
|
|t:|1757919288
|move|p2a: Iron Moth|Fiery Dance|p1a: Iron Treads
|-supereffective|p1a: Iron Treads
|-damage|p1a: Iron Treads|0 fnt
|-boost|p2a: Iron Moth|spa|1
|faint|p1a: Iron Treads
|-end|p1a: Iron Treads|Quark Drive|[silent]
|
|-weather|Snowscape|[upkeep]
|-end|p2a: Iron Moth|move: Future Sight
|-supereffective|p2a: Iron Moth
|-end|p2a: Iron Moth|Substitute
|upkeep
|inactive|LifeOrbPex has 120 seconds left.
|
|t:|1757919301
|switch|p1a: Zamazenta|Zamazenta|100/100
|-activate|p1a: Zamazenta|move: Sticky Web
|-unboost|p1a: Zamazenta|spe|1
|-ability|p1a: Zamazenta|Dauntless Shield|boost
|-boost|p1a: Zamazenta|def|1
|turn|8
|
|t:|1757919311
|move|p2a: Iron Moth|Fiery Dance|p1a: Zamazenta
|-damage|p1a: Zamazenta|25/100
|move|p1a: Zamazenta|Stone Edge|p2a: Iron Moth
|-supereffective|p2a: Iron Moth
|-damage|p2a: Iron Moth|0 fnt
|faint|p2a: Iron Moth
|-end|p2a: Iron Moth|Quark Drive|[silent]
|
|-weather|Snowscape|[upkeep]
|upkeep
|inactive|Reb_Am has 120 seconds left.
|
|t:|1757919343
|switch|p2a: Iron Treads|Iron Treads|100/100
|turn|9
|
|t:|1757919357
|switch|p1a: Moltres|Moltres|93/100
|move|p2a: Iron Treads|Stealth Rock|p1a: Moltres
|-sidestart|p1: LifeOrbPex|move: Stealth Rock
|
|-weather|Snowscape|[upkeep]
|upkeep
|turn|10
|
|t:|1757919377
|move|p2a: Iron Treads|Knock Off|p1a: Moltres
|-damage|p1a: Moltres|76/100
|-enditem|p1a: Moltres|Heavy-Duty Boots|[from] move: Knock Off|[of] p2a: Iron Treads
|move|p1a: Moltres|Overheat|p2a: Iron Treads
|-supereffective|p2a: Iron Treads
|-damage|p2a: Iron Treads|0 fnt
|-unboost|p1a: Moltres|spa|2
|faint|p2a: Iron Treads
|-end|p2a: Iron Treads|Quark Drive|[silent]
|
|-weather|none
|upkeep
|
|t:|1757919383
|switch|p2a: Raging Bolt|Raging Bolt|100/100
|-enditem|p2a: Raging Bolt|Booster Energy
|-activate|p2a: Raging Bolt|ability: Protosynthesis|[fromitem]
|-start|p2a: Raging Bolt|protosynthesisspa
|turn|11
|inactive|LifeOrbPex has 120 seconds left.
|
|t:|1757919417
|move|p1a: Moltres|Will-O-Wisp|p2a: Raging Bolt
|-status|p2a: Raging Bolt|brn
|move|p2a: Raging Bolt|Calm Mind|p2a: Raging Bolt
|-boost|p2a: Raging Bolt|spa|1
|-boost|p2a: Raging Bolt|spd|1
|
|-damage|p2a: Raging Bolt|94/100 brn|[from] brn
|upkeep
|turn|12
|
|t:|1757919424
|move|p1a: Moltres|U-turn|p2a: Raging Bolt
|-damage|p2a: Raging Bolt|83/100 brn
|
|t:|1757919428
|switch|p1a: Slowking|Slowking-Galar, M|79/100|[from] U-turn
|move|p2a: Raging Bolt|Dragon Pulse|p1a: Slowking
|-damage|p1a: Slowking|24/100
|
|-damage|p2a: Raging Bolt|77/100 brn|[from] brn
|upkeep
|turn|13
|inactive|LifeOrbPex has 120 seconds left.
|
|t:|1757919454
|switch|p1a: Moltres|Moltres|76/100
|-damage|p1a: Moltres|26/100|[from] Stealth Rock
|move|p2a: Raging Bolt|Dragon Pulse|p1a: Moltres
|-damage|p1a: Moltres|0 fnt
|faint|p1a: Moltres
|
|-damage|p2a: Raging Bolt|71/100 brn|[from] brn
|upkeep
|
|t:|1757919462
|switch|p1a: Zamazenta|Zamazenta|25/100
|-activate|p1a: Zamazenta|move: Sticky Web
|-unboost|p1a: Zamazenta|spe|1
|-damage|p1a: Zamazenta|19/100|[from] Stealth Rock
|turn|14
|
|t:|1757919469
|move|p2a: Raging Bolt|Thunderclap|p1a: Zamazenta
|-damage|p1a: Zamazenta|0 fnt
|faint|p1a: Zamazenta
|
|-damage|p2a: Raging Bolt|65/100 brn|[from] brn
|upkeep
|
|t:|1757919490
|switch|p1a: Kyurem|Kyurem|100/100
|-activate|p1a: Kyurem|move: Sticky Web
|-unboost|p1a: Kyurem|spe|1
|-damage|p1a: Kyurem|76/100|[from] Stealth Rock
|-ability|p1a: Kyurem|Pressure
|turn|15
|
|t:|1757919507
|-terastallize|p2a: Raging Bolt|Fairy
|-terastallize|p1a: Kyurem|Water
|move|p2a: Raging Bolt|Dragon Pulse|p1a: Kyurem
|-damage|p1a: Kyurem|0 fnt
|faint|p1a: Kyurem
|
|-damage|p2a: Raging Bolt|59/100 brn|[from] brn
|upkeep
|c|☆LifeOrbPex|gg
|-message|LifeOrbPex forfeited.
|
|win|Reb_Am
|raw|LifeOrbPex's rating: 1244 &rarr; <strong>1218</strong><br />(-26 for losing)
|raw|Reb_Am's rating: 1237 &rarr; <strong>1263</strong><br />(+26 for winning)
|l|☆Reb_Am
|player|p2|
