|j|☆redfeatherz
|j|☆DesiredFood
|t:|1757868096
|gametype|singles
|player|p1|redfeatherz|2|1419
|player|p2|DesiredFood|viola|1474
|gen|9
|tier|[Gen 9] OU
|rated|
|rule|HP Percentage Mod: HP is shown in percentages
|rule|Endless Battle Clause: Forcing endless battles is banned
|rule|Species Clause: Limit one of each Pokémon
|rule|OHKO Clause: OHKO moves are banned
|rule|Evasion Items Clause: Evasion items are banned
|rule|Evasion Moves Clause: Evasion moves are banned
|rule|Evasion Abilities Clause: Evasion abilities are banned
|rule|Sleep Moves Clause: Sleep-inducing moves are banned
|clearpoke
|poke|p1|Clawitzer, F|
|poke|p1|Iron Jugulis|
|poke|p1|Vileplume, M|
|poke|p1|Gallade, M|
|poke|p1|Klawf, F|
|poke|p1|Scizor, M|
|poke|p2|Landorus-Therian, M|
|poke|p2|Gholdengo|
|poke|p2|Samurott-Hisui, F|
|poke|p2|Pecharunt|
|poke|p2|Dragonite, F|
|poke|p2|Zamazenta-*|
|teampreview
|
|t:|1757868117
|teamsize|p1|6
|teamsize|p2|6
|start
|switch|p1a: Klawf|Klawf, F|100/100
|switch|p2a: Landorus|Landorus-Therian, M|100/100
|-ability|p2a: Landorus|Intimidate|boost
|-unboost|p1a: Klawf|atk|1
|turn|1
|
|t:|1757868126
|move|p2a: Landorus|Taunt|p1a: Klawf
|-start|p1a: Klawf|move: Taunt
|cant|p1a: Klawf|move: Taunt|Stealth Rock
|
|upkeep
|turn|2
|
|t:|1757868130
|move|p2a: Landorus|Stealth Rock|p1a: Klawf
|-sidestart|p1: redfeatherz|move: Stealth Rock
|move|p1a: Klawf|Rock Slide|p2a: Landorus
|-damage|p2a: Landorus|79/100
|
|upkeep
|turn|3
|
|t:|1757868133
|move|p2a: Landorus|Earthquake|p1a: Klawf
|-supereffective|p1a: Klawf
|-enditem|p1a: Klawf|Focus Sash
|-damage|p1a: Klawf|1/100
|-ability|p1a: Klawf|Anger Shell|boost
|-boost|p1a: Klawf|atk|1
|-boost|p1a: Klawf|spa|1
|-boost|p1a: Klawf|spe|1
|-unboost|p1a: Klawf|def|1
|-unboost|p1a: Klawf|spd|1
|move|p1a: Klawf|Rock Slide|p2a: Landorus
|-damage|p2a: Landorus|45/100
|
|-end|p1a: Klawf|move: Taunt
|upkeep
|turn|4
|
|t:|1757868142
|move|p1a: Klawf|Stealth Rock|p2a: Landorus
|-sidestart|p2: DesiredFood|move: Stealth Rock
|move|p2a: Landorus|U-turn|p1a: Klawf
|-damage|p1a: Klawf|0 fnt
|faint|p1a: Klawf
|
|t:|1757868148
|switch|p2a: Pecharunt|Pecharunt|100/100|[from] U-turn
|
|upkeep
|
|t:|1757868154
|switch|p1a: Iron Jugulis|Iron Jugulis|100/100
|-damage|p1a: Iron Jugulis|76/100|[from] Stealth Rock
|-enditem|p1a: Iron Jugulis|Booster Energy
|-activate|p1a: Iron Jugulis|ability: Quark Drive|[fromitem]
|-start|p1a: Iron Jugulis|quarkdrivespe
|turn|5
|
|t:|1757868161
|switch|p2a: Samurott|Samurott-Hisui, F|100/100
|-damage|p2a: Samurott|88/100|[from] Stealth Rock
|move|p1a: Iron Jugulis|Dark Pulse|p2a: Samurott
|-resisted|p2a: Samurott
|-damage|p2a: Samurott|77/100
|
|upkeep
|turn|6
|
|t:|1757868168
|move|p1a: Iron Jugulis|Acrobatics|p2a: Samurott
|-damage|p2a: Samurott|29/100
|move|p2a: Samurott|Ceaseless Edge|p1a: Iron Jugulis
|-resisted|p1a: Iron Jugulis
|-damage|p1a: Iron Jugulis|51/100
|-sidestart|p1: redfeatherz|Spikes
|
|upkeep
|turn|7
|
|t:|1757868175
|switch|p2a: Landorus|Landorus-Therian, M|45/100
|-damage|p2a: Landorus|32/100|[from] Stealth Rock
|-ability|p2a: Landorus|Intimidate|boost
|-unboost|p1a: Iron Jugulis|atk|1
|move|p1a: Iron Jugulis|Acrobatics|p2a: Landorus
|-damage|p2a: Landorus|5/100
|-damage|p1a: Iron Jugulis|35/100|[from] item: Rocky Helmet|[of] p2a: Landorus
|
|upkeep
|turn|8
|
|t:|1757868184
|move|p1a: Iron Jugulis|Dark Pulse|p2a: Landorus
|-damage|p2a: Landorus|0 fnt
|faint|p2a: Landorus
|
|upkeep
|
|t:|1757868199
|switch|p2a: Samurott|Samurott-Hisui, F|29/100
|-damage|p2a: Samurott|16/100|[from] Stealth Rock
|turn|9
|
|t:|1757868203
|move|p2a: Samurott|Sucker Punch|p1a: Iron Jugulis
|-resisted|p1a: Iron Jugulis
|-damage|p1a: Iron Jugulis|17/100
|move|p1a: Iron Jugulis|Dark Pulse|p2a: Samurott
|-resisted|p2a: Samurott
|-crit|p2a: Samurott
|-damage|p2a: Samurott|0 fnt
|faint|p2a: Samurott
|
|upkeep
|
|t:|1757868225
|switch|p2a: Dragonite|Dragonite, F|100/100
|turn|10
|
|t:|1757868242
|move|p2a: Dragonite|Extreme Speed|p1a: Iron Jugulis
|-damage|p1a: Iron Jugulis|0 fnt
|faint|p1a: Iron Jugulis
|-end|p1a: Iron Jugulis|Quark Drive|[silent]
|
|upkeep
|
|t:|1757868263
|switch|p1a: Scizor|Scizor, M|100/100
|-damage|p1a: Scizor|88/100|[from] Stealth Rock
|-damage|p1a: Scizor|76/100|[from] Spikes
|turn|11
|
|t:|1757868281
|move|p2a: Dragonite|Dragon Dance|p2a: Dragonite
|-boost|p2a: Dragonite|atk|1
|-boost|p2a: Dragonite|spe|1
|move|p1a: Scizor|U-turn|p2a: Dragonite
|-resisted|p2a: Dragonite
|-damage|p2a: Dragonite|84/100
|
|t:|1757868287
|switch|p1a: Gallade|Gallade, M|100/100|[from] U-turn
|-damage|p1a: Gallade|94/100|[from] Stealth Rock
|-damage|p1a: Gallade|82/100|[from] Spikes
|
|upkeep
|turn|12
|
|t:|1757868300
|-terastallize|p2a: Dragonite|Ground
|move|p2a: Dragonite|Earthquake|p1a: Gallade
|-damage|p1a: Gallade|0 fnt
|faint|p1a: Gallade
|
|upkeep
|
|t:|1757868307
|switch|p1a: Vileplume|Vileplume, M|100/100
|-damage|p1a: Vileplume|88/100|[from] Stealth Rock
|-damage|p1a: Vileplume|76/100|[from] Spikes
|turn|13
|
|t:|1757868321
|switch|p2a: Gholdengo|Gholdengo|100/100
|-damage|p2a: Gholdengo|94/100|[from] Stealth Rock
|-item|p2a: Gholdengo|Air Balloon
|-terastallize|p1a: Vileplume|Grass
|move|p1a: Vileplume|Giga Drain|p2a: Gholdengo
|-resisted|p2a: Gholdengo
|-damage|p2a: Gholdengo|74/100
|-heal|p1a: Vileplume|86/100|[from] drain|[of] p2a: Gholdengo
|-enditem|p2a: Gholdengo|Air Balloon
|
|upkeep
|turn|14
|
|t:|1757868340
|switch|p1a: Clawitzer|Clawitzer, F|100/100
|-damage|p1a: Clawitzer|88/100|[from] Stealth Rock
|-damage|p1a: Clawitzer|76/100|[from] Spikes
|move|p2a: Gholdengo|Nasty Plot|p2a: Gholdengo
|-boost|p2a: Gholdengo|spa|2
|
|upkeep
|turn|15
|
|t:|1757868346
|move|p2a: Gholdengo|Thunderbolt|p1a: Clawitzer
|-supereffective|p1a: Clawitzer
|-damage|p1a: Clawitzer|0 fnt
|faint|p1a: Clawitzer
|
|upkeep
|
|t:|1757868350
|switch|p1a: Scizor|Scizor, M|76/100
|-damage|p1a: Scizor|64/100|[from] Stealth Rock
|-damage|p1a: Scizor|52/100|[from] Spikes
|turn|16
|
|t:|1757868357
|move|p2a: Gholdengo|Make It Rain|p1a: Scizor
|-resisted|p1a: Scizor
|-damage|p1a: Scizor|0 fnt
|-unboost|p2a: Gholdengo|spa|1
|faint|p1a: Scizor
|
|upkeep
|-message|redfeatherz forfeited.
|
|win|DesiredFood
|raw|redfeatherz's rating: 1419 &rarr; <strong>1402</strong><br />(-17 for losing)
|raw|DesiredFood's rating: 1474 &rarr; <strong>1491</strong><br />(+17 for winning)
|l|☆redfeatherz
|player|p1|
