|j|☆chenchenff
|j|☆LikeEmerald
|t:|1757868674
|gametype|singles
|player|p1|chenchenff|blue|1103
|player|p2|LikeEmerald|266|1102
|gen|9
|tier|[Gen 9] OU
|rated|
|rule|HP Percentage Mod: HP is shown in percentages
|rule|Endless Battle Clause: Forcing endless battles is banned
|rule|Species Clause: Limit one of each Pokémon
|rule|OHKO Clause: OHKO moves are banned
|rule|Evasion Items Clause: Evasion items are banned
|rule|Evasion Moves Clause: Evasion moves are banned
|rule|Evasion Abilities Clause: Evasion abilities are banned
|rule|Sleep Moves Clause: Sleep-inducing moves are banned
|clearpoke
|poke|p1|Toxapex, M|
|poke|p1|Venusaur, M|
|poke|p1|Charizard, M|
|poke|p1|Dragonite, M|
|poke|p1|Incineroar, M|
|poke|p1|Excadrill, M|
|poke|p2|Lokix, F|
|poke|p2|Greninja-*, M|
|poke|p2|Goodra-Hisui, M|
|poke|p2|Kleavor, M|
|poke|p2|Donphan, M|
|poke|p2|Moltres|
|teampreview
|
|t:|1757868682
|teamsize|p1|6
|teamsize|p2|6
|start
|switch|p1a: Toxapex|Toxapex, M|100/100
|switch|p2a: Lokix|Lokix, F|100/100
|turn|1
|
|t:|1757868688
|move|p2a: Lokix|U-turn|p1a: Toxapex
|-resisted|p1a: Toxapex
|-damage|p1a: Toxapex|80/100
|
|t:|1757868692
|switch|p2a: Goodra|Goodra-Hisui, M|100/100|[from] U-turn
|move|p1a: Toxapex|Toxic|p2a: Goodra
|-immune|p2a: Goodra
|
|-heal|p1a: Toxapex|86/100|[from] item: Leftovers
|upkeep
|turn|2
|
|t:|1757868701
|move|p1a: Toxapex|Pain Split|p2a: Goodra
|-sethp|p2a: Goodra|86/100|[from] move: Pain Split|[silent]
|-sethp|p1a: Toxapex|100/100|[from] move: Pain Split
|move|p2a: Goodra|Dragon Tail|p1a: Toxapex|[miss]
|-miss|p2a: Goodra|p1a: Toxapex
|
|-heal|p2a: Goodra|92/100|[from] item: Leftovers
|upkeep
|turn|3
|
|t:|1757868712
|move|p1a: Toxapex|Toxic Spikes|p2a: Goodra
|-sidestart|p2: LikeEmerald|move: Toxic Spikes
|move|p2a: Goodra|Dragon Tail|p1a: Toxapex
|-damage|p1a: Toxapex|83/100
|drag|p1a: Charizard|Charizard, M|100/100
|
|-heal|p2a: Goodra|98/100|[from] item: Leftovers
|upkeep
|turn|4
|
|t:|1757868732
|move|p1a: Charizard|Scorching Sands|p2a: Goodra
|-supereffective|p2a: Goodra
|-damage|p2a: Goodra|55/100
|-status|p2a: Goodra|brn
|move|p2a: Goodra|Dragon Tail|p1a: Charizard
|-damage|p1a: Charizard|85/100
|drag|p1a: Dragonite|Dragonite, M|100/100
|
|-heal|p2a: Goodra|61/100 brn|[from] item: Leftovers
|-damage|p2a: Goodra|55/100 brn|[from] brn
|upkeep
|turn|5
|
|t:|1757868747
|-terastallize|p1a: Dragonite|Normal
|move|p1a: Dragonite|Earthquake|p2a: Goodra
|-supereffective|p2a: Goodra
|-damage|p2a: Goodra|7/100 brn
|move|p2a: Goodra|Dragon Tail|p1a: Dragonite|[miss]
|-miss|p2a: Goodra|p1a: Dragonite
|
|-heal|p2a: Goodra|13/100 brn|[from] item: Leftovers
|-damage|p2a: Goodra|7/100 brn|[from] brn
|upkeep
|turn|6
|
|t:|1757868760
|switch|p2a: Moltres|Moltres|100/100
|move|p1a: Dragonite|Earthquake|p2a: Moltres
|-immune|p2a: Moltres
|
|upkeep
|turn|7
|
|t:|1757868767
|move|p1a: Dragonite|Extreme Speed|p2a: Moltres
|-damage|p2a: Moltres|67/100
|move|p2a: Moltres|Flamethrower|p1a: Dragonite
|-damage|p1a: Dragonite|79/100
|
|upkeep
|turn|8
|
|t:|1757868775
|move|p1a: Dragonite|Extreme Speed|p2a: Moltres
|-damage|p2a: Moltres|30/100
|move|p2a: Moltres|Roost|p2a: Moltres
|-heal|p2a: Moltres|80/100
|-singleturn|p2a: Moltres|move: Roost
|
|upkeep
|turn|9
|
|t:|1757868783
|move|p1a: Dragonite|Extreme Speed|p2a: Moltres
|-damage|p2a: Moltres|43/100
|move|p2a: Moltres|Flamethrower|p1a: Dragonite
|-damage|p1a: Dragonite|37/100
|
|upkeep
|turn|10
|
|t:|1757868790
|move|p1a: Dragonite|Extreme Speed|p2a: Moltres
|-damage|p2a: Moltres|7/100
|-status|p1a: Dragonite|brn|[from] ability: Flame Body|[of] p2a: Moltres
|move|p2a: Moltres|Roost|p2a: Moltres
|-heal|p2a: Moltres|57/100
|-singleturn|p2a: Moltres|move: Roost
|
|-damage|p1a: Dragonite|31/100 brn|[from] brn
|upkeep
|turn|11
|
|t:|1757868804
|move|p2a: Moltres|Roost|p2a: Moltres
|-heal|p2a: Moltres|100/100
|-singleturn|p2a: Moltres|move: Roost
|move|p1a: Dragonite|Earthquake|p2a: Moltres
|-supereffective|p2a: Moltres
|-damage|p2a: Moltres|69/100
|
|-damage|p1a: Dragonite|24/100 brn|[from] brn
|upkeep
|turn|12
|
|t:|1757868816
|move|p2a: Moltres|Flamethrower|p1a: Dragonite
|-damage|p1a: Dragonite|0 fnt
|faint|p1a: Dragonite
|
|upkeep
|
|t:|1757868822
|switch|p1a: Toxapex|Toxapex, M|100/100
|turn|13
|
|t:|1757868831
|switch|p2a: Goodra|Goodra-Hisui, M|7/100 brn
|move|p1a: Toxapex|Toxic||[still]
|-fail|p1a: Toxapex
|
|-heal|p2a: Goodra|13/100 brn|[from] item: Leftovers
|-damage|p2a: Goodra|7/100 brn|[from] brn
|upkeep
|turn|14
|
|t:|1757868840
|move|p2a: Goodra|Rest|p2a: Goodra
|-status|p2a: Goodra|slp|[from] move: Rest
|-heal|p2a: Goodra|100/100 slp|[silent]
|move|p1a: Toxapex|Toxic Spikes|p2a: Goodra
|-sidestart|p2: LikeEmerald|move: Toxic Spikes
|
|upkeep
|turn|15
|
|t:|1757868848
|switch|p1a: Incineroar|Incineroar, M, shiny|100/100
|-ability|p1a: Incineroar|Intimidate|boost
|-unboost|p2a: Goodra|atk|1
|cant|p2a: Goodra|slp
|move|p2a: Goodra|Sleep Talk|p2a: Goodra
|move|p2a: Goodra|Rest||[from] move: Sleep Talk|[still]
|-fail|p2a: Goodra
|
|upkeep
|turn|16
|
|t:|1757868865
|switch|p2a: Moltres|Moltres|69/100
|move|p1a: Incineroar|Close Combat|p2a: Moltres
|-resisted|p2a: Moltres
|-damage|p2a: Moltres|40/100
|-unboost|p1a: Incineroar|def|1
|-unboost|p1a: Incineroar|spd|1
|
|upkeep
|turn|17
|
|t:|1757868875
|switch|p1a: Toxapex|Toxapex, M|100/100
|move|p2a: Moltres|Scorching Sands|p1a: Toxapex
|-supereffective|p1a: Toxapex
|-damage|p1a: Toxapex|63/100
|-status|p1a: Toxapex|brn
|
|-heal|p1a: Toxapex|69/100 brn|[from] item: Leftovers
|-damage|p1a: Toxapex|63/100 brn|[from] brn
|upkeep
|turn|18
|
|t:|1757868886
|switch|p2a: Goodra|Goodra-Hisui, M|100/100 slp
|move|p1a: Toxapex|Toxic||[still]
|-fail|p1a: Toxapex
|
|-heal|p1a: Toxapex|69/100 brn|[from] item: Leftovers
|-damage|p1a: Toxapex|63/100 brn|[from] brn
|upkeep
|turn|19
|
|t:|1757868896
|switch|p1a: Incineroar|Incineroar, M, shiny|100/100
|-ability|p1a: Incineroar|Intimidate|boost
|-unboost|p2a: Goodra|atk|1
|cant|p2a: Goodra|slp
|move|p2a: Goodra|Sleep Talk|p2a: Goodra
|move|p2a: Goodra|Heavy Slam|p1a: Incineroar|[from] move: Sleep Talk
|-resisted|p1a: Incineroar
|-damage|p1a: Incineroar|85/100
|
|upkeep
|turn|20
|
|t:|1757868913
|switch|p2a: Donphan|Donphan, M|100/100
|-status|p2a: Donphan|tox
|move|p1a: Incineroar|Close Combat|p2a: Donphan
|-damage|p2a: Donphan|59/100 tox
|-unboost|p1a: Incineroar|def|1
|-unboost|p1a: Incineroar|spd|1
|
|-damage|p2a: Donphan|53/100 tox|[from] psn
|upkeep
|turn|21
|
|t:|1757868924
|move|p1a: Incineroar|Close Combat|p2a: Donphan
|-damage|p2a: Donphan|5/100 tox
|-unboost|p1a: Incineroar|def|1
|-unboost|p1a: Incineroar|spd|1
|move|p2a: Donphan|Stealth Rock|p1a: Incineroar
|-sidestart|p1: chenchenff|move: Stealth Rock
|
|-damage|p2a: Donphan|0 fnt|[from] psn
|faint|p2a: Donphan
|upkeep
|
|t:|1757868930
|switch|p2a: Greninja|Greninja, M|100/100
|-status|p2a: Greninja|tox
|turn|22
|
|t:|1757868940
|switch|p1a: Toxapex|Toxapex, M|96/100 brn
|-damage|p1a: Toxapex|84/100 brn|[from] Stealth Rock
|move|p2a: Greninja|Surf|p1a: Toxapex
|-start|p2a: Greninja|typechange|Water|[from] ability: Protean
|-resisted|p1a: Toxapex
|-damage|p1a: Toxapex|68/100 brn
|
|-heal|p1a: Toxapex|74/100 brn|[from] item: Leftovers
|-damage|p2a: Greninja|95/100 tox|[from] psn
|-damage|p1a: Toxapex|68/100 brn|[from] brn
|upkeep
|turn|23
|
|t:|1757868954
|move|p2a: Greninja|Spikes|p1a: Toxapex
|-sidestart|p1: chenchenff|Spikes
|move|p1a: Toxapex|Pain Split|p2a: Greninja
|-sethp|p2a: Greninja|83/100 tox|[from] move: Pain Split|[silent]
|-sethp|p1a: Toxapex|78/100 brn|[from] move: Pain Split
|
|-heal|p2a: Greninja|89/100 tox|[from] item: Leftovers
|-heal|p1a: Toxapex|84/100 brn|[from] item: Leftovers
|-damage|p2a: Greninja|77/100 tox|[from] psn
|-damage|p1a: Toxapex|78/100 brn|[from] brn
|upkeep
|turn|24
|
|t:|1757868984
|switch|p2a: Moltres|Moltres|40/100
|move|p1a: Toxapex|Pain Split|p2a: Moltres
|-sethp|p2a: Moltres|51/100|[from] move: Pain Split|[silent]
|-sethp|p1a: Toxapex|64/100 brn|[from] move: Pain Split
|
|-heal|p1a: Toxapex|70/100 brn|[from] item: Leftovers
|-damage|p1a: Toxapex|64/100 brn|[from] brn
|upkeep
|turn|25
|
|t:|1757868996
|move|p2a: Moltres|Scorching Sands|p1a: Toxapex
|-supereffective|p1a: Toxapex
|-damage|p1a: Toxapex|24/100 brn
|move|p1a: Toxapex|Ice Spinner|p2a: Moltres
|-crit|p2a: Moltres
|-damage|p2a: Moltres|41/100
|
|-heal|p1a: Toxapex|30/100 brn|[from] item: Leftovers
|-damage|p1a: Toxapex|24/100 brn|[from] brn
|upkeep
|turn|26
|
|t:|1757869013
|switch|p1a: Charizard|Charizard, M|85/100
|-damage|p1a: Charizard|36/100|[from] Stealth Rock
|move|p2a: Moltres|Air Slash|p1a: Charizard
|-damage|p1a: Charizard|0 fnt
|faint|p1a: Charizard
|
|upkeep
|
|t:|1757869023
|switch|p1a: Toxapex|Toxapex, M|57/100 brn
|-damage|p1a: Toxapex|45/100 brn|[from] Stealth Rock
|-damage|p1a: Toxapex|32/100 brn|[from] Spikes
|turn|27
|
|t:|1757869029
|move|p2a: Moltres|Scorching Sands|p1a: Toxapex
|-supereffective|p1a: Toxapex
|-damage|p1a: Toxapex|0 fnt
|faint|p1a: Toxapex
|
|upkeep
|
|t:|1757869034
|switch|p1a: Excadrill|Excadrill, M|100/100
|-damage|p1a: Excadrill|97/100|[from] Stealth Rock
|-damage|p1a: Excadrill|85/100|[from] Spikes
|-ability|p1a: Excadrill|Mold Breaker
|turn|28
|
|t:|1757869041
|switch|p2a: Greninja|Greninja, M|77/100 tox
|move|p1a: Excadrill|Rock Slide|p2a: Greninja
|-damage|p2a: Greninja|35/100 tox
|
|-heal|p2a: Greninja|41/100 tox|[from] item: Leftovers
|-damage|p2a: Greninja|35/100 tox|[from] psn
|upkeep
|turn|29
|
|t:|1757869051
|move|p2a: Greninja|Surf|p1a: Excadrill
|-start|p2a: Greninja|typechange|Water|[from] ability: Protean
|-supereffective|p1a: Excadrill
|-damage|p1a: Excadrill|10/100
|move|p1a: Excadrill|Rock Slide|p2a: Greninja
|-damage|p2a: Greninja|0 fnt
|faint|p2a: Greninja
|
|upkeep
|
|t:|1757869068
|switch|p2a: Lokix|Lokix, F|100/100
|turn|30
|
|t:|1757869073
|move|p2a: Lokix|U-turn|p1a: Excadrill
|-resisted|p1a: Excadrill
|-damage|p1a: Excadrill|0 fnt
|faint|p1a: Excadrill
|
|t:|1757869080
|switch|p2a: Moltres|Moltres|41/100|[from] U-turn
|
|upkeep
|
|t:|1757869087
|switch|p1a: Incineroar|Incineroar, M, shiny|85/100
|-damage|p1a: Incineroar|60/100|[from] Stealth Rock
|-damage|p1a: Incineroar|47/100|[from] Spikes
|-ability|p1a: Incineroar|Intimidate|boost
|-unboost|p2a: Moltres|atk|1
|turn|31
|
|t:|1757869094
|move|p1a: Incineroar|Knock Off|p2a: Moltres
|-damage|p2a: Moltres|0 fnt
|-enditem|p2a: Moltres|Heavy-Duty Boots|[from] move: Knock Off|[of] p1a: Incineroar
|faint|p2a: Moltres
|
|upkeep
|
|t:|1757869099
|switch|p2a: Lokix|Lokix, F|100/100
|turn|32
|
|t:|1757869105
|switch|p1a: Venusaur|Venusaur, M|100/100
|-damage|p1a: Venusaur|88/100|[from] Stealth Rock
|-damage|p1a: Venusaur|76/100|[from] Spikes
|-terastallize|p2a: Lokix|Bug
|move|p2a: Lokix|First Impression|p1a: Venusaur
|-damage|p1a: Venusaur|22/100
|
|-heal|p1a: Venusaur|29/100|[from] item: Leftovers
|upkeep
|turn|33
|
|t:|1757869119
|move|p2a: Lokix|Knock Off|p1a: Venusaur
|-damage|p1a: Venusaur|0 fnt
|-enditem|p1a: Venusaur|Leftovers|[from] move: Knock Off|[of] p2a: Lokix
|faint|p1a: Venusaur
|
|upkeep
|
|t:|1757869125
|switch|p1a: Incineroar|Incineroar, M, shiny|47/100
|-damage|p1a: Incineroar|22/100|[from] Stealth Rock
|-damage|p1a: Incineroar|10/100|[from] Spikes
|-ability|p1a: Incineroar|Intimidate|boost
|-unboost|p2a: Lokix|atk|1
|turn|34
|
|t:|1757869131
|move|p2a: Lokix|Sucker Punch|p1a: Incineroar
|-resisted|p1a: Incineroar
|-damage|p1a: Incineroar|0 fnt
|faint|p1a: Incineroar
|
|win|LikeEmerald
|raw|chenchenff's rating: 1127 &rarr; <strong>1100</strong><br />(-27 for losing)
|raw|LikeEmerald's rating: 1102 &rarr; <strong>1129</strong><br />(+27 for winning)
|l|☆chenchenff
|player|p1|
|c|☆LikeEmerald|gg
