|j|☆Baby Key
|j|☆K2Shiest.E
|t:|1757913074
|gametype|singles
|player|p1|Baby Key|170|1444
|player|p2|K2Shiest.E|1|1386
|gen|9
|tier|[Gen 9] OU
|rated|
|rule|HP Percentage Mod: HP is shown in percentages
|rule|Endless Battle Clause: Forcing endless battles is banned
|rule|Species Clause: Limit one of each Pokémon
|rule|OHKO Clause: OHKO moves are banned
|rule|Evasion Items Clause: Evasion items are banned
|rule|Evasion Moves Clause: Evasion moves are banned
|rule|Evasion Abilities Clause: Evasion abilities are banned
|rule|Sleep Moves Clause: Sleep-inducing moves are banned
|clearpoke
|poke|p1|Ceruledge, F|
|poke|p1|Raging Bolt|
|poke|p1|Latias, F|
|poke|p1|Kyurem|
|poke|p1|Ninetales-Alola, F|
|poke|p1|Iron Moth|
|poke|p2|Ting-Lu|
|poke|p2|Darkrai|
|poke|p2|Corviknight, M|
|poke|p2|Fezandipiti, M|
|poke|p2|Pecharunt|
|poke|p2|Latios, M|
|teampreview
|
|t:|1757913104
|teamsize|p1|6
|teamsize|p2|6
|start
|switch|p1a: snow bunny|Ninetales-Alola, F|100/100
|switch|p2a: Darkrai|Darkrai, shiny|100/100
|-weather|Snowscape|[from] ability: Snow Warning|[of] p1a: snow bunny
|turn|1
|
|t:|1757913135
|move|p2a: Darkrai|Knock Off|p1a: snow bunny
|-resisted|p1a: snow bunny
|-damage|p1a: snow bunny|84/100
|-enditem|p1a: snow bunny|Light Clay|[from] move: Knock Off|[of] p2a: Darkrai
|move|p1a: snow bunny|Aurora Veil|p1a: snow bunny
|-sidestart|p1: Baby Key|move: Aurora Veil
|
|-weather|Snowscape|[upkeep]
|upkeep
|turn|2
|
|t:|1757913144
|switch|p2a: Fezandipiti|Fezandipiti, M|100/100
|move|p1a: snow bunny|Moonblast|p2a: Fezandipiti
|-resisted|p2a: Fezandipiti
|-damage|p2a: Fezandipiti|90/100
|
|-weather|Snowscape|[upkeep]
|upkeep
|turn|3
|
|t:|1757913162
|switch|p1a: realpsyspam|Latias, F|100/100
|move|p2a: Fezandipiti|Sludge Bomb|p1a: realpsyspam
|-damage|p1a: realpsyspam|90/100
|-status|p1a: realpsyspam|tox|[from] ability: Toxic Chain|[of] p2a: Fezandipiti
|
|-weather|Snowscape|[upkeep]
|-heal|p1a: realpsyspam|96/100 tox|[from] item: Leftovers
|-damage|p1a: realpsyspam|90/100 tox|[from] psn
|upkeep
|turn|4
|
|t:|1757913172
|switch|p2a: Ting-Lu|Ting-Lu|100/100
|-ability|p2a: Ting-Lu|Vessel of Ruin
|move|p1a: realpsyspam|Agility|p1a: realpsyspam
|-boost|p1a: realpsyspam|spe|2
|
|-weather|Snowscape|[upkeep]
|-heal|p1a: realpsyspam|96/100 tox|[from] item: Leftovers
|-damage|p1a: realpsyspam|84/100 tox|[from] psn
|upkeep
|turn|5
|
|t:|1757913182
|move|p1a: realpsyspam|Calm Mind|p1a: realpsyspam
|-boost|p1a: realpsyspam|spa|1
|-boost|p1a: realpsyspam|spd|1
|move|p2a: Ting-Lu|Ruination|p1a: realpsyspam
|-damage|p1a: realpsyspam|42/100 tox
|
|-weather|none
|-heal|p1a: realpsyspam|48/100 tox|[from] item: Leftovers
|-damage|p1a: realpsyspam|30/100 tox|[from] psn
|-sideend|p1: Baby Key|move: Aurora Veil
|upkeep
|turn|6
|
|t:|1757913197
|switch|p2a: Corviknight|Corviknight, M, shiny|100/100
|-ability|p2a: Corviknight|Pressure
|move|p1a: realpsyspam|Aura Sphere|p2a: Corviknight
|-damage|p2a: Corviknight|61/100
|
|-heal|p1a: realpsyspam|36/100 tox|[from] item: Leftovers
|-damage|p1a: realpsyspam|12/100 tox|[from] psn
|upkeep
|turn|7
|
|t:|1757913212
|move|p1a: realpsyspam|Stored Power|p2a: Corviknight
|-resisted|p2a: Corviknight
|-damage|p2a: Corviknight|19/100
|move|p2a: Corviknight|Roost|p2a: Corviknight
|-heal|p2a: Corviknight|69/100
|-singleturn|p2a: Corviknight|move: Roost
|
|-heal|p1a: realpsyspam|18/100 tox|[from] item: Leftovers
|-damage|p1a: realpsyspam|0 fnt|[from] psn
|faint|p1a: realpsyspam
|upkeep
|
|t:|1757913221
|switch|p1a: bury the light|Ceruledge, F|100/100
|turn|8
|
|t:|1757913235
|move|p1a: bury the light|Swords Dance|p1a: bury the light
|-boost|p1a: bury the light|atk|2
|move|p2a: Corviknight|U-turn|p1a: bury the light
|-resisted|p1a: bury the light
|-damage|p1a: bury the light|95/100
|-ability|p1a: bury the light|Weak Armor|boost
|-unboost|p1a: bury the light|def|1
|-boost|p1a: bury the light|spe|2
|
|t:|1757913237
|switch|p2a: Pecharunt|Pecharunt|100/100|[from] U-turn
|
|upkeep
|turn|9
|
|t:|1757913247
|-terastallize|p2a: Pecharunt|Dark
|move|p1a: bury the light|Poltergeist|p2a: Pecharunt
|-activate|p2a: Pecharunt|move: Poltergeist|Heavy-Duty Boots
|-resisted|p2a: Pecharunt
|-damage|p2a: Pecharunt|74/100
|move|p2a: Pecharunt|Foul Play|p1a: bury the light
|-supereffective|p1a: bury the light
|-crit|p1a: bury the light
|-damage|p1a: bury the light|0 fnt
|faint|p1a: bury the light
|
|upkeep
|
|t:|1757913271
|switch|p1a: 50/50|Raging Bolt|100/100
|-enditem|p1a: 50/50|Booster Energy
|-activate|p1a: 50/50|ability: Protosynthesis|[fromitem]
|-start|p1a: 50/50|protosynthesisspa
|turn|10
|
|t:|1757913276
|move|p2a: Pecharunt|Parting Shot|p1a: 50/50
|-unboost|p1a: 50/50|atk|1
|-unboost|p1a: 50/50|spa|1
|
|t:|1757913280
|switch|p2a: Ting-Lu|Ting-Lu|100/100|[from] Parting Shot
|-ability|p2a: Ting-Lu|Vessel of Ruin
|move|p1a: 50/50|Calm Mind|p1a: 50/50
|-boost|p1a: 50/50|spa|1
|-boost|p1a: 50/50|spd|1
|
|upkeep
|turn|11
|
|t:|1757913311
|-terastallize|p1a: 50/50|Fairy
|move|p1a: 50/50|Calm Mind|p1a: 50/50
|-boost|p1a: 50/50|spa|1
|-boost|p1a: 50/50|spd|1
|move|p2a: Ting-Lu|Ruination|p1a: 50/50
|-damage|p1a: 50/50|50/100
|
|upkeep
|turn|12
|
|t:|1757913321
|move|p1a: 50/50|Dragon Pulse|p2a: Ting-Lu
|-damage|p2a: Ting-Lu|57/100
|move|p2a: Ting-Lu|Earthquake|p1a: 50/50
|-damage|p1a: 50/50|21/100
|
|-heal|p2a: Ting-Lu|63/100|[from] item: Leftovers
|upkeep
|turn|13
|
|t:|1757913327
|move|p1a: 50/50|Dragon Pulse|p2a: Ting-Lu
|-damage|p2a: Ting-Lu|22/100
|move|p2a: Ting-Lu|Earthquake|p1a: 50/50
|-damage|p1a: 50/50|0 fnt
|faint|p1a: 50/50
|-end|p1a: 50/50|Protosynthesis|[silent]
|
|-heal|p2a: Ting-Lu|28/100|[from] item: Leftovers
|upkeep
|
|t:|1757913347
|switch|p1a: snow bunny|Ninetales-Alola, F|84/100
|-weather|Snowscape|[from] ability: Snow Warning|[of] p1a: snow bunny
|turn|14
|
|t:|1757913357
|move|p1a: snow bunny|Moonblast|p2a: Ting-Lu
|-supereffective|p2a: Ting-Lu
|-damage|p2a: Ting-Lu|0 fnt
|faint|p2a: Ting-Lu
|
|-weather|Snowscape|[upkeep]
|upkeep
|
|t:|1757913361
|switch|p2a: Darkrai|Darkrai, shiny|100/100
|turn|15
|
|t:|1757913367
|move|p2a: Darkrai|Sludge Bomb|p1a: snow bunny
|-supereffective|p1a: snow bunny
|-damage|p1a: snow bunny|7/100
|move|p1a: snow bunny|Aurora Veil|p1a: snow bunny
|-sidestart|p1: Baby Key|move: Aurora Veil
|
|-weather|Snowscape|[upkeep]
|upkeep
|turn|16
|
|t:|1757913379
|switch|p2a: Corviknight|Corviknight, M, shiny|69/100
|-ability|p2a: Corviknight|Pressure
|move|p1a: snow bunny|Moonblast|p2a: Corviknight
|-resisted|p2a: Corviknight
|-damage|p2a: Corviknight|49/100
|-unboost|p2a: Corviknight|spa|1
|
|-weather|Snowscape|[upkeep]
|upkeep
|turn|17
|
|t:|1757913387
|move|p1a: snow bunny|Freeze-Dry|p2a: Corviknight
|-damage|p2a: Corviknight|22/100
|move|p2a: Corviknight|Roost|p2a: Corviknight
|-heal|p2a: Corviknight|72/100
|-singleturn|p2a: Corviknight|move: Roost
|
|-weather|Snowscape|[upkeep]
|upkeep
|turn|18
|
|t:|1757913393
|move|p1a: snow bunny|Encore|p2a: Corviknight
|-start|p2a: Corviknight|Encore
|move|p2a: Corviknight|Roost|p2a: Corviknight
|-heal|p2a: Corviknight|100/100
|-singleturn|p2a: Corviknight|move: Roost
|
|-weather|none
|upkeep
|turn|19
|
|t:|1757913403
|switch|p1a: rng my ahh|Kyurem|100/100
|-ability|p1a: rng my ahh|Pressure
|switch|p2a: Darkrai|Darkrai, shiny|100/100
|
|-sideend|p1: Baby Key|move: Aurora Veil
|upkeep
|turn|20
|
|t:|1757913428
|switch|p1a: snow bunny|Ninetales-Alola, F|7/100
|-weather|Snowscape|[from] ability: Snow Warning|[of] p1a: snow bunny
|move|p2a: Darkrai|Dark Pulse|p1a: snow bunny
|-resisted|p1a: snow bunny
|-damage|p1a: snow bunny|0 fnt
|faint|p1a: snow bunny
|
|-weather|Snowscape|[upkeep]
|upkeep
|
|t:|1757913430
|switch|p1a: MoveMerchant|Iron Moth|100/100
|-enditem|p1a: MoveMerchant|Booster Energy
|-activate|p1a: MoveMerchant|ability: Quark Drive|[fromitem]
|-start|p1a: MoveMerchant|quarkdrivespe
|turn|21
|
|t:|1757913436
|move|p1a: MoveMerchant|Fiery Dance|p2a: Darkrai
|-damage|p2a: Darkrai|36/100
|move|p2a: Darkrai|Dark Pulse|p1a: MoveMerchant
|-damage|p1a: MoveMerchant|63/100
|
|-weather|Snowscape|[upkeep]
|upkeep
|turn|22
|
|t:|1757913444
|move|p1a: MoveMerchant|Fiery Dance|p2a: Darkrai
|-damage|p2a: Darkrai|0 fnt
|faint|p2a: Darkrai
|
|-weather|Snowscape|[upkeep]
|upkeep
|
|t:|1757913450
|switch|p2a: Fezandipiti|Fezandipiti, M|90/100
|turn|23
|
|t:|1757913455
|move|p1a: MoveMerchant|Fiery Dance|p2a: Fezandipiti
|-damage|p2a: Fezandipiti|68/100
|move|p2a: Fezandipiti|Calm Mind|p2a: Fezandipiti
|-boost|p2a: Fezandipiti|spa|1
|-boost|p2a: Fezandipiti|spd|1
|
|-weather|Snowscape|[upkeep]
|upkeep
|turn|24
|
|t:|1757913471
|move|p1a: MoveMerchant|Fiery Dance|p2a: Fezandipiti
|-damage|p2a: Fezandipiti|51/100
|move|p2a: Fezandipiti|Roost|p2a: Fezandipiti
|-heal|p2a: Fezandipiti|100/100
|-singleturn|p2a: Fezandipiti|move: Roost
|
|-weather|none
|upkeep
|turn|25
|
|t:|1757913484
|-end|p1a: MoveMerchant|Quark Drive|[silent]
|switch|p1a: rng my ahh|Kyurem|100/100
|-ability|p1a: rng my ahh|Pressure
|move|p2a: Fezandipiti|Calm Mind|p2a: Fezandipiti
|-boost|p2a: Fezandipiti|spa|1
|-boost|p2a: Fezandipiti|spd|1
|
|upkeep
|turn|26
|
|t:|1757913489
|move|p1a: rng my ahh|Dragon Dance|p1a: rng my ahh
|-boost|p1a: rng my ahh|atk|1
|-boost|p1a: rng my ahh|spe|1
|move|p2a: Fezandipiti|Moonblast|p1a: rng my ahh
|-supereffective|p1a: rng my ahh
|-damage|p1a: rng my ahh|8/100
|-status|p1a: rng my ahh|tox|[from] ability: Toxic Chain|[of] p2a: Fezandipiti
|
|-damage|p1a: rng my ahh|2/100 tox|[from] psn
|upkeep
|turn|27
|
|t:|1757913508
|switch|p2a: Pecharunt|Pecharunt, tera:Dark|74/100
|move|p1a: rng my ahh|Icicle Spear|p2a: Pecharunt
|-damage|p2a: Pecharunt|65/100
|-damage|p2a: Pecharunt|54/100
|-damage|p2a: Pecharunt|45/100
|-damage|p2a: Pecharunt|35/100
|-damage|p2a: Pecharunt|25/100
|-hitcount|p2a: Pecharunt|5
|
|-damage|p1a: rng my ahh|0 fnt|[from] psn
|faint|p1a: rng my ahh
|upkeep
|
|t:|1757913510
|switch|p1a: MoveMerchant|Iron Moth|63/100
|turn|28
|
|t:|1757913515
|move|p1a: MoveMerchant|Fiery Dance|p2a: Pecharunt
|-damage|p2a: Pecharunt|0 fnt
|faint|p2a: Pecharunt
|
|upkeep
|
|t:|1757913518
|switch|p2a: Fezandipiti|Fezandipiti, M|100/100
|turn|29
|-message|Baby Key forfeited.
|
|win|K2Shiest.E
|raw|Baby Key's rating: 1444 &rarr; <strong>1421</strong><br />(-23 for losing)
|raw|K2Shiest.E's rating: 1386 &rarr; <strong>1409</strong><br />(+23 for winning)
|l|☆Baby Key
|player|p1|
|l|☆K2Shiest.E
|player|p2|
