|j|☆stonehex4
|j|☆99steps_stuts
|t:|1757949278
|gametype|singles
|player|p1|stonehex4|giovanni|1480
|player|p2|99steps_stuts|brycenman|1649
|gen|9
|tier|[Gen 9] OU
|rated|
|rule|HP Percentage Mod: HP is shown in percentages
|rule|Endless Battle Clause: Forcing endless battles is banned
|rule|Species Clause: Limit one of each Pokémon
|rule|OHKO Clause: OHKO moves are banned
|rule|Evasion Items Clause: Evasion items are banned
|rule|Evasion Moves Clause: Evasion moves are banned
|rule|Evasion Abilities Clause: Evasion abilities are banned
|rule|Sleep Moves Clause: Sleep-inducing moves are banned
|clearpoke
|poke|p1|Zamazenta-*|
|poke|p1|Indeedee, M|
|poke|p1|Polteageist|
|poke|p1|Blaziken, M|
|poke|p1|Hatterene, F|
|poke|p1|Kyurem|
|poke|p2|Clefable, M|
|poke|p2|Incineroar, F|
|poke|p2|Clodsire, F|
|poke|p2|Zapdos-Galar|
|poke|p2|Gholdengo|
|poke|p2|Dragapult, F|
|teampreview
|inactive|Battle timer is ON: inactive players will automatically lose when time's up. (requested by 99steps_stuts)
|inactive|stonehex4 has 120 seconds left.
|
|t:|1757949309
|teamsize|p1|6
|teamsize|p2|6
|start
|switch|p1a: Indeedee|Indeedee, M|100/100
|switch|p2a: Zapdos|Zapdos-Galar, shiny|100/100
|-fieldstart|move: Psychic Terrain|[from] ability: Psychic Surge|[of] p1a: Indeedee
|turn|1
|
|t:|1757949327
|switch|p1a: Hatterene|Hatterene, F|100/100
|move|p2a: Zapdos|Knock Off|p1a: Hatterene
|-damage|p1a: Hatterene|70/100
|-enditem|p1a: Hatterene|Eject Button|[from] move: Knock Off|[of] p2a: Zapdos
|
|upkeep
|turn|2
|
|t:|1757949355
|switch|p2a: Incineroar|Incineroar, F, shiny|100/100
|-ability|p2a: Incineroar|Intimidate|boost
|-unboost|p1a: Hatterene|atk|1
|move|p1a: Hatterene|Healing Wish|p1a: Hatterene
|faint|p1a: Hatterene
|
|upkeep
|
|t:|1757949364
|switch|p1a: Polteageist|Polteageist|100/100
|turn|3
|
|t:|1757949381
|move|p1a: Polteageist|Shell Smash|p1a: Polteageist
|-unboost|p1a: Polteageist|def|1
|-unboost|p1a: Polteageist|spd|1
|-boost|p1a: Polteageist|atk|2
|-boost|p1a: Polteageist|spa|2
|-boost|p1a: Polteageist|spe|2
|move|p2a: Incineroar|Knock Off|p1a: Polteageist
|-supereffective|p1a: Polteageist
|-enditem|p1a: Polteageist|Focus Sash
|-damage|p1a: Polteageist|1/100
|-ability|p1a: Polteageist|Weak Armor|boost
|-unboost|p1a: Polteageist|def|1
|-boost|p1a: Polteageist|spe|2
|
|upkeep
|turn|4
|
|t:|1757949402
|-terastallize|p1a: Polteageist|Fighting
|-terastallize|p2a: Incineroar|Flying
|move|p1a: Polteageist|Tera Blast|p2a: Incineroar|[anim] Tera Blast Fighting
|-resisted|p2a: Incineroar
|-crit|p2a: Incineroar
|-damage|p2a: Incineroar|35/100
|move|p2a: Incineroar|U-turn|p1a: Polteageist
|-resisted|p1a: Polteageist
|-damage|p1a: Polteageist|0 fnt
|faint|p1a: Polteageist
|
|t:|1757949416
|switch|p2a: Clefairie|Clefable, M, shiny|100/100|[from] U-turn
|
|upkeep
|
|t:|1757949421
|switch|p1a: Kyurem|Kyurem|100/100
|-ability|p1a: Kyurem|Pressure
|turn|5
|
|t:|1757949426
|move|p1a: Kyurem|Dragon Dance|p1a: Kyurem
|-boost|p1a: Kyurem|atk|1
|-boost|p1a: Kyurem|spe|1
|move|p2a: Clefairie|Calm Mind|p2a: Clefairie
|-boost|p2a: Clefairie|spa|1
|-boost|p2a: Clefairie|spd|1
|
|upkeep
|turn|6
|
|t:|1757949433
|move|p1a: Kyurem|Icicle Spear|p2a: Clefairie
|-damage|p2a: Clefairie|89/100
|-damage|p2a: Clefairie|77/100
|-damage|p2a: Clefairie|66/100
|-damage|p2a: Clefairie|55/100
|-damage|p2a: Clefairie|42/100
|-hitcount|p2a: Clefairie|5
|move|p2a: Clefairie|Wish|p2a: Clefairie
|
|-heal|p2a: Clefairie|49/100|[from] item: Leftovers
|upkeep
|turn|7
|
|t:|1757949445
|move|p2a: Clefairie|Protect|p2a: Clefairie
|-singleturn|p2a: Clefairie|Protect
|move|p1a: Kyurem|Icicle Spear|p2a: Clefairie
|-activate|p2a: Clefairie|move: Protect
|
|-heal|p2a: Clefairie|98/100|[from] move: Wish|[wisher] Clefairie
|-heal|p2a: Clefairie|100/100|[from] item: Leftovers
|upkeep
|turn|8
|
|t:|1757949454
|move|p1a: Kyurem|Icicle Spear|p2a: Clefairie
|-damage|p2a: Clefairie|90/100
|-damage|p2a: Clefairie|78/100
|-damage|p2a: Clefairie|67/100
|-damage|p2a: Clefairie|55/100
|-hitcount|p2a: Clefairie|4
|move|p2a: Clefairie|Wish|p2a: Clefairie
|
|-heal|p2a: Clefairie|61/100|[from] item: Leftovers
|-fieldend|move: Psychic Terrain
|upkeep
|turn|9
|
|t:|1757949465
|move|p1a: Kyurem|Dragon Dance|p1a: Kyurem
|-boost|p1a: Kyurem|atk|1
|-boost|p1a: Kyurem|spe|1
|move|p2a: Clefairie|Moonblast|p1a: Kyurem
|-supereffective|p1a: Kyurem
|-damage|p1a: Kyurem|19/100
|
|-heal|p2a: Clefairie|100/100|[from] move: Wish|[wisher] Clefairie
|upkeep
|turn|10
|
|t:|1757949475
|move|p1a: Kyurem|Icicle Spear|p2a: Clefairie
|-damage|p2a: Clefairie|90/100
|-damage|p2a: Clefairie|78/100
|-damage|p2a: Clefairie|67/100
|-damage|p2a: Clefairie|56/100
|-hitcount|p2a: Clefairie|4
|move|p2a: Clefairie|Moonblast|p1a: Kyurem
|-supereffective|p1a: Kyurem
|-damage|p1a: Kyurem|0 fnt
|faint|p1a: Kyurem
|
|-heal|p2a: Clefairie|62/100|[from] item: Leftovers
|upkeep
|
|t:|1757949488
|switch|p1a: Indeedee|Indeedee, M|100/100
|-fieldstart|move: Psychic Terrain|[from] ability: Psychic Surge|[of] p1a: Indeedee
|turn|11
|
|t:|1757949492
|move|p1a: Indeedee|Expanding Force|p2a: Clefairie
|-damage|p2a: Clefairie|17/100
|move|p2a: Clefairie|Wish|p2a: Clefairie
|
|-heal|p2a: Clefairie|23/100|[from] item: Leftovers
|upkeep
|turn|12
|
|t:|1757949499
|move|p2a: Clefairie|Protect|p2a: Clefairie
|-singleturn|p2a: Clefairie|Protect
|move|p1a: Indeedee|Encore|p2a: Clefairie
|-activate|p2a: Clefairie|move: Protect
|
|-heal|p2a: Clefairie|73/100|[from] move: Wish|[wisher] Clefairie
|-heal|p2a: Clefairie|79/100|[from] item: Leftovers
|upkeep
|turn|13
|
|t:|1757949508
|move|p1a: Indeedee|Encore|p2a: Clefairie
|-start|p2a: Clefairie|Encore
|move|p2a: Clefairie|Protect||[still]
|-fail|p2a: Clefairie
|
|-heal|p2a: Clefairie|85/100|[from] item: Leftovers
|upkeep
|turn|14
|
|t:|1757949516
|switch|p1a: Blaziken|Blaziken, M|100/100
|move|p2a: Clefairie|Protect||[still]
|-fail|p2a: Clefairie
|
|-heal|p2a: Clefairie|92/100|[from] item: Leftovers
|upkeep
|turn|15
|
|t:|1757949524
|move|p2a: Clefairie|Protect|p2a: Clefairie
|-singleturn|p2a: Clefairie|Protect
|move|p1a: Blaziken|Knock Off|p2a: Clefairie
|-activate|p2a: Clefairie|move: Protect
|
|-heal|p2a: Clefairie|98/100|[from] item: Leftovers
|-end|p2a: Clefairie|Encore
|-ability|p1a: Blaziken|Speed Boost|boost
|-boost|p1a: Blaziken|spe|1
|upkeep
|turn|16
|
|t:|1757949534
|move|p1a: Blaziken|Knock Off|p2a: Clefairie
|-resisted|p2a: Clefairie
|-damage|p2a: Clefairie|84/100
|-enditem|p2a: Clefairie|Leftovers|[from] move: Knock Off|[of] p1a: Blaziken
|move|p2a: Clefairie|Moonblast|p1a: Blaziken
|-damage|p1a: Blaziken|29/100
|
|-ability|p1a: Blaziken|Speed Boost|boost
|-boost|p1a: Blaziken|spe|1
|upkeep
|turn|17
|
|t:|1757949544
|move|p1a: Blaziken|Endure|p1a: Blaziken
|-singleturn|p1a: Blaziken|move: Endure
|move|p2a: Clefairie|Wish|p2a: Clefairie
|
|-ability|p1a: Blaziken|Speed Boost|boost
|-boost|p1a: Blaziken|spe|1
|upkeep
|turn|18
|
|t:|1757949551
|move|p1a: Blaziken|Reversal|p2a: Clefairie
|-resisted|p2a: Clefairie
|-damage|p2a: Clefairie|67/100
|move|p2a: Clefairie|Moonblast|p1a: Blaziken
|-damage|p1a: Blaziken|0 fnt
|faint|p1a: Blaziken
|
|-heal|p2a: Clefairie|100/100|[from] move: Wish|[wisher] Clefairie
|-fieldend|move: Psychic Terrain
|upkeep
|-message|stonehex4 forfeited.
|
|win|99steps_stuts
|raw|stonehex4's rating: 1480 &rarr; <strong>1469</strong><br />(-11 for losing)
|raw|99steps_stuts's rating: 1649 &rarr; <strong>1660</strong><br />(+11 for winning)
|l|☆stonehex4
|player|p1|
