|j|☆Buraiha
|j|☆Spiffity
|t:|1757790279
|gametype|singles
|player|p1|Buraiha|red|1149
|player|p2|Spiffity|1|1161
|gen|9
|tier|[Gen 9] OU
|rated|
|rule|HP Percentage Mod: HP is shown in percentages
|rule|Endless Battle Clause: Forcing endless battles is banned
|rule|Species Clause: Limit one of each Pokémon
|rule|OHKO Clause: OHKO moves are banned
|rule|Evasion Items Clause: Evasion items are banned
|rule|Evasion Moves Clause: Evasion moves are banned
|rule|Evasion Abilities Clause: Evasion abilities are banned
|rule|Sleep Moves Clause: Sleep-inducing moves are banned
|clearpoke
|poke|p1|Torkoal, F|
|poke|p1|Typhlosion, M|
|poke|p1|Charizard, M|
|poke|p1|Tauros-Paldea-Blaze, M|
|poke|p1|Arcanine-Hisui, M|
|poke|p1|Venusaur, M|
|poke|p2|Darkrai|
|poke|p2|Raging Bolt|
|poke|p2|Great Tusk|
|poke|p2|Ogerpon-Wellspring, F|
|poke|p2|Iron Moth|
|poke|p2|Espeon, F|
|teampreview
|
|t:|1757790309
|teamsize|p1|6
|teamsize|p2|6
|start
|switch|p1a: Typhlosion|Typhlosion, M|100/100
|switch|p2a: Ogerpon|Ogerpon-Wellspring, F|100/100
|turn|1
|inactive|Battle timer is ON: inactive players will automatically lose when time's up. (requested by Buraiha)
|
|t:|1757790316
|switch|p1a: Venusaur|Venusaur, M|100/100
|move|p2a: Ogerpon|Swords Dance|p2a: Ogerpon
|-boost|p2a: Ogerpon|atk|2
|
|upkeep
|turn|2
|
|t:|1757790323
|-terastallize|p1a: Venusaur|Grass
|move|p2a: Ogerpon|Ivy Cudgel|p1a: Venusaur|[anim] Ivy Cudgel Water
|-resisted|p1a: Venusaur
|-damage|p1a: Venusaur|26/100
|move|p1a: Venusaur|Giga Drain|p2a: Ogerpon
|-damage|p2a: Ogerpon|47/100
|-heal|p1a: Venusaur|52/100|[from] drain|[of] p2a: Ogerpon
|
|upkeep
|turn|3
|
|t:|1757790332
|switch|p1a: Torkoal|Torkoal, F|100/100
|-weather|SunnyDay|[from] ability: Drought|[of] p1a: Torkoal
|move|p2a: Ogerpon|Ivy Cudgel|p1a: Torkoal|[anim] Ivy Cudgel Water
|-supereffective|p1a: Torkoal
|-damage|p1a: Torkoal|39/100
|
|-weather|SunnyDay|[upkeep]
|upkeep
|turn|4
|
|t:|1757790340
|move|p2a: Ogerpon|Ivy Cudgel|p1a: Torkoal|[anim] Ivy Cudgel Water
|-supereffective|p1a: Torkoal
|-damage|p1a: Torkoal|0 fnt
|faint|p1a: Torkoal
|
|-weather|SunnyDay|[upkeep]
|upkeep
|
|t:|1757790345
|switch|p1a: Venusaur|Venusaur, M, tera:Grass|52/100
|turn|5
|
|t:|1757790348
|move|p1a: Venusaur|Giga Drain|p2a: Ogerpon
|-damage|p2a: Ogerpon|0 fnt
|-heal|p1a: Venusaur|76/100|[from] drain|[of] p2a: Ogerpon
|faint|p2a: Ogerpon
|
|-weather|SunnyDay|[upkeep]
|upkeep
|
|t:|1757790351
|switch|p2a: Iron Moth|Iron Moth|100/100
|-enditem|p2a: Iron Moth|Booster Energy
|-activate|p2a: Iron Moth|ability: Quark Drive|[fromitem]
|-start|p2a: Iron Moth|quarkdrivespe
|turn|6
|
|t:|1757790357
|switch|p1a: Arcanine|Arcanine-Hisui, M|100/100
|move|p2a: Iron Moth|Fiery Dance|p1a: Arcanine
|-resisted|p1a: Arcanine
|-damage|p1a: Arcanine|81/100
|-boost|p2a: Iron Moth|spa|1
|
|-weather|SunnyDay|[upkeep]
|upkeep
|turn|7
|
|t:|1757790364
|move|p2a: Iron Moth|Sludge Wave|p1a: Arcanine
|-resisted|p1a: Arcanine
|-damage|p1a: Arcanine|35/100
|move|p1a: Arcanine|Head Smash|p2a: Iron Moth
|-supereffective|p2a: Iron Moth
|-damage|p2a: Iron Moth|0 fnt
|faint|p2a: Iron Moth
|-end|p2a: Iron Moth|Quark Drive|[silent]
|-damage|p1a: Arcanine|25/100|[from] item: Life Orb
|
|-weather|SunnyDay|[upkeep]
|upkeep
|
|t:|1757790371
|switch|p2a: Espeon|Espeon, F, shiny|100/100
|turn|8
|
|t:|1757790376
|move|p1a: Arcanine|Extreme Speed|p2a: Espeon
|-damage|p2a: Espeon|33/100
|-damage|p1a: Arcanine|15/100|[from] item: Life Orb
|move|p2a: Espeon|Psychic|p1a: Arcanine
|-damage|p1a: Arcanine|0 fnt
|faint|p1a: Arcanine
|
|-weather|SunnyDay|[upkeep]
|upkeep
|
|t:|1757790384
|switch|p1a: Venusaur|Venusaur, M, tera:Grass|76/100
|turn|9
|
|t:|1757790393
|move|p2a: Espeon|Psychic|p1a: Venusaur
|-damage|p1a: Venusaur|25/100
|move|p1a: Venusaur|Giga Drain|p2a: Espeon
|-damage|p2a: Espeon|0 fnt
|-heal|p1a: Venusaur|40/100|[from] drain|[of] p2a: Espeon
|faint|p2a: Espeon
|
|-weather|SunnyDay|[upkeep]
|upkeep
|
|t:|1757790396
|switch|p2a: Raging Bolt|Raging Bolt|100/100
|-activate|p2a: Raging Bolt|ability: Protosynthesis
|-start|p2a: Raging Bolt|protosynthesisspa
|turn|10
|
|t:|1757790407
|move|p2a: Raging Bolt|Thunderclap||[still]
|-fail|p2a: Raging Bolt
|move|p1a: Venusaur|Growth|p1a: Venusaur
|-boost|p1a: Venusaur|atk|2
|-boost|p1a: Venusaur|spa|2
|
|-weather|none
|-end|p2a: Raging Bolt|Protosynthesis
|upkeep
|-enditem|p2a: Raging Bolt|Booster Energy
|-activate|p2a: Raging Bolt|ability: Protosynthesis|[fromitem]
|-start|p2a: Raging Bolt|protosynthesisspa
|turn|11
|
|t:|1757790419
|move|p2a: Raging Bolt|Thunderclap||[still]
|-fail|p2a: Raging Bolt
|move|p1a: Venusaur|Sunny Day|p1a: Venusaur
|-weather|SunnyDay
|
|-weather|SunnyDay|[upkeep]
|upkeep
|turn|12
|
|t:|1757790424
|move|p2a: Raging Bolt|Thunderclap|p1a: Venusaur
|-resisted|p1a: Venusaur
|-damage|p1a: Venusaur|10/100
|move|p1a: Venusaur|Giga Drain|p2a: Raging Bolt
|-resisted|p2a: Raging Bolt
|-damage|p2a: Raging Bolt|52/100
|-heal|p1a: Venusaur|42/100|[from] drain|[of] p2a: Raging Bolt
|
|-weather|SunnyDay|[upkeep]
|upkeep
|turn|13
|
|t:|1757790434
|move|p2a: Raging Bolt|Thunderclap|p1a: Venusaur
|-resisted|p1a: Venusaur
|-damage|p1a: Venusaur|10/100
|move|p1a: Venusaur|Giga Drain|p2a: Raging Bolt
|-resisted|p2a: Raging Bolt
|-damage|p2a: Raging Bolt|9/100
|-heal|p1a: Venusaur|38/100|[from] drain|[of] p2a: Raging Bolt
|
|-weather|SunnyDay|[upkeep]
|upkeep
|turn|14
|
|t:|1757790442
|move|p2a: Raging Bolt|Thunderclap|p1a: Venusaur
|-resisted|p1a: Venusaur
|-damage|p1a: Venusaur|6/100
|move|p1a: Venusaur|Giga Drain|p2a: Raging Bolt
|-resisted|p2a: Raging Bolt
|-damage|p2a: Raging Bolt|0 fnt
|-heal|p1a: Venusaur|11/100|[from] drain|[of] p2a: Raging Bolt
|faint|p2a: Raging Bolt
|-end|p2a: Raging Bolt|Protosynthesis|[silent]
|
|-weather|SunnyDay|[upkeep]
|upkeep
|
|t:|1757790444
|switch|p2a: Darkrai|Darkrai|100/100
|turn|15
|
|t:|1757790451
|move|p1a: Venusaur|Giga Drain|p2a: Darkrai
|-enditem|p2a: Darkrai|Focus Sash
|-damage|p2a: Darkrai|1/100
|-heal|p1a: Venusaur|58/100|[from] drain|[of] p2a: Darkrai
|move|p2a: Darkrai|Sludge Bomb|p1a: Venusaur
|-supereffective|p1a: Venusaur
|-damage|p1a: Venusaur|0 fnt
|faint|p1a: Venusaur
|
|-weather|SunnyDay|[upkeep]
|upkeep
|
|t:|1757790465
|switch|p1a: Tauros|Tauros-Paldea-Blaze, M|100/100
|turn|16
|
|t:|1757790474
|move|p2a: Darkrai|Dark Pulse|p1a: Tauros
|-resisted|p1a: Tauros
|-damage|p1a: Tauros|68/100
|move|p1a: Tauros|Flare Blitz|p2a: Darkrai
|-damage|p2a: Darkrai|0 fnt
|faint|p2a: Darkrai
|-damage|p1a: Tauros|67/100|[from] Recoil
|
|-weather|SunnyDay|[upkeep]
|upkeep
|
|t:|1757790478
|switch|p2a: Great Tusk|Great Tusk|100/100
|-activate|p2a: Great Tusk|ability: Protosynthesis
|-start|p2a: Great Tusk|protosynthesisspe
|turn|17
|
|t:|1757790485
|switch|p1a: Charizard|Charizard, M|100/100
|move|p2a: Great Tusk|Headlong Rush|p1a: Charizard
|-immune|p1a: Charizard
|
|-weather|SunnyDay|[upkeep]
|-damage|p1a: Charizard|88/100|[from] ability: Solar Power|[of] p1a: Charizard
|upkeep
|turn|18
|
|t:|1757790493
|move|p2a: Great Tusk|Bulk Up|p2a: Great Tusk
|-boost|p2a: Great Tusk|atk|1
|-boost|p2a: Great Tusk|def|1
|move|p1a: Charizard|Air Slash|p2a: Great Tusk
|-supereffective|p2a: Great Tusk
|-damage|p2a: Great Tusk|0 fnt
|faint|p2a: Great Tusk
|-end|p2a: Great Tusk|Protosynthesis|[silent]
|
|win|Buraiha
|raw|Buraiha's rating: 1149 &rarr; <strong>1175</strong><br />(+26 for winning)
|raw|Spiffity's rating: 1161 &rarr; <strong>1135</strong><br />(-26 for losing)
|l|☆Spiffity
|player|p2|
|l|☆Buraiha
|player|p1|
