|j|☆yjhrjjk
|j|☆primerubric
|t:|1757839241
|gametype|singles
|player|p1|yjhrjjk|idol|1076
|player|p2|primerubric|266|1123
|gen|9
|tier|[Gen 9] OU
|rated|
|rule|HP Percentage Mod: HP is shown in percentages
|rule|Endless Battle Clause: Forcing endless battles is banned
|rule|Species Clause: Limit one of each Pokémon
|rule|OHKO Clause: OHKO moves are banned
|rule|Evasion Items Clause: Evasion items are banned
|rule|Evasion Moves Clause: Evasion moves are banned
|rule|Evasion Abilities Clause: Evasion abilities are banned
|rule|Sleep Moves Clause: Sleep-inducing moves are banned
|clearpoke
|poke|p1|Meowscarada, F|
|poke|p1|Gardevoir, F|
|poke|p1|Cinderace, F|
|poke|p1|Vaporeon, F|
|poke|p1|Hydreigon, M|
|poke|p1|Alcremie-Salted-Cream, F|
|poke|p2|Great Tusk|
|poke|p2|Corviknight, M|
|poke|p2|Slowking-Galar, F|
|poke|p2|Rillaboom, M|
|poke|p2|Dragapult, M|
|poke|p2|Kingambit, F|
|teampreview
|
|t:|1757839259
|teamsize|p1|6
|teamsize|p2|6
|start
|switch|p1a: Meowscarada|Meowscarada, F|100/100
|switch|p2a: Rillaboom|Rillaboom, M|100/100
|-fieldstart|move: Grassy Terrain|[from] ability: Grassy Surge|[of] p2a: Rillaboom
|turn|1
|
|t:|1757839274
|move|p1a: Meowscarada|Knock Off|p2a: Rillaboom
|-start|p1a: Meowscarada|typechange|Dark|[from] ability: Protean
|-damage|p2a: Rillaboom|49/100
|-enditem|p2a: Rillaboom|Choice Band|[from] move: Knock Off|[of] p1a: Meowscarada
|move|p2a: Rillaboom|U-turn|p1a: Meowscarada
|-supereffective|p1a: Meowscarada
|-damage|p1a: Meowscarada|24/100
|
|t:|1757839317
|switch|p2a: Kingambit|Kingambit, F|100/100|[from] U-turn
|
|-heal|p1a: Meowscarada|30/100|[from] Grassy Terrain
|upkeep
|turn|2
|
|t:|1757839330
|move|p1a: Meowscarada|Brick Break|p2a: Kingambit
|-supereffective|p2a: Kingambit
|-damage|p2a: Kingambit|38/100
|move|p2a: Kingambit|Kowtow Cleave|p1a: Meowscarada
|-resisted|p1a: Meowscarada
|-damage|p1a: Meowscarada|0 fnt
|faint|p1a: Meowscarada
|
|-heal|p2a: Kingambit|44/100|[from] Grassy Terrain
|-heal|p2a: Kingambit|50/100|[from] item: Leftovers
|upkeep
|
|t:|1757839346
|switch|p1a: Cinderace|Cinderace, F|100/100
|turn|3
|
|t:|1757839373
|-end|p2a: Kingambit|fallenundefined|[silent]
|switch|p2a: Great Tusk|Great Tusk|100/100
|move|p1a: Cinderace|Swords Dance|p1a: Cinderace
|-boost|p1a: Cinderace|atk|2
|
|upkeep
|turn|4
|
|t:|1757839403
|move|p1a: Cinderace|U-turn|p2a: Great Tusk
|-resisted|p2a: Great Tusk
|-damage|p2a: Great Tusk|87/100
|-damage|p1a: Cinderace|91/100|[from] item: Life Orb
|
|t:|1757839409
|switch|p1a: Hydreigon|Hydreigon, M|100/100|[from] U-turn
|move|p2a: Great Tusk|Earthquake|p1a: Hydreigon
|-immune|p1a: Hydreigon|[from] ability: Levitate
|
|-heal|p2a: Great Tusk|93/100|[from] Grassy Terrain
|-heal|p2a: Great Tusk|99/100|[from] item: Leftovers
|upkeep
|turn|5
|
|t:|1757839442
|move|p1a: Hydreigon|Draco Meteor|p2a: Great Tusk
|-damage|p2a: Great Tusk|0 fnt
|-unboost|p1a: Hydreigon|spa|2
|faint|p2a: Great Tusk
|-end|p2a: Great Tusk|Protosynthesis|[silent]
|
|-fieldend|move: Grassy Terrain
|upkeep
|
|t:|1757839467
|switch|p2a: Dragapult|Dragapult, M|100/100
|turn|6
|
|t:|1757839472
|switch|p1a: Alcremie|Alcremie-Salted-Cream, F|100/100
|move|p2a: Dragapult|Draco Meteor|p1a: Alcremie
|-immune|p1a: Alcremie
|
|upkeep
|turn|7
|
|t:|1757839484
|switch|p2a: Slowking|Slowking-Galar, F|100/100
|move|p1a: Alcremie|Calm Mind|p1a: Alcremie
|-boost|p1a: Alcremie|spa|1
|-boost|p1a: Alcremie|spd|1
|
|upkeep
|turn|8
|
|t:|1757839492
|switch|p1a: Hydreigon|Hydreigon, M|100/100
|move|p2a: Slowking|Sludge Bomb|p1a: Hydreigon
|-damage|p1a: Hydreigon|60/100
|
|upkeep
|turn|9
|
|t:|1757839505
|-terastallize|p2a: Slowking|Water
|move|p1a: Hydreigon|Dark Pulse|p2a: Slowking
|-damage|p2a: Slowking|77/100
|move|p2a: Slowking|Ice Beam|p1a: Hydreigon
|-supereffective|p1a: Hydreigon
|-damage|p1a: Hydreigon|11/100
|
|upkeep
|turn|10
|
|t:|1757839517
|move|p1a: Hydreigon|Dark Pulse|p2a: Slowking
|-damage|p2a: Slowking|53/100
|move|p2a: Slowking|Ice Beam|p1a: Hydreigon
|-supereffective|p1a: Hydreigon
|-damage|p1a: Hydreigon|0 fnt
|faint|p1a: Hydreigon
|
|upkeep
|
|t:|1757839527
|switch|p1a: Cinderace|Cinderace, F|91/100
|turn|11
|
|t:|1757839533
|move|p1a: Cinderace|Swords Dance|p1a: Cinderace
|-boost|p1a: Cinderace|atk|2
|move|p2a: Slowking|Future Sight|p1a: Cinderace
|-start|p2a: Slowking|move: Future Sight
|
|upkeep
|turn|12
|
|t:|1757839552
|move|p1a: Cinderace|Sucker Punch|p2a: Slowking
|-damage|p2a: Slowking|0 fnt
|faint|p2a: Slowking
|-damage|p1a: Cinderace|81/100|[from] item: Life Orb
|
|upkeep
|
|t:|1757839566
|switch|p2a: Corviknight|Corviknight, M|100/100
|-ability|p2a: Corviknight|Pressure
|turn|13
|
|t:|1757839577
|move|p1a: Cinderace|Pyro Ball|p2a: Corviknight|[miss]
|-miss|p1a: Cinderace|p2a: Corviknight
|move|p2a: Corviknight|Brave Bird|p1a: Cinderace
|-damage|p1a: Cinderace|30/100
|-damage|p2a: Corviknight|88/100|[from] Recoil
|
|-end|p1a: Cinderace|move: Future Sight
|-damage|p1a: Cinderace|0 fnt
|faint|p1a: Cinderace
|upkeep
|
|t:|1757839596
|switch|p1a: Vaporeon|Vaporeon, F|100/100
|turn|14
|
|t:|1757839608
|move|p2a: Corviknight|Brave Bird|p1a: Vaporeon
|-damage|p1a: Vaporeon|61/100
|-damage|p2a: Corviknight|73/100|[from] Recoil
|move|p1a: Vaporeon|Acid Armor|p1a: Vaporeon
|-boost|p1a: Vaporeon|def|2
|
|-heal|p1a: Vaporeon|68/100|[from] item: Leftovers
|upkeep
|turn|15
|
|t:|1757839619
|move|p2a: Corviknight|Brave Bird|p1a: Vaporeon
|-damage|p1a: Vaporeon|46/100
|-damage|p2a: Corviknight|65/100|[from] Recoil
|move|p1a: Vaporeon|Acid Armor|p1a: Vaporeon
|-boost|p1a: Vaporeon|def|2
|
|-heal|p1a: Vaporeon|52/100|[from] item: Leftovers
|upkeep
|turn|16
|
|t:|1757839638
|move|p2a: Corviknight|Brave Bird|p1a: Vaporeon
|-damage|p1a: Vaporeon|40/100
|-damage|p2a: Corviknight|60/100|[from] Recoil
|move|p1a: Vaporeon|Calm Mind|p1a: Vaporeon
|-boost|p1a: Vaporeon|spa|1
|-boost|p1a: Vaporeon|spd|1
|
|-heal|p1a: Vaporeon|46/100|[from] item: Leftovers
|upkeep
|turn|17
|
|t:|1757839650
|move|p2a: Corviknight|U-turn|p1a: Vaporeon
|-damage|p1a: Vaporeon|40/100
|
|t:|1757839655
|switch|p2a: Kingambit|Kingambit, F|50/100|[from] U-turn
|-activate|p2a: Kingambit|ability: Supreme Overlord
|-start|p2a: Kingambit|fallen2|[silent]
|move|p1a: Vaporeon|Calm Mind|p1a: Vaporeon
|-boost|p1a: Vaporeon|spa|1
|-boost|p1a: Vaporeon|spd|1
|
|-heal|p1a: Vaporeon|46/100|[from] item: Leftovers
|-heal|p2a: Kingambit|57/100|[from] item: Leftovers
|upkeep
|turn|18
|
|t:|1757839669
|move|p1a: Vaporeon|Scald|p2a: Kingambit
|-damage|p2a: Kingambit|0 fnt
|faint|p2a: Kingambit
|-end|p2a: Kingambit|fallen2|[silent]
|
|-heal|p1a: Vaporeon|52/100|[from] item: Leftovers
|upkeep
|
|t:|1757839674
|switch|p2a: Rillaboom|Rillaboom, M|49/100
|-fieldstart|move: Grassy Terrain|[from] ability: Grassy Surge|[of] p2a: Rillaboom
|turn|19
|
|t:|1757839681
|move|p2a: Rillaboom|Grassy Glide|p1a: Vaporeon
|-supereffective|p1a: Vaporeon
|-damage|p1a: Vaporeon|22/100
|move|p1a: Vaporeon|Ice Beam|p2a: Rillaboom
|-supereffective|p2a: Rillaboom
|-damage|p2a: Rillaboom|0 fnt
|faint|p2a: Rillaboom
|
|-heal|p1a: Vaporeon|29/100|[from] Grassy Terrain
|-heal|p1a: Vaporeon|35/100|[from] item: Leftovers
|upkeep
|
|t:|1757839696
|switch|p2a: Dragapult|Dragapult, M|100/100
|turn|20
|
|t:|1757839705
|move|p2a: Dragapult|Shadow Ball|p1a: Vaporeon
|-damage|p1a: Vaporeon|16/100
|move|p1a: Vaporeon|Ice Beam|p2a: Dragapult
|-supereffective|p2a: Dragapult
|-damage|p2a: Dragapult|0 fnt
|faint|p2a: Dragapult
|
|-heal|p1a: Vaporeon|23/100|[from] Grassy Terrain
|-heal|p1a: Vaporeon|29/100|[from] item: Leftovers
|upkeep
|-message|primerubric forfeited.
|
|win|yjhrjjk
|raw|yjhrjjk's rating: 1076 &rarr; <strong>1108</strong><br />(+32 for winning)
|raw|primerubric's rating: 1123 &rarr; <strong>1095</strong><br />(-28 for losing)
|l|☆primerubric
|player|p2|
|l|☆yjhrjjk
|player|p1|
