|j|☆loneslopeman
|j|☆Gym Leader Bert
|t:|1757917464
|gametype|singles
|player|p1|loneslopeman|1|1294
|player|p2|Gym Leader Bert|gentleman-gen4|1231
|gen|9
|tier|[Gen 9] OU
|rated|
|rule|HP Percentage Mod: HP is shown in percentages
|rule|Endless Battle Clause: Forcing endless battles is banned
|rule|Species Clause: Limit one of each Pokémon
|rule|OHKO Clause: OHKO moves are banned
|rule|Evasion Items Clause: Evasion items are banned
|rule|Evasion Moves Clause: Evasion moves are banned
|rule|Evasion Abilities Clause: Evasion abilities are banned
|rule|Sleep Moves Clause: Sleep-inducing moves are banned
|clearpoke
|poke|p1|Zarude-Dada|
|poke|p1|Torkoal, M|
|poke|p1|Scream Tail|
|poke|p1|Great Tusk|
|poke|p1|Zamazenta-*|
|poke|p1|Walking Wake|
|poke|p2|Torkoal, M|
|poke|p2|Hatterene, F|
|poke|p2|Walking Wake|
|poke|p2|Dragapult, M|
|poke|p2|Cloyster, F|
|poke|p2|Torterra, F|
|teampreview
|inactive|Battle timer is ON: inactive players will automatically lose when time's up. (requested by Gym Leader Bert)
|inactive|loneslopeman has 120 seconds left.
|
|t:|1757917524
|teamsize|p1|6
|teamsize|p2|6
|start
|switch|p1a: Scream Tail|Scream Tail|100/100
|switch|p2a: Walking Wake|Walking Wake|100/100
|turn|1
|
|t:|1757917536
|-end|p2a: Walking Wake|Protosynthesis|[silent]
|switch|p2a: Sun God Koal|Torkoal, M|100/100
|-weather|SunnyDay|[from] ability: Drought|[of] p2a: Sun God Koal
|-activate|p1a: Scream Tail|ability: Protosynthesis
|-start|p1a: Scream Tail|protosynthesisspd
|move|p1a: Scream Tail|Light Screen|p1a: Scream Tail
|-sidestart|p1: loneslopeman|move: Light Screen
|
|-weather|SunnyDay|[upkeep]
|upkeep
|turn|2
|
|t:|1757917543
|move|p1a: Scream Tail|Reflect|p1a: Scream Tail
|-sidestart|p1: loneslopeman|Reflect
|move|p2a: Sun God Koal|Stealth Rock|p1a: Scream Tail
|-sidestart|p1: loneslopeman|move: Stealth Rock
|
|-weather|SunnyDay|[upkeep]
|upkeep
|turn|3
|
|t:|1757917554
|-end|p1a: Scream Tail|Protosynthesis|[silent]
|switch|p1a: Walking Wake|Walking Wake|100/100
|-damage|p1a: Walking Wake|88/100|[from] Stealth Rock
|-activate|p1a: Walking Wake|ability: Protosynthesis
|-start|p1a: Walking Wake|protosynthesisspe
|move|p2a: Sun God Koal|Will-O-Wisp|p1a: Walking Wake
|-status|p1a: Walking Wake|brn
|
|-weather|SunnyDay|[upkeep]
|-damage|p1a: Walking Wake|82/100 brn|[from] brn
|upkeep
|turn|4
|
|t:|1757917573
|switch|p2a: Torterra|Torterra, F|100/100
|move|p1a: Walking Wake|Hydro Steam|p2a: Torterra
|-damage|p2a: Torterra|25/100
|-damage|p1a: Walking Wake|72/100 brn|[from] item: Life Orb
|
|-weather|SunnyDay|[upkeep]
|-damage|p1a: Walking Wake|66/100 brn|[from] brn
|upkeep
|turn|5
|
|t:|1757917582
|switch|p2a: Walking Wake|Walking Wake|100/100
|-activate|p2a: Walking Wake|ability: Protosynthesis
|-start|p2a: Walking Wake|protosynthesisspe
|move|p1a: Walking Wake|Hydro Steam|p2a: Walking Wake
|-resisted|p2a: Walking Wake
|-damage|p2a: Walking Wake|78/100
|-damage|p1a: Walking Wake|56/100 brn|[from] item: Life Orb
|
|-weather|none
|-end|p1a: Walking Wake|Protosynthesis
|-end|p2a: Walking Wake|Protosynthesis
|-damage|p1a: Walking Wake|50/100 brn|[from] brn
|upkeep
|turn|6
|
|t:|1757917589
|move|p1a: Walking Wake|Draco Meteor|p2a: Walking Wake
|-supereffective|p2a: Walking Wake
|-damage|p2a: Walking Wake|0 fnt
|-unboost|p1a: Walking Wake|spa|2
|faint|p2a: Walking Wake
|-end|p2a: Walking Wake|Protosynthesis|[silent]
|-damage|p1a: Walking Wake|40/100 brn|[from] item: Life Orb
|
|-damage|p1a: Walking Wake|34/100 brn|[from] brn
|upkeep
|
|t:|1757917596
|switch|p2a: Cloyster|Cloyster, F|100/100
|turn|7
|
|t:|1757917604
|move|p1a: Walking Wake|Flip Turn|p2a: Cloyster
|-resisted|p2a: Cloyster
|-damage|p2a: Cloyster|96/100
|-damage|p1a: Walking Wake|24/100 brn|[from] item: Life Orb
|
|t:|1757917608
|-end|p1a: Walking Wake|Protosynthesis|[silent]
|switch|p1a: Zamazenta|Zamazenta|100/100|[from] Flip Turn
|-damage|p1a: Zamazenta|94/100|[from] Stealth Rock
|-ability|p1a: Zamazenta|Dauntless Shield|boost
|-boost|p1a: Zamazenta|def|1
|move|p2a: Cloyster|Shell Smash|p2a: Cloyster
|-unboost|p2a: Cloyster|def|1
|-unboost|p2a: Cloyster|spd|1
|-boost|p2a: Cloyster|atk|2
|-boost|p2a: Cloyster|spa|2
|-boost|p2a: Cloyster|spe|2
|
|-heal|p1a: Zamazenta|100/100|[from] item: Leftovers
|upkeep
|turn|8
|
|t:|1757917615
|move|p2a: Cloyster|Icicle Spear|p1a: Zamazenta
|-damage|p1a: Zamazenta|96/100
|-damage|p1a: Zamazenta|91/100
|-damage|p1a: Zamazenta|87/100
|-damage|p1a: Zamazenta|82/100
|-damage|p1a: Zamazenta|78/100
|-hitcount|p1a: Zamazenta|5
|move|p1a: Zamazenta|Body Press|p2a: Cloyster
|-supereffective|p2a: Cloyster
|-damage|p2a: Cloyster|0 fnt
|faint|p2a: Cloyster
|
|-heal|p1a: Zamazenta|85/100|[from] item: Leftovers
|-sideend|p1: loneslopeman|move: Light Screen
|upkeep
|
|t:|1757917620
|switch|p2a: Hatterene|Hatterene, F|100/100
|turn|9
|
|t:|1757917624
|switch|p1a: Torkoal|Torkoal, M|100/100
|-damage|p1a: Torkoal|76/100|[from] Stealth Rock
|-weather|SunnyDay|[from] ability: Drought|[of] p1a: Torkoal
|move|p2a: Hatterene|Trick Room|p2a: Hatterene
|-fieldstart|move: Trick Room|[of] p2a: Hatterene
|
|-weather|SunnyDay|[upkeep]
|-sideend|p1: loneslopeman|Reflect
|upkeep
|turn|10
|
|t:|1757917649
|switch|p1a: Scream Tail|Scream Tail|100/100
|-damage|p1a: Scream Tail|88/100|[from] Stealth Rock
|-activate|p1a: Scream Tail|ability: Protosynthesis
|-start|p1a: Scream Tail|protosynthesisspd
|move|p2a: Hatterene|Psychic|p1a: Scream Tail
|-resisted|p1a: Scream Tail
|-damage|p1a: Scream Tail|75/100
|
|-weather|SunnyDay|[upkeep]
|upkeep
|turn|11
|inactive|loneslopeman has 120 seconds left.
|inactive|loneslopeman has 90 seconds left.
|inactive|loneslopeman has 60 seconds left.
|inactive|loneslopeman has 30 seconds left.
|inactive|loneslopeman has 20 seconds left.
|inactive|loneslopeman has 15 seconds left.
|inactive|loneslopeman has 10 seconds left.
|inactive|loneslopeman has 5 seconds left.
|-message|loneslopeman lost due to inactivity.
|
|win|Gym Leader Bert
|raw|loneslopeman's rating: 1294 &rarr; <strong>1265</strong><br />(-29 for losing)
|raw|Gym Leader Bert's rating: 1231 &rarr; <strong>1260</strong><br />(+29 for winning)
|l|☆Gym Leader Bert
|player|p2|
