|j|☆YumeKasumi76
|j|☆mResss
|t:|1757795486
|gametype|singles
|player|p1|YumeKasumi76|265|1532
|player|p2|mResss|veteran|1578
|gen|9
|tier|[Gen 9] OU
|rated|
|rule|HP Percentage Mod: HP is shown in percentages
|rule|Endless Battle Clause: Forcing endless battles is banned
|rule|Species Clause: Limit one of each Pokémon
|rule|OHKO Clause: OHKO moves are banned
|rule|Evasion Items Clause: Evasion items are banned
|rule|Evasion Moves Clause: Evasion moves are banned
|rule|Evasion Abilities Clause: Evasion abilities are banned
|rule|Sleep Moves Clause: Sleep-inducing moves are banned
|clearpoke
|poke|p1|Cobalion|
|poke|p1|Weezing-Galar, M|
|poke|p1|Lokix, F|
|poke|p1|Arboliva, M|
|poke|p1|Ceruledge, F|
|poke|p1|Latios, M|
|poke|p2|Golurk|
|poke|p2|Alomomola, F|
|poke|p2|Kyurem|
|poke|p2|Iron Treads|
|poke|p2|Zapdos|
|poke|p2|Zamazenta-*|
|teampreview
|inactive|Battle timer is ON: inactive players will automatically lose when time's up. (requested by mResss)
|
|t:|1757795504
|teamsize|p1|6
|teamsize|p2|6
|start
|switch|p1a: Iverson|Latios, M|100/100
|switch|p2a: Golurk|Golurk|100/100
|turn|1
|
|t:|1757795516
|move|p1a: Iverson|Flip Turn|p2a: Golurk
|-supereffective|p2a: Golurk
|-damage|p2a: Golurk|71/100
|
|t:|1757795523
|switch|p1a: Pantheon|Arboliva, M|100/100|[from] Flip Turn
|move|p2a: Golurk|Poltergeist|p1a: Pantheon
|-immune|p1a: Pantheon
|
|upkeep
|turn|2
|
|t:|1757795534
|switch|p2a: Iron Treads|Iron Treads|100/100
|move|p1a: Pantheon|Tera Blast|p2a: Iron Treads
|-resisted|p2a: Iron Treads
|-damage|p2a: Iron Treads|72/100
|
|-heal|p2a: Iron Treads|79/100|[from] item: Leftovers
|upkeep
|turn|3
|
|t:|1757795545
|-end|p2a: Iron Treads|Quark Drive|[silent]
|switch|p2a: Zapdos|Zapdos|100/100
|move|p1a: Pantheon|Earth Power|p2a: Zapdos
|-immune|p2a: Zapdos
|
|upkeep
|turn|4
|
|t:|1757795551
|move|p2a: Zapdos|Hurricane|p1a: Pantheon
|-supereffective|p1a: Pantheon
|-crit|p1a: Pantheon
|-damage|p1a: Pantheon|27/100
|-fieldstart|move: Grassy Terrain|[from] ability: Seed Sower|[of] p1a: Pantheon
|move|p1a: Pantheon|Mirror Coat|p2a: Zapdos
|-damage|p2a: Zapdos|0 fnt
|faint|p2a: Zapdos
|
|-heal|p1a: Pantheon|33/100|[from] Grassy Terrain
|upkeep
|
|t:|1757795561
|switch|p2a: Golurk|Golurk|71/100
|turn|5
|
|t:|1757795564
|move|p2a: Golurk|Dynamic Punch|p1a: Pantheon
|-supereffective|p1a: Pantheon
|-damage|p1a: Pantheon|0 fnt
|faint|p1a: Pantheon
|
|-heal|p2a: Golurk|77/100|[from] Grassy Terrain
|upkeep
|
|t:|1757795568
|switch|p1a: Jalter|Ceruledge, F|100/100
|turn|6
|
|t:|1757795582
|switch|p2a: Alomomola|Alomomola, F|100/100
|move|p1a: Jalter|Bulk Up|p1a: Jalter
|-boost|p1a: Jalter|atk|1
|-boost|p1a: Jalter|def|1
|
|upkeep
|turn|7
|
|t:|1757795589
|move|p1a: Jalter|Bulk Up|p1a: Jalter
|-boost|p1a: Jalter|atk|1
|-boost|p1a: Jalter|def|1
|move|p2a: Alomomola|Flip Turn|p1a: Jalter
|-supereffective|p1a: Jalter
|-damage|p1a: Jalter|79/100
|
|t:|1757795604
|switch|p2a: Kyurem|Kyurem|100/100|[from] Flip Turn
|-ability|p2a: Kyurem|Pressure
|
|-heal|p1a: Jalter|86/100|[from] Grassy Terrain
|-heal|p1a: Jalter|92/100|[from] item: Leftovers
|upkeep
|turn|8
|
|t:|1757795612
|move|p2a: Kyurem|Earth Power|p1a: Jalter
|-supereffective|p1a: Jalter
|-damage|p1a: Jalter|15/100
|move|p1a: Jalter|Bitter Blade|p2a: Kyurem
|-damage|p2a: Kyurem|20/100
|-heal|p1a: Jalter|61/100|[from] drain|[of] p2a: Kyurem
|
|-heal|p2a: Kyurem|27/100|[from] Grassy Terrain
|-heal|p1a: Jalter|67/100|[from] Grassy Terrain
|-heal|p1a: Jalter|73/100|[from] item: Leftovers
|-fieldend|move: Grassy Terrain
|upkeep
|turn|9
|
|t:|1757795615
|move|p1a: Jalter|Shadow Sneak|p2a: Kyurem
|-damage|p2a: Kyurem|0 fnt
|faint|p2a: Kyurem
|
|-heal|p1a: Jalter|79/100|[from] item: Leftovers
|upkeep
|
|t:|1757795620
|switch|p2a: Zamazenta|Zamazenta|100/100
|-ability|p2a: Zamazenta|Dauntless Shield|boost
|-boost|p2a: Zamazenta|def|1
|turn|10
|
|t:|1757795624
|-terastallize|p2a: Zamazenta|Dark
|move|p2a: Zamazenta|Crunch|p1a: Jalter
|-supereffective|p1a: Jalter
|-damage|p1a: Jalter|28/100
|move|p1a: Jalter|Bitter Blade|p2a: Zamazenta
|-damage|p2a: Zamazenta|54/100
|-heal|p1a: Jalter|51/100|[from] drain|[of] p2a: Zamazenta
|
|-heal|p1a: Jalter|57/100|[from] item: Leftovers
|upkeep
|turn|11
|
|t:|1757795634
|move|p2a: Zamazenta|Crunch|p1a: Jalter
|-supereffective|p1a: Jalter
|-crit|p1a: Jalter
|-damage|p1a: Jalter|0 fnt
|faint|p1a: Jalter
|
|upkeep
|
|t:|1757795639
|switch|p1a: M'affald|Weezing-Galar, M|100/100
|-ability|p1a: M'affald|Neutralizing Gas
|turn|12
|
|t:|1757795648
|switch|p2a: Golurk|Golurk|77/100
|move|p1a: M'affald|Will-O-Wisp|p2a: Golurk
|-status|p2a: Golurk|brn
|
|-damage|p2a: Golurk|71/100 brn|[from] brn
|upkeep
|turn|13
|
|t:|1757795656
|-end|p1a: M'affald|ability: Neutralizing Gas
|switch|p1a: Ironhyde|Cobalion|100/100
|move|p2a: Golurk|Earthquake|p1a: Ironhyde
|-supereffective|p1a: Ironhyde
|-damage|p1a: Ironhyde|70/100
|
|-damage|p2a: Golurk|65/100 brn|[from] brn
|upkeep
|turn|14
|
|t:|1757795660
|move|p1a: Ironhyde|Stealth Rock|p2a: Golurk
|-sidestart|p2: mResss|move: Stealth Rock
|move|p2a: Golurk|Dynamic Punch|p1a: Ironhyde
|-supereffective|p1a: Ironhyde
|-damage|p1a: Ironhyde|53/100
|-start|p1a: Ironhyde|confusion
|-damage|p2a: Golurk|48/100 brn|[from] item: Rocky Helmet|[of] p1a: Ironhyde
|
|-damage|p2a: Golurk|43/100 brn|[from] brn
|upkeep
|turn|15
|
|t:|1757795666
|switch|p1a: M'affald|Weezing-Galar, M|100/100
|-ability|p1a: M'affald|Neutralizing Gas
|move|p2a: Golurk|Earthquake|p1a: M'affald
|-supereffective|p1a: M'affald
|-damage|p1a: M'affald|70/100
|
|-damage|p2a: Golurk|37/100 brn|[from] brn
|upkeep
|turn|16
|
|t:|1757795668
|move|p2a: Golurk|Earthquake|p1a: M'affald
|-supereffective|p1a: M'affald
|-damage|p1a: M'affald|42/100
|move|p1a: M'affald|Sludge Bomb|p2a: Golurk
|-resisted|p2a: Golurk
|-damage|p2a: Golurk|32/100 brn
|
|-damage|p2a: Golurk|27/100 brn|[from] brn
|upkeep
|turn|17
|
|t:|1757795673
|-end|p1a: M'affald|ability: Neutralizing Gas
|switch|p1a: Iverson|Latios, M|100/100
|move|p2a: Golurk|Earthquake|p1a: Iverson
|-immune|p1a: Iverson|[from] ability: Levitate
|
|-damage|p2a: Golurk|21/100 brn|[from] brn
|upkeep
|turn|18
|
|t:|1757795679
|move|p1a: Iverson|Draco Meteor|p2a: Golurk
|-damage|p2a: Golurk|0 fnt
|-unboost|p1a: Iverson|spa|2
|faint|p2a: Golurk
|
|upkeep
|
|t:|1757795687
|switch|p2a: Zamazenta|Zamazenta, tera:Dark|54/100
|turn|19
|
|t:|1757795694
|switch|p1a: Ironhyde|Cobalion|53/100
|move|p2a: Zamazenta|Heavy Slam|p1a: Ironhyde
|-resisted|p1a: Ironhyde
|-damage|p1a: Ironhyde|48/100
|-damage|p2a: Zamazenta|38/100|[from] item: Rocky Helmet|[of] p1a: Ironhyde
|
|upkeep
|turn|20
|
|t:|1757795696
|switch|p1a: M'affald|Weezing-Galar, M|42/100
|-ability|p1a: M'affald|Neutralizing Gas
|move|p2a: Zamazenta|Close Combat|p1a: M'affald
|-resisted|p1a: M'affald
|-damage|p1a: M'affald|32/100
|-unboost|p2a: Zamazenta|def|1
|-unboost|p2a: Zamazenta|spd|1
|
|upkeep
|turn|21
|
|t:|1757795700
|move|p2a: Zamazenta|Heavy Slam|p1a: M'affald
|-supereffective|p1a: M'affald
|-damage|p1a: M'affald|0 fnt
|faint|p1a: M'affald
|-end|p1a: M'affald|ability: Neutralizing Gas
|
|upkeep
|
|t:|1757795703
|switch|p1a: Satsuki|Lokix, F, shiny|100/100
|turn|22
|
|t:|1757795707
|switch|p2a: Alomomola|Alomomola, F|100/100
|move|p1a: Satsuki|First Impression|p2a: Alomomola
|-damage|p2a: Alomomola|59/100
|
|upkeep
|turn|23
|
|t:|1757795722
|switch|p1a: Ironhyde|Cobalion|48/100
|move|p2a: Alomomola|Wish|p2a: Alomomola
|
|upkeep
|turn|24
|
|t:|1757795728
|move|p1a: Ironhyde|Volt Switch|p2a: Alomomola
|-supereffective|p2a: Alomomola
|-damage|p2a: Alomomola|32/100
|
|t:|1757795732
|switch|p1a: Iverson|Latios, M|100/100|[from] Volt Switch
|move|p2a: Alomomola|Flip Turn|p1a: Iverson
|-resisted|p1a: Iverson
|-damage|p1a: Iverson|89/100
|
|t:|1757795735
|switch|p2a: Zamazenta|Zamazenta, tera:Dark|38/100|[from] Flip Turn
|
|-heal|p2a: Zamazenta|100/100|[from] move: Wish|[wisher] Alomomola
|upkeep
|turn|25
|
|t:|1757795740
|switch|p2a: Iron Treads|Iron Treads|79/100
|-damage|p2a: Iron Treads|76/100|[from] Stealth Rock
|-terastallize|p1a: Iverson|Dragon
|move|p1a: Iverson|Draco Meteor|p2a: Iron Treads|[miss]
|-miss|p1a: Iverson|p2a: Iron Treads
|
|-heal|p2a: Iron Treads|82/100|[from] item: Leftovers
|upkeep
|turn|26
|
|t:|1757795748
|switch|p1a: Ironhyde|Cobalion|48/100
|move|p2a: Iron Treads|Ice Spinner|p1a: Ironhyde
|-resisted|p1a: Ironhyde
|-damage|p1a: Ironhyde|40/100
|-damage|p2a: Iron Treads|65/100|[from] item: Rocky Helmet|[of] p1a: Ironhyde
|
|-heal|p2a: Iron Treads|72/100|[from] item: Leftovers
|upkeep
|turn|27
|
|t:|1757795750
|switch|p1a: Iverson|Latios, M, tera:Dragon|89/100
|move|p2a: Iron Treads|Earthquake|p1a: Iverson
|-immune|p1a: Iverson|[from] ability: Levitate
|
|-heal|p2a: Iron Treads|78/100|[from] item: Leftovers
|upkeep
|turn|28
|
|t:|1757795753
|move|p1a: Iverson|Draco Meteor|p2a: Iron Treads
|-resisted|p2a: Iron Treads
|-damage|p2a: Iron Treads|9/100
|-unboost|p1a: Iverson|spa|2
|move|p2a: Iron Treads|Ice Spinner|p1a: Iverson
|-supereffective|p1a: Iverson
|-damage|p1a: Iverson|25/100
|
|-heal|p2a: Iron Treads|15/100|[from] item: Leftovers
|upkeep
|turn|29
|inactive|mResss has 120 seconds left.
|
|t:|1757795788
|switch|p1a: Ironhyde|Cobalion|40/100
|move|p2a: Iron Treads|Ice Spinner|p1a: Ironhyde
|-resisted|p1a: Ironhyde
|-damage|p1a: Ironhyde|30/100
|-damage|p2a: Iron Treads|0 fnt|[from] item: Rocky Helmet|[of] p1a: Ironhyde
|faint|p2a: Iron Treads
|-end|p2a: Iron Treads|Quark Drive|[silent]
|
|upkeep
|
|t:|1757795792
|switch|p2a: Zamazenta|Zamazenta, tera:Dark|100/100
|turn|30
|
|t:|1757795797
|move|p2a: Zamazenta|Close Combat|p1a: Ironhyde
|-supereffective|p1a: Ironhyde
|-damage|p1a: Ironhyde|0 fnt
|-unboost|p2a: Zamazenta|def|1
|-unboost|p2a: Zamazenta|spd|1
|-damage|p2a: Zamazenta|84/100|[from] item: Rocky Helmet|[of] p1a: Ironhyde
|faint|p1a: Ironhyde
|
|upkeep
|
|t:|1757795800
|switch|p1a: Satsuki|Lokix, F, shiny|100/100
|turn|31
|
|t:|1757795804
|switch|p2a: Alomomola|Alomomola, F|66/100
|move|p1a: Satsuki|U-turn|p2a: Alomomola
|-damage|p2a: Alomomola|32/100
|
|t:|1757795806
|switch|p1a: Iverson|Latios, M, tera:Dragon|25/100|[from] U-turn
|
|upkeep
|turn|32
|
|t:|1757795818
|move|p2a: Alomomola|Protect|p2a: Alomomola
|-singleturn|p2a: Alomomola|Protect
|move|p1a: Iverson|Draco Meteor|p2a: Alomomola
|-activate|p2a: Alomomola|move: Protect
|
|upkeep
|turn|33
|
|t:|1757795830
|switch|p2a: Zamazenta|Zamazenta, tera:Dark|84/100
|move|p1a: Iverson|Draco Meteor|p2a: Zamazenta
|-damage|p2a: Zamazenta|0 fnt
|-unboost|p1a: Iverson|spa|2
|faint|p2a: Zamazenta
|
|upkeep
|
|t:|1757795833
|switch|p2a: Alomomola|Alomomola, F|66/100
|turn|34
|
|t:|1757795835
|switch|p1a: Satsuki|Lokix, F, shiny|100/100
|move|p2a: Alomomola|Wish|p2a: Alomomola
|
|upkeep
|turn|35
|
|t:|1757795840
|move|p1a: Satsuki|U-turn|p2a: Alomomola
|-damage|p2a: Alomomola|34/100
|
|t:|1757795842
|switch|p1a: Iverson|Latios, M, tera:Dragon|25/100|[from] U-turn
|move|p2a: Alomomola|Scald|p1a: Iverson
|-resisted|p1a: Iverson
|-damage|p1a: Iverson|18/100
|
|-heal|p2a: Alomomola|84/100|[from] move: Wish|[wisher] Alomomola
|upkeep
|turn|36
|
|t:|1757795847
|move|p1a: Iverson|Draco Meteor|p2a: Alomomola
|-damage|p2a: Alomomola|0 fnt
|-unboost|p1a: Iverson|spa|2
|faint|p2a: Alomomola
|
|win|YumeKasumi76
|raw|YumeKasumi76's rating: 1532 &rarr; <strong>1555</strong><br />(+23 for winning)
|raw|mResss's rating: 1578 &rarr; <strong>1555</strong><br />(-23 for losing)
|l|☆mResss
|player|p2|
|l|☆YumeKasumi76
|player|p1|
