|j|☆ace1234560
|j|☆aladdin2000
|t:|1757912162
|gametype|singles
|player|p1|ace1234560|102|1345
|player|p2|aladdin2000|170|1323
|gen|9
|tier|[Gen 9] OU
|rated|
|rule|HP Percentage Mod: HP is shown in percentages
|rule|Endless Battle Clause: Forcing endless battles is banned
|rule|Species Clause: Limit one of each Pokémon
|rule|OHKO Clause: OHKO moves are banned
|rule|Evasion Items Clause: Evasion items are banned
|rule|Evasion Moves Clause: Evasion moves are banned
|rule|Evasion Abilities Clause: Evasion abilities are banned
|rule|Sleep Moves Clause: Sleep-inducing moves are banned
|clearpoke
|poke|p1|Great Tusk|
|poke|p1|Kingambit, M|
|poke|p1|Dragapult, F|
|poke|p1|Tornadus-Therian, M|
|poke|p1|Heatran, M|
|poke|p1|Ting-Lu|
|poke|p2|Lilligant-Hisui, F|
|poke|p2|Zapdos|
|poke|p2|Excadrill, F|
|poke|p2|Delphox, M|
|poke|p2|Diancie|
|poke|p2|Walking Wake|
|teampreview
|inactive|Battle timer is ON: inactive players will automatically lose when time's up. (requested by ace1234560)
|
|t:|1757912173
|teamsize|p1|6
|teamsize|p2|6
|start
|switch|p1a: Ting-Lu|Ting-Lu|100/100
|switch|p2a: Diancie|Diancie|100/100
|-ability|p1a: Ting-Lu|Vessel of Ruin
|turn|1
|
|t:|1757912181
|move|p2a: Diancie|Sunny Day|p2a: Diancie
|-weather|SunnyDay
|move|p1a: Ting-Lu|Whirlwind|p2a: Diancie
|drag|p2a: Excadrill|Excadrill, F|100/100
|-ability|p2a: Excadrill|Mold Breaker
|-item|p2a: Excadrill|Air Balloon
|
|-weather|SunnyDay|[upkeep]
|upkeep
|turn|2
|
|t:|1757912190
|switch|p2a: Lilligant|Lilligant-Hisui, F, shiny|100/100
|move|p1a: Ting-Lu|Stealth Rock|p2a: Lilligant
|-sidestart|p2: aladdin2000|move: Stealth Rock
|
|-weather|SunnyDay|[upkeep]
|upkeep
|turn|3
|
|t:|1757912197
|move|p2a: Lilligant|Victory Dance|p2a: Lilligant
|-boost|p2a: Lilligant|atk|1
|-boost|p2a: Lilligant|def|1
|-boost|p2a: Lilligant|spe|1
|move|p1a: Ting-Lu|Whirlwind|p2a: Lilligant
|drag|p2a: Delphox|Delphox, M|100/100
|-damage|p2a: Delphox|76/100|[from] Stealth Rock
|
|-weather|SunnyDay|[upkeep]
|upkeep
|turn|4
|
|t:|1757912208
|move|p2a: Delphox|Flamethrower|p1a: Ting-Lu
|-damage|p1a: Ting-Lu|71/100
|-item|p2a: Delphox|Rocky Helmet|[from] ability: Magician|[of] p1a: Ting-Lu
|move|p1a: Ting-Lu|Spikes|p2a: Delphox
|-sidestart|p2: aladdin2000|Spikes
|
|-weather|SunnyDay|[upkeep]
|upkeep
|turn|5
|
|t:|1757912217
|switch|p2a: Excadrill|Excadrill, F|100/100
|-damage|p2a: Excadrill|97/100|[from] Stealth Rock
|-ability|p2a: Excadrill|Mold Breaker
|-item|p2a: Excadrill|Air Balloon
|move|p1a: Ting-Lu|Ruination|p2a: Excadrill
|-damage|p2a: Excadrill|49/100
|-enditem|p2a: Excadrill|Air Balloon
|
|-weather|SunnyDay|[upkeep]
|upkeep
|turn|6
|
|t:|1757912230
|move|p2a: Excadrill|Rapid Spin|p1a: Ting-Lu
|-damage|p1a: Ting-Lu|63/100
|-boost|p2a: Excadrill|spe|1
|-sideend|p2: aladdin2000|Spikes|[from] move: Rapid Spin|[of] p2a: Excadrill
|-sideend|p2: aladdin2000|Stealth Rock|[from] move: Rapid Spin|[of] p2a: Excadrill
|move|p1a: Ting-Lu|Whirlwind|p2a: Excadrill
|drag|p2a: Delphox|Delphox, M|76/100
|
|-weather|SunnyDay|[upkeep]
|upkeep
|turn|7
|
|t:|1757912239
|move|p2a: Delphox|Dazzling Gleam|p1a: Ting-Lu
|-supereffective|p1a: Ting-Lu
|-damage|p1a: Ting-Lu|39/100
|move|p1a: Ting-Lu|Stealth Rock|p2a: Delphox
|-sidestart|p2: aladdin2000|move: Stealth Rock
|
|-weather|SunnyDay|[upkeep]
|upkeep
|turn|8
|
|t:|1757912245
|move|p2a: Delphox|Flamethrower|p1a: Ting-Lu
|-damage|p1a: Ting-Lu|9/100
|move|p1a: Ting-Lu|Spikes|p2a: Delphox
|-sidestart|p2: aladdin2000|Spikes
|
|-weather|none
|upkeep
|turn|9
|
|t:|1757912251
|move|p2a: Delphox|Dazzling Gleam|p1a: Ting-Lu
|-supereffective|p1a: Ting-Lu
|-damage|p1a: Ting-Lu|0 fnt
|faint|p1a: Ting-Lu
|
|upkeep
|
|t:|1757912255
|switch|p1a: Dragapult|Dragapult, F|100/100
|turn|10
|
|t:|1757912261
|move|p1a: Dragapult|Shadow Ball|p2a: Delphox
|-supereffective|p2a: Delphox
|-damage|p2a: Delphox|0 fnt
|faint|p2a: Delphox
|
|upkeep
|
|t:|1757912280
|switch|p2a: Diancie|Diancie|100/100
|-damage|p2a: Diancie|88/100|[from] Stealth Rock
|-damage|p2a: Diancie|75/100|[from] Spikes
|turn|11
|
|t:|1757912297
|move|p1a: Dragapult|Shadow Ball|p2a: Diancie
|-damage|p2a: Diancie|29/100
|move|p2a: Diancie|Sunny Day|p2a: Diancie
|-weather|SunnyDay
|
|-weather|SunnyDay|[upkeep]
|upkeep
|turn|12
|
|t:|1757912303
|move|p1a: Dragapult|Shadow Ball|p2a: Diancie
|-damage|p2a: Diancie|0 fnt
|faint|p2a: Diancie
|
|-weather|SunnyDay|[upkeep]
|upkeep
|
|t:|1757912308
|switch|p2a: Walking Wake|Walking Wake|100/100
|-damage|p2a: Walking Wake|88/100|[from] Stealth Rock
|-damage|p2a: Walking Wake|76/100|[from] Spikes
|-activate|p2a: Walking Wake|ability: Protosynthesis
|-start|p2a: Walking Wake|protosynthesisspe
|turn|13
|
|t:|1757912316
|switch|p1a: Tornadus|Tornadus-Therian, M|100/100
|move|p2a: Walking Wake|Dragon Pulse|p1a: Tornadus
|-damage|p1a: Tornadus|31/100
|
|-weather|SunnyDay|[upkeep]
|upkeep
|turn|14
|
|t:|1757912323
|switch|p1a: Heatran|Heatran, M|100/100
|move|p2a: Walking Wake|Dragon Pulse|p1a: Heatran
|-resisted|p1a: Heatran
|-damage|p1a: Heatran|80/100
|
|-weather|SunnyDay|[upkeep]
|-heal|p1a: Heatran|86/100|[from] item: Leftovers
|upkeep
|turn|15
|
|t:|1757912331
|-end|p2a: Walking Wake|Protosynthesis|[silent]
|switch|p2a: Excadrill|Excadrill, F|49/100
|-damage|p2a: Excadrill|46/100|[from] Stealth Rock
|-damage|p2a: Excadrill|33/100|[from] Spikes
|-ability|p2a: Excadrill|Mold Breaker
|move|p1a: Heatran|Protect||[still]
|-fail|p1a: Heatran
|
|-weather|SunnyDay|[upkeep]
|-heal|p1a: Heatran|92/100|[from] item: Leftovers
|upkeep
|turn|16
|
|t:|1757912341
|switch|p1a: Dragapult|Dragapult, F|100/100
|move|p2a: Excadrill|Earthquake|p1a: Dragapult
|-damage|p1a: Dragapult|31/100
|
|-weather|SunnyDay|[upkeep]
|upkeep
|turn|17
|
|t:|1757912350
|move|p1a: Dragapult|Flamethrower|p2a: Excadrill
|-supereffective|p2a: Excadrill
|-damage|p2a: Excadrill|0 fnt
|faint|p2a: Excadrill
|
|-weather|SunnyDay|[upkeep]
|upkeep
|
|t:|1757912355
|switch|p2a: Lilligant|Lilligant-Hisui, F, shiny|100/100
|-damage|p2a: Lilligant|94/100|[from] Stealth Rock
|-damage|p2a: Lilligant|82/100|[from] Spikes
|turn|18
|
|t:|1757912367
|switch|p1a: Heatran|Heatran, M|92/100
|-terastallize|p2a: Lilligant|Fighting
|move|p2a: Lilligant|Victory Dance|p2a: Lilligant
|-boost|p2a: Lilligant|atk|1
|-boost|p2a: Lilligant|def|1
|-boost|p2a: Lilligant|spe|1
|
|-weather|none
|-heal|p1a: Heatran|98/100|[from] item: Leftovers
|upkeep
|turn|19
|
|t:|1757912375
|move|p2a: Lilligant|Close Combat|p1a: Heatran
|-supereffective|p1a: Heatran
|-damage|p1a: Heatran|0 fnt
|-unboost|p2a: Lilligant|def|1
|-unboost|p2a: Lilligant|spd|1
|faint|p1a: Heatran
|
|upkeep
|
|t:|1757912382
|switch|p1a: Dragapult|Dragapult, F|31/100
|turn|20
|
|t:|1757912386
|move|p2a: Lilligant|Ice Spinner|p1a: Dragapult
|-supereffective|p1a: Dragapult
|-crit|p1a: Dragapult
|-damage|p1a: Dragapult|0 fnt
|faint|p1a: Dragapult
|
|upkeep
|
|t:|1757912390
|switch|p1a: Great Tusk|Great Tusk|100/100
|turn|21
|
|t:|1757912395
|move|p2a: Lilligant|Leaf Blade|p1a: Great Tusk
|-supereffective|p1a: Great Tusk
|-damage|p1a: Great Tusk|47/100
|move|p1a: Great Tusk|Knock Off|p2a: Lilligant
|-resisted|p2a: Lilligant
|-damage|p2a: Lilligant|60/100
|-enditem|p2a: Lilligant|Focus Sash|[from] move: Knock Off|[of] p1a: Great Tusk
|
|upkeep
|turn|22
|
|t:|1757912404
|move|p2a: Lilligant|Leaf Blade|p1a: Great Tusk
|-supereffective|p1a: Great Tusk
|-damage|p1a: Great Tusk|0 fnt
|faint|p1a: Great Tusk
|-end|p1a: Great Tusk|Protosynthesis|[silent]
|
|upkeep
|
|t:|1757912408
|switch|p1a: Tornadus|Tornadus-Therian, M|64/100
|turn|23
|
|t:|1757912411
|move|p2a: Lilligant|Ice Spinner|p1a: Tornadus
|-supereffective|p1a: Tornadus
|-damage|p1a: Tornadus|0 fnt
|faint|p1a: Tornadus
|
|upkeep
|
|t:|1757912414
|switch|p1a: Kingambit|Kingambit, M|100/100
|-activate|p1a: Kingambit|ability: Supreme Overlord
|-start|p1a: Kingambit|fallen5|[silent]
|turn|24
|
|t:|1757912418
|-terastallize|p1a: Kingambit|Dark
|move|p1a: Kingambit|Sucker Punch|p2a: Lilligant
|-resisted|p2a: Lilligant
|-damage|p2a: Lilligant|0 fnt
|faint|p2a: Lilligant
|
|upkeep
|
|t:|1757912428
|switch|p2a: Zapdos|Zapdos|100/100
|turn|25
|
|t:|1757912431
|move|p2a: Zapdos|Thunder Wave|p1a: Kingambit
|-status|p1a: Kingambit|par
|move|p1a: Kingambit|Swords Dance|p1a: Kingambit
|-boost|p1a: Kingambit|atk|2
|
|upkeep
|turn|26
|
|t:|1757912439
|move|p2a: Zapdos|Thunderbolt|p1a: Kingambit
|-damage|p1a: Kingambit|59/100 par
|cant|p1a: Kingambit|par
|
|upkeep
|turn|27
|
|t:|1757912444
|move|p2a: Zapdos|Thunderbolt|p1a: Kingambit
|-damage|p1a: Kingambit|14/100 par
|move|p1a: Kingambit|Kowtow Cleave|p2a: Zapdos
|-damage|p2a: Zapdos|0 fnt
|faint|p2a: Zapdos
|
|upkeep
|
|t:|1757912450
|switch|p2a: Walking Wake|Walking Wake|76/100
|-damage|p2a: Walking Wake|63/100|[from] Stealth Rock
|-damage|p2a: Walking Wake|51/100|[from] Spikes
|turn|28
|
|t:|1757912459
|move|p1a: Kingambit|Sucker Punch|p2a: Walking Wake
|-damage|p2a: Walking Wake|0 fnt
|faint|p2a: Walking Wake
|-end|p2a: Walking Wake|Protosynthesis|[silent]
|
|win|ace1234560
|raw|ace1234560's rating: 1345 &rarr; <strong>1364</strong><br />(+19 for winning)
|raw|aladdin2000's rating: 1323 &rarr; <strong>1304</strong><br />(-19 for losing)
|c|☆aladdin2000|gg
|c|☆ace1234560|GG
|l|☆aladdin2000
|player|p2|
