|j|☆sfinch1
|j|☆HatedWitch
|t:|1757853750
|gametype|singles
|player|p1|sfinch1|101|1367
|player|p2|HatedWitch|lass|1390
|gen|9
|tier|[Gen 9] OU
|rated|
|rule|HP Percentage Mod: HP is shown in percentages
|rule|Endless Battle Clause: Forcing endless battles is banned
|rule|Species Clause: Limit one of each Pokémon
|rule|OHKO Clause: OHKO moves are banned
|rule|Evasion Items Clause: Evasion items are banned
|rule|Evasion Moves Clause: Evasion moves are banned
|rule|Evasion Abilities Clause: Evasion abilities are banned
|rule|Sleep Moves Clause: Sleep-inducing moves are banned
|clearpoke
|poke|p1|Kyurem|
|poke|p1|Landorus-Therian, M|
|poke|p1|Hatterene, F|
|poke|p1|Tinkaton, F|
|poke|p1|Zamazenta-*|
|poke|p1|Entei|
|poke|p2|Hydrapple, M|
|poke|p2|Alomomola, F|
|poke|p2|Sandy Shocks|
|poke|p2|Tinkaton, F|
|poke|p2|Zamazenta-*|
|poke|p2|Dragapult, M|
|teampreview
|
|t:|1757853804
|teamsize|p1|6
|teamsize|p2|6
|start
|switch|p1a: Kyurem|Kyurem|100/100
|switch|p2a: Dragapult|Dragapult, M|100/100
|-ability|p1a: Kyurem|Pressure
|turn|1
|
|t:|1757853816
|-terastallize|p1a: Kyurem|Electric
|move|p2a: Dragapult|Will-O-Wisp|p1a: Kyurem
|-status|p1a: Kyurem|brn
|move|p1a: Kyurem|Dragon Dance|p1a: Kyurem
|-boost|p1a: Kyurem|atk|1
|-boost|p1a: Kyurem|spe|1
|
|-damage|p1a: Kyurem|94/100 brn|[from] brn
|upkeep
|turn|2
|
|t:|1757853824
|move|p1a: Kyurem|Dragon Dance|p1a: Kyurem
|-boost|p1a: Kyurem|atk|1
|-boost|p1a: Kyurem|spe|1
|move|p2a: Dragapult|Hex|p1a: Kyurem
|-damage|p1a: Kyurem|44/100 brn
|
|-damage|p1a: Kyurem|38/100 brn|[from] brn
|upkeep
|turn|3
|
|t:|1757853831
|switch|p2a: Alomomola|Alomomola, F|100/100
|move|p1a: Kyurem|Icicle Spear|p2a: Alomomola
|-resisted|p2a: Alomomola
|-damage|p2a: Alomomola|95/100
|-resisted|p2a: Alomomola
|-damage|p2a: Alomomola|91/100
|-resisted|p2a: Alomomola
|-damage|p2a: Alomomola|86/100
|-resisted|p2a: Alomomola
|-damage|p2a: Alomomola|82/100
|-resisted|p2a: Alomomola
|-damage|p2a: Alomomola|77/100
|-hitcount|p2a: Alomomola|5
|
|-damage|p1a: Kyurem|31/100 brn|[from] brn
|upkeep
|turn|4
|
|t:|1757853839
|move|p1a: Kyurem|Tera Blast|p2a: Alomomola|[anim] Tera Blast Electric
|-supereffective|p2a: Alomomola
|-damage|p2a: Alomomola|12/100
|move|p2a: Alomomola|Flip Turn|p1a: Kyurem
|-damage|p1a: Kyurem|14/100 brn
|
|t:|1757853851
|switch|p2a: Sandy Shocks|Sandy Shocks, shiny|100/100|[from] Flip Turn
|
|-damage|p1a: Kyurem|8/100 brn|[from] brn
|upkeep
|turn|5
|
|t:|1757853857
|-end|p2a: Sandy Shocks|Protosynthesis|[silent]
|switch|p2a: Alomomola|Alomomola, F|45/100
|move|p1a: Kyurem|Icicle Spear|p2a: Alomomola
|-resisted|p2a: Alomomola
|-crit|p2a: Alomomola
|-damage|p2a: Alomomola|38/100
|-resisted|p2a: Alomomola
|-damage|p2a: Alomomola|33/100
|-resisted|p2a: Alomomola
|-damage|p2a: Alomomola|28/100
|-resisted|p2a: Alomomola
|-damage|p2a: Alomomola|23/100
|-resisted|p2a: Alomomola
|-damage|p2a: Alomomola|18/100
|-hitcount|p2a: Alomomola|5
|
|-damage|p1a: Kyurem|2/100 brn|[from] brn
|upkeep
|turn|6
|
|t:|1757853866
|switch|p2a: Tinkaton|Tinkaton, F|100/100
|-ability|p2a: Tinkaton|Mold Breaker
|-item|p2a: Tinkaton|Air Balloon
|move|p1a: Kyurem|Icicle Spear|p2a: Tinkaton
|-resisted|p2a: Tinkaton
|-crit|p2a: Tinkaton
|-damage|p2a: Tinkaton|87/100
|-enditem|p2a: Tinkaton|Air Balloon
|-resisted|p2a: Tinkaton
|-damage|p2a: Tinkaton|79/100
|-resisted|p2a: Tinkaton
|-damage|p2a: Tinkaton|71/100
|-resisted|p2a: Tinkaton
|-damage|p2a: Tinkaton|63/100
|-hitcount|p2a: Tinkaton|4
|
|-damage|p1a: Kyurem|0 fnt|[from] brn
|faint|p1a: Kyurem
|upkeep
|
|t:|1757853872
|switch|p1a: Entei|Entei|100/100
|turn|7
|
|t:|1757853876
|move|p1a: Entei|Sacred Fire|p2a: Tinkaton
|-supereffective|p2a: Tinkaton
|-crit|p2a: Tinkaton
|-damage|p2a: Tinkaton|0 fnt
|faint|p2a: Tinkaton
|
|upkeep
|
|t:|1757853889
|switch|p2a: Alomomola|Alomomola, F|52/100
|turn|8
|
|t:|1757853902
|move|p1a: Entei|Sacred Fire|p2a: Alomomola|[miss]
|-miss|p1a: Entei|p2a: Alomomola
|move|p2a: Alomomola|Scald|p1a: Entei
|-supereffective|p1a: Entei
|-damage|p1a: Entei|68/100
|
|upkeep
|turn|9
|inactive|Battle timer is ON: inactive players will automatically lose when time's up. (requested by HatedWitch)
|
|t:|1757853915
|switch|p1a: Hatterene|Hatterene, F|100/100
|move|p2a: Alomomola|Mirror Coat||[still]
|-fail|p2a: Alomomola
|
|upkeep
|turn|10
|
|t:|1757853919
|move|p2a: Alomomola|Flip Turn|p1a: Hatterene
|-damage|p1a: Hatterene|84/100
|inactive|HatedWitch has 120 seconds left.
|inactive|HatedWitch has 90 seconds left.
|inactive|HatedWitch has 60 seconds left.
|inactive|HatedWitch has 30 seconds left.
|inactive|HatedWitch has 20 seconds left.
|inactive|HatedWitch has 15 seconds left.
|inactive|HatedWitch has 10 seconds left.
|inactive|HatedWitch has 5 seconds left.
|-message|HatedWitch lost due to inactivity.
|
|win|sfinch1
|raw|sfinch1's rating: 1367 &rarr; <strong>1388</strong><br />(+21 for winning)
|raw|HatedWitch's rating: 1390 &rarr; <strong>1369</strong><br />(-21 for losing)
|l|☆sfinch1
|player|p1|
