|j|☆TopPeng
|j|☆ABraviousTinkaton
|t:|1757803775
|gametype|singles
|player|p1|TopPeng|265|1510
|player|p2|ABraviousTinkaton|miku-ice|1565
|gen|9
|tier|[Gen 9] OU
|rated|
|rule|HP Percentage Mod: HP is shown in percentages
|rule|Endless Battle Clause: Forcing endless battles is banned
|rule|Species Clause: Limit one of each Pokémon
|rule|OHKO Clause: OHKO moves are banned
|rule|Evasion Items Clause: Evasion items are banned
|rule|Evasion Moves Clause: Evasion moves are banned
|rule|Evasion Abilities Clause: Evasion abilities are banned
|rule|Sleep Moves Clause: Sleep-inducing moves are banned
|clearpoke
|poke|p1|Iron Crown|
|poke|p1|Ogerpon-Wellspring, F|
|poke|p1|Samurott-Hisui, F|
|poke|p1|Darkrai|
|poke|p1|Dragapult, F|
|poke|p1|Great Tusk|
|poke|p2|Alomomola, F|
|poke|p2|Slowking-Galar, F|
|poke|p2|Kingambit, F|
|poke|p2|Great Tusk|
|poke|p2|Cinderace, F|
|poke|p2|Thundurus-Therian, M|
|teampreview
|inactive|Battle timer is ON: inactive players will automatically lose when time's up. (requested by TopPeng)
|inactive|ABraviousTinkaton has 120 seconds left.
|
|t:|1757803815
|teamsize|p1|6
|teamsize|p2|6
|start
|switch|p1a: Dragapult|Dragapult, F|100/100
|switch|p2a: Cinderace|Cinderace, F|100/100
|turn|1
|
|t:|1757803822
|switch|p2a: Alomomola|Alomomola, F|100/100
|move|p1a: Dragapult|Draco Meteor|p2a: Alomomola
|-damage|p2a: Alomomola|30/100
|-unboost|p1a: Dragapult|spa|2
|-enditem|p2a: Alomomola|Eject Button
|inactive|ABraviousTinkaton has 120 seconds left.
|
|t:|1757803856
|switch|p2a: Thundurus|Thundurus-Therian, M|100/100
|
|upkeep
|turn|2
|
|t:|1757803860
|switch|p1a: Iron Crown|Iron Crown|100/100
|move|p2a: Thundurus|Volt Switch|p1a: Iron Crown
|-crit|p1a: Iron Crown
|-damage|p1a: Iron Crown|42/100
|
|t:|1757803865
|switch|p2a: Cinderace|Cinderace, F|100/100|[from] Volt Switch
|
|upkeep
|turn|3
|
|t:|1757803870
|-end|p1a: Iron Crown|Quark Drive|[silent]
|switch|p1a: Great Tusk|Great Tusk|100/100
|move|p2a: Cinderace|U-turn|p1a: Great Tusk
|-start|p2a: Cinderace|typechange|Bug|[from] ability: Libero
|-resisted|p1a: Great Tusk
|-damage|p1a: Great Tusk|92/100
|-damage|p2a: Cinderace|84/100|[from] item: Rocky Helmet|[of] p1a: Great Tusk
|
|t:|1757803872
|switch|p2a: Thundurus|Thundurus-Therian, M|100/100|[from] U-turn
|
|upkeep
|turn|4
|
|t:|1757803893
|-end|p1a: Great Tusk|Protosynthesis|[silent]
|switch|p1a: Samurott|Samurott-Hisui, F|100/100
|-terastallize|p2a: Thundurus|Flying
|move|p2a: Thundurus|Tera Blast|p1a: Samurott|[anim] Tera Blast Flying
|-damage|p1a: Samurott|0 fnt
|faint|p1a: Samurott
|
|upkeep
|
|t:|1757803907
|switch|p1a: Dragapult|Dragapult, F|100/100
|turn|5
|
|t:|1757803920
|switch|p2a: Slowking|Slowking-Galar, F|100/100
|move|p1a: Dragapult|Will-O-Wisp|p2a: Slowking
|-status|p2a: Slowking|brn
|
|-damage|p2a: Slowking|94/100 brn|[from] brn
|upkeep
|turn|6
|
|t:|1757803946
|switch|p1a: Iron Crown|Iron Crown|42/100
|-prepare|p2a: Slowking|Chilly Reception|[premajor]
|move|p2a: Slowking|Chilly Reception|p2a: Slowking
|-weather|Snowscape
|
|t:|1757803949
|switch|p2a: Cinderace|Cinderace, F|84/100|[from] Chilly Reception
|
|-weather|Snowscape|[upkeep]
|upkeep
|turn|7
|
|t:|1757803962
|-end|p1a: Iron Crown|Quark Drive|[silent]
|switch|p1a: Great Tusk|Great Tusk|92/100
|move|p2a: Cinderace|U-turn|p1a: Great Tusk
|-start|p2a: Cinderace|typechange|Bug|[from] ability: Libero
|-resisted|p1a: Great Tusk
|-damage|p1a: Great Tusk|84/100
|-damage|p2a: Cinderace|67/100|[from] item: Rocky Helmet|[of] p1a: Great Tusk
|
|t:|1757803965
|switch|p2a: Thundurus|Thundurus-Therian, M, tera:Flying|100/100|[from] U-turn
|
|-weather|Snowscape|[upkeep]
|upkeep
|turn|8
|
|t:|1757803976
|-end|p1a: Great Tusk|Protosynthesis|[silent]
|switch|p1a: Iron Crown|Iron Crown|42/100
|move|p2a: Thundurus|Tera Blast|p1a: Iron Crown|[anim] Tera Blast Flying
|-resisted|p1a: Iron Crown
|-damage|p1a: Iron Crown|11/100
|
|-weather|Snowscape|[upkeep]
|upkeep
|turn|9
|
|t:|1757803987
|move|p2a: Thundurus|Tera Blast|p1a: Iron Crown|[anim] Tera Blast Flying
|-resisted|p1a: Iron Crown
|-damage|p1a: Iron Crown|0 fnt
|faint|p1a: Iron Crown
|-end|p1a: Iron Crown|Quark Drive|[silent]
|
|-weather|Snowscape|[upkeep]
|upkeep
|
|t:|1757803997
|switch|p1a: Ogerpon|Ogerpon-Wellspring, F|100/100
|turn|10
|
|t:|1757804009
|-terastallize|p1a: Ogerpon|Water
|detailschange|p1a: Ogerpon|Ogerpon-Wellspring-Tera, F, tera:Water
|-ability|p1a: Ogerpon|Embody Aspect (Wellspring)|boost
|-boost|p1a: Ogerpon|spd|1
|move|p1a: Ogerpon|Ivy Cudgel|p2a: Thundurus|[anim] Ivy Cudgel Water
|-damage|p2a: Thundurus|0 fnt
|faint|p2a: Thundurus
|
|-weather|none
|upkeep
|
|t:|1757804013
|switch|p2a: Cinderace|Cinderace, F|67/100
|turn|11
|
|t:|1757804023
|switch|p1a: Great Tusk|Great Tusk|84/100
|move|p2a: Cinderace|Will-O-Wisp|p1a: Great Tusk
|-status|p1a: Great Tusk|brn
|
|-damage|p1a: Great Tusk|78/100 brn|[from] brn
|upkeep
|turn|12
|
|t:|1757804035
|move|p2a: Cinderace|U-turn|p1a: Great Tusk
|-start|p2a: Cinderace|typechange|Bug|[from] ability: Libero
|-resisted|p1a: Great Tusk
|-damage|p1a: Great Tusk|69/100 brn
|-damage|p2a: Cinderace|51/100|[from] item: Rocky Helmet|[of] p1a: Great Tusk
|
|t:|1757804052
|switch|p2a: Alomomola|Alomomola, F|64/100|[from] U-turn
|move|p1a: Great Tusk|Stealth Rock|p2a: Alomomola
|-sidestart|p2: ABraviousTinkaton|move: Stealth Rock
|
|-damage|p1a: Great Tusk|63/100 brn|[from] brn
|upkeep
|turn|13
|
|t:|1757804060
|-end|p1a: Great Tusk|Protosynthesis|[silent]
|switch|p1a: Ogerpon|Ogerpon-Wellspring-Tera, F, tera:Water|100/100
|-ability|p1a: Ogerpon|Embody Aspect (Wellspring)|boost
|-boost|p1a: Ogerpon|spd|1
|move|p2a: Alomomola|Flip Turn|p1a: Ogerpon
|-resisted|p1a: Ogerpon
|-damage|p1a: Ogerpon|89/100
|
|t:|1757804063
|switch|p2a: Cinderace|Cinderace, F|51/100|[from] Flip Turn
|
|upkeep
|turn|14
|
|t:|1757804073
|switch|p1a: Great Tusk|Great Tusk|63/100 brn
|move|p2a: Cinderace|Court Change|p2a: Cinderace
|-start|p2a: Cinderace|typechange|Normal|[from] ability: Libero
|-swapsideconditions
|-activate|p2a: Cinderace|move: Court Change
|
|-damage|p1a: Great Tusk|57/100 brn|[from] brn
|upkeep
|turn|15
|
|t:|1757804081
|switch|p2a: Great Tusk|Great Tusk|100/100
|move|p1a: Great Tusk|Stealth Rock|p2a: Great Tusk
|-sidestart|p2: ABraviousTinkaton|move: Stealth Rock
|
|-damage|p1a: Great Tusk|51/100 brn|[from] brn
|upkeep
|turn|16
|inactive|ABraviousTinkaton has 120 seconds left.
|
|t:|1757804131
|-end|p1a: Great Tusk|Protosynthesis|[silent]
|switch|p1a: Ogerpon|Ogerpon-Wellspring-Tera, F, tera:Water|89/100
|-damage|p1a: Ogerpon|77/100|[from] Stealth Rock
|-ability|p1a: Ogerpon|Embody Aspect (Wellspring)|boost
|-boost|p1a: Ogerpon|spd|1
|move|p2a: Great Tusk|Ice Spinner|p1a: Ogerpon
|-resisted|p1a: Ogerpon
|-damage|p1a: Ogerpon|59/100
|
|upkeep
|turn|17
|
|t:|1757804148
|-end|p2a: Great Tusk|Protosynthesis|[silent]
|switch|p2a: Alomomola|Alomomola, F|97/100
|-damage|p2a: Alomomola|85/100|[from] Stealth Rock
|move|p1a: Ogerpon|Horn Leech|p2a: Alomomola
|-supereffective|p2a: Alomomola
|-damage|p2a: Alomomola|35/100
|-heal|p1a: Ogerpon|98/100|[from] drain|[of] p2a: Alomomola
|
|upkeep
|turn|18
|
|t:|1757804160
|switch|p2a: Slowking|Slowking-Galar, F|100/100 brn
|move|p1a: Ogerpon|Horn Leech|p2a: Slowking
|-resisted|p2a: Slowking
|-damage|p2a: Slowking|78/100 brn
|-heal|p1a: Ogerpon|100/100|[from] drain|[of] p2a: Slowking
|
|-damage|p2a: Slowking|72/100 brn|[from] brn
|upkeep
|turn|19
|
|t:|1757804169
|move|p1a: Ogerpon|Ivy Cudgel|p2a: Slowking|[anim] Ivy Cudgel Water
|-damage|p2a: Slowking|0 fnt
|faint|p2a: Slowking
|
|upkeep
|inactive|ABraviousTinkaton has 120 seconds left.
|
|t:|1757804188
|switch|p2a: Cinderace|Cinderace, F|51/100
|turn|20
|
|t:|1757804191
|switch|p1a: Great Tusk|Great Tusk|51/100 brn
|-damage|p1a: Great Tusk|48/100 brn|[from] Stealth Rock
|move|p2a: Cinderace|Will-O-Wisp|p1a: Great Tusk|[miss]
|-miss|p2a: Cinderace|p1a: Great Tusk
|
|-damage|p1a: Great Tusk|42/100 brn|[from] brn
|upkeep
|turn|21
|
|t:|1757804200
|switch|p2a: Alomomola|Alomomola, F|68/100
|-damage|p2a: Alomomola|56/100|[from] Stealth Rock
|move|p1a: Great Tusk|Headlong Rush|p2a: Alomomola
|-damage|p2a: Alomomola|41/100
|-unboost|p1a: Great Tusk|def|1
|-unboost|p1a: Great Tusk|spd|1
|
|-damage|p1a: Great Tusk|35/100 brn|[from] brn
|upkeep
|turn|22
|
|t:|1757804211
|-end|p1a: Great Tusk|Protosynthesis|[silent]
|switch|p1a: Ogerpon|Ogerpon-Wellspring-Tera, F, tera:Water|100/100
|-damage|p1a: Ogerpon|88/100|[from] Stealth Rock
|-ability|p1a: Ogerpon|Embody Aspect (Wellspring)|boost
|-boost|p1a: Ogerpon|spd|1
|move|p2a: Alomomola|Wish|p2a: Alomomola
|
|upkeep
|turn|23
|
|t:|1757804218
|move|p2a: Alomomola|Protect|p2a: Alomomola
|-singleturn|p2a: Alomomola|Protect
|move|p1a: Ogerpon|Ivy Cudgel|p2a: Alomomola|[anim] Ivy Cudgel Water
|-activate|p2a: Alomomola|move: Protect
|
|-heal|p2a: Alomomola|91/100|[from] move: Wish|[wisher] Alomomola
|upkeep
|turn|24
|
|t:|1757804228
|move|p1a: Ogerpon|Horn Leech|p2a: Alomomola
|-supereffective|p2a: Alomomola
|-damage|p2a: Alomomola|39/100
|-heal|p1a: Ogerpon|100/100|[from] drain|[of] p2a: Alomomola
|move|p2a: Alomomola|Flip Turn|p1a: Ogerpon
|-resisted|p1a: Ogerpon
|-damage|p1a: Ogerpon|89/100
|
|t:|1757804253
|switch|p2a: Cinderace|Cinderace, F|51/100|[from] Flip Turn
|
|upkeep
|turn|25
|
|t:|1757804258
|switch|p1a: Great Tusk|Great Tusk|35/100 brn
|-damage|p1a: Great Tusk|32/100 brn|[from] Stealth Rock
|move|p2a: Cinderace|Will-O-Wisp|p1a: Great Tusk
|-fail|p1a: Great Tusk|brn
|
|-damage|p1a: Great Tusk|26/100 brn|[from] brn
|upkeep
|turn|26
|
|t:|1757804268
|-end|p1a: Great Tusk|Protosynthesis|[silent]
|switch|p1a: Darkrai|Darkrai|100/100
|move|p2a: Cinderace|U-turn|p1a: Darkrai
|-start|p2a: Cinderace|typechange|Bug|[from] ability: Libero
|-supereffective|p1a: Darkrai
|-damage|p1a: Darkrai|9/100
|
|t:|1757804272
|switch|p2a: Kingambit|Kingambit, F|100/100|[from] U-turn
|-damage|p2a: Kingambit|94/100|[from] Stealth Rock
|-activate|p2a: Kingambit|ability: Supreme Overlord
|-start|p2a: Kingambit|fallen2|[silent]
|
|-heal|p2a: Kingambit|100/100|[from] item: Leftovers
|upkeep
|turn|27
|
|t:|1757804282
|-end|p2a: Kingambit|fallen2|[silent]
|switch|p2a: Alomomola|Alomomola, F|73/100
|-damage|p2a: Alomomola|60/100|[from] Stealth Rock
|move|p1a: Darkrai|Will-O-Wisp|p2a: Alomomola
|-status|p2a: Alomomola|brn
|
|-damage|p2a: Alomomola|54/100 brn|[from] brn
|upkeep
|turn|28
|j| Nikator98
|l| Nikator98
|
|t:|1757804299
|move|p1a: Darkrai|Dark Pulse|p2a: Alomomola
|-damage|p2a: Alomomola|15/100 brn
|move|p2a: Alomomola|Flip Turn|p1a: Darkrai
|-damage|p1a: Darkrai|0 fnt
|faint|p1a: Darkrai
|
|t:|1757804303
|switch|p2a: Cinderace|Cinderace, F|51/100|[from] Flip Turn
|
|upkeep
|
|t:|1757804310
|switch|p1a: Dragapult|Dragapult, F|100/100
|-damage|p1a: Dragapult|88/100|[from] Stealth Rock
|turn|29
|
|t:|1757804315
|switch|p2a: Alomomola|Alomomola, F|49/100 brn
|-damage|p2a: Alomomola|36/100 brn|[from] Stealth Rock
|move|p1a: Dragapult|Will-O-Wisp|p2a: Alomomola|[miss]
|-miss|p1a: Dragapult|p2a: Alomomola
|
|-damage|p2a: Alomomola|30/100 brn|[from] brn
|upkeep
|turn|30
|
|t:|1757804328
|switch|p1a: Ogerpon|Ogerpon-Wellspring-Tera, F, tera:Water|89/100
|-damage|p1a: Ogerpon|77/100|[from] Stealth Rock
|-ability|p1a: Ogerpon|Embody Aspect (Wellspring)|boost
|-boost|p1a: Ogerpon|spd|1
|move|p2a: Alomomola|Flip Turn|p1a: Ogerpon
|-resisted|p1a: Ogerpon
|-damage|p1a: Ogerpon|72/100
|
|t:|1757804331
|switch|p2a: Cinderace|Cinderace, F|51/100|[from] Flip Turn
|
|upkeep
|turn|31
|
|t:|1757804339
|move|p2a: Cinderace|Will-O-Wisp|p1a: Ogerpon
|-status|p1a: Ogerpon|brn
|move|p1a: Ogerpon|Ivy Cudgel|p2a: Cinderace|[anim] Ivy Cudgel Water
|-supereffective|p2a: Cinderace
|-damage|p2a: Cinderace|0 fnt
|faint|p2a: Cinderace
|
|-damage|p1a: Ogerpon|66/100 brn|[from] brn
|upkeep
|
|t:|1757804343
|switch|p2a: Great Tusk|Great Tusk|100/100
|-damage|p2a: Great Tusk|98/100|[from] Stealth Rock
|turn|32
|
|t:|1757804352
|move|p1a: Ogerpon|Horn Leech|p2a: Great Tusk
|-supereffective|p2a: Great Tusk
|-damage|p2a: Great Tusk|64/100
|-heal|p1a: Ogerpon|86/100 brn|[from] drain|[of] p2a: Great Tusk
|-damage|p1a: Ogerpon|70/100 brn|[from] item: Rocky Helmet|[of] p2a: Great Tusk
|move|p2a: Great Tusk|Rapid Spin|p1a: Ogerpon
|-damage|p1a: Ogerpon|45/100 brn
|-boost|p2a: Great Tusk|spe|1
|-sideend|p2: ABraviousTinkaton|Stealth Rock|[from] move: Rapid Spin|[of] p2a: Great Tusk
|
|-damage|p1a: Ogerpon|39/100 brn|[from] brn
|upkeep
|turn|33
|
|t:|1757804364
|move|p2a: Great Tusk|Headlong Rush|p1a: Ogerpon
|-damage|p1a: Ogerpon|0 fnt
|-unboost|p2a: Great Tusk|def|1
|-unboost|p2a: Great Tusk|spd|1
|faint|p1a: Ogerpon
|detailschange|p1: Ogerpon|Ogerpon-Wellspring, F|[silent]
|
|upkeep
|
|t:|1757804371
|switch|p1a: Dragapult|Dragapult, F|88/100
|-damage|p1a: Dragapult|76/100|[from] Stealth Rock
|turn|34
|-message|TopPeng forfeited.
|
|win|ABraviousTinkaton
|raw|TopPeng's rating: 1510 &rarr; <strong>1492</strong><br />(-18 for losing)
|raw|ABraviousTinkaton's rating: 1542 &rarr; <strong>1560</strong><br />(+18 for winning)
|l|☆TopPeng
|player|p1|
