|j|‽LT91BB incelman
|j|☆Silvermoon95
|t:|1757831254
|gametype|singles
|player|p1|LT91BB incelman|miku-ice|1451
|player|p2|Silvermoon95|2|1429
|gen|9
|tier|[Gen 9] OU
|rated|
|rule|HP Percentage Mod: HP is shown in percentages
|rule|Endless Battle Clause: Forcing endless battles is banned
|rule|Species Clause: Limit one of each Pokémon
|rule|OHKO Clause: OHKO moves are banned
|rule|Evasion Items Clause: Evasion items are banned
|rule|Evasion Moves Clause: Evasion moves are banned
|rule|Evasion Abilities Clause: Evasion abilities are banned
|rule|Sleep Moves Clause: Sleep-inducing moves are banned
|clearpoke
|poke|p1|Blaziken, M|
|poke|p1|Sinistcha|
|poke|p1|Excadrill, F|
|poke|p1|Tyranitar, F|
|poke|p1|Iron Valiant|
|poke|p1|Rotom-Wash|
|poke|p2|Hoopa-Unbound|
|poke|p2|Alomomola, F|
|poke|p2|Slowking-Galar, M|
|poke|p2|Cinderace, F|
|poke|p2|Primarina, F|
|poke|p2|Forretress, M|
|teampreview
|inactive|Battle timer is ON: inactive players will automatically lose when time's up. (requested by LT91BB incelman)
|
|t:|1757831277
|teamsize|p1|6
|teamsize|p2|6
|start
|switch|p1a: Blaziken|Blaziken, M|100/100
|switch|p2a: Forretress|Forretress, M|100/100
|turn|1
|
|t:|1757831285
|switch|p2a: Alo No Mola|Alomomola, F|100/100
|move|p1a: Blaziken|Fire Blast|p2a: Alo No Mola
|-resisted|p2a: Alo No Mola
|-damage|p2a: Alo No Mola|71/100
|-damage|p1a: Blaziken|91/100|[from] item: Life Orb
|
|-ability|p1a: Blaziken|Speed Boost|boost
|-boost|p1a: Blaziken|spe|1
|upkeep
|turn|2
|
|t:|1757831296
|switch|p1a: Rotom|Rotom-Wash|100/100
|move|p2a: Alo No Mola|Flip Turn|p1a: Rotom
|-resisted|p1a: Rotom
|-damage|p1a: Rotom|92/100
|
|t:|1757831313
|switch|p2a: A 8 Patas|Hoopa-Unbound|100/100|[from] Flip Turn
|
|-heal|p1a: Rotom|98/100|[from] item: Leftovers
|upkeep
|turn|3
|
|t:|1757831322
|move|p2a: A 8 Patas|Hyperspace Fury|p1a: Rotom
|-damage|p1a: Rotom|32/100
|-unboost|p2a: A 8 Patas|def|1
|move|p1a: Rotom|Will-O-Wisp|p2a: A 8 Patas
|-status|p2a: A 8 Patas|brn
|
|-heal|p1a: Rotom|38/100|[from] item: Leftovers
|-damage|p2a: A 8 Patas|95/100 brn|[from] brn
|upkeep
|turn|4
|inactive|Silvermoon95 has 120 seconds left.
|
|t:|1757831353
|move|p2a: A 8 Patas|Psychic|p1a: Rotom
|-damage|p1a: Rotom|0 fnt
|faint|p1a: Rotom
|
|-damage|p2a: A 8 Patas|89/100 brn|[from] brn
|upkeep
|
|t:|1757831358
|switch|p1a: Tyranitar|Tyranitar, F|100/100
|-weather|Sandstorm|[from] ability: Sand Stream|[of] p1a: Tyranitar
|turn|5
|
|t:|1757831367
|move|p2a: A 8 Patas|Drain Punch|p1a: Tyranitar
|-supereffective|p1a: Tyranitar
|-damage|p1a: Tyranitar|53/100
|-heal|p2a: A 8 Patas|100/100 brn|[from] drain|[of] p1a: Tyranitar
|move|p1a: Tyranitar|Knock Off|p2a: A 8 Patas
|-damage|p2a: A 8 Patas|0 fnt
|-enditem|p2a: A 8 Patas|Assault Vest|[from] move: Knock Off|[of] p1a: Tyranitar
|faint|p2a: A 8 Patas
|
|-weather|Sandstorm|[upkeep]
|upkeep
|
|t:|1757831378
|switch|p2a: Forretress|Forretress, M|100/100
|turn|6
|
|t:|1757831388
|switch|p1a: Sinistcha|Sinistcha|100/100
|move|p2a: Forretress|Thunder Wave|p1a: Sinistcha
|-status|p1a: Sinistcha|par
|
|-weather|Sandstorm|[upkeep]
|-damage|p1a: Sinistcha|94/100 par|[from] Sandstorm
|upkeep
|turn|7
|
|t:|1757831407
|move|p2a: Forretress|Volt Switch|p1a: Sinistcha
|-resisted|p1a: Sinistcha
|-damage|p1a: Sinistcha|88/100 par
|
|t:|1757831416
|switch|p2a: Slow Prince|Slowking-Galar, M|100/100|[from] Volt Switch
|cant|p1a: Sinistcha|par
|
|-weather|Sandstorm|[upkeep]
|-damage|p2a: Slow Prince|94/100|[from] Sandstorm
|-damage|p1a: Sinistcha|82/100 par|[from] Sandstorm
|upkeep
|turn|8
|
|t:|1757831424
|switch|p1a: Tyranitar|Tyranitar, F|53/100
|move|p2a: Slow Prince|Future Sight|p1a: Tyranitar
|-start|p2a: Slow Prince|move: Future Sight
|
|-weather|Sandstorm|[upkeep]
|-damage|p2a: Slow Prince|88/100|[from] Sandstorm
|upkeep
|turn|9
|
|t:|1757831434
|switch|p2a: Alo No Mola|Alomomola, F|100/100
|move|p1a: Tyranitar|Stealth Rock|p2a: Alo No Mola
|-sidestart|p2: Silvermoon95|move: Stealth Rock
|
|-weather|Sandstorm|[upkeep]
|-damage|p2a: Alo No Mola|94/100|[from] Sandstorm
|upkeep
|turn|10
|
|t:|1757831443
|switch|p1a: Sinistcha|Sinistcha|82/100 par
|move|p2a: Alo No Mola|Flip Turn|p1a: Sinistcha
|-resisted|p1a: Sinistcha
|-damage|p1a: Sinistcha|77/100 par
|
|t:|1757831449
|switch|p2a: Cinderace|Cinderace, F|100/100|[from] Flip Turn
|
|-weather|Sandstorm|[upkeep]
|-damage|p2a: Cinderace|95/100|[from] Sandstorm
|-damage|p1a: Sinistcha|70/100 par|[from] Sandstorm
|-end|p1a: Sinistcha|move: Future Sight
|-damage|p1a: Sinistcha|13/100 par
|upkeep
|turn|11
|
|t:|1757831469
|switch|p1a: Blaziken|Blaziken, M|91/100
|move|p2a: Cinderace|Pyro Ball|p1a: Blaziken
|-resisted|p1a: Blaziken
|-damage|p1a: Blaziken|40/100
|
|-weather|Sandstorm|[upkeep]
|-damage|p2a: Cinderace|89/100|[from] Sandstorm
|-damage|p1a: Blaziken|34/100|[from] Sandstorm
|upkeep
|turn|12
|
|t:|1757831481
|move|p1a: Blaziken|Protect|p1a: Blaziken
|-singleturn|p1a: Blaziken|Protect
|move|p2a: Cinderace|Court Change|p2a: Cinderace
|-start|p2a: Cinderace|typechange|Normal|[from] ability: Libero
|-swapsideconditions
|-activate|p2a: Cinderace|move: Court Change
|
|-weather|none
|-ability|p1a: Blaziken|Speed Boost|boost
|-boost|p1a: Blaziken|spe|1
|upkeep
|turn|13
|
|t:|1757831490
|switch|p2a: Alo No Mola|Alomomola, F|100/100
|move|p1a: Blaziken|Close Combat|p2a: Alo No Mola
|-damage|p2a: Alo No Mola|58/100
|-unboost|p1a: Blaziken|def|1
|-unboost|p1a: Blaziken|spd|1
|-damage|p1a: Blaziken|17/100|[from] item: Rocky Helmet|[of] p2a: Alo No Mola
|-damage|p1a: Blaziken|7/100|[from] item: Life Orb
|
|-ability|p1a: Blaziken|Speed Boost|boost
|-boost|p1a: Blaziken|spe|1
|upkeep
|turn|14
|
|t:|1757831509
|move|p1a: Blaziken|Close Combat|p2a: Alo No Mola
|-damage|p2a: Alo No Mola|13/100
|-unboost|p1a: Blaziken|def|1
|-unboost|p1a: Blaziken|spd|1
|-damage|p1a: Blaziken|0 fnt|[from] item: Rocky Helmet|[of] p2a: Alo No Mola
|faint|p1a: Blaziken
|move|p2a: Alo No Mola|Flip Turn|p1: Blaziken|[notarget]
|-fail|p2a: Alo No Mola
|
|upkeep
|
|t:|1757831519
|switch|p1a: Excadrill|Excadrill, F|100/100
|-damage|p1a: Excadrill|97/100|[from] Stealth Rock
|turn|15
|
|t:|1757831523
|switch|p2a: Forretress|Forretress, M|100/100
|move|p1a: Excadrill|Rapid Spin|p2a: Forretress
|-resisted|p2a: Forretress
|-damage|p2a: Forretress|95/100
|-boost|p1a: Excadrill|spe|1
|-sideend|p1: LT91BB incelman|Stealth Rock|[from] move: Rapid Spin|[of] p1a: Excadrill
|
|-heal|p1a: Excadrill|100/100|[from] item: Leftovers
|upkeep
|turn|16
|
|t:|1757831538
|switch|p1a: Sinistcha|Sinistcha|13/100 par
|move|p2a: Forretress|Volt Switch|p1a: Sinistcha
|-resisted|p1a: Sinistcha
|-damage|p1a: Sinistcha|7/100 par
|
|t:|1757831560
|switch|p2a: Primarina|Primarina, F|100/100|[from] Volt Switch
|
|upkeep
|turn|17
|
|t:|1757831566
|move|p2a: Primarina|Surf|p1a: Sinistcha
|-resisted|p1a: Sinistcha
|-damage|p1a: Sinistcha|0 fnt
|faint|p1a: Sinistcha
|
|upkeep
|
|t:|1757831584
|switch|p1a: Excadrill|Excadrill, F|100/100
|turn|18
|
|t:|1757831595
|switch|p2a: Forretress|Forretress, M|95/100
|-terastallize|p1a: Excadrill|Ice
|move|p1a: Excadrill|Iron Head|p2a: Forretress
|-resisted|p2a: Forretress
|-damage|p2a: Forretress|84/100
|
|upkeep
|turn|19
|-message|LT91BB incelman forfeited.
|
|win|Silvermoon95
|raw|LT91BB incelman's rating: 1451 &rarr; <strong>1430</strong><br />(-21 for losing)
|raw|Silvermoon95's rating: 1429 &rarr; <strong>1450</strong><br />(+21 for winning)
|l|‽LT91BB incelman
|player|p1|
|l|☆Silvermoon95
|player|p2|
