|j|☆gfredu18
|j|☆coolruleyes
|inactive|Battle timer is ON: inactive players will automatically lose when time's up.
|t:|1757873635
|gametype|singles
|player|p1|gfredu18|lucas|
|player|p2|coolruleyes|leon|
|gen|9
|tier|[Gen 9] OU
|rated|Tournament battle
|rule|HP Percentage Mod: HP is shown in percentages
|rule|Endless Battle Clause: Forcing endless battles is banned
|rule|Species Clause: Limit one of each Pokémon
|rule|OHKO Clause: OHKO moves are banned
|rule|Evasion Items Clause: Evasion items are banned
|rule|Evasion Moves Clause: Evasion moves are banned
|rule|Evasion Abilities Clause: Evasion abilities are banned
|rule|Sleep Moves Clause: Sleep-inducing moves are banned
|clearpoke
|poke|p1|Iron Valiant|
|poke|p1|Great Tusk|
|poke|p1|Moltres|
|poke|p1|Samurott-Hisui, M|
|poke|p1|Ogerpon-Cornerstone, F|
|poke|p1|Hatterene, F|
|poke|p2|Torkoal, M|
|poke|p2|Walking Wake|
|poke|p2|Great Tusk|
|poke|p2|Moltres|
|poke|p2|Typhlosion-Hisui, F|
|poke|p2|Venusaur, F|
|teampreview
|j|*Lady Monita ☀
|
|t:|1757873644
|teamsize|p1|6
|teamsize|p2|6
|start
|switch|p1a: Ogerpon|Ogerpon-Cornerstone, F|100/100
|switch|p2a: Torkoal|Torkoal, M|100/100
|-weather|SunnyDay|[from] ability: Drought|[of] p2a: Torkoal
|turn|1
|
|t:|1757873663
|move|p1a: Ogerpon|Ivy Cudgel|p2a: Torkoal|[anim] Ivy Cudgel Rock
|-supereffective|p2a: Torkoal
|-damage|p2a: Torkoal|38/100
|move|p2a: Torkoal|Stealth Rock|p1a: Ogerpon
|-sidestart|p1: gfredu18|move: Stealth Rock
|
|-weather|SunnyDay|[upkeep]
|upkeep
|turn|2
|
|t:|1757873669
|move|p1a: Ogerpon|Ivy Cudgel|p2a: Torkoal|[anim] Ivy Cudgel Rock
|-supereffective|p2a: Torkoal
|-crit|p2a: Torkoal
|-damage|p2a: Torkoal|0 fnt
|faint|p2a: Torkoal
|
|-weather|SunnyDay|[upkeep]
|upkeep
|
|t:|1757873684
|switch|p2a: Walking Wake|Walking Wake|100/100
|-activate|p2a: Walking Wake|ability: Protosynthesis
|-start|p2a: Walking Wake|protosynthesisspe
|turn|3
|
|t:|1757873694
|move|p1a: Ogerpon|Spiky Shield|p1a: Ogerpon
|-singleturn|p1a: Ogerpon|move: Protect
|move|p2a: Walking Wake|Hydro Steam|p1a: Ogerpon
|-activate|p1a: Ogerpon|move: Protect
|
|-weather|SunnyDay|[upkeep]
|upkeep
|turn|4
|c|☆coolruleyes|ggwp
|
|t:|1757873722
|switch|p1a: Hatterene|Hatterene, F|100/100
|-damage|p1a: Hatterene|88/100|[from] Stealth Rock
|move|p2a: Walking Wake|Hydro Steam|p1a: Hatterene
|-damage|p1a: Hatterene|29/100
|
|-weather|SunnyDay|[upkeep]
|upkeep
|turn|5
|
|t:|1757873730
|move|p2a: Walking Wake|Hydro Steam|p1a: Hatterene
|-damage|p1a: Hatterene|0 fnt
|faint|p1a: Hatterene
|
|-weather|SunnyDay|[upkeep]
|upkeep
|
|t:|1757873745
|switch|p1a: Iron Valiant|Iron Valiant|100/100
|-damage|p1a: Iron Valiant|94/100|[from] Stealth Rock
|-enditem|p1a: Iron Valiant|Booster Energy
|-activate|p1a: Iron Valiant|ability: Quark Drive|[fromitem]
|-start|p1a: Iron Valiant|quarkdrivespe
|turn|6
|
|t:|1757873751
|move|p1a: Iron Valiant|Moonblast|p2a: Walking Wake
|-supereffective|p2a: Walking Wake
|-damage|p2a: Walking Wake|0 fnt
|faint|p2a: Walking Wake
|-end|p2a: Walking Wake|Protosynthesis|[silent]
|
|-weather|SunnyDay|[upkeep]
|upkeep
|
|t:|1757873757
|switch|p2a: Venusaur|Venusaur, F|100/100
|turn|7
|
|t:|1757873777
|move|p2a: Venusaur|Solar Beam||[still]
|-prepare|p2a: Venusaur|Solar Beam
|-anim|p2a: Venusaur|Solar Beam|p1a: Iron Valiant
|-damage|p1a: Iron Valiant|0 fnt
|faint|p1a: Iron Valiant
|-end|p1a: Iron Valiant|Quark Drive|[silent]
|-damage|p2a: Venusaur|91/100|[from] item: Life Orb
|
|-weather|SunnyDay|[upkeep]
|upkeep
|
|t:|1757873781
|switch|p1a: Moltres|Moltres|100/100
|turn|8
|
|t:|1757873791
|switch|p2a: Moltres|Moltres|100/100
|move|p1a: Moltres|Flamethrower|p2a: Moltres
|-resisted|p2a: Moltres
|-damage|p2a: Moltres|67/100
|
|-weather|none
|upkeep
|turn|9
|
|t:|1757873796
|move|p2a: Moltres|Roost|p2a: Moltres
|-heal|p2a: Moltres|100/100
|-singleturn|p2a: Moltres|move: Roost
|move|p1a: Moltres|Air Slash|p2a: Moltres
|-damage|p2a: Moltres|66/100
|
|upkeep
|turn|10
|
|t:|1757873799
|move|p2a: Moltres|Roost|p2a: Moltres
|-heal|p2a: Moltres|100/100
|-singleturn|p2a: Moltres|move: Roost
|move|p1a: Moltres|Air Slash|p2a: Moltres
|-damage|p2a: Moltres|64/100
|
|upkeep
|turn|11
|
|t:|1757873802
|move|p2a: Moltres|Roost|p2a: Moltres
|-heal|p2a: Moltres|100/100
|-singleturn|p2a: Moltres|move: Roost
|move|p1a: Moltres|Air Slash|p2a: Moltres
|-damage|p2a: Moltres|66/100
|
|upkeep
|turn|12
|
|t:|1757873807
|move|p1a: Moltres|Air Slash|p2a: Moltres
|-damage|p2a: Moltres|32/100
|move|p2a: Moltres|U-turn|p1a: Moltres
|-resisted|p1a: Moltres
|-damage|p1a: Moltres|98/100
|
|t:|1757873813
|switch|p2a: Typhlosion|Typhlosion-Hisui, F|100/100|[from] U-turn
|-item|p1a: Moltres|Heavy-Duty Boots|[from] ability: Frisk|[of] p2a: Typhlosion
|
|upkeep
|turn|13
|
|t:|1757873819
|move|p2a: Typhlosion|Shadow Ball|p1a: Moltres
|-damage|p1a: Moltres|40/100
|move|p1a: Moltres|Air Slash|p2a: Typhlosion
|-damage|p2a: Typhlosion|51/100
|
|upkeep
|turn|14
|
|t:|1757873824
|switch|p1a: Samurott|Samurott-Hisui, M|100/100
|-damage|p1a: Samurott|88/100|[from] Stealth Rock
|move|p2a: Typhlosion|Shadow Ball|p1a: Samurott
|-resisted|p1a: Samurott
|-damage|p1a: Samurott|43/100
|
|upkeep
|turn|15
|
|t:|1757873832
|switch|p2a: Moltres|Moltres|32/100
|move|p1a: Samurott|Ceaseless Edge|p2a: Moltres
|-damage|p2a: Moltres|0 fnt
|-sidestart|p2: coolruleyes|Spikes
|faint|p2a: Moltres
|
|upkeep
|
|t:|1757873838
|switch|p2a: Venusaur|Venusaur, F|91/100
|-damage|p2a: Venusaur|78/100|[from] Spikes
|turn|16
|
|t:|1757873842
|move|p1a: Samurott|Ceaseless Edge|p2a: Venusaur
|-damage|p2a: Venusaur|22/100
|-sidestart|p2: coolruleyes|Spikes
|move|p2a: Venusaur|Growth|p2a: Venusaur
|-boost|p2a: Venusaur|atk|1
|-boost|p2a: Venusaur|spa|1
|
|upkeep
|turn|17
|
|t:|1757873847
|move|p1a: Samurott|Ceaseless Edge|p2a: Venusaur
|-damage|p2a: Venusaur|0 fnt
|-sidestart|p2: coolruleyes|Spikes
|faint|p2a: Venusaur
|
|upkeep
|
|t:|1757873855
|switch|p2a: Great Tusk|Great Tusk|100/100
|-damage|p2a: Great Tusk|76/100|[from] Spikes
|turn|18
|
|t:|1757873866
|switch|p1a: Moltres|Moltres|40/100
|-terastallize|p2a: Great Tusk|Steel
|move|p2a: Great Tusk|Headlong Rush|p1a: Moltres
|-immune|p1a: Moltres
|
|upkeep
|turn|19
|
|t:|1757873876
|move|p2a: Great Tusk|Ice Spinner|p1a: Moltres
|-damage|p1a: Moltres|23/100
|-status|p2a: Great Tusk|brn|[from] ability: Flame Body|[of] p1a: Moltres
|move|p1a: Moltres|Flamethrower|p2a: Great Tusk
|-supereffective|p2a: Great Tusk
|-damage|p2a: Great Tusk|0 fnt
|faint|p2a: Great Tusk
|-end|p2a: Great Tusk|Protosynthesis|[silent]
|
|upkeep
|
|t:|1757873879
|switch|p2a: Typhlosion|Typhlosion-Hisui, F|51/100
|-damage|p2a: Typhlosion|26/100|[from] Spikes
|-item|p1a: Moltres|Heavy-Duty Boots|[from] ability: Frisk|[of] p2a: Typhlosion
|turn|20
|
|t:|1757873883
|move|p2a: Typhlosion|Shadow Ball|p1a: Moltres
|-damage|p1a: Moltres|0 fnt
|faint|p1a: Moltres
|
|upkeep
|
|t:|1757873886
|switch|p1a: Samurott|Samurott-Hisui, M|43/100
|-damage|p1a: Samurott|31/100|[from] Stealth Rock
|turn|21
|
|t:|1757873889
|move|p1a: Samurott|Knock Off|p2a: Typhlosion
|-supereffective|p2a: Typhlosion
|-damage|p2a: Typhlosion|0 fnt
|-enditem|p2a: Typhlosion|Choice Specs|[from] move: Knock Off|[of] p1a: Samurott
|faint|p2a: Typhlosion
|
|win|gfredu18
|n|☆gfredu18|gfredu18
|n|☆coolruleyes|coolruleyes
|n|*Lady Monita ☀|ladymonita
|l|*Lady Monita ☀
|c|☆coolruleyes|gg
|l|☆coolruleyes
|player|p2|
