|j|☆sanshater12
|j|☆raichu a luv songg
|t:|1757871419
|gametype|singles
|player|p1|sanshater12|169|1616
|player|p2|raichu a luv songg|101|1543
|gen|9
|tier|[Gen 9] OU
|rated|
|rule|HP Percentage Mod: HP is shown in percentages
|rule|Endless Battle Clause: Forcing endless battles is banned
|rule|Species Clause: Limit one of each Pokémon
|rule|OHKO Clause: OHKO moves are banned
|rule|Evasion Items Clause: Evasion items are banned
|rule|Evasion Moves Clause: Evasion moves are banned
|rule|Evasion Abilities Clause: Evasion abilities are banned
|rule|Sleep Moves Clause: Sleep-inducing moves are banned
|clearpoke
|poke|p1|Luxray, F|
|poke|p1|Pincurchin, M|
|poke|p1|Iron Boulder|
|poke|p1|Iron Crown|
|poke|p1|Iron Valiant|
|poke|p1|Iron Treads|
|poke|p2|Hoopa-Unbound|
|poke|p2|Blaziken, F|
|poke|p2|Dondozo, M|
|poke|p2|Great Tusk|
|poke|p2|Dragonite, M|
|poke|p2|Pecharunt|
|teampreview
|inactive|Battle timer is ON: inactive players will automatically lose when time's up. (requested by sanshater12)
|
|t:|1757871450
|teamsize|p1|6
|teamsize|p2|6
|start
|switch|p1a: Pincurchin|Pincurchin, M|100/100
|switch|p2a: Great Tusk|Great Tusk|100/100
|-fieldstart|move: Electric Terrain|[from] ability: Electric Surge|[of] p1a: Pincurchin
|turn|1
|
|t:|1757871465
|move|p2a: Great Tusk|Headlong Rush|p1a: Pincurchin
|-supereffective|p1a: Pincurchin
|-damage|p1a: Pincurchin|0 fnt
|-unboost|p2a: Great Tusk|def|1
|-unboost|p2a: Great Tusk|spd|1
|faint|p1a: Pincurchin
|
|upkeep
|
|t:|1757871477
|switch|p1a: Iron Valiant|Iron Valiant|100/100
|-activate|p1a: Iron Valiant|ability: Quark Drive
|-start|p1a: Iron Valiant|quarkdrivespe
|turn|2
|
|t:|1757871483
|-end|p2a: Great Tusk|Protosynthesis|[silent]
|switch|p2a: Pecharunt|Pecharunt|100/100
|move|p1a: Iron Valiant|Shadow Ball|p2a: Pecharunt
|-supereffective|p2a: Pecharunt
|-damage|p2a: Pecharunt|49/100
|
|upkeep
|turn|3
|
|t:|1757871496
|switch|p2a: Dondozo|Dondozo, M|100/100
|move|p1a: Iron Valiant|Shadow Ball|p2a: Dondozo
|-damage|p2a: Dondozo|78/100
|
|-heal|p2a: Dondozo|85/100|[from] item: Leftovers
|upkeep
|turn|4
|
|t:|1757871502
|move|p2a: Dondozo|Protect|p2a: Dondozo
|-singleturn|p2a: Dondozo|Protect
|move|p1a: Iron Valiant|Thunderbolt|p2a: Dondozo
|-activate|p2a: Dondozo|move: Protect
|
|-heal|p2a: Dondozo|91/100|[from] item: Leftovers
|upkeep
|turn|5
|
|t:|1757871507
|move|p1a: Iron Valiant|Moonblast|p2a: Dondozo
|-damage|p2a: Dondozo|51/100
|move|p2a: Dondozo|Wave Crash|p1a: Iron Valiant
|-damage|p1a: Iron Valiant|47/100
|-damage|p2a: Dondozo|41/100|[from] Recoil
|
|-heal|p2a: Dondozo|47/100|[from] item: Leftovers
|upkeep
|turn|6
|
|t:|1757871515
|move|p2a: Dondozo|Protect|p2a: Dondozo
|-singleturn|p2a: Dondozo|Protect
|move|p1a: Iron Valiant|Calm Mind|p1a: Iron Valiant
|-boost|p1a: Iron Valiant|spa|1
|-boost|p1a: Iron Valiant|spd|1
|
|-heal|p2a: Dondozo|53/100|[from] item: Leftovers
|upkeep
|turn|7
|
|t:|1757871530
|switch|p2a: Pecharunt|Pecharunt|49/100
|move|p1a: Iron Valiant|Moonblast|p2a: Pecharunt
|-resisted|p2a: Pecharunt
|-damage|p2a: Pecharunt|12/100
|
|upkeep
|turn|8
|
|t:|1757871536
|move|p1a: Iron Valiant|Moonblast|p2a: Pecharunt
|-resisted|p2a: Pecharunt
|-damage|p2a: Pecharunt|0 fnt
|faint|p2a: Pecharunt
|
|-fieldend|move: Electric Terrain
|-end|p1a: Iron Valiant|Quark Drive
|upkeep
|
|t:|1757871542
|switch|p2a: Dondozo|Dondozo, M|53/100
|turn|9
|
|t:|1757871545
|move|p2a: Dondozo|Protect|p2a: Dondozo
|-singleturn|p2a: Dondozo|Protect
|move|p1a: Iron Valiant|Moonblast|p2a: Dondozo
|-activate|p2a: Dondozo|move: Protect
|
|-heal|p2a: Dondozo|59/100|[from] item: Leftovers
|upkeep
|turn|10
|
|t:|1757871549
|move|p1a: Iron Valiant|Moonblast|p2a: Dondozo
|-damage|p2a: Dondozo|22/100
|move|p2a: Dondozo|Wave Crash|p1a: Iron Valiant
|-damage|p1a: Iron Valiant|0 fnt
|faint|p1a: Iron Valiant
|-end|p1a: Iron Valiant|Quark Drive|[silent]
|-damage|p2a: Dondozo|13/100|[from] Recoil
|
|-heal|p2a: Dondozo|19/100|[from] item: Leftovers
|upkeep
|
|t:|1757871559
|switch|p1a: Luxray|Luxray, F|100/100
|turn|11
|
|t:|1757871563
|switch|p2a: Great Tusk|Great Tusk|100/100
|move|p1a: Luxray|Facade|p2a: Great Tusk
|-damage|p2a: Great Tusk|85/100
|-damage|p1a: Luxray|84/100|[from] item: Rocky Helmet|[of] p2a: Great Tusk
|
|-status|p1a: Luxray|brn|[from] item: Flame Orb
|upkeep
|turn|12
|
|t:|1757871572
|-terastallize|p1a: Luxray|Normal
|move|p2a: Great Tusk|Stealth Rock|p1a: Luxray
|-sidestart|p1: sanshater12|move: Stealth Rock
|move|p1a: Luxray|Facade|p2a: Great Tusk
|-damage|p2a: Great Tusk|14/100
|-damage|p1a: Luxray|67/100 brn|[from] item: Rocky Helmet|[of] p2a: Great Tusk
|
|-damage|p1a: Luxray|61/100 brn|[from] brn
|upkeep
|turn|13
|
|t:|1757871576
|move|p2a: Great Tusk|Headlong Rush|p1a: Luxray
|-damage|p1a: Luxray|0 fnt
|-unboost|p2a: Great Tusk|def|1
|-unboost|p2a: Great Tusk|spd|1
|faint|p1a: Luxray
|
|upkeep
|
|t:|1757871584
|switch|p1a: Iron Boulder|Iron Boulder|100/100
|-damage|p1a: Iron Boulder|88/100|[from] Stealth Rock
|turn|14
|
|t:|1757871590
|move|p1a: Iron Boulder|Mighty Cleave|p2a: Great Tusk
|-resisted|p2a: Great Tusk
|-damage|p2a: Great Tusk|0 fnt
|-damage|p1a: Iron Boulder|72/100|[from] item: Rocky Helmet|[of] p2a: Great Tusk
|faint|p2a: Great Tusk
|-end|p2a: Great Tusk|Protosynthesis|[silent]
|
|upkeep
|
|t:|1757871598
|switch|p2a: Dragonite|Dragonite, M|100/100
|turn|15
|
|t:|1757871601
|-terastallize|p2a: Dragonite|Ground
|move|p1a: Iron Boulder|Mighty Cleave|p2a: Dragonite
|-resisted|p2a: Dragonite
|-damage|p2a: Dragonite|84/100
|move|p2a: Dragonite|Dragon Dance|p2a: Dragonite
|-boost|p2a: Dragonite|atk|1
|-boost|p2a: Dragonite|spe|1
|
|upkeep
|turn|16
|
|t:|1757871613
|-end|p1a: Iron Boulder|Quark Drive|[silent]
|switch|p1a: Iron Treads|Iron Treads|100/100
|-damage|p1a: Iron Treads|97/100|[from] Stealth Rock
|move|p2a: Dragonite|Dragon Dance|p2a: Dragonite
|-boost|p2a: Dragonite|atk|1
|-boost|p2a: Dragonite|spe|1
|
|upkeep
|turn|17
|
|t:|1757871617
|move|p2a: Dragonite|Roost|p2a: Dragonite
|-heal|p2a: Dragonite|100/100
|move|p1a: Iron Treads|Ice Fang|p2a: Dragonite
|-supereffective|p2a: Dragonite
|-damage|p2a: Dragonite|85/100
|
|upkeep
|turn|18
|
|t:|1757871622
|move|p2a: Dragonite|Earthquake|p1a: Iron Treads
|-supereffective|p1a: Iron Treads
|-damage|p1a: Iron Treads|0 fnt
|faint|p1a: Iron Treads
|-end|p1a: Iron Treads|Quark Drive|[silent]
|
|upkeep
|-message|sanshater12 forfeited.
|
|win|raichu a luv songg
|raw|sanshater12's rating: 1616 &rarr; <strong>1592</strong><br />(-24 for losing)
|raw|raichu a luv songg's rating: 1543 &rarr; <strong>1567</strong><br />(+24 for winning)
|l|☆sanshater12
|player|p1|
|l|☆raichu a luv songg
|player|p2|
