|j|☆Kaleor
|j|☆sdgkjshdkf
|t:|1757848291
|gametype|singles
|player|p1|Kaleor|swimmer-gen4dp|1554
|player|p2|sdgkjshdkf|101|1721
|gen|9
|tier|[Gen 9] OU
|rated|
|rule|HP Percentage Mod: HP is shown in percentages
|rule|Endless Battle Clause: Forcing endless battles is banned
|rule|Species Clause: Limit one of each Pokémon
|rule|OHKO Clause: OHKO moves are banned
|rule|Evasion Items Clause: Evasion items are banned
|rule|Evasion Moves Clause: Evasion moves are banned
|rule|Evasion Abilities Clause: Evasion abilities are banned
|rule|Sleep Moves Clause: Sleep-inducing moves are banned
|clearpoke
|poke|p1|Alomomola, F|
|poke|p1|Great Tusk|
|poke|p1|Slowking-Galar, M|
|poke|p1|Crawdaunt, M|
|poke|p1|Dragapult, F|
|poke|p1|Corviknight, F|
|poke|p2|Ribombee, F|
|poke|p2|Gholdengo|
|poke|p2|Dragonite, M|
|poke|p2|Ceruledge, F|
|poke|p2|Great Tusk|
|poke|p2|Kingambit, M|
|teampreview
|inactive|Battle timer is ON: inactive players will automatically lose when time's up. (requested by Kaleor)
|
|t:|1757848304
|teamsize|p1|6
|teamsize|p2|6
|start
|switch|p1a: Alomomola|Alomomola, F|100/100
|switch|p2a: Ribombee|Ribombee, F|100/100
|turn|1
|
|t:|1757848321
|move|p2a: Ribombee|Sticky Web|p1a: Alomomola
|-sidestart|p1: Kaleor|move: Sticky Web
|move|p1a: Alomomola|Flip Turn|p2a: Ribombee
|-damage|p2a: Ribombee|73/100
|
|t:|1757848324
|switch|p1a: Corviknight|Corviknight, F|100/100|[from] Flip Turn
|-ability|p1a: Corviknight|Pressure
|
|upkeep
|turn|2
|
|t:|1757848326
|move|p2a: Ribombee|Stun Spore|p1a: Corviknight
|-status|p1a: Corviknight|par
|move|p1a: Corviknight|U-turn|p2a: Ribombee
|-resisted|p2a: Ribombee
|-damage|p2a: Ribombee|61/100
|
|t:|1757848332
|switch|p1a: Slowking|Slowking-Galar, M|100/100|[from] U-turn
|
|upkeep
|turn|3
|
|t:|1757848334
|switch|p1a: Corviknight|Corviknight, F|100/100 par
|-ability|p1a: Corviknight|Pressure
|move|p2a: Ribombee|Stun Spore|p1a: Corviknight|[miss]
|-miss|p2a: Ribombee|p1a: Corviknight
|
|upkeep
|turn|4
|
|t:|1757848338
|move|p2a: Ribombee|Skill Swap|p1a: Corviknight
|-activate|p2a: Ribombee|move: Skill Swap|Pressure|Shield Dust|[of] p1a: Corviknight
|-ability|p2a: Ribombee|Pressure
|move|p1a: Corviknight|Brave Bird|p2a: Ribombee
|-supereffective|p2a: Ribombee
|-damage|p2a: Ribombee|0 fnt
|faint|p2a: Ribombee
|-damage|p1a: Corviknight|84/100 par|[from] Recoil
|
|upkeep
|
|t:|1757848352
|switch|p2a: Great Tusk|Great Tusk|100/100
|-enditem|p2a: Great Tusk|Booster Energy
|-activate|p2a: Great Tusk|ability: Protosynthesis|[fromitem]
|-start|p2a: Great Tusk|protosynthesisspe
|turn|5
|
|t:|1757848356
|move|p2a: Great Tusk|Bulk Up|p2a: Great Tusk
|-boost|p2a: Great Tusk|atk|1
|-boost|p2a: Great Tusk|def|1
|cant|p1a: Corviknight|par
|
|upkeep
|turn|6
|
|t:|1757848360
|move|p2a: Great Tusk|Bulk Up|p2a: Great Tusk
|-boost|p2a: Great Tusk|atk|1
|-boost|p2a: Great Tusk|def|1
|move|p1a: Corviknight|Defog|p2a: Great Tusk
|-unboost|p2a: Great Tusk|evasion|1
|-sideend|p1: Kaleor|Sticky Web|[from] move: Defog|[of] p1a: Corviknight
|
|upkeep
|turn|7
|
|t:|1757848365
|move|p2a: Great Tusk|Bulk Up|p2a: Great Tusk
|-boost|p2a: Great Tusk|atk|1
|-boost|p2a: Great Tusk|def|1
|move|p1a: Corviknight|Brave Bird|p2a: Great Tusk
|-supereffective|p2a: Great Tusk
|-damage|p2a: Great Tusk|83/100
|-damage|p1a: Corviknight|78/100 par|[from] Recoil
|
|upkeep
|turn|8
|
|t:|1757848373
|move|p2a: Great Tusk|Bulk Up|p2a: Great Tusk
|-boost|p2a: Great Tusk|atk|1
|-boost|p2a: Great Tusk|def|1
|cant|p1a: Corviknight|par
|
|upkeep
|turn|9
|
|t:|1757848389
|switch|p1a: Dragapult|Dragapult, F|100/100
|move|p2a: Great Tusk|Bulk Up|p2a: Great Tusk
|-boost|p2a: Great Tusk|atk|1
|-boost|p2a: Great Tusk|def|1
|
|upkeep
|turn|10
|
|t:|1757848397
|switch|p1a: Corviknight|Corviknight, F|78/100 par
|-ability|p1a: Corviknight|Pressure
|move|p2a: Great Tusk|Headlong Rush|p1a: Corviknight
|-immune|p1a: Corviknight
|
|upkeep
|turn|11
|
|t:|1757848402
|move|p2a: Great Tusk|Bulk Up|p2a: Great Tusk
|-boost|p2a: Great Tusk|atk|1
|-boost|p2a: Great Tusk|def|1
|move|p1a: Corviknight|Brave Bird|p2a: Great Tusk
|-supereffective|p2a: Great Tusk
|-damage|p2a: Great Tusk|70/100
|-damage|p1a: Corviknight|73/100 par|[from] Recoil
|
|upkeep
|turn|12
|
|t:|1757848409
|move|p2a: Great Tusk|Ice Spinner|p1a: Corviknight
|-damage|p1a: Corviknight|16/100 par
|-damage|p2a: Great Tusk|53/100|[from] item: Rocky Helmet|[of] p1a: Corviknight
|move|p1a: Corviknight|Brave Bird|p2a: Great Tusk
|-supereffective|p2a: Great Tusk
|-damage|p2a: Great Tusk|42/100
|-damage|p1a: Corviknight|12/100 par|[from] Recoil
|
|upkeep
|turn|13
|
|t:|1757848417
|move|p2a: Great Tusk|Ice Spinner|p1a: Corviknight
|-damage|p1a: Corviknight|0 fnt
|-damage|p2a: Great Tusk|26/100|[from] item: Rocky Helmet|[of] p1a: Corviknight
|faint|p1a: Corviknight
|
|upkeep
|
|t:|1757848423
|switch|p1a: Great Tusk|Great Tusk|100/100
|turn|14
|
|t:|1757848426
|move|p2a: Great Tusk|Headlong Rush|p1a: Great Tusk
|-damage|p1a: Great Tusk|0 fnt
|-unboost|p2a: Great Tusk|def|1
|-unboost|p2a: Great Tusk|spd|1
|faint|p1a: Great Tusk
|-end|p1a: Great Tusk|Protosynthesis|[silent]
|
|upkeep
|
|t:|1757848436
|switch|p1a: Crawdaunt|Crawdaunt, M|100/100
|turn|15
|
|t:|1757848439
|-terastallize|p1a: Crawdaunt|Water
|move|p1a: Crawdaunt|Aqua Jet|p2a: Great Tusk
|-supereffective|p2a: Great Tusk
|-damage|p2a: Great Tusk|7/100
|move|p2a: Great Tusk|Headlong Rush|p1a: Crawdaunt
|-damage|p1a: Crawdaunt|0 fnt
|-unboost|p2a: Great Tusk|def|1
|-unboost|p2a: Great Tusk|spd|1
|faint|p1a: Crawdaunt
|
|upkeep
|-message|Kaleor forfeited.
|
|win|sdgkjshdkf
|raw|Kaleor's rating: 1554 &rarr; <strong>1543</strong><br />(-11 for losing)
|raw|sdgkjshdkf's rating: 1732 &rarr; <strong>1743</strong><br />(+11 for winning)
|l|☆Kaleor
|player|p1|
|l|☆sdgkjshdkf
|player|p2|
