|badge|p2|bronze|gen9ou|100-6
|uhtml|medal-msg|<div class="broadcast-blue">Curious what those medals under the avatar are? PS now has Ladder Seasons! For more information, check out the <a href="https://www.smogon.com/forums/threads/3740067/">thread on Smogon.</a></div>
|j|☆leontief47
|j|☆butts99999
|t:|1757793582
|gametype|singles
|player|p1|leontief47|clerk|1689
|player|p2|butts99999|skierf|1821
|gen|9
|tier|[Gen 9] OU
|rated|
|rule|HP Percentage Mod: HP is shown in percentages
|rule|Endless Battle Clause: Forcing endless battles is banned
|rule|Species Clause: Limit one of each Pokémon
|rule|OHKO Clause: OHKO moves are banned
|rule|Evasion Items Clause: Evasion items are banned
|rule|Evasion Moves Clause: Evasion moves are banned
|rule|Evasion Abilities Clause: Evasion abilities are banned
|rule|Sleep Moves Clause: Sleep-inducing moves are banned
|clearpoke
|poke|p1|Rillaboom, F|
|poke|p1|Ogerpon-Cornerstone, F|
|poke|p1|Raging Bolt|
|poke|p1|Zamazenta-*|
|poke|p1|Hawlucha, F|
|poke|p1|Iron Treads|
|poke|p2|Kingambit, F|
|poke|p2|Cinderace, F|
|poke|p2|Landorus-Therian, M|
|poke|p2|Iron Valiant|
|poke|p2|Kyurem|
|poke|p2|Slowking-Galar, M|
|teampreview
|j| FaronAan
|inactive|Battle timer is ON: inactive players will automatically lose when time's up. (requested by leontief47)
|c|☆butts99999|hf
|inactive|butts99999 has 120 seconds left.
|j| RagingBoltLover
|c|☆leontief47|u2
|
|t:|1757793623
|teamsize|p1|6
|teamsize|p2|6
|start
|switch|p1a: Iron Treads|Iron Treads|100/100
|switch|p2a: Kristine|Cinderace, F, shiny|100/100
|-enditem|p1a: Iron Treads|Booster Energy
|-activate|p1a: Iron Treads|ability: Quark Drive|[fromitem]
|-start|p1a: Iron Treads|quarkdrivespe
|turn|1
|
|t:|1757793631
|switch|p2a: Homelandor|Landorus-Therian, M, shiny|100/100
|-ability|p2a: Homelandor|Intimidate|boost
|-unboost|p1a: Iron Treads|atk|1
|move|p1a: Iron Treads|Earth Power|p2a: Homelandor
|-immune|p2a: Homelandor
|
|upkeep
|turn|2
|
|t:|1757793638
|move|p1a: Iron Treads|Stealth Rock|p2a: Homelandor
|-sidestart|p2: butts99999|move: Stealth Rock
|move|p2a: Homelandor|Earthquake|p1a: Iron Treads
|-supereffective|p1a: Iron Treads
|-damage|p1a: Iron Treads|14/100
|
|upkeep
|turn|3
|
|t:|1757793649
|switch|p2a: Chillionaire|Slowking-Galar, M, shiny|100/100
|move|p1a: Iron Treads|Steel Beam|p2a: Chillionaire
|-damage|p2a: Chillionaire|71/100
|-damage|p1a: Iron Treads|0 fnt|[from] steelbeam
|faint|p1a: Iron Treads
|-end|p1a: Iron Treads|Quark Drive|[silent]
|
|upkeep
|
|t:|1757793655
|switch|p1a: Zamazenta|Zamazenta|100/100
|-ability|p1a: Zamazenta|Dauntless Shield|boost
|-boost|p1a: Zamazenta|def|1
|turn|4
|
|t:|1757793662
|move|p1a: Zamazenta|Heavy Slam|p2a: Chillionaire
|-damage|p2a: Chillionaire|44/100
|-damage|p1a: Zamazenta|91/100|[from] item: Life Orb
|move|p2a: Chillionaire|Future Sight|p1a: Zamazenta
|-start|p2a: Chillionaire|move: Future Sight
|
|upkeep
|turn|5
|
|t:|1757793674
|switch|p2a: Homelandor|Landorus-Therian, M, shiny|100/100
|-damage|p2a: Homelandor|88/100|[from] Stealth Rock
|-ability|p2a: Homelandor|Intimidate|boost
|-unboost|p1a: Zamazenta|atk|1
|move|p1a: Zamazenta|Crunch|p2a: Homelandor
|-damage|p2a: Homelandor|69/100
|-damage|p1a: Zamazenta|74/100|[from] item: Rocky Helmet|[of] p2a: Homelandor
|-damage|p1a: Zamazenta|64/100|[from] item: Life Orb
|
|upkeep
|turn|6
|
|t:|1757793687
|switch|p1a: Rillaboom|Rillaboom, F|100/100
|-fieldstart|move: Grassy Terrain|[from] ability: Grassy Surge|[of] p1a: Rillaboom
|switch|p2a: Kristine|Cinderace, F, shiny|100/100
|
|-end|p1a: Rillaboom|move: Future Sight
|-damage|p1a: Rillaboom|49/100
|-heal|p1a: Rillaboom|55/100|[from] Grassy Terrain
|upkeep
|turn|7
|
|t:|1757793692
|move|p2a: Kristine|Court Change|p2a: Kristine
|-swapsideconditions
|-activate|p2a: Kristine|move: Court Change
|move|p1a: Rillaboom|U-turn|p2a: Kristine
|-resisted|p2a: Kristine
|-damage|p2a: Kristine|86/100
|
|t:|1757793694
|switch|p1a: Hawlucha|Hawlucha, F|100/100|[from] U-turn
|-damage|p1a: Hawlucha|88/100|[from] Stealth Rock
|-enditem|p1a: Hawlucha|Grassy Seed
|-boost|p1a: Hawlucha|def|1|[from] item: Grassy Seed
|
|-heal|p2a: Kristine|92/100|[from] Grassy Terrain
|upkeep
|turn|8
|
|t:|1757793711
|switch|p2a: Chillionaire|Slowking-Galar, M, shiny|77/100
|move|p1a: Hawlucha|Encore||[still]
|-fail|p1a: Hawlucha
|
|-heal|p2a: Chillionaire|83/100|[from] Grassy Terrain
|upkeep
|turn|9
|
|t:|1757793717
|move|p1a: Hawlucha|Swords Dance|p1a: Hawlucha
|-boost|p1a: Hawlucha|atk|2
|move|p2a: Chillionaire|Future Sight|p1a: Hawlucha
|-start|p2a: Chillionaire|move: Future Sight
|
|-heal|p2a: Chillionaire|90/100|[from] Grassy Terrain
|upkeep
|turn|10
|
|t:|1757793726
|switch|p2a: Homelandor|Landorus-Therian, M, shiny|69/100
|-ability|p2a: Homelandor|Intimidate|boost
|-unboost|p1a: Hawlucha|atk|1
|move|p1a: Hawlucha|Acrobatics|p2a: Homelandor
|-damage|p2a: Homelandor|0 fnt
|-damage|p1a: Hawlucha|72/100|[from] item: Rocky Helmet|[of] p2a: Homelandor
|faint|p2a: Homelandor
|
|upkeep
|
|t:|1757793734
|switch|p2a: Chillionaire|Slowking-Galar, M, shiny|100/100
|turn|11
|
|t:|1757793739
|move|p1a: Hawlucha|Acrobatics|p2a: Chillionaire
|-damage|p2a: Chillionaire|27/100
|move|p2a: Chillionaire|Sludge Bomb|p1a: Hawlucha
|-damage|p1a: Hawlucha|23/100
|
|-end|p1a: Hawlucha|move: Future Sight
|-supereffective|p1a: Hawlucha
|-damage|p1a: Hawlucha|0 fnt
|faint|p1a: Hawlucha
|-heal|p2a: Chillionaire|33/100|[from] Grassy Terrain
|upkeep
|
|t:|1757793746
|switch|p1a: Zamazenta|Zamazenta|64/100
|-damage|p1a: Zamazenta|58/100|[from] Stealth Rock
|turn|12
|
|t:|1757793774
|move|p1a: Zamazenta|Crunch|p2a: Chillionaire
|-supereffective|p2a: Chillionaire
|-damage|p2a: Chillionaire|0 fnt
|faint|p2a: Chillionaire
|-damage|p1a: Zamazenta|48/100|[from] item: Life Orb
|
|-heal|p1a: Zamazenta|54/100|[from] Grassy Terrain
|upkeep
|j| Itchy dig
|l| Itchy dig
|
|t:|1757793778
|switch|p2a: WALL-Y|Iron Valiant|100/100
|-enditem|p2a: WALL-Y|Booster Energy
|-activate|p2a: WALL-Y|ability: Quark Drive|[fromitem]
|-start|p2a: WALL-Y|quarkdrivespe
|turn|13
|
|t:|1757793788
|switch|p1a: Raging Bolt|Raging Bolt|100/100
|-damage|p1a: Raging Bolt|88/100|[from] Stealth Rock
|-enditem|p1a: Raging Bolt|Grassy Seed
|-boost|p1a: Raging Bolt|def|1|[from] item: Grassy Seed
|move|p2a: WALL-Y|Encore||[still]
|-fail|p2a: WALL-Y
|
|-heal|p1a: Raging Bolt|94/100|[from] Grassy Terrain
|-fieldend|move: Grassy Terrain
|upkeep
|turn|14
|
|t:|1757793795
|-terastallize|p1a: Raging Bolt|Fairy
|move|p2a: WALL-Y|Moonblast|p1a: Raging Bolt
|-damage|p1a: Raging Bolt|56/100
|move|p1a: Raging Bolt|Thunderbolt|p2a: WALL-Y
|-damage|p2a: WALL-Y|17/100
|
|upkeep
|turn|15
|
|t:|1757793813
|move|p2a: WALL-Y|Encore|p1a: Raging Bolt
|-start|p1a: Raging Bolt|Encore
|move|p1a: Raging Bolt|Thunderbolt|p2a: WALL-Y
|-damage|p2a: WALL-Y|0 fnt
|faint|p2a: WALL-Y
|-end|p2a: WALL-Y|Quark Drive|[silent]
|
|upkeep
|
|t:|1757793817
|switch|p2a: Mr. Freeze|Kyurem, shiny|100/100
|-ability|p2a: Mr. Freeze|Pressure
|turn|16
|
|t:|1757793822
|move|p2a: Mr. Freeze|Freeze-Dry|p1a: Raging Bolt
|-damage|p1a: Raging Bolt|27/100
|move|p1a: Raging Bolt|Thunderbolt|p2a: Mr. Freeze
|-resisted|p2a: Mr. Freeze
|-damage|p2a: Mr. Freeze|79/100
|
|-heal|p2a: Mr. Freeze|85/100|[from] item: Leftovers
|upkeep
|turn|17
|inactive|butts99999 has 120 seconds left.
|
|t:|1757793852
|-terastallize|p2a: Mr. Freeze|Ground
|move|p2a: Mr. Freeze|Substitute|p2a: Mr. Freeze
|-start|p2a: Mr. Freeze|Substitute
|-damage|p2a: Mr. Freeze|60/100
|move|p1a: Raging Bolt|Thunderbolt|p2a: Mr. Freeze
|-immune|p2a: Mr. Freeze
|
|-heal|p2a: Mr. Freeze|66/100|[from] item: Leftovers
|-end|p1a: Raging Bolt|Encore
|upkeep
|turn|18
|inactive|butts99999 has 120 seconds left.
|j| harinaremix
|
|t:|1757793882
|move|p2a: Mr. Freeze|Earth Power|p1a: Raging Bolt
|-damage|p1a: Raging Bolt|0 fnt
|faint|p1a: Raging Bolt
|-end|p1a: Raging Bolt|Protosynthesis|[silent]
|
|-heal|p2a: Mr. Freeze|73/100|[from] item: Leftovers
|upkeep
|
|t:|1757793886
|switch|p1a: Rillaboom|Rillaboom, F|55/100
|-damage|p1a: Rillaboom|43/100|[from] Stealth Rock
|-fieldstart|move: Grassy Terrain|[from] ability: Grassy Surge|[of] p1a: Rillaboom
|turn|19
|
|t:|1757793889
|move|p2a: Mr. Freeze|Protect|p2a: Mr. Freeze
|-singleturn|p2a: Mr. Freeze|Protect
|move|p1a: Rillaboom|Grassy Glide|p2a: Mr. Freeze
|-activate|p2a: Mr. Freeze|move: Protect
|
|-heal|p2a: Mr. Freeze|79/100|[from] Grassy Terrain
|-heal|p2a: Mr. Freeze|85/100|[from] item: Leftovers
|-heal|p1a: Rillaboom|49/100|[from] Grassy Terrain
|upkeep
|turn|20
|inactive|butts99999 has 120 seconds left.
|
|t:|1757793907
|move|p1a: Rillaboom|Grassy Glide|p2a: Mr. Freeze
|-supereffective|p2a: Mr. Freeze
|-crit|p2a: Mr. Freeze
|-end|p2a: Mr. Freeze|Substitute
|move|p2a: Mr. Freeze|Freeze-Dry|p1a: Rillaboom
|-supereffective|p1a: Rillaboom
|-damage|p1a: Rillaboom|0 fnt
|faint|p1a: Rillaboom
|
|-heal|p2a: Mr. Freeze|91/100|[from] Grassy Terrain
|-heal|p2a: Mr. Freeze|97/100|[from] item: Leftovers
|upkeep
|
|t:|1757793911
|switch|p1a: Ogerpon|Ogerpon-Cornerstone, F|100/100
|-damage|p1a: Ogerpon|88/100|[from] Stealth Rock
|turn|21
|inactive|butts99999 has 120 seconds left.
|l| harinaremix
|inactive|butts99999 has 90 seconds left.
|
|t:|1757793953
|switch|p2a: Daenerys|Kingambit, F|100/100
|-activate|p2a: Daenerys|ability: Supreme Overlord
|-start|p2a: Daenerys|fallen3|[silent]
|move|p1a: Ogerpon|Power Whip|p2a: Daenerys
|-resisted|p2a: Daenerys
|-damage|p2a: Daenerys|62/100
|
|-heal|p1a: Ogerpon|94/100|[from] Grassy Terrain
|-heal|p2a: Daenerys|68/100|[from] Grassy Terrain
|-heal|p2a: Daenerys|74/100|[from] item: Leftovers
|upkeep
|turn|22
|inactive|butts99999 has 90 seconds left.
|
|t:|1757793973
|move|p1a: Ogerpon|Low Kick|p2a: Daenerys
|-supereffective|p2a: Daenerys
|-damage|p2a: Daenerys|0 fnt
|faint|p2a: Daenerys
|-end|p2a: Daenerys|fallen3|[silent]
|
|-heal|p1a: Ogerpon|99/100|[from] Grassy Terrain
|upkeep
|
|t:|1757793975
|switch|p2a: Kristine|Cinderace, F, shiny|92/100
|turn|23
|inactive|butts99999 has 90 seconds left.
|
|t:|1757794004
|move|p2a: Kristine|U-turn|p1a: Ogerpon
|-supereffective|p1a: Ogerpon
|-damage|p1a: Ogerpon|54/100
|
|t:|1757794006
|switch|p2a: Mr. Freeze|Kyurem, shiny, tera:Ground|97/100|[from] U-turn
|-ability|p2a: Mr. Freeze|Pressure
|move|p1a: Ogerpon|Ivy Cudgel|p2a: Mr. Freeze|[anim] Ivy Cudgel Rock
|-resisted|p2a: Mr. Freeze
|-damage|p2a: Mr. Freeze|69/100
|
|-heal|p1a: Ogerpon|60/100|[from] Grassy Terrain
|-heal|p2a: Mr. Freeze|75/100|[from] Grassy Terrain
|-heal|p2a: Mr. Freeze|81/100|[from] item: Leftovers
|upkeep
|turn|24
|
|t:|1757794022
|switch|p2a: Kristine|Cinderace, F, shiny|92/100
|move|p1a: Ogerpon|Power Whip|p2a: Kristine
|-resisted|p2a: Kristine
|-damage|p2a: Kristine|39/100
|
|-heal|p2a: Kristine|45/100|[from] Grassy Terrain
|-heal|p1a: Ogerpon|66/100|[from] Grassy Terrain
|upkeep
|turn|25
|inactive|butts99999 has 60 seconds left.
|
|t:|1757794060
|move|p2a: Kristine|Will-O-Wisp|p1a: Ogerpon
|-status|p1a: Ogerpon|brn
|move|p1a: Ogerpon|Power Whip|p2a: Kristine
|-resisted|p2a: Kristine
|-damage|p2a: Kristine|18/100
|
|-heal|p2a: Kristine|24/100|[from] Grassy Terrain
|-heal|p1a: Ogerpon|72/100 brn|[from] Grassy Terrain
|-damage|p1a: Ogerpon|66/100 brn|[from] brn
|upkeep
|turn|26
|
|t:|1757794069
|move|p2a: Kristine|Pyro Ball|p1a: Ogerpon|[miss]
|-miss|p2a: Kristine|p1a: Ogerpon
|move|p1a: Ogerpon|Power Whip|p2a: Kristine
|-resisted|p2a: Kristine
|-damage|p2a: Kristine|0 fnt
|faint|p2a: Kristine
|
|-heal|p1a: Ogerpon|72/100 brn|[from] Grassy Terrain
|-damage|p1a: Ogerpon|66/100 brn|[from] brn
|-fieldend|move: Grassy Terrain
|upkeep
|
|t:|1757794073
|switch|p2a: Mr. Freeze|Kyurem, shiny, tera:Ground|81/100
|-ability|p2a: Mr. Freeze|Pressure
|turn|27
|
|t:|1757794077
|move|p2a: Mr. Freeze|Protect|p2a: Mr. Freeze
|-singleturn|p2a: Mr. Freeze|Protect
|move|p1a: Ogerpon|Power Whip|p2a: Mr. Freeze
|-activate|p2a: Mr. Freeze|move: Protect
|
|-heal|p2a: Mr. Freeze|87/100|[from] item: Leftovers
|-damage|p1a: Ogerpon|60/100 brn|[from] brn
|upkeep
|turn|28
|
|t:|1757794080
|move|p1a: Ogerpon|Power Whip|p2a: Mr. Freeze
|-supereffective|p2a: Mr. Freeze
|-damage|p2a: Mr. Freeze|20/100
|move|p2a: Mr. Freeze|Freeze-Dry|p1a: Ogerpon
|-supereffective|p1a: Ogerpon
|-damage|p1a: Ogerpon|0 fnt
|faint|p1a: Ogerpon
|
|-heal|p2a: Mr. Freeze|26/100|[from] item: Leftovers
|upkeep
|
|t:|1757794083
|switch|p1a: Zamazenta|Zamazenta|54/100
|-damage|p1a: Zamazenta|48/100|[from] Stealth Rock
|turn|29
|
|t:|1757794088
|move|p2a: Mr. Freeze|Protect|p2a: Mr. Freeze
|-singleturn|p2a: Mr. Freeze|Protect
|move|p1a: Zamazenta|Crunch|p2a: Mr. Freeze
|-activate|p2a: Mr. Freeze|move: Protect
|
|-heal|p2a: Mr. Freeze|32/100|[from] item: Leftovers
|upkeep
|turn|30
|
|t:|1757794091
|move|p1a: Zamazenta|Close Combat|p2a: Mr. Freeze
|-damage|p2a: Mr. Freeze|0 fnt
|-unboost|p1a: Zamazenta|def|1
|-unboost|p1a: Zamazenta|spd|1
|faint|p2a: Mr. Freeze
|-damage|p1a: Zamazenta|38/100|[from] item: Life Orb
|
|win|leontief47
|raw|leontief47's rating: 1689 &rarr; <strong>1716</strong><br />(+27 for winning)
|raw|butts99999's rating: 1821 &rarr; <strong>1794</strong><br />(-27 for losing)
|c|☆leontief47|ggwp
|l| FaronAan
