|j|☆NassBug
|j|☆weiweihu
|t:|1757889476
|gametype|singles
|player|p1|NassBug|oleana|1383
|player|p2|weiweihu|cynthia|1349
|gen|9
|tier|[Gen 9] OU
|rated|
|rule|HP Percentage Mod: HP is shown in percentages
|rule|Endless Battle Clause: Forcing endless battles is banned
|rule|Species Clause: Limit one of each Pokémon
|rule|OHKO Clause: OHKO moves are banned
|rule|Evasion Items Clause: Evasion items are banned
|rule|Evasion Moves Clause: Evasion moves are banned
|rule|Evasion Abilities Clause: Evasion abilities are banned
|rule|Sleep Moves Clause: Sleep-inducing moves are banned
|clearpoke
|poke|p1|Zapdos|
|poke|p1|Rillaboom, M|
|poke|p1|Gholdengo|
|poke|p1|Tyranitar, M|
|poke|p1|Chesnaught, F|
|poke|p1|Garchomp, M|
|poke|p2|Toedscruel, F|
|poke|p2|Skeledirge, F|
|poke|p2|Tyranitar, M|
|poke|p2|Ninetales-Alola, M|
|poke|p2|Ogerpon, F|
|poke|p2|Hydreigon, M|
|teampreview
|inactive|Battle timer is ON: inactive players will automatically lose when time's up. (requested by weiweihu)
|
|t:|1757889491
|teamsize|p1|6
|teamsize|p2|6
|start
|switch|p1a: 😂🫵🏻 UTRYINGWIN|Tyranitar, M, shiny|100/100
|switch|p2a: Ogerpon|Ogerpon, F|100/100
|-weather|Sandstorm|[from] ability: Sand Stream|[of] p1a: 😂🫵🏻 UTRYINGWIN
|turn|1
|
|t:|1757889500
|switch|p1a: ARE YOU READY?|Zapdos, shiny|100/100
|move|p2a: Ogerpon|U-turn|p1a: ARE YOU READY?
|-resisted|p1a: ARE YOU READY?
|-damage|p1a: ARE YOU READY?|79/100
|-status|p2a: Ogerpon|par|[from] ability: Static|[of] p1a: ARE YOU READY?
|
|t:|1757889525
|switch|p2a: Ninetales|Ninetales-Alola, M, shiny|100/100|[from] U-turn
|-weather|Snowscape|[from] ability: Snow Warning|[of] p2a: Ninetales
|
|-weather|Snowscape|[upkeep]
|upkeep
|turn|2
|
|t:|1757889548
|switch|p1a: 😂🫵🏻 UTRYINGWIN|Tyranitar, M, shiny|100/100
|-weather|Sandstorm|[from] ability: Sand Stream|[of] p1a: 😂🫵🏻 UTRYINGWIN
|move|p2a: Ninetales|Aurora Veil||[still]
|-fail|p2a: Ninetales
|
|-weather|Sandstorm|[upkeep]
|-damage|p2a: Ninetales|95/100|[from] Sandstorm
|upkeep
|turn|3
|
|t:|1757889553
|switch|p2a: Ogerpon|Ogerpon, F|100/100 par
|move|p1a: 😂🫵🏻 UTRYINGWIN|Knock Off|p2a: Ogerpon
|-crit|p2a: Ogerpon
|-damage|p2a: Ogerpon|0 fnt
|-enditem|p2a: Ogerpon|Choice Band|[from] move: Knock Off|[of] p1a: 😂🫵🏻 UTRYINGWIN
|faint|p2a: Ogerpon
|
|-weather|Sandstorm|[upkeep]
|upkeep
|inactive|weiweihu has 120 seconds left.
|
|t:|1757889603
|switch|p2a: Ninetales|Ninetales-Alola, M, shiny|95/100
|-weather|Snowscape|[from] ability: Snow Warning|[of] p2a: Ninetales
|turn|4
|
|t:|1757889607
|move|p2a: Ninetales|Aurora Veil|p2a: Ninetales
|-sidestart|p2: weiweihu|move: Aurora Veil
|move|p1a: 😂🫵🏻 UTRYINGWIN|Stone Edge|p2a: Ninetales
|-supereffective|p2a: Ninetales
|-damage|p2a: Ninetales|48/100
|
|-weather|Snowscape|[upkeep]
|upkeep
|turn|5
|
|t:|1757889629
|move|p2a: Ninetales|Moonblast|p1a: 😂🫵🏻 UTRYINGWIN
|-supereffective|p1a: 😂🫵🏻 UTRYINGWIN
|-crit|p1a: 😂🫵🏻 UTRYINGWIN
|-damage|p1a: 😂🫵🏻 UTRYINGWIN|0 fnt
|faint|p1a: 😂🫵🏻 UTRYINGWIN
|
|-weather|Snowscape|[upkeep]
|upkeep
|
|t:|1757889637
|switch|p1a: I HAXEED U SRRY|Gholdengo, shiny|100/100
|-item|p1a: I HAXEED U SRRY|Air Balloon
|turn|6
|
|t:|1757889641
|move|p2a: Ninetales|Freeze-Dry|p1a: I HAXEED U SRRY
|-resisted|p1a: I HAXEED U SRRY
|-damage|p1a: I HAXEED U SRRY|89/100
|-enditem|p1a: I HAXEED U SRRY|Air Balloon
|move|p1a: I HAXEED U SRRY|Thunder Wave|p2a: Ninetales|[miss]
|-miss|p1a: I HAXEED U SRRY|p2a: Ninetales
|
|-weather|Snowscape|[upkeep]
|upkeep
|turn|7
|
|t:|1757889648
|switch|p2a: Toedscruel|Toedscruel, F, shiny|100/100
|move|p1a: I HAXEED U SRRY|Thunder Wave|p2a: Toedscruel
|-immune|p2a: Toedscruel
|
|-weather|Snowscape|[upkeep]
|upkeep
|turn|8
|
|t:|1757889652
|move|p2a: Toedscruel|Earth Power|p1a: I HAXEED U SRRY
|-supereffective|p1a: I HAXEED U SRRY
|-damage|p1a: I HAXEED U SRRY|28/100
|move|p1a: I HAXEED U SRRY|Thunder Wave|p2a: Toedscruel
|-immune|p2a: Toedscruel
|
|-weather|none
|upkeep
|turn|9
|
|t:|1757889661
|move|p2a: Toedscruel|Earth Power|p1a: I HAXEED U SRRY
|-supereffective|p1a: I HAXEED U SRRY
|-damage|p1a: I HAXEED U SRRY|0 fnt
|faint|p1a: I HAXEED U SRRY
|
|upkeep
|
|t:|1757889668
|switch|p1a: STOP STOP STOP🥵|Rillaboom, M, shiny|100/100
|-fieldstart|move: Grassy Terrain|[from] ability: Grassy Surge|[of] p1a: STOP STOP STOP🥵
|turn|10
|
|t:|1757889682
|switch|p2a: Skeledirge|Skeledirge, F, shiny|100/100
|move|p1a: STOP STOP STOP🥵|U-turn|p2a: Skeledirge
|-resisted|p2a: Skeledirge
|-damage|p2a: Skeledirge|99/100
|
|t:|1757889686
|switch|p1a: MY BEST FRIEND💓|Garchomp, M, shiny|100/100|[from] U-turn
|
|-heal|p2a: Skeledirge|100/100|[from] Grassy Terrain
|upkeep
|turn|11
|
|t:|1757889689
|move|p1a: MY BEST FRIEND💓|Stealth Rock|p2a: Skeledirge
|-sidestart|p2: weiweihu|move: Stealth Rock
|move|p2a: Skeledirge|Will-O-Wisp|p1a: MY BEST FRIEND💓
|-status|p1a: MY BEST FRIEND💓|brn
|
|-damage|p1a: MY BEST FRIEND💓|94/100 brn|[from] brn
|-sideend|p2: weiweihu|move: Aurora Veil
|upkeep
|turn|12
|
|t:|1757889691
|move|p1a: MY BEST FRIEND💓|Spikes|p2a: Skeledirge
|-sidestart|p2: weiweihu|Spikes
|move|p2a: Skeledirge|Fire Spin|p1a: MY BEST FRIEND💓|[miss]
|-miss|p2a: Skeledirge|p1a: MY BEST FRIEND💓
|
|-heal|p1a: MY BEST FRIEND💓|100/100 brn|[from] Grassy Terrain
|-damage|p1a: MY BEST FRIEND💓|94/100 brn|[from] brn
|upkeep
|turn|13
|
|t:|1757889693
|move|p1a: MY BEST FRIEND💓|Spikes|p2a: Skeledirge
|-sidestart|p2: weiweihu|Spikes
|move|p2a: Skeledirge|Fire Spin|p1a: MY BEST FRIEND💓
|-resisted|p1a: MY BEST FRIEND💓
|-damage|p1a: MY BEST FRIEND💓|88/100 brn
|-activate|p1a: MY BEST FRIEND💓|move: Fire Spin|[of] p2a: Skeledirge
|
|-heal|p1a: MY BEST FRIEND💓|95/100 brn|[from] Grassy Terrain
|-damage|p1a: MY BEST FRIEND💓|88/100 brn|[from] brn
|-damage|p1a: MY BEST FRIEND💓|76/100 brn|[from] move: Fire Spin|[partiallytrapped]
|upkeep
|turn|14
|j| Tunder♚boltz
|
|t:|1757889700
|switch|p2a: Toedscruel|Toedscruel, F, shiny|100/100
|-damage|p2a: Toedscruel|94/100|[from] Stealth Rock
|-damage|p2a: Toedscruel|78/100|[from] Spikes
|move|p1a: MY BEST FRIEND💓|Spikes|p2a: Toedscruel
|-sidestart|p2: weiweihu|Spikes
|
|-heal|p2a: Toedscruel|84/100|[from] Grassy Terrain
|-heal|p1a: MY BEST FRIEND💓|82/100 brn|[from] Grassy Terrain
|-damage|p1a: MY BEST FRIEND💓|76/100 brn|[from] brn
|-end|p1a: MY BEST FRIEND💓|Fire Spin|[partiallytrapped]|[silent]
|upkeep
|turn|15
|
|t:|1757889726
|-terastallize|p1a: MY BEST FRIEND💓|Ghost
|move|p2a: Toedscruel|Rapid Spin|p1a: MY BEST FRIEND💓
|-immune|p1a: MY BEST FRIEND💓
|move|p1a: MY BEST FRIEND💓|Dragon Tail|p2a: Toedscruel
|-damage|p2a: Toedscruel|64/100
|drag|p2a: Hydreigon|Hydreigon, M, shiny|100/100
|-damage|p2a: Hydreigon|88/100|[from] Stealth Rock
|
|-heal|p1a: MY BEST FRIEND💓|82/100 brn|[from] Grassy Terrain
|-damage|p1a: MY BEST FRIEND💓|76/100 brn|[from] brn
|upkeep
|turn|16
|
|t:|1757889736
|switch|p1a: ARE YOU READY?|Zapdos, shiny|79/100
|move|p2a: Hydreigon|Dark Pulse|p1a: ARE YOU READY?
|-damage|p1a: ARE YOU READY?|36/100
|
|upkeep
|turn|17
|l| Tunder♚boltz
|
|t:|1757889742
|move|p1a: ARE YOU READY?|Roost|p1a: ARE YOU READY?
|-heal|p1a: ARE YOU READY?|86/100
|-singleturn|p1a: ARE YOU READY?|move: Roost
|move|p2a: Hydreigon|Dark Pulse|p1a: ARE YOU READY?
|-damage|p1a: ARE YOU READY?|45/100
|
|-heal|p1a: ARE YOU READY?|51/100|[from] Grassy Terrain
|-fieldend|move: Grassy Terrain
|upkeep
|turn|18
|
|t:|1757889747
|move|p1a: ARE YOU READY?|Hurricane|p2a: Hydreigon
|-damage|p2a: Hydreigon|31/100
|-enditem|p2a: Hydreigon|Sitrus Berry|[eat]
|-heal|p2a: Hydreigon|56/100|[from] item: Sitrus Berry
|move|p2a: Hydreigon|Nasty Plot|p2a: Hydreigon
|-boost|p2a: Hydreigon|spa|2
|
|upkeep
|turn|19
|
|t:|1757889750
|move|p1a: ARE YOU READY?|Hurricane|p2a: Hydreigon
|-damage|p2a: Hydreigon|0 fnt
|faint|p2a: Hydreigon
|
|upkeep
|
|t:|1757889755
|switch|p2a: Ninetales|Ninetales-Alola, M, shiny|48/100
|-damage|p2a: Ninetales|24/100|[from] Stealth Rock
|-damage|p2a: Ninetales|0 fnt|[from] Spikes
|faint|p2a: Ninetales
|
|t:|1757889761
|switch|p2a: Tyranitar|Tyranitar, M, shiny|100/100
|-damage|p2a: Tyranitar|88/100|[from] Stealth Rock
|-damage|p2a: Tyranitar|63/100|[from] Spikes
|-weather|Sandstorm|[from] ability: Sand Stream|[of] p2a: Tyranitar
|turn|20
|
|t:|1757889762
|move|p1a: ARE YOU READY?|Volt Switch|p2a: Tyranitar
|-damage|p2a: Tyranitar|41/100
|
|t:|1757889767
|switch|p1a: STOP STOP STOP🥵|Rillaboom, M, shiny|100/100|[from] Volt Switch
|-fieldstart|move: Grassy Terrain|[from] ability: Grassy Surge|[of] p1a: STOP STOP STOP🥵
|move|p2a: Tyranitar|Dragon Dance|p2a: Tyranitar
|-boost|p2a: Tyranitar|atk|1
|-boost|p2a: Tyranitar|spe|1
|
|-weather|Sandstorm|[upkeep]
|-damage|p1a: STOP STOP STOP🥵|94/100|[from] Sandstorm
|-heal|p2a: Tyranitar|47/100|[from] Grassy Terrain
|-heal|p1a: STOP STOP STOP🥵|100/100|[from] Grassy Terrain
|upkeep
|turn|21
|
|t:|1757889770
|move|p1a: STOP STOP STOP🥵|Grassy Glide|p2a: Tyranitar
|-supereffective|p2a: Tyranitar
|-damage|p2a: Tyranitar|0 fnt
|faint|p2a: Tyranitar
|
|-weather|Sandstorm|[upkeep]
|-damage|p1a: STOP STOP STOP🥵|94/100|[from] Sandstorm
|-heal|p1a: STOP STOP STOP🥵|100/100|[from] Grassy Terrain
|upkeep
|-message|weiweihu forfeited.
|
|win|NassBug
|raw|NassBug's rating: 1383 &rarr; <strong>1401</strong><br />(+18 for winning)
|raw|weiweihu's rating: 1349 &rarr; <strong>1331</strong><br />(-18 for losing)
|l|☆weiweihu
|player|p2|
