|j|☆rod jaeger22
|j|☆mathismathin
|t:|1757908188
|gametype|singles
|player|p1|rod jaeger22|miku-fairy|1318
|player|p2|mathismathin|hilbert|1411
|gen|9
|tier|[Gen 9] OU
|rated|
|rule|HP Percentage Mod: HP is shown in percentages
|rule|Endless Battle Clause: Forcing endless battles is banned
|rule|Species Clause: Limit one of each Pokémon
|rule|OHKO Clause: OHKO moves are banned
|rule|Evasion Items Clause: Evasion items are banned
|rule|Evasion Moves Clause: Evasion moves are banned
|rule|Evasion Abilities Clause: Evasion abilities are banned
|rule|Sleep Moves Clause: Sleep-inducing moves are banned
|clearpoke
|poke|p1|Darkrai|
|poke|p1|Serperior, M|
|poke|p1|Blaziken, F|
|poke|p1|Corviknight, F|
|poke|p1|Rotom-Wash|
|poke|p1|Grimmsnarl, M|
|poke|p2|Mew|
|poke|p2|Primarina, M|
|poke|p2|Moltres|
|poke|p2|Chesnaught, M|
|poke|p2|Great Tusk|
|poke|p2|Dragapult, F|
|teampreview
|inactive|Battle timer is ON: inactive players will automatically lose when time's up. (requested by rod jaeger22)
|
|t:|1757908197
|teamsize|p1|6
|teamsize|p2|6
|start
|switch|p1a: Blaziken|Blaziken, F|100/100
|switch|p2a: Mew|Mew|100/100
|turn|1
|
|t:|1757908204
|switch|p2a: Primarina|Primarina, M|100/100
|switch|p1a: Corviknight|Corviknight, F|100/100
|
|upkeep
|turn|2
|inactive|mathismathin has 120 seconds left.
|
|t:|1757908260
|move|p2a: Primarina|Surf|p1a: Corviknight
|-damage|p1a: Corviknight|49/100
|move|p1a: Corviknight|U-turn|p2a: Primarina
|-resisted|p2a: Primarina
|-damage|p2a: Primarina|87/100
|
|t:|1757908270
|switch|p1a: Rotom|Rotom-Wash|100/100|[from] U-turn
|
|upkeep
|turn|3
|
|t:|1757908284
|move|p1a: Rotom|Will-O-Wisp|p2a: Primarina
|-status|p2a: Primarina|brn
|move|p2a: Primarina|Moonblast|p1a: Rotom
|-damage|p1a: Rotom|43/100
|
|-heal|p1a: Rotom|50/100|[from] item: Leftovers
|-damage|p2a: Primarina|81/100 brn|[from] brn
|upkeep
|turn|4
|
|t:|1757908293
|move|p1a: Rotom|Volt Switch|p2a: Primarina
|-supereffective|p2a: Primarina
|-damage|p2a: Primarina|36/100 brn
|
|t:|1757908296
|switch|p1a: Corviknight|Corviknight, F|49/100|[from] Volt Switch
|move|p2a: Primarina|Moonblast|p1a: Corviknight
|-resisted|p1a: Corviknight
|-damage|p1a: Corviknight|24/100
|
|-heal|p1a: Corviknight|30/100|[from] item: Leftovers
|-damage|p2a: Primarina|30/100 brn|[from] brn
|upkeep
|turn|5
|
|t:|1757908302
|move|p2a: Primarina|Surf|p1a: Corviknight
|-damage|p1a: Corviknight|0 fnt
|faint|p1a: Corviknight
|
|-damage|p2a: Primarina|24/100 brn|[from] brn
|upkeep
|
|t:|1757908316
|switch|p1a: Blaziken|Blaziken, F|100/100
|turn|6
|
|t:|1757908321
|move|p1a: Blaziken|Swords Dance|p1a: Blaziken
|-boost|p1a: Blaziken|atk|2
|move|p2a: Primarina|Surf|p1a: Blaziken
|-supereffective|p1a: Blaziken
|-enditem|p1a: Blaziken|Focus Sash
|-damage|p1a: Blaziken|1/100
|
|-damage|p2a: Primarina|18/100 brn|[from] brn
|-ability|p1a: Blaziken|Speed Boost|boost
|-boost|p1a: Blaziken|spe|1
|upkeep
|turn|7
|
|t:|1757908327
|switch|p2a: Chesnaught|Chesnaught, M|100/100
|move|p1a: Blaziken|Thunder Punch|p2a: Chesnaught
|-resisted|p2a: Chesnaught
|-damage|p2a: Chesnaught|86/100
|-damage|p1a: Blaziken|0 fnt|[from] item: Rocky Helmet|[of] p2a: Chesnaught
|faint|p1a: Blaziken
|
|upkeep
|
|t:|1757908342
|switch|p1a: Grimmsnarl|Grimmsnarl, M|100/100
|turn|8
|inactive|mathismathin has 120 seconds left.
|
|t:|1757908374
|switch|p2a: Mew|Mew|100/100
|move|p1a: Grimmsnarl|Reflect|p1a: Grimmsnarl
|-sidestart|p1: rod jaeger22|Reflect
|
|upkeep
|turn|9
|
|t:|1757908383
|move|p1a: Grimmsnarl|Light Screen|p1a: Grimmsnarl
|-sidestart|p1: rod jaeger22|move: Light Screen
|move|p2a: Mew|Transform|p1a: Grimmsnarl
|-transform|p2a: Mew|p1a: Grimmsnarl
|
|upkeep
|turn|10
|
|t:|1757908388
|move|p2a: Mew|Light Screen|p2a: Mew
|-sidestart|p2: mathismathin|move: Light Screen
|move|p1a: Grimmsnarl|Spirit Break|p2a: Mew
|-supereffective|p2a: Mew
|-crit|p2a: Mew
|-damage|p2a: Mew|0 fnt
|faint|p2a: Mew
|
|upkeep
|inactive|mathismathin has 120 seconds left.
|
|t:|1757908422
|switch|p2a: Moltres|Moltres|100/100
|turn|11
|
|t:|1757908428
|move|p1a: Grimmsnarl|Thunder Wave|p2a: Moltres
|-status|p2a: Moltres|par
|move|p2a: Moltres|Fire Blast|p1a: Grimmsnarl|[miss]
|-miss|p2a: Moltres|p1a: Grimmsnarl
|
|upkeep
|turn|12
|inactive|mathismathin has 120 seconds left.
|
|t:|1757908459
|move|p1a: Grimmsnarl|Spirit Break|p2a: Moltres
|-resisted|p2a: Moltres
|-damage|p2a: Moltres|79/100 par
|-unboost|p2a: Moltres|spa|1
|cant|p2a: Moltres|par
|
|upkeep
|turn|13
|
|t:|1757908467
|move|p1a: Grimmsnarl|Spirit Break|p2a: Moltres
|-resisted|p2a: Moltres
|-crit|p2a: Moltres
|-damage|p2a: Moltres|47/100 par
|-unboost|p2a: Moltres|spa|1
|move|p2a: Moltres|Fire Blast|p1a: Grimmsnarl
|-damage|p1a: Grimmsnarl|85/100
|
|upkeep
|turn|14
|
|t:|1757908475
|move|p1a: Grimmsnarl|Spirit Break|p2a: Moltres
|-resisted|p2a: Moltres
|-damage|p2a: Moltres|25/100 par
|-unboost|p2a: Moltres|spa|1
|move|p2a: Moltres|Roost|p2a: Moltres
|-heal|p2a: Moltres|75/100 par
|-singleturn|p2a: Moltres|move: Roost
|
|-sideend|p2: mathismathin|move: Light Screen
|upkeep
|turn|15
|
|t:|1757908487
|move|p1a: Grimmsnarl|Spirit Break|p2a: Moltres
|-resisted|p2a: Moltres
|-damage|p2a: Moltres|53/100 par
|-unboost|p2a: Moltres|spa|1
|-status|p1a: Grimmsnarl|brn|[from] ability: Flame Body|[of] p2a: Moltres
|cant|p2a: Moltres|par
|
|-damage|p1a: Grimmsnarl|78/100 brn|[from] brn
|-sideend|p1: rod jaeger22|Reflect
|upkeep
|turn|16
|inactive|mathismathin has 120 seconds left.
|
|t:|1757908512
|move|p1a: Grimmsnarl|Reflect|p1a: Grimmsnarl
|-sidestart|p1: rod jaeger22|Reflect
|move|p2a: Moltres|Roost|p2a: Moltres
|-heal|p2a: Moltres|100/100 par
|-singleturn|p2a: Moltres|move: Roost
|
|-damage|p1a: Grimmsnarl|72/100 brn|[from] brn
|-sideend|p1: rod jaeger22|move: Light Screen
|upkeep
|turn|17
|
|t:|1757908517
|switch|p2a: Chesnaught|Chesnaught, M|86/100
|move|p1a: Grimmsnarl|Light Screen|p1a: Grimmsnarl
|-sidestart|p1: rod jaeger22|move: Light Screen
|
|-damage|p1a: Grimmsnarl|66/100 brn|[from] brn
|upkeep
|turn|18
|inactive|mathismathin has 120 seconds left.
|
|t:|1757908533
|move|p1a: Grimmsnarl|Thunder Wave|p2a: Chesnaught
|-status|p2a: Chesnaught|par
|move|p2a: Chesnaught|Iron Defense|p2a: Chesnaught
|-boost|p2a: Chesnaught|def|2
|
|-damage|p1a: Grimmsnarl|60/100 brn|[from] brn
|upkeep
|turn|19
|
|t:|1757908538
|move|p1a: Grimmsnarl|Spirit Break|p2a: Chesnaught
|-supereffective|p2a: Chesnaught
|-damage|p2a: Chesnaught|75/100 par
|-unboost|p2a: Chesnaught|spa|1
|-damage|p1a: Grimmsnarl|44/100 brn|[from] item: Rocky Helmet|[of] p2a: Chesnaught
|cant|p2a: Chesnaught|par
|
|-damage|p1a: Grimmsnarl|38/100 brn|[from] brn
|upkeep
|turn|20
|inactive|mathismathin has 120 seconds left.
|
|t:|1757908569
|switch|p1a: Rotom|Rotom-Wash|50/100
|move|p2a: Chesnaught|Iron Defense|p2a: Chesnaught
|-boost|p2a: Chesnaught|def|2
|
|-heal|p1a: Rotom|56/100|[from] item: Leftovers
|upkeep
|turn|21
|
|t:|1757908579
|move|p1a: Rotom|Hydro Pump|p2a: Chesnaught
|-resisted|p2a: Chesnaught
|-damage|p2a: Chesnaught|47/100 par
|move|p2a: Chesnaught|Body Press|p1a: Rotom
|-damage|p1a: Rotom|0 fnt
|faint|p1a: Rotom
|
|upkeep
|
|t:|1757908585
|switch|p1a: Darkrai|Darkrai|100/100
|turn|22
|
|t:|1757908594
|-terastallize|p1a: Darkrai|Ghost
|move|p1a: Darkrai|Nasty Plot|p1a: Darkrai
|-boost|p1a: Darkrai|spa|2
|move|p2a: Chesnaught|Body Press|p1a: Darkrai
|-immune|p1a: Darkrai
|
|upkeep
|turn|23
|
|t:|1757908601
|move|p1a: Darkrai|Ice Beam|p2a: Chesnaught
|-supereffective|p2a: Chesnaught
|-damage|p2a: Chesnaught|0 fnt
|faint|p2a: Chesnaught
|
|-sideend|p1: rod jaeger22|Reflect
|upkeep
|
|t:|1757908607
|switch|p2a: Dragapult|Dragapult, F|100/100
|turn|24
|
|t:|1757908611
|switch|p1a: Serperior|Serperior, M|100/100
|move|p2a: Dragapult|U-turn|p1a: Serperior
|-supereffective|p1a: Serperior
|-damage|p1a: Serperior|11/100
|
|t:|1757908615
|switch|p2a: Moltres|Moltres|100/100 par|[from] U-turn
|
|-heal|p1a: Serperior|17/100|[from] item: Leftovers
|-sideend|p1: rod jaeger22|move: Light Screen
|upkeep
|turn|25
|
|t:|1757908623
|move|p1a: Serperior|Leaf Storm|p2a: Moltres
|-resisted|p2a: Moltres
|-damage|p2a: Moltres|86/100 par
|-boost|p1a: Serperior|spa|2
|move|p2a: Moltres|Fire Blast|p1a: Serperior
|-supereffective|p1a: Serperior
|-damage|p1a: Serperior|0 fnt
|faint|p1a: Serperior
|
|upkeep
|
|t:|1757908629
|switch|p1a: Grimmsnarl|Grimmsnarl, M|38/100 brn
|turn|26
|inactive|mathismathin has 120 seconds left.
|
|t:|1757908662
|move|p1a: Grimmsnarl|Light Screen|p1a: Grimmsnarl
|-sidestart|p1: rod jaeger22|move: Light Screen
|move|p2a: Moltres|Fire Blast|p1a: Grimmsnarl
|-damage|p1a: Grimmsnarl|7/100 brn
|
|-damage|p1a: Grimmsnarl|0 fnt|[from] brn
|faint|p1a: Grimmsnarl
|upkeep
|
|t:|1757908688
|switch|p1a: Darkrai|Darkrai, tera:Ghost|100/100
|turn|27
|inactive|mathismathin has 120 seconds left.
|
|t:|1757908717
|move|p1a: Darkrai|Nasty Plot|p1a: Darkrai
|-boost|p1a: Darkrai|spa|2
|move|p2a: Moltres|Scorching Sands|p1a: Darkrai
|-damage|p1a: Darkrai|84/100
|-status|p1a: Darkrai|brn
|
|-damage|p1a: Darkrai|78/100 brn|[from] brn
|upkeep
|turn|28
|
|t:|1757908725
|move|p1a: Darkrai|Dark Pulse|p2a: Moltres
|-damage|p2a: Moltres|0 fnt
|faint|p2a: Moltres
|
|-damage|p1a: Darkrai|72/100 brn|[from] brn
|upkeep
|inactive|mathismathin has 120 seconds left.
|
|t:|1757908734
|switch|p2a: Dragapult|Dragapult, F|100/100
|turn|29
|
|t:|1757908738
|move|p2a: Dragapult|Dragon Darts|p1a: Darkrai
|-damage|p1a: Darkrai|20/100 brn
|-anim|p2a: Dragapult|Dragon Darts|p1a: Darkrai
|-damage|p1a: Darkrai|0 fnt
|faint|p1a: Darkrai
|
|win|mathismathin
|raw|rod jaeger22's rating: 1318 &rarr; <strong>1306</strong><br />(-12 for losing)
|raw|mathismathin's rating: 1468 &rarr; <strong>1480</strong><br />(+12 for winning)
