|j|☆Brigadi25
|j|☆Railio
|t:|1757807050
|gametype|singles
|player|p1|Brigadi25|bugcatcher-gen4dp|1191
|player|p2|Railio|265|1236
|gen|9
|tier|[Gen 9] OU
|rated|
|rule|HP Percentage Mod: HP is shown in percentages
|rule|Endless Battle Clause: Forcing endless battles is banned
|rule|Species Clause: Limit one of each Pokémon
|rule|OHKO Clause: OHKO moves are banned
|rule|Evasion Items Clause: Evasion items are banned
|rule|Evasion Moves Clause: Evasion moves are banned
|rule|Evasion Abilities Clause: Evasion abilities are banned
|rule|Sleep Moves Clause: Sleep-inducing moves are banned
|clearpoke
|poke|p1|Ribombee, M|
|poke|p1|Ogerpon-Wellspring, F|
|poke|p1|Tornadus-Therian, M|
|poke|p1|Goodra, F|
|poke|p1|Iron Crown|
|poke|p1|Kleavor, F|
|poke|p2|Slowking-Galar, F|
|poke|p2|Kyurem|
|poke|p2|Great Tusk|
|poke|p2|Moltres|
|poke|p2|Ogerpon-Wellspring, F|
|poke|p2|Kingambit, M|
|teampreview
|inactive|Battle timer is ON: inactive players will automatically lose when time's up. (requested by Railio)
|
|t:|1757807078
|teamsize|p1|6
|teamsize|p2|6
|start
|switch|p1a: Ribombee|Ribombee, M|100/100
|switch|p2a: Slowking|Slowking-Galar, F|100/100
|turn|1
|
|t:|1757807107
|move|p1a: Ribombee|Sticky Web|p2a: Slowking
|-sidestart|p2: Railio|move: Sticky Web
|move|p2a: Slowking|Psychic Noise|p1a: Ribombee
|-damage|p1a: Ribombee|54/100
|
|upkeep
|turn|2
|
|t:|1757807122
|move|p1a: Ribombee|U-turn|p2a: Slowking
|-damage|p2a: Slowking|87/100
|
|t:|1757807125
|switch|p1a: Tornadus|Tornadus-Therian, M|100/100|[from] U-turn
|move|p2a: Slowking|Future Sight|p1a: Tornadus
|-start|p2a: Slowking|move: Future Sight
|
|-heal|p2a: Slowking|93/100|[from] item: Leftovers
|upkeep
|turn|3
|
|t:|1757807132
|move|p1a: Tornadus|Taunt|p2a: Slowking
|-start|p2a: Slowking|move: Taunt
|cant|p2a: Slowking|move: Taunt|Toxic
|
|-heal|p2a: Slowking|99/100|[from] item: Leftovers
|upkeep
|turn|4
|
|t:|1757807145
|switch|p2a: Kingambit|Kingambit, M|100/100
|-activate|p2a: Kingambit|move: Sticky Web
|-unboost|p2a: Kingambit|spe|1
|move|p1a: Tornadus|U-turn|p2a: Kingambit
|-damage|p2a: Kingambit|90/100
|
|t:|1757807154
|switch|p1a: Kleavor|Kleavor, F|100/100|[from] U-turn
|
|-end|p1a: Kleavor|move: Future Sight
|-damage|p1a: Kleavor|23/100
|upkeep
|turn|5
|
|t:|1757807166
|switch|p1a: Ribombee|Ribombee, M|54/100
|move|p2a: Kingambit|Sucker Punch||[still]
|-fail|p2a: Kingambit
|
|upkeep
|turn|6
|
|t:|1757807173
|move|p1a: Ribombee|Stun Spore|p2a: Kingambit
|-status|p2a: Kingambit|par
|move|p2a: Kingambit|Iron Head|p1a: Ribombee
|-supereffective|p1a: Ribombee
|-damage|p1a: Ribombee|0 fnt
|faint|p1a: Ribombee
|
|upkeep
|
|t:|1757807186
|switch|p1a: Ogerpon|Ogerpon-Wellspring, F|100/100
|turn|7
|
|t:|1757807198
|move|p1a: Ogerpon|Encore|p2a: Kingambit
|-start|p2a: Kingambit|Encore
|cant|p2a: Kingambit|par
|
|upkeep
|turn|8
|
|t:|1757807210
|-end|p2a: Kingambit|fallenundefined|[silent]
|switch|p2a: Ogerpon|Ogerpon-Wellspring, F|100/100
|-activate|p2a: Ogerpon|move: Sticky Web
|-unboost|p2a: Ogerpon|spe|1
|move|p1a: Ogerpon|Swords Dance|p1a: Ogerpon
|-boost|p1a: Ogerpon|atk|2
|
|upkeep
|turn|9
|
|t:|1757807218
|switch|p2a: Moltres|Moltres|100/100
|move|p1a: Ogerpon|Knock Off|p2a: Moltres
|-damage|p2a: Moltres|48/100
|-enditem|p2a: Moltres|Heavy-Duty Boots|[from] move: Knock Off|[of] p1a: Ogerpon
|
|upkeep
|turn|10
|
|t:|1757807225
|move|p1a: Ogerpon|Ivy Cudgel|p2a: Moltres|[anim] Ivy Cudgel Water
|-supereffective|p2a: Moltres
|-damage|p2a: Moltres|0 fnt
|faint|p2a: Moltres
|
|upkeep
|-message|Railio forfeited.
|
|win|Brigadi25
|raw|Brigadi25's rating: 1191 &rarr; <strong>1219</strong><br />(+28 for winning)
|raw|Railio's rating: 1236 &rarr; <strong>1208</strong><br />(-28 for losing)
|l|☆Railio
|player|p2|
