|j|☆dilike
|j|‽Axj5869
|t:|1757824656
|gametype|singles
|player|p1|dilike|pokekid|1355
|player|p2|Axj5869|170|1316
|gen|9
|tier|[Gen 9] OU
|rated|
|rule|HP Percentage Mod: HP is shown in percentages
|rule|Endless Battle Clause: Forcing endless battles is banned
|rule|Species Clause: Limit one of each Pokémon
|rule|OHKO Clause: OHKO moves are banned
|rule|Evasion Items Clause: Evasion items are banned
|rule|Evasion Moves Clause: Evasion moves are banned
|rule|Evasion Abilities Clause: Evasion abilities are banned
|rule|Sleep Moves Clause: Sleep-inducing moves are banned
|clearpoke
|poke|p1|Alomomola, F|
|poke|p1|Cinderace, F|
|poke|p1|Iron Valiant|
|poke|p1|Slowking-Galar, M|
|poke|p1|Landorus-Therian, M|
|poke|p1|Chesnaught, M|
|poke|p2|Glimmora, M|
|poke|p2|Corviknight, M|
|poke|p2|Ninetales-Alola, F|
|poke|p2|Iron Hands|
|poke|p2|Slither Wing|
|poke|p2|Darkrai|
|teampreview
|inactive|Battle timer is ON: inactive players will automatically lose when time's up. (requested by dilike)
|
|t:|1757824666
|teamsize|p1|6
|teamsize|p2|6
|start
|switch|p1a: Landorus|Landorus-Therian, M|100/100
|switch|p2a: Slither Wing|Slither Wing|100/100
|-ability|p1a: Landorus|Intimidate|boost
|-unboost|p2a: Slither Wing|atk|1
|-enditem|p2a: Slither Wing|Booster Energy
|-activate|p2a: Slither Wing|ability: Protosynthesis|[fromitem]
|-start|p2a: Slither Wing|protosynthesisspe
|turn|1
|
|t:|1757824674
|-terastallize|p1a: Landorus|Flying
|move|p1a: Landorus|Tera Blast|p2a: Slither Wing|[anim] Tera Blast Flying
|-supereffective|p2a: Slither Wing
|-damage|p2a: Slither Wing|0 fnt
|faint|p2a: Slither Wing
|-end|p2a: Slither Wing|Protosynthesis|[silent]
|
|upkeep
|
|t:|1757824679
|switch|p2a: Glimmora|Glimmora, M|100/100
|turn|2
|
|t:|1757824685
|switch|p1a: Slowking|Slowking-Galar, M|100/100
|move|p2a: Glimmora|Meteor Beam||[still]
|-prepare|p2a: Glimmora|Meteor Beam
|-boost|p2a: Glimmora|spa|1
|-enditem|p2a: Glimmora|Power Herb
|-anim|p2a: Glimmora|Meteor Beam|p1a: Slowking
|-damage|p1a: Slowking|49/100
|
|upkeep
|turn|3
|
|t:|1757824694
|move|p2a: Glimmora|Stealth Rock|p1a: Slowking
|-sidestart|p1: dilike|move: Stealth Rock
|move|p1a: Slowking|Future Sight|p2a: Glimmora
|-start|p1a: Slowking|move: Future Sight
|
|upkeep
|turn|4
|
|t:|1757824700
|switch|p2a: Darkrai|Darkrai|100/100
|-prepare|p1a: Slowking|Chilly Reception|[premajor]
|move|p1a: Slowking|Chilly Reception|p1a: Slowking
|-weather|Snowscape
|
|t:|1757824706
|switch|p1a: Iron Valiant|Iron Valiant, shiny|100/100|[from] Chilly Reception
|-damage|p1a: Iron Valiant|94/100|[from] Stealth Rock
|-enditem|p1a: Iron Valiant|Booster Energy
|-activate|p1a: Iron Valiant|ability: Quark Drive|[fromitem]
|-start|p1a: Iron Valiant|quarkdrivespe
|
|-weather|Snowscape|[upkeep]
|upkeep
|turn|5
|
|t:|1757824717
|-terastallize|p2a: Darkrai|Ghost
|move|p1a: Iron Valiant|Close Combat|p2a: Darkrai
|-immune|p2a: Darkrai
|move|p2a: Darkrai|Sludge Bomb|p1a: Iron Valiant
|-supereffective|p1a: Iron Valiant
|-damage|p1a: Iron Valiant|0 fnt
|faint|p1a: Iron Valiant
|-end|p1a: Iron Valiant|Quark Drive|[silent]
|
|-weather|Snowscape|[upkeep]
|-end|p2a: Darkrai|move: Future Sight
|-damage|p2a: Darkrai|40/100
|upkeep
|
|t:|1757824728
|switch|p1a: Landorus|Landorus-Therian, M, tera:Flying|100/100
|-damage|p1a: Landorus|76/100|[from] Stealth Rock
|-ability|p1a: Landorus|Intimidate|boost
|-unboost|p2a: Darkrai|atk|1
|turn|6
|
|t:|1757824731
|move|p1a: Landorus|Earthquake|p2a: Darkrai
|-damage|p2a: Darkrai|0 fnt
|faint|p2a: Darkrai
|
|-weather|Snowscape|[upkeep]
|upkeep
|
|t:|1757824740
|switch|p2a: Ninetales|Ninetales-Alola, F|100/100
|turn|7
|
|t:|1757824744
|switch|p1a: Cinderace|Cinderace, F|100/100
|move|p2a: Ninetales|Aurora Veil|p2a: Ninetales
|-sidestart|p2: Axj5869|move: Aurora Veil
|
|-weather|Snowscape|[upkeep]
|upkeep
|turn|8
|
|t:|1757824753
|switch|p2a: Corviknight|Corviknight, M|100/100
|move|p1a: Cinderace|Court Change|p1a: Cinderace
|-start|p1a: Cinderace|typechange|Normal|[from] ability: Libero
|-swapsideconditions
|-activate|p1a: Cinderace|move: Court Change
|
|-weather|none
|upkeep
|turn|9
|
|t:|1757824758
|move|p1a: Cinderace|Pyro Ball|p2a: Corviknight|[miss]
|-miss|p1a: Cinderace|p2a: Corviknight
|move|p2a: Corviknight|Defog|p1a: Cinderace
|-unboost|p1a: Cinderace|evasion|1
|-sideend|p1: dilike|move: Aurora Veil
|-sideend|p2: Axj5869|Stealth Rock|[from] move: Defog|[of] p2a: Corviknight
|
|upkeep
|turn|10
|
|t:|1757824765
|switch|p2a: Glimmora|Glimmora, M|100/100
|move|p1a: Cinderace|U-turn|p2a: Glimmora
|-resisted|p2a: Glimmora
|-damage|p2a: Glimmora|87/100
|-activate|p2a: Glimmora|ability: Toxic Debris
|-sidestart|p1: dilike|move: Toxic Spikes
|
|t:|1757824777
|switch|p1a: Slowking|Slowking-Galar, M|82/100|[from] U-turn
|-sideend|p1: dilike|move: Toxic Spikes|[of] p1a: Slowking
|
|upkeep
|turn|11
|
|t:|1757824782
|move|p2a: Glimmora|Stealth Rock|p1a: Slowking
|-sidestart|p1: dilike|move: Stealth Rock
|move|p1a: Slowking|Future Sight|p2a: Glimmora
|-start|p1a: Slowking|move: Future Sight
|
|upkeep
|turn|12
|
|t:|1757824792
|switch|p2a: Corviknight|Corviknight, M|100/100
|move|p1a: Slowking|Flamethrower|p2a: Corviknight
|-supereffective|p2a: Corviknight
|-damage|p2a: Corviknight|70/100
|
|upkeep
|turn|13
|
|t:|1757824798
|move|p2a: Corviknight|Roost|p2a: Corviknight
|-heal|p2a: Corviknight|100/100
|-singleturn|p2a: Corviknight|move: Roost
|move|p1a: Slowking|Flamethrower|p2a: Corviknight
|-supereffective|p2a: Corviknight
|-damage|p2a: Corviknight|71/100
|
|-end|p2a: Corviknight|move: Future Sight
|-resisted|p2a: Corviknight
|-damage|p2a: Corviknight|55/100
|upkeep
|turn|14
|
|t:|1757824806
|move|p2a: Corviknight|Roost|p2a: Corviknight
|-heal|p2a: Corviknight|100/100
|-singleturn|p2a: Corviknight|move: Roost
|-prepare|p1a: Slowking|Chilly Reception|[premajor]
|move|p1a: Slowking|Chilly Reception|p1a: Slowking
|-weather|Snowscape
|
|t:|1757824809
|switch|p1a: Cinderace|Cinderace, F|100/100|[from] Chilly Reception
|
|-weather|Snowscape|[upkeep]
|upkeep
|turn|15
|
|t:|1757824819
|move|p1a: Cinderace|Pyro Ball|p2a: Corviknight
|-supereffective|p2a: Corviknight
|-damage|p2a: Corviknight|11/100
|move|p2a: Corviknight|Brave Bird|p1a: Cinderace
|-damage|p1a: Cinderace|48/100
|-damage|p2a: Corviknight|0 fnt|[from] Recoil
|faint|p2a: Corviknight
|
|-weather|Snowscape|[upkeep]
|upkeep
|
|t:|1757824828
|switch|p2a: Glimmora|Glimmora, M|87/100
|turn|16
|
|t:|1757824831
|move|p1a: Cinderace|U-turn|p2a: Glimmora
|-start|p1a: Cinderace|typechange|Bug|[from] ability: Libero
|-resisted|p2a: Glimmora
|-damage|p2a: Glimmora|65/100
|-activate|p2a: Glimmora|ability: Toxic Debris
|-sidestart|p1: dilike|move: Toxic Spikes
|
|t:|1757824837
|switch|p1a: Slowking|Slowking-Galar, M|100/100|[from] U-turn
|-sideend|p1: dilike|move: Toxic Spikes|[of] p1a: Slowking
|move|p2a: Glimmora|Meteor Beam||[still]
|-prepare|p2a: Glimmora|Meteor Beam
|-boost|p2a: Glimmora|spa|1
|
|-weather|Snowscape|[upkeep]
|upkeep
|turn|17
|
|t:|1757824851
|move|p2a: Glimmora|Meteor Beam|p1a: Slowking|[from] lockedmove
|-damage|p1a: Slowking|42/100
|move|p1a: Slowking|Future Sight|p2a: Glimmora
|-start|p1a: Slowking|move: Future Sight
|
|-weather|Snowscape|[upkeep]
|upkeep
|turn|18
|
|t:|1757824857
|switch|p1a: Alomomola|Alomomola, F|100/100
|-damage|p1a: Alomomola|88/100|[from] Stealth Rock
|move|p2a: Glimmora|Meteor Beam||[still]
|-prepare|p2a: Glimmora|Meteor Beam
|-boost|p2a: Glimmora|spa|1
|
|-weather|none
|upkeep
|turn|19
|
|t:|1757824863
|move|p2a: Glimmora|Meteor Beam|p1a: Alomomola|[from] lockedmove
|-damage|p1a: Alomomola|32/100
|move|p1a: Alomomola|Mirror Coat|p2a: Glimmora
|-damage|p2a: Glimmora|0 fnt
|faint|p2a: Glimmora
|
|-hint|Future Sight did not hit because the target is fainted.
|upkeep
|
|t:|1757824873
|switch|p2a: Iron Hands|Iron Hands|100/100
|turn|20
|
|t:|1757824878
|move|p2a: Iron Hands|Swords Dance|p2a: Iron Hands
|-boost|p2a: Iron Hands|atk|2
|move|p1a: Alomomola|Flip Turn|p2a: Iron Hands
|-damage|p2a: Iron Hands|89/100
|
|t:|1757824884
|switch|p1a: Landorus|Landorus-Therian, M, tera:Flying|76/100|[from] Flip Turn
|-damage|p1a: Landorus|51/100|[from] Stealth Rock
|-ability|p1a: Landorus|Intimidate|boost
|-unboost|p2a: Iron Hands|atk|1
|
|upkeep
|turn|21
|
|t:|1757824889
|move|p1a: Landorus|Earthquake|p2a: Iron Hands
|-supereffective|p2a: Iron Hands
|-damage|p2a: Iron Hands|21/100
|move|p2a: Iron Hands|Thunder Punch|p1a: Landorus
|-supereffective|p1a: Landorus
|-damage|p1a: Landorus|0 fnt
|faint|p1a: Landorus
|
|upkeep
|
|t:|1757824895
|switch|p1a: Chesnaught|Chesnaught, M|100/100
|-damage|p1a: Chesnaught|94/100|[from] Stealth Rock
|turn|22
|
|t:|1757824899
|move|p1a: Chesnaught|Leech Seed|p2a: Iron Hands
|-start|p2a: Iron Hands|move: Leech Seed
|move|p2a: Iron Hands|Ice Punch|p1a: Chesnaught
|-supereffective|p1a: Chesnaught
|-damage|p1a: Chesnaught|35/100
|
|-damage|p2a: Iron Hands|9/100|[from] Leech Seed|[of] p1a: Chesnaught
|-heal|p1a: Chesnaught|52/100|[silent]
|upkeep
|turn|23
|
|t:|1757824907
|move|p1a: Chesnaught|Synthesis|p1a: Chesnaught
|-heal|p1a: Chesnaught|100/100
|move|p2a: Iron Hands|Ice Punch|p1a: Chesnaught
|-supereffective|p1a: Chesnaught
|-damage|p1a: Chesnaught|44/100
|-status|p1a: Chesnaught|frz
|
|-damage|p2a: Iron Hands|0 fnt|[from] Leech Seed|[of] p1a: Chesnaught
|-heal|p1a: Chesnaught|55/100 frz|[silent]
|faint|p2a: Iron Hands
|-end|p2a: Iron Hands|Quark Drive|[silent]
|upkeep
|
|t:|1757824909
|switch|p2a: Ninetales|Ninetales-Alola, F|100/100
|-weather|Snowscape|[from] ability: Snow Warning|[of] p2a: Ninetales
|turn|24
|
|t:|1757824916
|move|p2a: Ninetales|Moonblast|p1a: Chesnaught
|-supereffective|p1a: Chesnaught
|-damage|p1a: Chesnaught|0 fnt
|faint|p1a: Chesnaught
|
|-weather|Snowscape|[upkeep]
|upkeep
|
|t:|1757824919
|switch|p1a: Cinderace|Cinderace, F|48/100
|turn|25
|
|t:|1757824928
|move|p1a: Cinderace|Pyro Ball|p2a: Ninetales
|-supereffective|p2a: Ninetales
|-damage|p2a: Ninetales|0 fnt
|faint|p2a: Ninetales
|
|win|dilike
|raw|dilike's rating: 1355 &rarr; <strong>1373</strong><br />(+18 for winning)
|raw|Axj5869's rating: 1316 &rarr; <strong>1298</strong><br />(-18 for losing)
|l|‽Axj5869
|player|p2|
|l|☆dilike
|player|p1|
