|j|☆cchang21
|j|☆Ma Nature
|t:|1757836980
|gametype|singles
|player|p1|cchang21|emmet|1207
|player|p2|Ma Nature|pokemonbreederf-gen4|1211
|gen|9
|tier|[Gen 9] OU
|rated|
|rule|HP Percentage Mod: HP is shown in percentages
|rule|Endless Battle Clause: Forcing endless battles is banned
|rule|Species Clause: Limit one of each Pokémon
|rule|OHKO Clause: OHKO moves are banned
|rule|Evasion Items Clause: Evasion items are banned
|rule|Evasion Moves Clause: Evasion moves are banned
|rule|Evasion Abilities Clause: Evasion abilities are banned
|rule|Sleep Moves Clause: Sleep-inducing moves are banned
|clearpoke
|poke|p1|Ribombee, M|
|poke|p1|Kingambit, M|
|poke|p1|Weavile, F|
|poke|p1|Manaphy|
|poke|p1|Gholdengo|
|poke|p1|Dragapult, F|
|poke|p2|Scizor, F|
|poke|p2|Zapdos|
|poke|p2|Crawdaunt, M|
|poke|p2|Arboliva, M|
|poke|p2|Politoed, F|
|poke|p2|Forretress, F|
|teampreview
|inactive|Battle timer is ON: inactive players will automatically lose when time's up. (requested by Ma Nature)
|inactive|cchang21 also wants the timer to be on.
|
|t:|1757836997
|teamsize|p1|6
|teamsize|p2|6
|start
|switch|p1a: Ribombee|Ribombee, M|100/100
|switch|p2a: Politoed|Politoed, F|100/100
|-weather|RainDance|[from] ability: Drizzle|[of] p2a: Politoed
|turn|1
|
|t:|1757837009
|move|p1a: Ribombee|Sticky Web|p2a: Politoed
|-sidestart|p2: Ma Nature|move: Sticky Web
|move|p2a: Politoed|Weather Ball|p1a: Ribombee
|-enditem|p1a: Ribombee|Focus Sash
|-damage|p1a: Ribombee|1/100
|
|-weather|RainDance|[upkeep]
|upkeep
|turn|2
|
|t:|1757837018
|switch|p2a: Forretress|Forretress, F|100/100
|-activate|p2a: Forretress|move: Sticky Web
|-unboost|p2a: Forretress|spe|1
|move|p1a: Ribombee|Stun Spore|p2a: Forretress
|-status|p2a: Forretress|par
|
|-weather|RainDance|[upkeep]
|upkeep
|turn|3
|
|t:|1757837030
|move|p1a: Ribombee|Moonblast|p2a: Forretress
|-resisted|p2a: Forretress
|-damage|p2a: Forretress|71/100 par
|cant|p2a: Forretress|par
|
|-weather|RainDance|[upkeep]
|upkeep
|turn|4
|
|t:|1757837034
|move|p1a: Ribombee|Moonblast|p2a: Forretress
|-resisted|p2a: Forretress
|-damage|p2a: Forretress|41/100 par
|move|p2a: Forretress|Rapid Spin|p1a: Ribombee
|-damage|p1a: Ribombee|0 fnt
|-boost|p2a: Forretress|spe|1
|-sideend|p2: Ma Nature|Sticky Web|[from] move: Rapid Spin|[of] p2a: Forretress
|faint|p1a: Ribombee
|
|-weather|RainDance|[upkeep]
|upkeep
|
|t:|1757837043
|switch|p1a: Dragapult|Dragapult, F|100/100
|turn|5
|
|t:|1757837049
|move|p1a: Dragapult|Fire Blast|p2a: Forretress
|-supereffective|p2a: Forretress
|-damage|p2a: Forretress|0 fnt
|faint|p2a: Forretress
|-damage|p1a: Dragapult|91/100|[from] item: Life Orb
|
|-weather|RainDance|[upkeep]
|upkeep
|
|t:|1757837070
|switch|p2a: Arboliva|Arboliva, M|100/100
|turn|6
|
|t:|1757837075
|move|p1a: Dragapult|Fire Blast|p2a: Arboliva
|-supereffective|p2a: Arboliva
|-damage|p2a: Arboliva|67/100
|-fieldstart|move: Grassy Terrain|[from] ability: Seed Sower|[of] p2a: Arboliva
|-enditem|p2a: Arboliva|Grassy Seed
|-boost|p2a: Arboliva|def|1|[from] item: Grassy Seed
|-damage|p1a: Dragapult|81/100|[from] item: Life Orb
|move|p2a: Arboliva|Alluring Voice|p1a: Dragapult
|-supereffective|p1a: Dragapult
|-damage|p1a: Dragapult|0 fnt
|faint|p1a: Dragapult
|
|-weather|RainDance|[upkeep]
|-heal|p2a: Arboliva|73/100|[from] Grassy Terrain
|upkeep
|
|t:|1757837089
|switch|p1a: Gholdengo|Gholdengo|100/100
|-item|p1a: Gholdengo|Air Balloon
|turn|7
|
|t:|1757837099
|move|p1a: Gholdengo|Focus Blast|p2a: Arboliva
|-supereffective|p2a: Arboliva
|-damage|p2a: Arboliva|0 fnt
|faint|p2a: Arboliva
|
|-weather|RainDance|[upkeep]
|upkeep
|
|t:|1757837116
|switch|p2a: Crawdaunt|Crawdaunt, M|100/100
|turn|8
|
|t:|1757837122
|-terastallize|p2a: Crawdaunt|Water
|move|p2a: Crawdaunt|Aqua Jet|p1a: Gholdengo
|-damage|p1a: Gholdengo|39/100
|-enditem|p1a: Gholdengo|Air Balloon
|move|p1a: Gholdengo|Focus Blast|p2a: Crawdaunt
|-crit|p2a: Crawdaunt
|-damage|p2a: Crawdaunt|0 fnt
|faint|p2a: Crawdaunt
|
|-weather|none
|-heal|p1a: Gholdengo|45/100|[from] Grassy Terrain
|upkeep
|
|t:|1757837138
|switch|p2a: Politoed|Politoed, F|100/100
|-weather|RainDance|[from] ability: Drizzle|[of] p2a: Politoed
|turn|9
|
|t:|1757837145
|move|p1a: Gholdengo|Shadow Ball|p2a: Politoed
|-damage|p2a: Politoed|62/100
|move|p2a: Politoed|Weather Ball|p1a: Gholdengo
|-damage|p1a: Gholdengo|0 fnt
|faint|p1a: Gholdengo
|
|-weather|RainDance|[upkeep]
|-heal|p2a: Politoed|68/100|[from] Grassy Terrain
|upkeep
|
|t:|1757837151
|switch|p1a: Manaphy|Manaphy|100/100
|turn|10
|
|t:|1757837162
|move|p1a: Manaphy|Tail Glow|p1a: Manaphy
|-boost|p1a: Manaphy|spa|3
|move|p2a: Politoed|Encore|p1a: Manaphy
|-start|p1a: Manaphy|Encore
|
|-weather|RainDance|[upkeep]
|-heal|p2a: Politoed|74/100|[from] Grassy Terrain
|-fieldend|move: Grassy Terrain
|upkeep
|turn|11
|
|t:|1757837171
|switch|p2a: Zapdos|Zapdos|100/100
|move|p1a: Manaphy|Tail Glow|p1a: Manaphy
|-boost|p1a: Manaphy|spa|3
|
|-weather|RainDance|[upkeep]
|upkeep
|turn|12
|
|t:|1757837185
|move|p2a: Zapdos|Thunder|p1a: Manaphy
|-supereffective|p1a: Manaphy
|-crit|p1a: Manaphy
|-damage|p1a: Manaphy|0 fnt
|faint|p1a: Manaphy
|
|-weather|RainDance|[upkeep]
|upkeep
|
|t:|1757837187
|switch|p1a: Weavile|Weavile, F|100/100
|-ability|p1a: Weavile|Pressure
|turn|13
|
|t:|1757837201
|switch|p2a: Scizor|Scizor, F|100/100
|move|p1a: Weavile|Swords Dance|p1a: Weavile
|-boost|p1a: Weavile|atk|2
|
|-weather|RainDance|[upkeep]
|upkeep
|turn|14
|inactive|cchang21 has 120 seconds left.
|
|t:|1757837246
|move|p1a: Weavile|Ice Shard|p2a: Scizor
|-resisted|p2a: Scizor
|-damage|p2a: Scizor|84/100
|move|p2a: Scizor|Bullet Punch|p1a: Weavile
|-supereffective|p1a: Weavile
|-damage|p1a: Weavile|4/100
|
|-weather|RainDance|[upkeep]
|upkeep
|turn|15
|
|t:|1757837260
|move|p1a: Weavile|Ice Shard|p2a: Scizor
|-resisted|p2a: Scizor
|-damage|p2a: Scizor|67/100
|move|p2a: Scizor|Bullet Punch|p1a: Weavile
|-supereffective|p1a: Weavile
|-damage|p1a: Weavile|0 fnt
|faint|p1a: Weavile
|
|-weather|RainDance|[upkeep]
|upkeep
|inactive|cchang21 has 120 seconds left.
|
|t:|1757837267
|switch|p1a: Kingambit|Kingambit, M|100/100
|-activate|p1a: Kingambit|ability: Supreme Overlord
|-start|p1a: Kingambit|fallen5|[silent]
|turn|16
|
|t:|1757837272
|move|p1a: Kingambit|Swords Dance|p1a: Kingambit
|-boost|p1a: Kingambit|atk|2
|move|p2a: Scizor|Swords Dance|p2a: Scizor
|-boost|p2a: Scizor|atk|2
|
|-weather|none
|upkeep
|turn|17
|
|t:|1757837287
|-terastallize|p1a: Kingambit|Dark
|move|p1a: Kingambit|Sucker Punch|p2a: Scizor
|-damage|p2a: Scizor|0 fnt
|faint|p2a: Scizor
|
|upkeep
|
|t:|1757837297
|switch|p2a: Politoed|Politoed, F|74/100
|-weather|RainDance|[from] ability: Drizzle|[of] p2a: Politoed
|turn|18
|
|t:|1757837304
|move|p1a: Kingambit|Kowtow Cleave|p2a: Politoed
|-damage|p2a: Politoed|0 fnt
|faint|p2a: Politoed
|
|-weather|RainDance|[upkeep]
|upkeep
|
|t:|1757837307
|switch|p2a: Zapdos|Zapdos|100/100
|turn|19
|
|t:|1757837332
|move|p2a: Zapdos|Thunder|p1a: Kingambit
|-damage|p1a: Kingambit|32/100
|move|p1a: Kingambit|Kowtow Cleave|p2a: Zapdos
|-damage|p2a: Zapdos|0 fnt
|faint|p2a: Zapdos
|
|win|cchang21
|raw|cchang21's rating: 1207 &rarr; <strong>1232</strong><br />(+25 for winning)
|raw|Ma Nature's rating: 1211 &rarr; <strong>1186</strong><br />(-25 for losing)
|l|☆cchang21
|player|p1|
|c|☆Ma Nature|Gg
|l|☆Ma Nature
|player|p2|
