|j|☆mansonabuluting
|j|☆lzc123456
|t:|1757917937
|gametype|singles
|player|p1|mansonabuluting|bellelba|1634
|player|p2|lzc123456|cynthia-gen4|1685
|gen|9
|tier|[Gen 9] OU
|rated|
|rule|HP Percentage Mod: HP is shown in percentages
|rule|Endless Battle Clause: Forcing endless battles is banned
|rule|Species Clause: Limit one of each Pokémon
|rule|OHKO Clause: OHKO moves are banned
|rule|Evasion Items Clause: Evasion items are banned
|rule|Evasion Moves Clause: Evasion moves are banned
|rule|Evasion Abilities Clause: Evasion abilities are banned
|rule|Sleep Moves Clause: Sleep-inducing moves are banned
|clearpoke
|poke|p1|Rillaboom, F|
|poke|p1|Hawlucha, F|
|poke|p1|Thundurus-Therian, M|
|poke|p1|Great Tusk|
|poke|p1|Volcanion|
|poke|p1|Goodra-Hisui, M|
|poke|p2|Alomomola, F|
|poke|p2|Serperior, F|
|poke|p2|Garchomp, M|
|poke|p2|Iron Treads|
|poke|p2|Pelipper, M|
|poke|p2|Zamazenta-*|
|teampreview
|inactive|Battle timer is ON: inactive players will automatically lose when time's up. (requested by lzc123456)
|
|t:|1757917944
|teamsize|p1|6
|teamsize|p2|6
|start
|switch|p1a: Rillaboom|Rillaboom, F|100/100
|switch|p2a: 小铁|Iron Treads|100/100
|-fieldstart|move: Grassy Terrain|[from] ability: Grassy Surge|[of] p1a: Rillaboom
|turn|1
|
|t:|1757917962
|move|p2a: 小铁|Knock Off|p1a: Rillaboom
|-damage|p1a: Rillaboom|77/100
|-enditem|p1a: Rillaboom|Choice Band|[from] move: Knock Off|[of] p2a: 小铁
|move|p1a: Rillaboom|Wood Hammer|p2a: 小铁
|-damage|p2a: 小铁|32/100
|-damage|p1a: Rillaboom|56/100|[from] Recoil
|
|-heal|p2a: 小铁|38/100|[from] Grassy Terrain
|-heal|p1a: Rillaboom|62/100|[from] Grassy Terrain
|upkeep
|turn|2
|
|t:|1757917971
|-end|p2a: 小铁|Quark Drive|[silent]
|switch|p2a: 减10大王|Garchomp, M, shiny|100/100
|move|p1a: Rillaboom|Grassy Glide|p2a: 减10大王
|-damage|p2a: 减10大王|74/100
|-damage|p1a: Rillaboom|49/100|[from] ability: Rough Skin|[of] p2a: 减10大王
|-damage|p1a: Rillaboom|33/100|[from] item: Rocky Helmet|[of] p2a: 减10大王
|
|-heal|p2a: 减10大王|80/100|[from] Grassy Terrain
|-heal|p1a: Rillaboom|39/100|[from] Grassy Terrain
|upkeep
|turn|3
|
|t:|1757917982
|switch|p1a: Great Tusk|Great Tusk|100/100
|move|p2a: 减10大王|Stealth Rock|p1a: Great Tusk
|-sidestart|p1: mansonabuluting|move: Stealth Rock
|
|-heal|p2a: 减10大王|86/100|[from] Grassy Terrain
|upkeep
|turn|4
|
|t:|1757917994
|move|p2a: 减10大王|Earthquake|p1a: Great Tusk
|-damage|p1a: Great Tusk|90/100
|move|p1a: Great Tusk|Rapid Spin|p2a: 减10大王
|-damage|p2a: 减10大王|77/100
|-boost|p1a: Great Tusk|spe|1
|-damage|p1a: Great Tusk|77/100|[from] ability: Rough Skin|[of] p2a: 减10大王
|-damage|p1a: Great Tusk|61/100|[from] item: Rocky Helmet|[of] p2a: 减10大王
|-sideend|p1: mansonabuluting|Stealth Rock|[from] move: Rapid Spin|[of] p1a: Great Tusk
|
|-heal|p1a: Great Tusk|67/100|[from] Grassy Terrain
|-heal|p2a: 减10大王|83/100|[from] Grassy Terrain
|upkeep
|turn|5
|
|t:|1757918000
|switch|p2a: 盖鸥卡|Pelipper, M, shiny|100/100
|-weather|RainDance|[from] ability: Drizzle|[of] p2a: 盖鸥卡
|move|p1a: Great Tusk|Stealth Rock|p2a: 盖鸥卡
|-sidestart|p2: lzc123456|move: Stealth Rock
|
|-weather|RainDance|[upkeep]
|-heal|p1a: Great Tusk|73/100|[from] Grassy Terrain
|-fieldend|move: Grassy Terrain
|upkeep
|turn|6
|
|t:|1757918005
|-end|p1a: Great Tusk|Protosynthesis|[silent]
|switch|p1a: Volcanion|Volcanion|100/100
|move|p2a: 盖鸥卡|Hurricane|p1a: Volcanion
|-damage|p1a: Volcanion|17/100
|
|-weather|RainDance|[upkeep]
|upkeep
|turn|7
|
|t:|1757918009
|move|p2a: 盖鸥卡|Hurricane|p1a: Volcanion
|-damage|p1a: Volcanion|0 fnt
|faint|p1a: Volcanion
|
|-weather|RainDance|[upkeep]
|upkeep
|
|t:|1757918013
|switch|p1a: Thundurus|Thundurus-Therian, M|100/100
|turn|8
|
|t:|1757918018
|switch|p2a: 小铁|Iron Treads|38/100
|-damage|p2a: 小铁|35/100|[from] Stealth Rock
|-terastallize|p1a: Thundurus|Flying
|move|p1a: Thundurus|Tera Blast|p2a: 小铁|[anim] Tera Blast Flying
|-resisted|p2a: 小铁
|-damage|p2a: 小铁|19/100
|
|-weather|RainDance|[upkeep]
|upkeep
|turn|9
|
|t:|1757918025
|move|p1a: Thundurus|Tera Blast|p2a: 小铁|[anim] Tera Blast Flying
|-resisted|p2a: 小铁
|-damage|p2a: 小铁|0 fnt
|faint|p2a: 小铁
|-end|p2a: 小铁|Quark Drive|[silent]
|
|-weather|none
|upkeep
|
|t:|1757918030
|switch|p2a: 脏活累活|Alomomola, F|100/100
|-damage|p2a: 脏活累活|88/100|[from] Stealth Rock
|turn|10
|
|t:|1757918036
|switch|p1a: Goodra|Goodra-Hisui, M|100/100
|move|p2a: 脏活累活|Flip Turn|p1a: Goodra
|-resisted|p1a: Goodra
|-damage|p1a: Goodra|93/100
|-ability|p1a: Goodra|Gooey
|-unboost|p2a: 脏活累活|spe|1
|
|t:|1757918042
|switch|p2a: 盖鸥卡|Pelipper, M, shiny|100/100|[from] Flip Turn
|-damage|p2a: 盖鸥卡|76/100|[from] Stealth Rock
|-weather|RainDance|[from] ability: Drizzle|[of] p2a: 盖鸥卡
|
|-weather|RainDance|[upkeep]
|upkeep
|turn|11
|
|t:|1757918049
|move|p2a: 盖鸥卡|Weather Ball|p1a: Goodra
|-resisted|p1a: Goodra
|-damage|p1a: Goodra|70/100
|move|p1a: Goodra|Draco Meteor|p2a: 盖鸥卡
|-damage|p2a: 盖鸥卡|0 fnt
|-unboost|p1a: Goodra|spa|2
|faint|p2a: 盖鸥卡
|
|-weather|RainDance|[upkeep]
|upkeep
|
|t:|1757918053
|switch|p2a: 盾盾小狗|Zamazenta|100/100
|-damage|p2a: 盾盾小狗|94/100|[from] Stealth Rock
|-ability|p2a: 盾盾小狗|Dauntless Shield|boost
|-boost|p2a: 盾盾小狗|def|1
|turn|12
|
|t:|1757918083
|switch|p1a: Great Tusk|Great Tusk|73/100
|move|p2a: 盾盾小狗|Close Combat|p1a: Great Tusk
|-damage|p1a: Great Tusk|35/100
|-unboost|p2a: 盾盾小狗|def|1
|-unboost|p2a: 盾盾小狗|spd|1
|-damage|p2a: 盾盾小狗|78/100|[from] item: Rocky Helmet|[of] p1a: Great Tusk
|
|-weather|RainDance|[upkeep]
|upkeep
|turn|13
|
|t:|1757918088
|move|p2a: 盾盾小狗|Close Combat|p1a: Great Tusk
|-damage|p1a: Great Tusk|0 fnt
|-unboost|p2a: 盾盾小狗|def|1
|-unboost|p2a: 盾盾小狗|spd|1
|-damage|p2a: 盾盾小狗|61/100|[from] item: Rocky Helmet|[of] p1a: Great Tusk
|faint|p1a: Great Tusk
|-end|p1a: Great Tusk|Protosynthesis|[silent]
|
|-weather|RainDance|[upkeep]
|upkeep
|
|t:|1757918093
|switch|p1a: Thundurus|Thundurus-Therian, M, tera:Flying|100/100
|turn|14
|
|t:|1757918097
|switch|p2a: 脏活累活|Alomomola, F|100/100
|-damage|p2a: 脏活累活|88/100|[from] Stealth Rock
|move|p1a: Thundurus|Tera Blast|p2a: 脏活累活|[anim] Tera Blast Flying
|-damage|p2a: 脏活累活|52/100
|
|-weather|none
|upkeep
|turn|15
|
|t:|1757918106
|switch|p1a: Rillaboom|Rillaboom, F|39/100
|-fieldstart|move: Grassy Terrain|[from] ability: Grassy Surge|[of] p1a: Rillaboom
|move|p2a: 脏活累活|Mirror Coat||[still]
|-fail|p2a: 脏活累活
|
|-heal|p1a: Rillaboom|45/100|[from] Grassy Terrain
|-heal|p2a: 脏活累活|58/100|[from] Grassy Terrain
|upkeep
|turn|16
|
|t:|1757918112
|move|p1a: Rillaboom|Wood Hammer|p2a: 脏活累活
|-supereffective|p2a: 脏活累活
|-damage|p2a: 脏活累活|0 fnt
|faint|p2a: 脏活累活
|-damage|p1a: Rillaboom|23/100|[from] Recoil
|
|-heal|p1a: Rillaboom|29/100|[from] Grassy Terrain
|upkeep
|
|t:|1757918115
|switch|p2a: 蛇姐|Serperior, F, shiny|100/100
|-damage|p2a: 蛇姐|88/100|[from] Stealth Rock
|turn|17
|
|t:|1757918119
|move|p2a: 蛇姐|Leaf Storm|p1a: Rillaboom
|-resisted|p1a: Rillaboom
|-damage|p1a: Rillaboom|0 fnt
|-boost|p2a: 蛇姐|spa|2
|faint|p1a: Rillaboom
|
|-heal|p2a: 蛇姐|94/100|[from] Grassy Terrain
|-heal|p2a: 蛇姐|100/100|[from] item: Leftovers
|upkeep
|j| heatraniac
|
|t:|1757918123
|switch|p1a: Goodra|Goodra-Hisui, M|70/100
|turn|18
|
|t:|1757918129
|move|p2a: 蛇姐|Glare|p1a: Goodra
|-status|p1a: Goodra|par
|move|p1a: Goodra|Flamethrower|p2a: 蛇姐
|-supereffective|p2a: 蛇姐
|-damage|p2a: 蛇姐|28/100
|
|-heal|p2a: 蛇姐|34/100|[from] Grassy Terrain
|-heal|p2a: 蛇姐|41/100|[from] item: Leftovers
|-heal|p1a: Goodra|76/100 par|[from] Grassy Terrain
|upkeep
|turn|19
|
|t:|1757918134
|switch|p2a: 盾盾小狗|Zamazenta|61/100
|-damage|p2a: 盾盾小狗|55/100|[from] Stealth Rock
|cant|p1a: Goodra|par
|
|-heal|p2a: 盾盾小狗|61/100|[from] Grassy Terrain
|-heal|p1a: Goodra|82/100 par|[from] Grassy Terrain
|-fieldend|move: Grassy Terrain
|upkeep
|turn|20
|j| shyahngyoo
|l| heatraniac
|
|t:|1757918140
|switch|p1a: Hawlucha|Hawlucha, F|100/100
|move|p2a: 盾盾小狗|Close Combat|p1a: Hawlucha
|-resisted|p1a: Hawlucha
|-damage|p1a: Hawlucha|49/100
|-unboost|p2a: 盾盾小狗|def|1
|-unboost|p2a: 盾盾小狗|spd|1
|
|upkeep
|turn|21
|
|t:|1757918146
|switch|p2a: 减10大王|Garchomp, M, shiny|83/100
|-damage|p2a: 减10大王|77/100|[from] Stealth Rock
|move|p1a: Hawlucha|Close Combat|p2a: 减10大王
|-damage|p2a: 减10大王|43/100
|-unboost|p1a: Hawlucha|def|1
|-unboost|p1a: Hawlucha|spd|1
|-damage|p1a: Hawlucha|37/100|[from] ability: Rough Skin|[of] p2a: 减10大王
|-damage|p1a: Hawlucha|20/100|[from] item: Rocky Helmet|[of] p2a: 减10大王
|
|upkeep
|turn|22
|
|t:|1757918151
|move|p1a: Hawlucha|Close Combat|p2a: 减10大王
|-damage|p2a: 减10大王|10/100
|-unboost|p1a: Hawlucha|def|1
|-unboost|p1a: Hawlucha|spd|1
|-damage|p1a: Hawlucha|8/100|[from] ability: Rough Skin|[of] p2a: 减10大王
|-damage|p1a: Hawlucha|0 fnt|[from] item: Rocky Helmet|[of] p2a: 减10大王
|faint|p1a: Hawlucha
|move|p2a: 减10大王|Stealth Rock|p1: Hawlucha
|-sidestart|p1: mansonabuluting|move: Stealth Rock
|
|upkeep
|
|t:|1757918156
|switch|p1a: Thundurus|Thundurus-Therian, M, tera:Flying|100/100
|-damage|p1a: Thundurus|76/100|[from] Stealth Rock
|turn|23
|
|t:|1757918161
|move|p1a: Thundurus|Tera Blast|p2a: 减10大王|[anim] Tera Blast Flying
|-damage|p2a: 减10大王|0 fnt
|faint|p2a: 减10大王
|
|upkeep
|
|t:|1757918177
|switch|p2a: 蛇姐|Serperior, F, shiny|41/100
|-damage|p2a: 蛇姐|28/100|[from] Stealth Rock
|turn|24
|
|t:|1757918182
|-terastallize|p2a: 蛇姐|Steel
|move|p1a: Thundurus|Tera Blast|p2a: 蛇姐|[anim] Tera Blast Flying
|-resisted|p2a: 蛇姐
|-damage|p2a: 蛇姐|0 fnt
|faint|p2a: 蛇姐
|
|upkeep
|
|t:|1757918185
|switch|p2a: 盾盾小狗|Zamazenta|61/100
|-damage|p2a: 盾盾小狗|55/100|[from] Stealth Rock
|turn|25
|
|t:|1757918188
|move|p1a: Thundurus|Tera Blast|p2a: 盾盾小狗|[anim] Tera Blast Flying
|-supereffective|p2a: 盾盾小狗
|-damage|p2a: 盾盾小狗|0 fnt
|faint|p2a: 盾盾小狗
|
|win|mansonabuluting
|raw|mansonabuluting's rating: 1634 &rarr; <strong>1657</strong><br />(+23 for winning)
|raw|lzc123456's rating: 1685 &rarr; <strong>1662</strong><br />(-23 for losing)
|l|☆mansonabuluting
|player|p1|
|l|☆lzc123456
|player|p2|
|l| shyahngyoo
