|j|☆lupiit
|j|☆tcloud
|t:|1757947568
|gametype|singles
|player|p1|lupiit|dragontamer|1474
|player|p2|tcloud|fisherman-gen4|1485
|gen|9
|tier|[Gen 9] OU
|rated|
|rule|HP Percentage Mod: HP is shown in percentages
|rule|Endless Battle Clause: Forcing endless battles is banned
|rule|Species Clause: Limit one of each Pokémon
|rule|OHKO Clause: OHKO moves are banned
|rule|Evasion Items Clause: Evasion items are banned
|rule|Evasion Moves Clause: Evasion moves are banned
|rule|Evasion Abilities Clause: Evasion abilities are banned
|rule|Sleep Moves Clause: Sleep-inducing moves are banned
|clearpoke
|poke|p1|Indeedee, M|
|poke|p1|Hoopa-Unbound|
|poke|p1|Garganacl, F|
|poke|p1|Scizor, F|
|poke|p1|Zamazenta-*|
|poke|p1|Toxapex, F|
|poke|p2|Haxorus, F|
|poke|p2|Grimmsnarl, M|
|poke|p2|Darkrai|
|poke|p2|Dragapult, M|
|poke|p2|Kingambit, F|
|poke|p2|Iron Valiant|
|teampreview
|inactive|Battle timer is ON: inactive players will automatically lose when time's up. (requested by lupiit)
|
|t:|1757947576
|teamsize|p1|6
|teamsize|p2|6
|start
|switch|p1a: Scizor|Scizor, F|100/100
|switch|p2a: Grimmsnarl|Grimmsnarl, M|100/100
|turn|1
|
|t:|1757947578
|move|p1a: Scizor|Bullet Punch|p2a: Grimmsnarl
|-supereffective|p2a: Grimmsnarl
|-damage|p2a: Grimmsnarl|12/100
|move|p2a: Grimmsnarl|Reflect|p2a: Grimmsnarl
|-sidestart|p2: tcloud|Reflect
|
|upkeep
|turn|2
|
|t:|1757947582
|move|p1a: Scizor|Bullet Punch|p2a: Grimmsnarl
|-supereffective|p2a: Grimmsnarl
|-damage|p2a: Grimmsnarl|0 fnt
|faint|p2a: Grimmsnarl
|
|upkeep
|
|t:|1757947588
|switch|p2a: Stall Eater|Haxorus, F|100/100
|-ability|p2a: Stall Eater|Mold Breaker
|turn|3
|
|t:|1757947592
|switch|p1a: Zamazenta|Zamazenta|100/100
|-ability|p1a: Zamazenta|Dauntless Shield|boost
|-boost|p1a: Zamazenta|def|1
|move|p2a: Stall Eater|Swords Dance|p2a: Stall Eater
|-boost|p2a: Stall Eater|atk|2
|
|upkeep
|turn|4
|c|☆lupiit|no
|
|t:|1757947595
|move|p2a: Stall Eater|Swords Dance|p2a: Stall Eater
|-boost|p2a: Stall Eater|atk|2
|move|p1a: Zamazenta|Roar|p2a: Stall Eater
|drag|p2a: Dragapult|Dragapult, M|100/100
|
|upkeep
|turn|5
|
|t:|1757947602
|switch|p1a: Garganacl|Garganacl, F|100/100
|move|p2a: Dragapult|Dragon Dance|p2a: Dragapult
|-boost|p2a: Dragapult|atk|1
|-boost|p2a: Dragapult|spe|1
|
|upkeep
|turn|6
|
|t:|1757947605
|move|p2a: Dragapult|Dragon Darts|p1a: Garganacl
|-damage|p1a: Garganacl|71/100
|-anim|p2a: Dragapult|Dragon Darts|p1a: Garganacl
|-damage|p1a: Garganacl|40/100
|-damage|p2a: Dragapult|91/100|[from] item: Life Orb
|move|p1a: Garganacl|Salt Cure|p2a: Dragapult
|-damage|p2a: Dragapult|81/100
|-start|p2a: Dragapult|Salt Cure
|
|-heal|p1a: Garganacl|47/100|[from] item: Leftovers
|-damage|p2a: Dragapult|69/100|[from] Salt Cure
|upkeep
|turn|7
|
|t:|1757947607
|move|p1a: Garganacl|Protect|p1a: Garganacl
|-singleturn|p1a: Garganacl|Protect
|move|p2a: Dragapult|Dragon Darts|p1a: Garganacl
|-activate|p1a: Garganacl|move: Protect
|
|-heal|p1a: Garganacl|53/100|[from] item: Leftovers
|-damage|p2a: Dragapult|56/100|[from] Salt Cure
|upkeep
|turn|8
|
|t:|1757947609
|switch|p1a: Toxapex|Toxapex, F|100/100
|move|p2a: Dragapult|Dragon Darts|p1a: Toxapex
|-damage|p1a: Toxapex|62/100
|-anim|p2a: Dragapult|Dragon Darts|p1a: Toxapex
|-crit|p1a: Toxapex
|-damage|p1a: Toxapex|8/100
|-enditem|p1a: Toxapex|Eject Button
|-damage|p2a: Dragapult|47/100|[from] item: Life Orb
|
|t:|1757947613
|switch|p1a: Scizor|Scizor, F|100/100
|
|-damage|p2a: Dragapult|34/100|[from] Salt Cure
|-sideend|p2: tcloud|Reflect
|upkeep
|turn|9
|
|t:|1757947615
|move|p1a: Scizor|Bullet Punch|p2a: Dragapult
|-damage|p2a: Dragapult|0 fnt
|faint|p2a: Dragapult
|
|upkeep
|
|t:|1757947617
|switch|p2a: Stall Eater|Haxorus, F|100/100
|-ability|p2a: Stall Eater|Mold Breaker
|turn|10
|
|t:|1757947619
|move|p1a: Scizor|Bullet Punch|p2a: Stall Eater
|-damage|p2a: Stall Eater|36/100
|move|p2a: Stall Eater|Swords Dance|p2a: Stall Eater
|-boost|p2a: Stall Eater|atk|2
|
|upkeep
|turn|11
|
|t:|1757947622
|-terastallize|p2a: Stall Eater|Steel
|move|p1a: Scizor|Bullet Punch|p2a: Stall Eater
|-resisted|p2a: Stall Eater
|-damage|p2a: Stall Eater|3/100
|move|p2a: Stall Eater|Earthquake|p1a: Scizor
|-damage|p1a: Scizor|16/100
|
|upkeep
|turn|12
|
|t:|1757947629
|move|p1a: Scizor|Bullet Punch|p2a: Stall Eater
|-resisted|p2a: Stall Eater
|-damage|p2a: Stall Eater|0 fnt
|faint|p2a: Stall Eater
|
|upkeep
|
|t:|1757947632
|switch|p2a: Darkrai|Darkrai|100/100
|turn|13
|
|t:|1757947635
|move|p1a: Scizor|Bullet Punch|p2a: Darkrai
|-damage|p2a: Darkrai|30/100
|move|p2a: Darkrai|Dark Pulse|p1a: Scizor
|-damage|p1a: Scizor|0 fnt
|faint|p1a: Scizor
|-damage|p2a: Darkrai|20/100|[from] item: Life Orb
|
|upkeep
|
|t:|1757947642
|switch|p1a: Zamazenta|Zamazenta|100/100
|turn|14
|
|t:|1757947644
|move|p1a: Zamazenta|Body Press|p2a: Darkrai
|-supereffective|p2a: Darkrai
|-damage|p2a: Darkrai|0 fnt
|faint|p2a: Darkrai
|
|upkeep
|
|t:|1757947646
|switch|p2a: Iron Valiant|Iron Valiant|100/100
|-enditem|p2a: Iron Valiant|Booster Energy
|-activate|p2a: Iron Valiant|ability: Quark Drive|[fromitem]
|-start|p2a: Iron Valiant|quarkdrivespe
|turn|15
|
|t:|1757947649
|switch|p1a: Toxapex|Toxapex, F|41/100
|move|p2a: Iron Valiant|Calm Mind|p2a: Iron Valiant
|-boost|p2a: Iron Valiant|spa|1
|-boost|p2a: Iron Valiant|spd|1
|
|upkeep
|turn|16
|
|t:|1757947654
|switch|p1a: Garganacl|Garganacl, F|53/100
|move|p2a: Iron Valiant|Shadow Ball|p1a: Garganacl
|-damage|p1a: Garganacl|36/100
|
|-heal|p1a: Garganacl|42/100|[from] item: Leftovers
|upkeep
|turn|17
|
|t:|1757947656
|move|p2a: Iron Valiant|Aura Sphere|p1a: Garganacl
|-supereffective|p1a: Garganacl
|-damage|p1a: Garganacl|0 fnt
|faint|p1a: Garganacl
|
|upkeep
|
|t:|1757947661
|switch|p1a: Toxapex|Toxapex, F|75/100
|turn|18
|
|t:|1757947663
|move|p2a: Iron Valiant|Calm Mind|p2a: Iron Valiant
|-boost|p2a: Iron Valiant|spa|1
|-boost|p2a: Iron Valiant|spd|1
|move|p1a: Toxapex|Gunk Shot|p2a: Iron Valiant
|-supereffective|p2a: Iron Valiant
|-damage|p2a: Iron Valiant|3/100
|
|upkeep
|turn|19
|
|t:|1757947669
|move|p2a: Iron Valiant|Shadow Ball|p1a: Toxapex
|-damage|p1a: Toxapex|33/100
|move|p1a: Toxapex|Liquidation|p2a: Iron Valiant
|-damage|p2a: Iron Valiant|0 fnt
|faint|p2a: Iron Valiant
|-end|p2a: Iron Valiant|Quark Drive|[silent]
|
|upkeep
|
|t:|1757947672
|switch|p2a: Kingambit|Kingambit, F|100/100
|-activate|p2a: Kingambit|ability: Supreme Overlord
|-start|p2a: Kingambit|fallen5|[silent]
|turn|20
|
|t:|1757947675
|switch|p1a: Zamazenta|Zamazenta|100/100
|move|p2a: Kingambit|Swords Dance|p2a: Kingambit
|-boost|p2a: Kingambit|atk|2
|
|upkeep
|turn|21
|
|t:|1757947677
|move|p1a: Zamazenta|Body Press|p2a: Kingambit
|-supereffective|p2a: Kingambit
|-damage|p2a: Kingambit|0 fnt
|faint|p2a: Kingambit
|-end|p2a: Kingambit|fallen5|[silent]
|
|win|lupiit
|raw|lupiit's rating: 1474 &rarr; <strong>1495</strong><br />(+21 for winning)
|raw|tcloud's rating: 1485 &rarr; <strong>1464</strong><br />(-21 for losing)
|c|☆lupiit|gg
|l|☆tcloud
|player|p2|
|l|☆lupiit
|player|p1|
