|j|☆Enderian67
|j|☆ts0x
|t:|1757925515
|gametype|singles
|player|p1|Enderian67|cynthia|1131
|player|p2|ts0x|266|1091
|gen|9
|tier|[Gen 9] OU
|rated|
|rule|HP Percentage Mod: HP is shown in percentages
|rule|Endless Battle Clause: Forcing endless battles is banned
|rule|Species Clause: Limit one of each Pokémon
|rule|OHKO Clause: OHKO moves are banned
|rule|Evasion Items Clause: Evasion items are banned
|rule|Evasion Moves Clause: Evasion moves are banned
|rule|Evasion Abilities Clause: Evasion abilities are banned
|rule|Sleep Moves Clause: Sleep-inducing moves are banned
|clearpoke
|poke|p1|Lycanroc, F|
|poke|p1|Pawmot, F|
|poke|p1|Greninja-*, M|
|poke|p1|Infernape, F|
|poke|p1|Meowscarada, M|
|poke|p1|Dusknoir, F|
|poke|p2|Palossand, M|
|poke|p2|Hoopa-Unbound|
|poke|p2|Pawmot, F|
|poke|p2|Skeledirge, M|
|poke|p2|Tentacruel, M|
|poke|p2|Kleavor, F|
|teampreview
|
|t:|1757925525
|teamsize|p1|6
|teamsize|p2|6
|start
|switch|p1a: Lycanroc|Lycanroc, F|100/100
|switch|p2a: Palossand|Palossand, M, shiny|100/100
|turn|1
|
|t:|1757925532
|move|p1a: Lycanroc|Stealth Rock|p2a: Palossand
|-sidestart|p2: ts0x|move: Stealth Rock
|move|p2a: Palossand|Stealth Rock|p1a: Lycanroc
|-sidestart|p1: Enderian67|move: Stealth Rock
|
|upkeep
|turn|2
|
|t:|1757925537
|move|p1a: Lycanroc|Trailblaze|p2a: Palossand
|-supereffective|p2a: Palossand
|-damage|p2a: Palossand|73/100
|-boost|p1a: Lycanroc|spe|1
|move|p2a: Palossand|Giga Drain|p1a: Lycanroc
|-supereffective|p1a: Lycanroc
|-damage|p1a: Lycanroc|32/100
|-heal|p2a: Palossand|100/100|[from] drain|[of] p1a: Lycanroc
|
|upkeep
|turn|3
|
|t:|1757925548
|move|p1a: Lycanroc|Trailblaze|p2a: Palossand
|-supereffective|p2a: Palossand
|-damage|p2a: Palossand|70/100
|-boost|p1a: Lycanroc|spe|1
|move|p2a: Palossand|Earth Power|p1a: Lycanroc
|-supereffective|p1a: Lycanroc
|-damage|p1a: Lycanroc|0 fnt
|faint|p1a: Lycanroc
|
|-heal|p2a: Palossand|77/100|[from] item: Leftovers
|upkeep
|
|t:|1757925552
|switch|p1a: Greninja|Greninja, M|100/100
|-damage|p1a: Greninja|88/100|[from] Stealth Rock
|turn|4
|
|t:|1757925568
|switch|p2a: Tentacruel|Tentacruel, M, shiny|100/100
|-damage|p2a: Tentacruel|88/100|[from] Stealth Rock
|move|p1a: Greninja|Dark Pulse|p2a: Tentacruel
|-damage|p2a: Tentacruel|39/100
|-damage|p1a: Greninja|78/100|[from] item: Life Orb
|
|upkeep
|turn|5
|
|t:|1757925576
|move|p1a: Greninja|Dark Pulse|p2a: Tentacruel
|-damage|p2a: Tentacruel|0 fnt
|faint|p2a: Tentacruel
|-ability|p1a: Greninja|Battle Bond|boost
|-boost|p1a: Greninja|atk|1
|-boost|p1a: Greninja|spa|1
|-boost|p1a: Greninja|spe|1
|-activate|p1a: Greninja|ability: Battle Bond
|-damage|p1a: Greninja|69/100|[from] item: Life Orb
|
|upkeep
|
|t:|1757925589
|switch|p2a: Pawmot|Pawmot, F|100/100
|-damage|p2a: Pawmot|94/100|[from] Stealth Rock
|turn|6
|
|t:|1757925594
|move|p2a: Pawmot|Fake Out|p1a: Greninja
|-damage|p1a: Greninja|47/100
|cant|p1a: Greninja|flinch
|
|upkeep
|turn|7
|
|t:|1757925599
|move|p1a: Greninja|U-turn|p2a: Pawmot
|-resisted|p2a: Pawmot
|-damage|p2a: Pawmot|71/100
|-damage|p1a: Greninja|37/100|[from] item: Life Orb
|
|t:|1757925605
|switch|p1a: Dusknoir|Dusknoir, F|100/100|[from] U-turn
|-damage|p1a: Dusknoir|88/100|[from] Stealth Rock
|move|p2a: Pawmot|Double Shock|p1a: Dusknoir
|-damage|p1a: Dusknoir|37/100
|-start|p2a: Pawmot|typechange|???/Fighting|[from] move: Double Shock
|
|-heal|p1a: Dusknoir|43/100|[from] item: Leftovers
|upkeep
|turn|8
|
|t:|1757925616
|move|p2a: Pawmot|Knock Off|p1a: Dusknoir
|-supereffective|p1a: Dusknoir
|-damage|p1a: Dusknoir|0 fnt
|-enditem|p1a: Dusknoir|Leftovers|[from] move: Knock Off|[of] p2a: Pawmot
|faint|p1a: Dusknoir
|
|upkeep
|
|t:|1757925621
|switch|p1a: Meowscarada|Meowscarada, M|100/100
|-damage|p1a: Meowscarada|88/100|[from] Stealth Rock
|turn|9
|
|t:|1757925629
|switch|p2a: Kleavor|Kleavor, F|100/100
|-damage|p2a: Kleavor|76/100|[from] Stealth Rock
|move|p1a: Meowscarada|Play Rough|p2a: Kleavor
|-start|p1a: Meowscarada|typechange|Fairy|[from] ability: Protean
|-damage|p2a: Kleavor|3/100
|
|upkeep
|turn|10
|
|t:|1757925646
|move|p1a: Meowscarada|Play Rough|p2a: Kleavor
|-crit|p2a: Kleavor
|-damage|p2a: Kleavor|0 fnt
|faint|p2a: Kleavor
|
|upkeep
|
|t:|1757925662
|switch|p2a: Hoopa|Hoopa-Unbound|100/100
|-damage|p2a: Hoopa|88/100|[from] Stealth Rock
|turn|11
|
|t:|1757925668
|-terastallize|p2a: Hoopa|Psychic
|move|p1a: Meowscarada|Play Rough|p2a: Hoopa
|-damage|p2a: Hoopa|0 fnt
|faint|p2a: Hoopa
|
|upkeep
|
|t:|1757925679
|switch|p2a: Pawmot|Pawmot, F|71/100
|-damage|p2a: Pawmot|65/100|[from] Stealth Rock
|turn|12
|
|t:|1757925682
|move|p1a: Meowscarada|Play Rough|p2a: Pawmot
|-supereffective|p2a: Pawmot
|-damage|p2a: Pawmot|0 fnt
|faint|p2a: Pawmot
|
|upkeep
|
|t:|1757925689
|switch|p2a: Palossand|Palossand, M, shiny|77/100
|-damage|p2a: Palossand|70/100|[from] Stealth Rock
|turn|13
|
|t:|1757925697
|switch|p1a: Pawmot|Pawmot, F|100/100
|-damage|p1a: Pawmot|94/100|[from] Stealth Rock
|move|p2a: Palossand|Earth Power|p1a: Pawmot
|-supereffective|p1a: Pawmot
|-damage|p1a: Pawmot|0 fnt
|faint|p1a: Pawmot
|
|-heal|p2a: Palossand|77/100|[from] item: Leftovers
|upkeep
|
|t:|1757925700
|switch|p1a: Greninja|Greninja, M|37/100
|-damage|p1a: Greninja|25/100|[from] Stealth Rock
|turn|14
|
|t:|1757925718
|move|p1a: Greninja|Dark Pulse|p2a: Palossand
|-supereffective|p2a: Palossand
|-damage|p2a: Palossand|0 fnt
|faint|p2a: Palossand
|-damage|p1a: Greninja|15/100|[from] item: Life Orb
|
|upkeep
|
|t:|1757925723
|switch|p2a: Skeledirge|Skeledirge, M|100/100
|-damage|p2a: Skeledirge|76/100|[from] Stealth Rock
|turn|15
|
|t:|1757925729
|-terastallize|p1a: Greninja|Water
|move|p1a: Greninja|Water Shuriken|p2a: Skeledirge
|-supereffective|p2a: Skeledirge
|-crit|p2a: Skeledirge
|-damage|p2a: Skeledirge|39/100
|-supereffective|p2a: Skeledirge
|-damage|p2a: Skeledirge|15/100
|-hitcount|p2a: Skeledirge|2
|-damage|p1a: Greninja|5/100|[from] item: Life Orb
|move|p2a: Skeledirge|Alluring Voice|p1a: Greninja
|-damage|p1a: Greninja|0 fnt
|faint|p1a: Greninja
|
|upkeep
|
|t:|1757925735
|switch|p1a: Infernape|Infernape, F|100/100
|-damage|p1a: Infernape|88/100|[from] Stealth Rock
|turn|16
|
|t:|1757925743
|move|p1a: Infernape|Fire Punch|p2a: Skeledirge
|-resisted|p2a: Skeledirge
|-damage|p2a: Skeledirge|0 fnt
|faint|p2a: Skeledirge
|
|win|Enderian67
|raw|Enderian67's rating: 1131 &rarr; <strong>1153</strong><br />(+22 for winning)
|raw|ts0x's rating: 1091 &rarr; <strong>1070</strong><br />(-21 for losing)
|l|☆ts0x
|player|p2|
|l|☆Enderian67
|player|p1|
