|j|☆Acastillo631
|j|☆SlimyTime
|t:|1757796688
|gametype|singles
|player|p1|Acastillo631|silver|1757
|player|p2|SlimyTime|ltsurge|1720
|gen|9
|tier|[Gen 9] OU
|rated|
|rule|HP Percentage Mod: HP is shown in percentages
|rule|Endless Battle Clause: Forcing endless battles is banned
|rule|Species Clause: Limit one of each Pokémon
|rule|OHKO Clause: OHKO moves are banned
|rule|Evasion Items Clause: Evasion items are banned
|rule|Evasion Moves Clause: Evasion moves are banned
|rule|Evasion Abilities Clause: Evasion abilities are banned
|rule|Sleep Moves Clause: Sleep-inducing moves are banned
|clearpoke
|poke|p1|Iron Valiant|
|poke|p1|Tyranitar, F|
|poke|p1|Corviknight, F|
|poke|p1|Sinistcha|
|poke|p1|Keldeo-Resolute|
|poke|p1|Muk-Alola, F|
|poke|p2|Ogerpon-Wellspring, F|
|poke|p2|Zamazenta-*|
|poke|p2|Iron Treads|
|poke|p2|Pecharunt|
|poke|p2|Samurott-Hisui, M|
|poke|p2|Hatterene, F|
|teampreview
|inactive|Battle timer is ON: inactive players will automatically lose when time's up. (requested by Acastillo631)
|inactive|Acastillo631 has 120 seconds left.
|
|t:|1757796719
|teamsize|p1|6
|teamsize|p2|6
|start
|switch|p1a: Wire Sponge|Sinistcha|100/100
|switch|p2a: Hatterene|Hatterene, F|100/100
|turn|1
|inactive|SlimyTime has 120 seconds left.
|
|t:|1757796752
|switch|p1a: Muk|Muk-Alola, F|100/100
|switch|p2a: Samurott|Samurott-Hisui, M|100/100
|
|upkeep
|turn|2
|
|t:|1757796761
|move|p2a: Samurott|Ceaseless Edge|p1a: Muk
|-resisted|p1a: Muk
|-damage|p1a: Muk|78/100
|-sidestart|p1: Acastillo631|Spikes
|move|p1a: Muk|Drain Punch|p2a: Samurott
|-supereffective|p2a: Samurott
|-damage|p2a: Samurott|58/100
|-heal|p1a: Muk|95/100|[from] drain|[of] p2a: Samurott
|
|-heal|p1a: Muk|100/100|[from] item: Leftovers
|upkeep
|turn|3
|
|t:|1757796773
|move|p2a: Samurott|Knock Off|p1a: Muk
|-resisted|p1a: Muk
|-damage|p1a: Muk|77/100
|-enditem|p1a: Muk|Leftovers|[from] move: Knock Off|[of] p2a: Samurott
|move|p1a: Muk|Drain Punch|p2a: Samurott
|-supereffective|p2a: Samurott
|-damage|p2a: Samurott|11/100
|-heal|p1a: Muk|94/100|[from] drain|[of] p2a: Samurott
|
|upkeep
|turn|4
|
|t:|1757796778
|switch|p1a: Wind Crowrang|Corviknight, F|100/100
|move|p2a: Samurott|Flip Turn|p1a: Wind Crowrang
|-damage|p1a: Wind Crowrang|84/100
|-damage|p2a: Samurott|0 fnt|[from] item: Rocky Helmet|[of] p1a: Wind Crowrang
|faint|p2a: Samurott
|
|upkeep
|
|t:|1757796782
|switch|p2a: Hatterene|Hatterene, F|100/100
|turn|5
|
|t:|1757796788
|move|p1a: Wind Crowrang|U-turn|p2a: Hatterene
|-damage|p2a: Hatterene|83/100
|
|t:|1757796794
|switch|p1a: Muk|Muk-Alola, F|94/100|[from] U-turn
|-damage|p1a: Muk|82/100|[from] Spikes
|move|p2a: Hatterene|Nuzzle|p1a: Muk
|-damage|p1a: Muk|78/100
|-status|p1a: Muk|par
|
|upkeep
|turn|6
|
|t:|1757796798
|switch|p2a: Iron Treads|Iron Treads|100/100
|move|p1a: Muk|Knock Off|p2a: Iron Treads
|-damage|p2a: Iron Treads|67/100
|-enditem|p2a: Iron Treads|Leftovers|[from] move: Knock Off|[of] p1a: Muk
|
|upkeep
|turn|7
|
|t:|1757796814
|-end|p2a: Iron Treads|Quark Drive|[silent]
|switch|p2a: Ogerpon|Ogerpon-Wellspring, F|100/100
|switch|p1a: Wind Crowrang|Corviknight, F|84/100
|
|upkeep
|turn|8
|
|t:|1757796836
|move|p2a: Ogerpon|Ivy Cudgel|p1a: Wind Crowrang|[anim] Ivy Cudgel Water
|-damage|p1a: Wind Crowrang|51/100
|move|p1a: Wind Crowrang|Brave Bird|p2a: Ogerpon
|-supereffective|p2a: Ogerpon
|-damage|p2a: Ogerpon|9/100
|-damage|p1a: Wind Crowrang|28/100|[from] Recoil
|
|upkeep
|turn|9
|
|t:|1757796842
|move|p2a: Ogerpon|Ivy Cudgel|p1a: Wind Crowrang|[anim] Ivy Cudgel Water
|-damage|p1a: Wind Crowrang|0 fnt
|faint|p1a: Wind Crowrang
|
|upkeep
|
|t:|1757796849
|switch|p1a: Spiral Pegasus|Keldeo-Resolute|100/100
|turn|10
|
|t:|1757796854
|switch|p2a: Hatterene|Hatterene, F|83/100
|move|p1a: Spiral Pegasus|Vacuum Wave|p2a: Hatterene
|-resisted|p2a: Hatterene
|-damage|p2a: Hatterene|80/100
|
|upkeep
|turn|11
|
|t:|1757796858
|move|p1a: Spiral Pegasus|Flip Turn|p2a: Hatterene
|-damage|p2a: Hatterene|62/100
|
|t:|1757796859
|switch|p1a: Eregion|Tyranitar, F|100/100|[from] Flip Turn
|-damage|p1a: Eregion|88/100|[from] Spikes
|-weather|Sandstorm|[from] ability: Sand Stream|[of] p1a: Eregion
|move|p2a: Hatterene|Draining Kiss|p1a: Eregion
|-supereffective|p1a: Eregion
|-damage|p1a: Eregion|67/100
|-heal|p2a: Hatterene|82/100|[from] drain|[of] p1a: Eregion
|
|-weather|Sandstorm|[upkeep]
|-damage|p2a: Hatterene|76/100|[from] Sandstorm
|-heal|p1a: Eregion|74/100|[from] item: Leftovers
|upkeep
|turn|12
|j| Lonelyenders
|
|t:|1757796865
|switch|p2a: Ogerpon|Ogerpon-Wellspring, F|9/100
|move|p1a: Eregion|Knock Off|p2a: Ogerpon
|-damage|p2a: Ogerpon|0 fnt
|faint|p2a: Ogerpon
|
|-weather|Sandstorm|[upkeep]
|-heal|p1a: Eregion|80/100|[from] item: Leftovers
|upkeep
|
|t:|1757796868
|switch|p2a: Iron Treads|Iron Treads|67/100
|turn|13
|
|t:|1757796886
|switch|p1a: Wire Sponge|Sinistcha|100/100
|move|p2a: Iron Treads|Earthquake|p1a: Wire Sponge
|-resisted|p1a: Wire Sponge
|-damage|p1a: Wire Sponge|83/100
|
|-weather|Sandstorm|[upkeep]
|-damage|p1a: Wire Sponge|77/100|[from] Sandstorm
|upkeep
|turn|14
|
|t:|1757796899
|move|p2a: Iron Treads|Knock Off|p1a: Wire Sponge
|-supereffective|p1a: Wire Sponge
|-damage|p1a: Wire Sponge|35/100
|-enditem|p1a: Wire Sponge|Heavy-Duty Boots|[from] move: Knock Off|[of] p2a: Iron Treads
|move|p1a: Wire Sponge|Shadow Ball|p2a: Iron Treads
|-damage|p2a: Iron Treads|22/100
|-unboost|p2a: Iron Treads|spd|1
|
|-weather|Sandstorm|[upkeep]
|-damage|p1a: Wire Sponge|29/100|[from] Sandstorm
|upkeep
|turn|15
|
|t:|1757796907
|-end|p2a: Iron Treads|Quark Drive|[silent]
|switch|p2a: Hatterene|Hatterene, F|76/100
|-terastallize|p1a: Wire Sponge|Poison
|move|p1a: Wire Sponge|Strength Sap|p2a: Hatterene
|move|p2a: Hatterene|Strength Sap|p1a: Wire Sponge|[from] ability: Magic Bounce
|-unboost|p1a: Wire Sponge|atk|1
|-heal|p2a: Hatterene|100/100
|
|-weather|none
|upkeep
|turn|16
|
|t:|1757796914
|move|p1a: Wire Sponge|Matcha Gotcha|p2a: Hatterene
|-damage|p2a: Hatterene|78/100
|-heal|p1a: Wire Sponge|40/100|[from] drain|[of] p2a: Hatterene
|move|p2a: Hatterene|Draining Kiss|p1a: Wire Sponge
|-resisted|p1a: Wire Sponge
|-damage|p1a: Wire Sponge|24/100
|-heal|p2a: Hatterene|91/100|[from] drain|[of] p1a: Wire Sponge
|
|upkeep
|turn|17
|
|t:|1757796925
|switch|p1a: Eregion|Tyranitar, F|80/100
|-damage|p1a: Eregion|67/100|[from] Spikes
|-weather|Sandstorm|[from] ability: Sand Stream|[of] p1a: Eregion
|move|p2a: Hatterene|Psychic Noise|p1a: Eregion
|-immune|p1a: Eregion
|
|-weather|Sandstorm|[upkeep]
|-damage|p2a: Hatterene|85/100|[from] Sandstorm
|-heal|p1a: Eregion|74/100|[from] item: Leftovers
|upkeep
|turn|18
|
|t:|1757796932
|switch|p2a: Iron Treads|Iron Treads|22/100
|move|p1a: Eregion|Knock Off|p2a: Iron Treads
|-damage|p2a: Iron Treads|0 fnt
|faint|p2a: Iron Treads
|-end|p2a: Iron Treads|Quark Drive|[silent]
|
|-weather|Sandstorm|[upkeep]
|-heal|p1a: Eregion|80/100|[from] item: Leftovers
|upkeep
|
|t:|1757796937
|switch|p2a: Pecharunt|Pecharunt|100/100
|turn|19
|
|t:|1757796941
|move|p2a: Pecharunt|Malignant Chain|p1a: Eregion
|-resisted|p1a: Eregion
|-damage|p1a: Eregion|74/100
|move|p1a: Eregion|Knock Off|p2a: Pecharunt
|-supereffective|p2a: Pecharunt
|-damage|p2a: Pecharunt|58/100
|-enditem|p2a: Pecharunt|Heavy-Duty Boots|[from] move: Knock Off|[of] p1a: Eregion
|
|-weather|Sandstorm|[upkeep]
|-damage|p2a: Pecharunt|52/100|[from] Sandstorm
|-heal|p1a: Eregion|80/100|[from] item: Leftovers
|upkeep
|turn|20
|j| FaronAan
|
|t:|1757796945
|move|p2a: Pecharunt|Malignant Chain|p1a: Eregion
|-resisted|p1a: Eregion
|-damage|p1a: Eregion|73/100
|move|p1a: Eregion|Stealth Rock|p2a: Pecharunt
|-sidestart|p2: SlimyTime|move: Stealth Rock
|
|-weather|Sandstorm|[upkeep]
|-damage|p2a: Pecharunt|46/100|[from] Sandstorm
|-heal|p1a: Eregion|79/100|[from] item: Leftovers
|upkeep
|turn|21
|
|t:|1757796954
|switch|p1a: Muk|Muk-Alola, F|78/100 par
|-damage|p1a: Muk|66/100 par|[from] Spikes
|move|p2a: Pecharunt|Malignant Chain|p1a: Muk
|-resisted|p1a: Muk
|-damage|p1a: Muk|56/100 par
|
|-weather|none
|upkeep
|turn|22
|
|t:|1757796960
|move|p2a: Pecharunt|Shadow Ball|p1a: Muk
|-resisted|p1a: Muk
|-damage|p1a: Muk|48/100 par
|move|p1a: Muk|Knock Off|p2a: Pecharunt
|-supereffective|p2a: Pecharunt
|-damage|p2a: Pecharunt|22/100
|
|upkeep
|turn|23
|
|t:|1757796977
|switch|p1a: Eregion|Tyranitar, F|79/100
|-damage|p1a: Eregion|67/100|[from] Spikes
|-weather|Sandstorm|[from] ability: Sand Stream|[of] p1a: Eregion
|move|p2a: Pecharunt|Shadow Ball|p1a: Eregion
|-resisted|p1a: Eregion
|-damage|p1a: Eregion|62/100
|
|-weather|Sandstorm|[upkeep]
|-damage|p2a: Pecharunt|16/100|[from] Sandstorm
|-heal|p1a: Eregion|68/100|[from] item: Leftovers
|upkeep
|turn|24
|
|t:|1757796981
|move|p2a: Pecharunt|Malignant Chain|p1a: Eregion
|-resisted|p1a: Eregion
|-crit|p1a: Eregion
|-damage|p1a: Eregion|59/100
|move|p1a: Eregion|Knock Off|p2a: Pecharunt
|-supereffective|p2a: Pecharunt
|-damage|p2a: Pecharunt|0 fnt
|faint|p2a: Pecharunt
|
|-weather|Sandstorm|[upkeep]
|-heal|p1a: Eregion|65/100|[from] item: Leftovers
|upkeep
|
|t:|1757796986
|switch|p2a: Hatterene|Hatterene, F|85/100
|-damage|p2a: Hatterene|73/100|[from] Stealth Rock
|turn|25
|
|t:|1757796991
|move|p1a: Eregion|Knock Off|p2a: Hatterene
|-damage|p2a: Hatterene|25/100
|-enditem|p2a: Hatterene|Assault Vest|[from] move: Knock Off|[of] p1a: Eregion
|move|p2a: Hatterene|Draining Kiss|p1a: Eregion
|-supereffective|p1a: Eregion
|-damage|p1a: Eregion|42/100
|-heal|p2a: Hatterene|47/100|[from] drain|[of] p1a: Eregion
|
|-weather|Sandstorm|[upkeep]
|-damage|p2a: Hatterene|41/100|[from] Sandstorm
|-heal|p1a: Eregion|48/100|[from] item: Leftovers
|upkeep
|turn|26
|
|t:|1757796994
|move|p1a: Eregion|Knock Off|p2a: Hatterene
|-damage|p2a: Hatterene|9/100
|move|p2a: Hatterene|Nuzzle|p1a: Eregion
|-damage|p1a: Eregion|45/100
|-status|p1a: Eregion|par
|
|-weather|Sandstorm|[upkeep]
|-damage|p2a: Hatterene|3/100|[from] Sandstorm
|-heal|p1a: Eregion|51/100 par|[from] item: Leftovers
|upkeep
|turn|27
|
|t:|1757796999
|move|p2a: Hatterene|Psychic Noise|p1a: Eregion
|-immune|p1a: Eregion
|cant|p1a: Eregion|par
|
|-weather|none
|-heal|p1a: Eregion|57/100 par|[from] item: Leftovers
|upkeep
|turn|28
|
|t:|1757797005
|move|p2a: Hatterene|Draining Kiss|p1a: Eregion
|-supereffective|p1a: Eregion
|-damage|p1a: Eregion|25/100 par
|-heal|p2a: Hatterene|34/100|[from] drain|[of] p1a: Eregion
|cant|p1a: Eregion|par
|
|-heal|p1a: Eregion|32/100 par|[from] item: Leftovers
|upkeep
|turn|29
|
|t:|1757797009
|move|p2a: Hatterene|Draining Kiss|p1a: Eregion
|-supereffective|p1a: Eregion
|-damage|p1a: Eregion|0 fnt
|-heal|p2a: Hatterene|63/100|[from] drain|[of] p1a: Eregion
|faint|p1a: Eregion
|
|upkeep
|
|t:|1757797012
|switch|p1a: Muk|Muk-Alola, F|48/100 par
|-damage|p1a: Muk|36/100 par|[from] Spikes
|turn|30
|
|t:|1757797015
|move|p2a: Hatterene|Draining Kiss|p1a: Muk
|-damage|p1a: Muk|19/100 par
|-heal|p2a: Hatterene|80/100|[from] drain|[of] p1a: Muk
|move|p1a: Muk|Poison Fang|p2a: Hatterene
|-supereffective|p2a: Hatterene
|-damage|p2a: Hatterene|42/100
|
|upkeep
|turn|31
|
|t:|1757797022
|move|p2a: Hatterene|Psychic Noise|p1a: Muk
|-immune|p1a: Muk
|move|p1a: Muk|Poison Fang|p2a: Hatterene
|-supereffective|p2a: Hatterene
|-damage|p2a: Hatterene|5/100
|-status|p2a: Hatterene|psn|[from] ability: Poison Touch|[of] p1a: Muk
|
|-damage|p2a: Hatterene|0 fnt|[from] psn
|faint|p2a: Hatterene
|upkeep
|
|t:|1757797025
|switch|p2a: Zamazenta|Zamazenta|100/100
|-damage|p2a: Zamazenta|94/100|[from] Stealth Rock
|-ability|p2a: Zamazenta|Dauntless Shield|boost
|-boost|p2a: Zamazenta|def|1
|turn|32
|
|t:|1757797037
|switch|p1a: Wire Sponge|Sinistcha, tera:Poison|24/100
|-damage|p1a: Wire Sponge|11/100|[from] Spikes
|move|p2a: Zamazenta|Substitute|p2a: Zamazenta
|-start|p2a: Zamazenta|Substitute
|-damage|p2a: Zamazenta|70/100
|
|-heal|p2a: Zamazenta|76/100|[from] item: Leftovers
|upkeep
|turn|33
|
|t:|1757797043
|move|p2a: Zamazenta|Iron Defense|p2a: Zamazenta
|-boost|p2a: Zamazenta|def|2
|move|p1a: Wire Sponge|Shadow Ball|p2a: Zamazenta
|-end|p2a: Zamazenta|Substitute
|
|-heal|p2a: Zamazenta|82/100|[from] item: Leftovers
|upkeep
|turn|34
|
|t:|1757797049
|switch|p1a: Sage Harpuia|Iron Valiant|100/100
|-damage|p1a: Sage Harpuia|88/100|[from] Spikes
|-enditem|p1a: Sage Harpuia|Booster Energy
|-activate|p1a: Sage Harpuia|ability: Quark Drive|[fromitem]
|-start|p1a: Sage Harpuia|quarkdrivespe
|move|p2a: Zamazenta|Body Press|p1a: Sage Harpuia
|-resisted|p1a: Sage Harpuia
|-damage|p1a: Sage Harpuia|30/100
|
|-heal|p2a: Zamazenta|88/100|[from] item: Leftovers
|upkeep
|turn|35
|
|t:|1757797074
|-terastallize|p2a: Zamazenta|Fire
|move|p1a: Sage Harpuia|Destiny Bond|p1a: Sage Harpuia
|-singlemove|p1a: Sage Harpuia|Destiny Bond
|move|p2a: Zamazenta|Crunch|p1a: Sage Harpuia
|-resisted|p1a: Sage Harpuia
|-damage|p1a: Sage Harpuia|23/100
|-unboost|p1a: Sage Harpuia|def|1
|
|-heal|p2a: Zamazenta|94/100|[from] item: Leftovers
|upkeep
|turn|36
|
|t:|1757797086
|move|p1a: Sage Harpuia|Encore|p2a: Zamazenta
|-start|p2a: Zamazenta|Encore
|move|p2a: Zamazenta|Crunch|p1a: Sage Harpuia
|-resisted|p1a: Sage Harpuia
|-damage|p1a: Sage Harpuia|14/100
|-unboost|p1a: Sage Harpuia|def|1
|
|-heal|p2a: Zamazenta|99/100|[from] item: Leftovers
|upkeep
|turn|37
|inactive|Acastillo631 has 120 seconds left.
|
|t:|1757797126
|move|p1a: Sage Harpuia|Moonblast|p2a: Zamazenta
|-resisted|p2a: Zamazenta
|-damage|p2a: Zamazenta|79/100
|-unboost|p2a: Zamazenta|spa|1
|move|p2a: Zamazenta|Crunch|p1a: Sage Harpuia
|-resisted|p1a: Sage Harpuia
|-crit|p1a: Sage Harpuia
|-damage|p1a: Sage Harpuia|0 fnt
|faint|p1a: Sage Harpuia
|-end|p1a: Sage Harpuia|Quark Drive|[silent]
|
|-heal|p2a: Zamazenta|86/100|[from] item: Leftovers
|upkeep
|
|t:|1757797145
|switch|p1a: Spiral Pegasus|Keldeo-Resolute|100/100
|turn|38
|
|t:|1757797148
|move|p2a: Zamazenta|Crunch|p1a: Spiral Pegasus
|-resisted|p1a: Spiral Pegasus
|-damage|p1a: Spiral Pegasus|88/100
|-ability|p1a: Spiral Pegasus|Justified|boost
|-boost|p1a: Spiral Pegasus|atk|1
|move|p1a: Spiral Pegasus|Surf|p2a: Zamazenta
|-supereffective|p2a: Zamazenta
|-damage|p2a: Zamazenta|4/100
|
|-heal|p2a: Zamazenta|10/100|[from] item: Leftovers
|-end|p2a: Zamazenta|Encore
|upkeep
|turn|39
|
|t:|1757797153
|move|p1a: Spiral Pegasus|Vacuum Wave|p2a: Zamazenta
|-damage|p2a: Zamazenta|0 fnt
|faint|p2a: Zamazenta
|
|win|Acastillo631
|raw|Acastillo631's rating: 1757 &rarr; <strong>1775</strong><br />(+18 for winning)
|raw|SlimyTime's rating: 1720 &rarr; <strong>1702</strong><br />(-18 for losing)
|l|☆SlimyTime
|player|p2|
|l|☆Acastillo631
|player|p1|
|l| FaronAan
