|j|☆OUOG Aelleden
|j|☆jessies boyfriend
|t:|1757896415
|gametype|singles
|player|p1|OUOG Aelleden|winona|1423
|player|p2|jessies boyfriend|brock|1433
|gen|9
|tier|[Gen 9] OU
|rated|
|rule|HP Percentage Mod: HP is shown in percentages
|rule|Endless Battle Clause: Forcing endless battles is banned
|rule|Species Clause: Limit one of each Pokémon
|rule|OHKO Clause: OHKO moves are banned
|rule|Evasion Items Clause: Evasion items are banned
|rule|Evasion Moves Clause: Evasion moves are banned
|rule|Evasion Abilities Clause: Evasion abilities are banned
|rule|Sleep Moves Clause: Sleep-inducing moves are banned
|clearpoke
|poke|p1|Pecharunt|
|poke|p1|Latios, M|
|poke|p1|Landorus-Therian, M|
|poke|p1|Great Tusk|
|poke|p1|Samurott-Hisui, M|
|poke|p1|Magnezone|
|poke|p2|Muk-Alola, M|
|poke|p2|Alomomola, F|
|poke|p2|Revavroom, M|
|poke|p2|Iron Moth|
|poke|p2|Great Tusk|
|poke|p2|Glimmora, F|
|teampreview
|inactive|Battle timer is ON: inactive players will automatically lose when time's up. (requested by jessies boyfriend)
|inactive|jessies boyfriend has 120 seconds left.
|
|t:|1757896452
|teamsize|p1|6
|teamsize|p2|6
|start
|switch|p1a: Latios|Latios, M|100/100
|switch|p2a: Muk|Muk-Alola, M|100/100
|turn|1
|
|t:|1757896475
|switch|p1a: Landorus|Landorus-Therian, M|100/100
|-ability|p1a: Landorus|Intimidate|boost
|-unboost|p2a: Muk|atk|1
|move|p2a: Muk|Knock Off|p1a: Landorus
|-damage|p1a: Landorus|75/100
|-status|p1a: Landorus|psn|[from] ability: Poison Touch|[of] p2a: Muk
|-enditem|p1a: Landorus|Choice Scarf|[from] move: Knock Off|[of] p2a: Muk
|
|-damage|p1a: Landorus|63/100 psn|[from] psn
|upkeep
|turn|2
|
|t:|1757896493
|switch|p2a: Alomomola|Alomomola, F|100/100
|move|p1a: Landorus|U-turn|p2a: Alomomola
|-damage|p2a: Alomomola|84/100
|
|t:|1757896500
|switch|p1a: Magnezone|Magnezone|100/100|[from] U-turn
|
|-heal|p2a: Alomomola|90/100|[from] item: Leftovers
|upkeep
|turn|3
|
|t:|1757896510
|switch|p2a: Muk|Muk-Alola, M|100/100
|move|p1a: Magnezone|Flash Cannon|p2a: Muk
|-damage|p2a: Muk|60/100
|
|upkeep
|turn|4
|
|t:|1757896520
|switch|p1a: Landorus|Landorus-Therian, M|63/100 psn
|-ability|p1a: Landorus|Intimidate|boost
|-unboost|p2a: Muk|atk|1
|move|p2a: Muk|Drain Punch|p1a: Landorus
|-resisted|p1a: Landorus
|-damage|p1a: Landorus|56/100 psn
|-heal|p2a: Muk|63/100|[from] drain|[of] p1a: Landorus
|
|-damage|p1a: Landorus|44/100 psn|[from] psn
|upkeep
|turn|5
|
|t:|1757896545
|switch|p2a: Alomomola|Alomomola, F|100/100
|move|p1a: Landorus|U-turn|p2a: Alomomola
|-damage|p2a: Alomomola|82/100
|
|t:|1757896560
|switch|p1a: Latios|Latios, M|100/100|[from] U-turn
|
|-heal|p2a: Alomomola|88/100|[from] item: Leftovers
|upkeep
|turn|6
|
|t:|1757896568
|switch|p2a: Muk|Muk-Alola, M|63/100
|move|p1a: Latios|Draco Meteor|p2a: Muk|[miss]
|-miss|p1a: Latios|p2a: Muk
|
|upkeep
|turn|7
|
|t:|1757896577
|switch|p1a: Landorus|Landorus-Therian, M|44/100 psn
|-ability|p1a: Landorus|Intimidate|boost
|-unboost|p2a: Muk|atk|1
|move|p2a: Muk|Knock Off|p1a: Landorus
|-damage|p1a: Landorus|26/100 psn
|
|-damage|p1a: Landorus|14/100 psn|[from] psn
|upkeep
|turn|8
|
|t:|1757896589
|switch|p2a: Alomomola|Alomomola, F|100/100
|move|p1a: Landorus|U-turn|p2a: Alomomola
|-damage|p2a: Alomomola|85/100
|
|t:|1757896593
|switch|p1a: Latios|Latios, M|100/100|[from] U-turn
|
|-heal|p2a: Alomomola|91/100|[from] item: Leftovers
|upkeep
|turn|9
|
|t:|1757896603
|move|p1a: Latios|Draco Meteor|p2a: Alomomola
|-damage|p2a: Alomomola|0 fnt
|-unboost|p1a: Latios|spa|2
|faint|p2a: Alomomola
|
|upkeep
|inactive|jessies boyfriend has 120 seconds left.
|
|t:|1757896643
|switch|p2a: Glimmora|Glimmora, F|100/100
|turn|10
|
|t:|1757896650
|switch|p1a: Magnezone|Magnezone|100/100
|move|p2a: Glimmora|Stealth Rock|p1a: Magnezone
|-sidestart|p1: OUOG Aelleden|move: Stealth Rock
|
|upkeep
|turn|11
|
|t:|1757896656
|move|p2a: Glimmora|Earth Power|p1a: Magnezone
|-supereffective|p1a: Magnezone
|-damage|p1a: Magnezone|0 fnt
|faint|p1a: Magnezone
|
|upkeep
|
|t:|1757896665
|switch|p1a: Great Tusk|Great Tusk|100/100
|turn|12
|
|t:|1757896676
|move|p2a: Glimmora|Spiky Shield|p2a: Glimmora
|-singleturn|p2a: Glimmora|move: Protect
|move|p1a: Great Tusk|Rapid Spin|p2a: Glimmora
|-activate|p2a: Glimmora|move: Protect
|-damage|p1a: Great Tusk|88/100|[from] Spiky Shield|[of] p2a: Glimmora
|
|upkeep
|turn|13
|
|t:|1757896685
|move|p1a: Great Tusk|Headlong Rush|p2a: Glimmora
|-supereffective|p2a: Glimmora
|-damage|p2a: Glimmora|0 fnt
|-unboost|p1a: Great Tusk|def|1
|-unboost|p1a: Great Tusk|spd|1
|-activate|p2a: Glimmora|ability: Toxic Debris
|-sidestart|p1: OUOG Aelleden|move: Toxic Spikes
|faint|p2a: Glimmora
|
|upkeep
|
|t:|1757896694
|switch|p2a: Iron Moth|Iron Moth|100/100
|turn|14
|
|t:|1757896699
|-end|p1a: Great Tusk|Protosynthesis|[silent]
|switch|p1a: Landorus|Landorus-Therian, M|14/100 psn
|-damage|p1a: Landorus|1/100 psn|[from] Stealth Rock
|-ability|p1a: Landorus|Intimidate|boost
|-unboost|p2a: Iron Moth|atk|1
|move|p2a: Iron Moth|Fire Blast|p1a: Landorus|[miss]
|-miss|p2a: Iron Moth|p1a: Landorus
|
|-damage|p1a: Landorus|0 fnt|[from] psn
|faint|p1a: Landorus
|upkeep
|
|t:|1757896710
|switch|p1a: Pecharunt|Pecharunt|100/100
|-damage|p1a: Pecharunt|88/100|[from] Stealth Rock
|-sideend|p1: OUOG Aelleden|move: Toxic Spikes|[of] p1a: Pecharunt
|turn|15
|
|t:|1757896718
|switch|p1a: Samurott|Samurott-Hisui, M|100/100
|-damage|p1a: Samurott|88/100|[from] Stealth Rock
|move|p2a: Iron Moth|Fire Blast|p1a: Samurott
|-resisted|p1a: Samurott
|-damage|p1a: Samurott|65/100
|
|upkeep
|turn|16
|
|t:|1757896727
|-end|p2a: Iron Moth|Quark Drive|[silent]
|switch|p2a: Muk|Muk-Alola, M|63/100
|move|p1a: Samurott|Razor Shell|p2a: Muk|[miss]
|-miss|p1a: Samurott|p2a: Muk
|
|upkeep
|turn|17
|c|☆OUOG Aelleden|bruh
|c|☆OUOG Aelleden|Can I hit moves
|c|☆OUOG Aelleden|so I can finally win this game
|
|t:|1757896746
|switch|p1a: Pecharunt|Pecharunt|88/100
|-damage|p1a: Pecharunt|76/100|[from] Stealth Rock
|move|p2a: Muk|Drain Punch|p1a: Pecharunt
|-immune|p1a: Pecharunt
|
|upkeep
|turn|18
|
|t:|1757896755
|move|p1a: Pecharunt|Parting Shot|p2a: Muk
|-unboost|p2a: Muk|atk|1
|-unboost|p2a: Muk|spa|1
|
|t:|1757896760
|switch|p1a: Great Tusk|Great Tusk|88/100|[from] Parting Shot
|move|p2a: Muk|Knock Off|p1a: Great Tusk
|-resisted|p1a: Great Tusk
|-damage|p1a: Great Tusk|80/100
|-status|p1a: Great Tusk|psn|[from] ability: Poison Touch|[of] p2a: Muk
|-enditem|p1a: Great Tusk|Heavy-Duty Boots|[from] move: Knock Off|[of] p2a: Muk
|
|-damage|p1a: Great Tusk|68/100 psn|[from] psn
|upkeep
|turn|19
|
|t:|1757896774
|-terastallize|p2a: Muk|Ghost
|move|p1a: Great Tusk|Rapid Spin|p2a: Muk
|-immune|p2a: Muk
|move|p2a: Muk|Drain Punch|p1a: Great Tusk
|-damage|p1a: Great Tusk|61/100 psn
|-heal|p2a: Muk|67/100|[from] drain|[of] p1a: Great Tusk
|
|-damage|p1a: Great Tusk|48/100 psn|[from] psn
|upkeep
|turn|20
|
|t:|1757896793
|move|p1a: Great Tusk|Headlong Rush|p2a: Muk
|-damage|p2a: Muk|27/100
|-unboost|p1a: Great Tusk|def|1
|-unboost|p1a: Great Tusk|spd|1
|move|p2a: Muk|Drain Punch|p1a: Great Tusk
|-damage|p1a: Great Tusk|37/100 psn
|-heal|p2a: Muk|33/100|[from] drain|[of] p1a: Great Tusk
|
|-damage|p1a: Great Tusk|25/100 psn|[from] psn
|upkeep
|turn|21
|
|t:|1757896819
|move|p2a: Muk|Shadow Sneak|p1a: Great Tusk
|-damage|p1a: Great Tusk|15/100 psn
|move|p1a: Great Tusk|Headlong Rush|p2a: Muk
|-damage|p2a: Muk|0 fnt
|-unboost|p1a: Great Tusk|def|1
|-unboost|p1a: Great Tusk|spd|1
|faint|p2a: Muk
|
|-damage|p1a: Great Tusk|3/100 psn|[from] psn
|upkeep
|
|t:|1757896828
|switch|p2a: Great Tusk|Great Tusk|100/100
|-enditem|p2a: Great Tusk|Booster Energy
|-activate|p2a: Great Tusk|ability: Protosynthesis|[fromitem]
|-start|p2a: Great Tusk|protosynthesisspe
|turn|22
|
|t:|1757896833
|-end|p1a: Great Tusk|Protosynthesis|[silent]
|switch|p1a: Pecharunt|Pecharunt|76/100
|-damage|p1a: Pecharunt|63/100|[from] Stealth Rock
|move|p2a: Great Tusk|Rapid Spin|p1a: Pecharunt
|-immune|p1a: Pecharunt
|
|upkeep
|turn|23
|
|t:|1757896841
|move|p2a: Great Tusk|Headlong Rush|p1a: Pecharunt
|-supereffective|p1a: Pecharunt
|-damage|p1a: Pecharunt|17/100
|-unboost|p2a: Great Tusk|def|1
|-unboost|p2a: Great Tusk|spd|1
|-damage|p2a: Great Tusk|84/100|[from] item: Rocky Helmet|[of] p1a: Pecharunt
|move|p1a: Pecharunt|Toxic|p2a: Great Tusk
|-status|p2a: Great Tusk|tox
|-start|p2a: Great Tusk|confusion|[from] ability: Poison Puppeteer|[of] p1a: Pecharunt
|
|-damage|p2a: Great Tusk|78/100 tox|[from] psn
|upkeep
|turn|24
|
|t:|1757896857
|switch|p1a: Great Tusk|Great Tusk|3/100 psn
|-damage|p1a: Great Tusk|0 fnt|[from] Stealth Rock
|faint|p1a: Great Tusk
|-end|p1a: Great Tusk|Protosynthesis|[silent]
|-activate|p2a: Great Tusk|confusion
|move|p2a: Great Tusk|Headlong Rush|p1: Great Tusk|[notarget]
|-fail|p2a: Great Tusk
|
|-damage|p2a: Great Tusk|66/100 tox|[from] psn
|upkeep
|
|t:|1757896869
|switch|p1a: Latios|Latios, M|100/100
|-damage|p1a: Latios|88/100|[from] Stealth Rock
|turn|25
|
|t:|1757896878
|switch|p1a: Pecharunt|Pecharunt|17/100
|-damage|p1a: Pecharunt|4/100|[from] Stealth Rock
|-end|p2a: Great Tusk|confusion
|move|p2a: Great Tusk|Ice Spinner|p1a: Pecharunt
|-damage|p1a: Pecharunt|0 fnt
|-damage|p2a: Great Tusk|49/100 tox|[from] item: Rocky Helmet|[of] p1a: Pecharunt
|faint|p1a: Pecharunt
|
|-damage|p2a: Great Tusk|31/100 tox|[from] psn
|upkeep
|
|t:|1757896898
|switch|p1a: Latios|Latios, M|88/100
|-damage|p1a: Latios|76/100|[from] Stealth Rock
|turn|26
|inactive|OUOG Aelleden has 120 seconds left.
|
|t:|1757896914
|-terastallize|p1a: Latios|Water
|move|p2a: Great Tusk|Ice Spinner|p1a: Latios
|-resisted|p1a: Latios
|-damage|p1a: Latios|61/100
|move|p1a: Latios|Surf|p2a: Great Tusk
|-supereffective|p2a: Great Tusk
|-damage|p2a: Great Tusk|0 fnt
|faint|p2a: Great Tusk
|-end|p2a: Great Tusk|Protosynthesis|[silent]
|
|upkeep
|
|t:|1757896924
|switch|p2a: Revavroom|Revavroom, M|100/100
|turn|27
|
|t:|1757896928
|move|p1a: Latios|Surf|p2a: Revavroom
|-damage|p2a: Revavroom|33/100
|move|p2a: Revavroom|Shift Gear|p2a: Revavroom
|-boost|p2a: Revavroom|spe|2
|-boost|p2a: Revavroom|atk|1
|
|-heal|p2a: Revavroom|39/100|[from] item: Leftovers
|upkeep
|turn|28
|
|t:|1757896935
|move|p2a: Revavroom|Iron Head|p1a: Latios
|-resisted|p1a: Latios
|-damage|p1a: Latios|27/100
|move|p1a: Latios|Surf|p2a: Revavroom
|-damage|p2a: Revavroom|0 fnt
|faint|p2a: Revavroom
|
|upkeep
|
|t:|1757896941
|switch|p2a: Iron Moth|Iron Moth|100/100
|turn|29
|
|t:|1757896943
|move|p1a: Latios|Surf|p2a: Iron Moth
|-supereffective|p2a: Iron Moth
|-damage|p2a: Iron Moth|0 fnt
|faint|p2a: Iron Moth
|-end|p2a: Iron Moth|Quark Drive|[silent]
|
|win|OUOG Aelleden
|raw|OUOG Aelleden's rating: 1423 &rarr; <strong>1444</strong><br />(+21 for winning)
|raw|jessies boyfriend's rating: 1433 &rarr; <strong>1412</strong><br />(-21 for losing)
|l|☆jessies boyfriend
|player|p2|
|l|☆OUOG Aelleden
|player|p1|
