|j|☆Alitiantian
|j|☆him duncan
|t:|1757910173
|gametype|singles
|player|p1|Alitiantian|265|1397
|player|p2|him duncan|1|1366
|gen|9
|tier|[Gen 9] OU
|rated|
|rule|HP Percentage Mod: HP is shown in percentages
|rule|Endless Battle Clause: Forcing endless battles is banned
|rule|Species Clause: Limit one of each Pokémon
|rule|OHKO Clause: OHKO moves are banned
|rule|Evasion Items Clause: Evasion items are banned
|rule|Evasion Moves Clause: Evasion moves are banned
|rule|Evasion Abilities Clause: Evasion abilities are banned
|rule|Sleep Moves Clause: Sleep-inducing moves are banned
|clearpoke
|poke|p1|Heatran, M|
|poke|p1|Rillaboom, M|
|poke|p1|Ogerpon-Wellspring, F|
|poke|p1|Dragapult, M|
|poke|p1|Great Tusk|
|poke|p1|Bronzong|
|poke|p2|Volcanion|
|poke|p2|Alomomola, M|
|poke|p2|Gliscor, F|
|poke|p2|Kingambit, F|
|poke|p2|Zamazenta-*|
|poke|p2|Glimmora, M|
|teampreview
|inactive|Battle timer is ON: inactive players will automatically lose when time's up. (requested by him duncan)
|
|t:|1757910199
|teamsize|p1|6
|teamsize|p2|6
|start
|switch|p1a: Starburst|Great Tusk|100/100
|switch|p2a: Volcanion|Volcanion|100/100
|turn|1
|
|t:|1757910212
|switch|p2a: Alomomola|Alomomola, M|100/100
|move|p1a: Starburst|Headlong Rush|p2a: Alomomola
|-damage|p2a: Alomomola|61/100
|-unboost|p1a: Starburst|def|1
|-unboost|p1a: Starburst|spd|1
|-damage|p1a: Starburst|84/100|[from] item: Rocky Helmet|[of] p2a: Alomomola
|
|upkeep
|turn|2
|
|t:|1757910229
|-end|p1a: Starburst|Protosynthesis|[silent]
|switch|p1a: Starforce|Ogerpon-Wellspring, F|100/100
|switch|p2a: Gliscor|Gliscor, F|100/100
|
|-status|p2a: Gliscor|tox|[from] item: Toxic Orb
|upkeep
|turn|3
|
|t:|1757910242
|switch|p2a: Volcanion|Volcanion|100/100
|move|p1a: Starforce|Ivy Cudgel|p2a: Volcanion|[anim] Ivy Cudgel Water
|-immune|p2a: Volcanion|[from] ability: Water Absorb
|
|upkeep
|turn|4
|
|t:|1757910261
|switch|p1a: Starblaze|Heatran, M|100/100
|move|p2a: Volcanion|Will-O-Wisp|p1a: Starblaze
|-start|p1a: Starblaze|ability: Flash Fire
|
|upkeep
|turn|5
|inactive|Alitiantian has 120 seconds left.
|
|t:|1757910286
|-end|p1a: Starblaze|ability: Flash Fire|[silent]
|switch|p1a: Starscream|Dragapult, M|100/100
|move|p2a: Volcanion|Earth Power|p1a: Starscream
|-damage|p1a: Starscream|54/100
|
|upkeep
|turn|6
|
|t:|1757910310
|switch|p2a: Gliscor|Gliscor, F|100/100 tox
|move|p1a: Starscream|Draco Meteor|p2a: Gliscor
|-damage|p2a: Gliscor|27/100 tox
|-unboost|p1a: Starscream|spa|2
|
|-heal|p2a: Gliscor|40/100 tox|[from] ability: Poison Heal
|upkeep
|turn|7
|
|t:|1757910318
|move|p2a: Gliscor|Protect|p2a: Gliscor
|-singleturn|p2a: Gliscor|Protect
|move|p1a: Starscream|Draco Meteor|p2a: Gliscor
|-activate|p2a: Gliscor|move: Protect
|
|-heal|p2a: Gliscor|52/100 tox|[from] ability: Poison Heal
|upkeep
|turn|8
|
|t:|1757910324
|switch|p1a: Stardrum|Rillaboom, M|100/100
|-fieldstart|move: Grassy Terrain|[from] ability: Grassy Surge|[of] p1a: Stardrum
|move|p2a: Gliscor|Knock Off|p1a: Stardrum
|-crit|p1a: Stardrum
|-damage|p1a: Stardrum|72/100
|-enditem|p1a: Stardrum|Terrain Extender|[from] move: Knock Off|[of] p2a: Gliscor
|
|-heal|p1a: Stardrum|78/100|[from] Grassy Terrain
|-heal|p2a: Gliscor|65/100 tox|[from] ability: Poison Heal
|upkeep
|turn|9
|
|t:|1757910334
|move|p2a: Gliscor|Protect|p2a: Gliscor
|-singleturn|p2a: Gliscor|Protect
|move|p1a: Stardrum|U-turn|p2a: Gliscor
|-activate|p2a: Gliscor|move: Protect
|
|-heal|p1a: Stardrum|84/100|[from] Grassy Terrain
|-heal|p2a: Gliscor|77/100 tox|[from] ability: Poison Heal
|upkeep
|turn|10
|
|t:|1757910338
|move|p2a: Gliscor|U-turn|p1a: Stardrum
|-supereffective|p1a: Stardrum
|-damage|p1a: Stardrum|52/100
|
|t:|1757910345
|switch|p2a: Glimmora|Glimmora, M|100/100|[from] U-turn
|move|p1a: Stardrum|U-turn|p2a: Glimmora
|-resisted|p2a: Glimmora
|-damage|p2a: Glimmora|89/100
|-activate|p2a: Glimmora|ability: Toxic Debris
|-sidestart|p1: Alitiantian|move: Toxic Spikes
|-enditem|p2a: Glimmora|Red Card|[of] p1a: Stardrum
|drag|p1a: Starscream|Dragapult, M|54/100
|-status|p1a: Starscream|psn
|
|-heal|p1a: Starscream|60/100 psn|[from] Grassy Terrain
|-heal|p2a: Glimmora|95/100|[from] Grassy Terrain
|-damage|p1a: Starscream|48/100 psn|[from] psn
|upkeep
|turn|11
|
|t:|1757910359
|move|p1a: Starscream|Draco Meteor|p2a: Glimmora
|-damage|p2a: Glimmora|23/100
|-unboost|p1a: Starscream|spa|2
|move|p2a: Glimmora|Power Gem|p1a: Starscream
|-damage|p1a: Starscream|2/100 psn
|
|-heal|p1a: Starscream|8/100 psn|[from] Grassy Terrain
|-heal|p2a: Glimmora|29/100|[from] Grassy Terrain
|-damage|p1a: Starscream|0 fnt|[from] psn
|faint|p1a: Starscream
|upkeep
|
|t:|1757910368
|switch|p1a: Starburst|Great Tusk|84/100
|turn|12
|
|t:|1757910388
|move|p1a: Starburst|Headlong Rush|p2a: Glimmora
|-supereffective|p2a: Glimmora
|-damage|p2a: Glimmora|0 fnt
|-unboost|p1a: Starburst|def|1
|-unboost|p1a: Starburst|spd|1
|-activate|p2a: Glimmora|ability: Toxic Debris
|-sidestart|p1: Alitiantian|move: Toxic Spikes
|faint|p2a: Glimmora
|
|-heal|p1a: Starburst|90/100|[from] Grassy Terrain
|upkeep
|inactive|him duncan has 120 seconds left.
|
|t:|1757910409
|switch|p2a: Gliscor|Gliscor, F|77/100 tox
|turn|13
|
|t:|1757910413
|move|p1a: Starburst|Rapid Spin|p2a: Gliscor
|-damage|p2a: Gliscor|64/100 tox
|-boost|p1a: Starburst|spe|1
|-sideend|p1: Alitiantian|Toxic Spikes|[from] move: Rapid Spin|[of] p1a: Starburst
|move|p2a: Gliscor|Toxic|p1a: Starburst
|-status|p1a: Starburst|tox
|
|-heal|p1a: Starburst|96/100 tox|[from] Grassy Terrain
|-damage|p1a: Starburst|90/100 tox|[from] psn
|-heal|p2a: Gliscor|77/100 tox|[from] ability: Poison Heal
|upkeep
|turn|14
|
|t:|1757910431
|-end|p1a: Starburst|Protosynthesis|[silent]
|switch|p1a: Starforce|Ogerpon-Wellspring, F|100/100
|move|p2a: Gliscor|Protect||[still]
|-fail|p2a: Gliscor
|
|-heal|p2a: Gliscor|89/100 tox|[from] ability: Poison Heal
|upkeep
|turn|15
|
|t:|1757910438
|switch|p2a: Alomomola|Alomomola, M|94/100
|move|p1a: Starforce|Swords Dance|p1a: Starforce
|-boost|p1a: Starforce|atk|2
|
|-heal|p2a: Alomomola|100/100|[from] Grassy Terrain
|-fieldend|move: Grassy Terrain
|upkeep
|turn|16
|
|t:|1757910448
|move|p1a: Starforce|Swords Dance|p1a: Starforce
|-boost|p1a: Starforce|atk|2
|move|p2a: Alomomola|Tickle|p1a: Starforce
|-unboost|p1a: Starforce|atk|1
|-unboost|p1a: Starforce|def|1
|
|upkeep
|turn|17
|
|t:|1757910458
|move|p1a: Starforce|Grassy Glide|p2a: Alomomola
|-supereffective|p2a: Alomomola
|-damage|p2a: Alomomola|0 fnt
|-damage|p1a: Starforce|84/100|[from] item: Rocky Helmet|[of] p2a: Alomomola
|faint|p2a: Alomomola
|
|upkeep
|
|t:|1757910462
|switch|p2a: Zamazenta|Zamazenta|100/100
|-ability|p2a: Zamazenta|Dauntless Shield|boost
|-boost|p2a: Zamazenta|def|1
|turn|18
|
|t:|1757910468
|switch|p1a: Starlink|Bronzong, shiny|100/100
|move|p2a: Zamazenta|Close Combat|p1a: Starlink
|-damage|p1a: Starlink|52/100
|-unboost|p2a: Zamazenta|def|1
|-unboost|p2a: Zamazenta|spd|1
|-damage|p2a: Zamazenta|91/100|[from] item: Life Orb
|
|upkeep
|turn|19
|inactive|him duncan has 120 seconds left.
|
|t:|1757910519
|switch|p2a: Gliscor|Gliscor, F|89/100 tox
|move|p1a: Starlink|Future Sight|p2a: Gliscor
|-start|p1a: Starlink|move: Future Sight
|
|-heal|p2a: Gliscor|100/100 tox|[from] ability: Poison Heal
|upkeep
|turn|20
|
|t:|1757910542
|switch|p1a: Stardrum|Rillaboom, M|52/100
|-fieldstart|move: Grassy Terrain|[from] ability: Grassy Surge|[of] p1a: Stardrum
|move|p2a: Gliscor|U-turn|p1a: Stardrum
|-supereffective|p1a: Stardrum
|-damage|p1a: Stardrum|22/100
|
|t:|1757910547
|switch|p2a: Kingambit|Kingambit, F|100/100|[from] U-turn
|-activate|p2a: Kingambit|ability: Supreme Overlord
|-start|p2a: Kingambit|fallen2|[silent]
|-item|p2a: Kingambit|Air Balloon
|
|-heal|p1a: Stardrum|28/100|[from] Grassy Terrain
|upkeep
|turn|21
|
|t:|1757910565
|move|p1a: Stardrum|Low Kick|p2a: Kingambit
|-supereffective|p2a: Kingambit
|-damage|p2a: Kingambit|0 fnt
|-enditem|p2a: Kingambit|Air Balloon
|faint|p2a: Kingambit
|-end|p2a: Kingambit|fallen2|[silent]
|
|-hint|Future Sight did not hit because the target is fainted.
|-heal|p1a: Stardrum|34/100|[from] Grassy Terrain
|upkeep
|
|t:|1757910575
|switch|p2a: Zamazenta|Zamazenta|91/100
|turn|22
|
|t:|1757910581
|switch|p1a: Starlink|Bronzong, shiny|52/100
|move|p2a: Zamazenta|Ice Fang|p1a: Starlink
|-resisted|p1a: Starlink
|-damage|p1a: Starlink|43/100
|-status|p1a: Starlink|frz
|-damage|p2a: Zamazenta|81/100|[from] item: Life Orb
|
|-heal|p2a: Zamazenta|87/100|[from] Grassy Terrain
|upkeep
|turn|23
|
|t:|1757910588
|move|p2a: Zamazenta|Crunch|p1a: Starlink
|-supereffective|p1a: Starlink
|-enditem|p1a: Starlink|Colbur Berry|[eat]
|-enditem|p1a: Starlink|Colbur Berry|[weaken]
|-damage|p1a: Starlink|19/100 frz
|-unboost|p1a: Starlink|def|1
|-damage|p2a: Zamazenta|77/100|[from] item: Life Orb
|-curestatus|p1a: Starlink|frz|[msg]
|move|p1a: Starlink|Psychic Noise|p2a: Zamazenta
|-supereffective|p2a: Zamazenta
|-damage|p2a: Zamazenta|36/100
|-start|p2a: Zamazenta|move: Heal Block
|
|upkeep
|turn|24
|inactive|him duncan has 120 seconds left.
|
|t:|1757910610
|move|p2a: Zamazenta|Crunch|p1a: Starlink
|-supereffective|p1a: Starlink
|-damage|p1a: Starlink|0 fnt
|faint|p1a: Starlink
|-damage|p2a: Zamazenta|27/100|[from] item: Life Orb
|
|-end|p2a: Zamazenta|move: Heal Block
|-fieldend|move: Grassy Terrain
|upkeep
|
|t:|1757910619
|switch|p1a: Stardrum|Rillaboom, M|34/100
|-fieldstart|move: Grassy Terrain|[from] ability: Grassy Surge|[of] p1a: Stardrum
|turn|25
|
|t:|1757910623
|switch|p2a: Gliscor|Gliscor, F|100/100 tox
|move|p1a: Stardrum|Grassy Glide|p2a: Gliscor
|-damage|p2a: Gliscor|70/100 tox
|
|-heal|p1a: Stardrum|41/100|[from] Grassy Terrain
|-heal|p2a: Gliscor|82/100 tox|[from] ability: Poison Heal
|upkeep
|turn|26
|
|t:|1757910642
|switch|p1a: Starburst|Great Tusk|90/100 tox
|move|p2a: Gliscor|U-turn|p1a: Starburst
|-resisted|p1a: Starburst
|-damage|p1a: Starburst|85/100 tox
|
|t:|1757910648
|switch|p2a: Volcanion|Volcanion|100/100|[from] U-turn
|
|-heal|p1a: Starburst|91/100 tox|[from] Grassy Terrain
|-damage|p1a: Starburst|85/100 tox|[from] psn
|upkeep
|turn|27
|
|t:|1757910653
|-terastallize|p2a: Volcanion|Grass
|move|p1a: Starburst|Headlong Rush|p2a: Volcanion
|-resisted|p2a: Volcanion
|-damage|p2a: Volcanion|70/100
|-unboost|p1a: Starburst|def|1
|-unboost|p1a: Starburst|spd|1
|move|p2a: Volcanion|Steam Eruption|p1a: Starburst
|-supereffective|p1a: Starburst
|-damage|p1a: Starburst|0 fnt
|faint|p1a: Starburst
|-end|p1a: Starburst|Protosynthesis|[silent]
|
|-heal|p2a: Volcanion|76/100|[from] Grassy Terrain
|upkeep
|
|t:|1757910664
|switch|p1a: Starblaze|Heatran, M|100/100
|turn|28
|
|t:|1757910671
|switch|p2a: Gliscor|Gliscor, F|82/100 tox
|-terastallize|p1a: Starblaze|Grass
|move|p1a: Starblaze|Magma Storm|p2a: Gliscor
|-crit|p2a: Gliscor
|-damage|p2a: Gliscor|27/100 tox
|-activate|p2a: Gliscor|move: Magma Storm|[of] p1a: Starblaze
|
|-heal|p2a: Gliscor|40/100 tox|[from] ability: Poison Heal
|-damage|p2a: Gliscor|27/100 tox|[from] move: Magma Storm|[partiallytrapped]
|upkeep
|turn|29
|
|t:|1757910687
|move|p2a: Gliscor|Protect|p2a: Gliscor
|-singleturn|p2a: Gliscor|Protect
|move|p1a: Starblaze|Magma Storm|p2a: Gliscor
|-activate|p2a: Gliscor|move: Protect
|
|-heal|p2a: Gliscor|40/100 tox|[from] ability: Poison Heal
|-damage|p2a: Gliscor|27/100 tox|[from] move: Magma Storm|[partiallytrapped]
|-fieldend|move: Grassy Terrain
|upkeep
|turn|30
|
|t:|1757910690
|move|p2a: Gliscor|Toxic|p1a: Starblaze
|-status|p1a: Starblaze|tox
|move|p1a: Starblaze|Magma Storm|p2a: Gliscor
|-damage|p2a: Gliscor|0 fnt
|faint|p2a: Gliscor
|
|-damage|p1a: Starblaze|94/100 tox|[from] psn
|upkeep
|
|t:|1757910692
|switch|p2a: Zamazenta|Zamazenta|27/100
|turn|31
|inactive|him duncan has 120 seconds left.
|
|t:|1757910726
|switch|p1a: Stardrum|Rillaboom, M|41/100
|-fieldstart|move: Grassy Terrain|[from] ability: Grassy Surge|[of] p1a: Stardrum
|move|p2a: Zamazenta|Close Combat|p1a: Stardrum
|-damage|p1a: Stardrum|0 fnt
|-unboost|p2a: Zamazenta|def|1
|-unboost|p2a: Zamazenta|spd|1
|faint|p1a: Stardrum
|-damage|p2a: Zamazenta|17/100|[from] item: Life Orb
|
|-heal|p2a: Zamazenta|23/100|[from] Grassy Terrain
|upkeep
|
|t:|1757910731
|switch|p1a: Starforce|Ogerpon-Wellspring, F|84/100
|turn|32
|
|t:|1757910737
|move|p1a: Starforce|Grassy Glide|p2a: Zamazenta
|-damage|p2a: Zamazenta|0 fnt
|faint|p2a: Zamazenta
|
|-heal|p1a: Starforce|90/100|[from] Grassy Terrain
|upkeep
|
|t:|1757910739
|switch|p2a: Volcanion|Volcanion, tera:Grass|76/100
|turn|33
|
|t:|1757910747
|move|p1a: Starforce|Swords Dance|p1a: Starforce
|-boost|p1a: Starforce|atk|2
|move|p2a: Volcanion|Will-O-Wisp|p1a: Starforce
|-status|p1a: Starforce|brn
|
|-heal|p1a: Starforce|96/100 brn|[from] Grassy Terrain
|-heal|p2a: Volcanion|82/100|[from] Grassy Terrain
|-damage|p1a: Starforce|90/100 brn|[from] brn
|upkeep
|turn|34
|
|t:|1757910752
|move|p1a: Starforce|Play Rough|p2a: Volcanion
|-damage|p2a: Volcanion|47/100
|move|p2a: Volcanion|Flamethrower|p1a: Starforce
|-damage|p1a: Starforce|27/100 brn
|
|-heal|p1a: Starforce|33/100 brn|[from] Grassy Terrain
|-heal|p2a: Volcanion|53/100|[from] Grassy Terrain
|-damage|p1a: Starforce|27/100 brn|[from] brn
|upkeep
|turn|35
|
|t:|1757910758
|move|p1a: Starforce|Play Rough|p2a: Volcanion
|-damage|p2a: Volcanion|19/100
|move|p2a: Volcanion|Flamethrower|p1a: Starforce
|-damage|p1a: Starforce|0 fnt
|faint|p1a: Starforce
|
|-heal|p2a: Volcanion|25/100|[from] Grassy Terrain
|-fieldend|move: Grassy Terrain
|upkeep
|
|t:|1757910763
|switch|p1a: Starblaze|Heatran, M, tera:Grass|94/100 tox
|turn|36
|
|t:|1757910766
|move|p2a: Volcanion|Steam Eruption|p1a: Starblaze
|-resisted|p1a: Starblaze
|-damage|p1a: Starblaze|74/100 tox
|move|p1a: Starblaze|Magma Storm|p2a: Volcanion
|-supereffective|p2a: Volcanion
|-damage|p2a: Volcanion|0 fnt
|faint|p2a: Volcanion
|
|win|Alitiantian
|raw|Alitiantian's rating: 1397 &rarr; <strong>1415</strong><br />(+18 for winning)
|raw|him duncan's rating: 1366 &rarr; <strong>1348</strong><br />(-18 for losing)
|l|☆him duncan
|player|p2|
|l|☆Alitiantian
|player|p1|
