|j|☆Dylan1234
|j|‽tasty sardine 408
|t:|1757904755
|gametype|singles
|player|p1|Dylan1234|1|1581
|player|p2|tasty sardine 408|harlequin|1626
|gen|9
|tier|[Gen 9] OU
|rated|
|rule|HP Percentage Mod: HP is shown in percentages
|rule|Endless Battle Clause: Forcing endless battles is banned
|rule|Species Clause: Limit one of each Pokémon
|rule|OHKO Clause: OHKO moves are banned
|rule|Evasion Items Clause: Evasion items are banned
|rule|Evasion Moves Clause: Evasion moves are banned
|rule|Evasion Abilities Clause: Evasion abilities are banned
|rule|Sleep Moves Clause: Sleep-inducing moves are banned
|clearpoke
|poke|p1|Walking Wake|
|poke|p1|Raging Bolt|
|poke|p1|Ceruledge, F|
|poke|p1|Torkoal, M|
|poke|p1|Primarina, F|
|poke|p1|Landorus-Therian, M|
|poke|p2|Umbreon, M|
|poke|p2|Serperior, F|
|poke|p2|Cresselia, F|
|poke|p2|Revavroom, M|
|poke|p2|Skeledirge, M|
|poke|p2|Manaphy|
|teampreview
|inactive|Battle timer is ON: inactive players will automatically lose when time's up. (requested by Dylan1234)
|
|t:|1757904762
|teamsize|p1|6
|teamsize|p2|6
|start
|switch|p1a: Landorus|Landorus-Therian, M|100/100
|switch|p2a: Serperior|Serperior, F, shiny|100/100
|-ability|p1a: Landorus|Intimidate|boost
|-boost|p2a: Serperior|atk|1
|turn|1
|
|t:|1757904771
|move|p2a: Serperior|Glare|p1a: Landorus
|-status|p1a: Landorus|par
|move|p1a: Landorus|U-turn|p2a: Serperior
|-supereffective|p2a: Serperior
|-damage|p2a: Serperior|63/100
|
|t:|1757904777
|switch|p1a: Torkoal|Torkoal, M|100/100|[from] U-turn
|-weather|SunnyDay|[from] ability: Drought|[of] p1a: Torkoal
|
|-weather|SunnyDay|[upkeep]
|-heal|p2a: Serperior|69/100|[from] item: Leftovers
|upkeep
|turn|2
|
|t:|1757904783
|-terastallize|p2a: Serperior|Electric
|move|p2a: Serperior|Glare|p1a: Torkoal
|-status|p1a: Torkoal|par
|move|p1a: Torkoal|Lava Plume|p2a: Serperior
|-damage|p2a: Serperior|35/100
|
|-weather|SunnyDay|[upkeep]
|-heal|p2a: Serperior|41/100|[from] item: Leftovers
|upkeep
|turn|3
|
|t:|1757904793
|move|p2a: Serperior|Synthesis|p2a: Serperior
|-heal|p2a: Serperior|100/100
|move|p1a: Torkoal|Earth Power|p2a: Serperior
|-supereffective|p2a: Serperior
|-crit|p2a: Serperior
|-damage|p2a: Serperior|45/100
|
|-weather|SunnyDay|[upkeep]
|-heal|p2a: Serperior|51/100|[from] item: Leftovers
|upkeep
|turn|4
|
|t:|1757904803
|switch|p1a: Walking Wake|Walking Wake|100/100
|-activate|p1a: Walking Wake|ability: Protosynthesis
|-start|p1a: Walking Wake|protosynthesisspe
|move|p2a: Serperior|Synthesis|p2a: Serperior
|-heal|p2a: Serperior|100/100
|
|-weather|SunnyDay|[upkeep]
|upkeep
|turn|5
|
|t:|1757904811
|move|p1a: Walking Wake|Draco Meteor|p2a: Serperior
|-damage|p2a: Serperior|0 fnt
|-unboost|p1a: Walking Wake|spa|2
|faint|p2a: Serperior
|
|-weather|SunnyDay|[upkeep]
|upkeep
|
|t:|1757904819
|switch|p2a: Manaphy|Manaphy, shiny|100/100
|turn|6
|
|t:|1757904825
|-end|p1a: Walking Wake|Protosynthesis|[silent]
|switch|p1a: Raging Bolt|Raging Bolt|100/100
|-activate|p1a: Raging Bolt|ability: Protosynthesis
|-start|p1a: Raging Bolt|protosynthesisspa
|move|p2a: Manaphy|Take Heart|p2a: Manaphy
|-boost|p2a: Manaphy|spa|1
|-boost|p2a: Manaphy|spd|1
|
|-weather|SunnyDay|[upkeep]
|upkeep
|turn|7
|
|t:|1757904835
|move|p2a: Manaphy|Take Heart|p2a: Manaphy
|-boost|p2a: Manaphy|spa|1
|-boost|p2a: Manaphy|spd|1
|move|p1a: Raging Bolt|Volt Switch|p2a: Manaphy
|-supereffective|p2a: Manaphy
|-damage|p2a: Manaphy|35/100
|
|t:|1757904849
|-end|p1a: Raging Bolt|Protosynthesis|[silent]
|switch|p1a: Walking Wake|Walking Wake|100/100|[from] Volt Switch
|-activate|p1a: Walking Wake|ability: Protosynthesis
|-start|p1a: Walking Wake|protosynthesisspe
|
|-weather|SunnyDay|[upkeep]
|-heal|p2a: Manaphy|41/100|[from] item: Leftovers
|upkeep
|turn|8
|
|t:|1757904854
|move|p1a: Walking Wake|Draco Meteor|p2a: Manaphy
|-damage|p2a: Manaphy|0 fnt
|-unboost|p1a: Walking Wake|spa|2
|faint|p2a: Manaphy
|
|-weather|none
|-end|p1a: Walking Wake|Protosynthesis
|upkeep
|
|t:|1757904859
|switch|p2a: Cresselia|Cresselia, F, shiny|100/100
|turn|9
|
|t:|1757904870
|-end|p1a: Walking Wake|Protosynthesis|[silent]
|switch|p1a: Torkoal|Torkoal, M|100/100 par
|-weather|SunnyDay|[from] ability: Drought|[of] p1a: Torkoal
|switch|p2a: Umbreon|Umbreon, M, shiny|100/100
|
|-weather|SunnyDay|[upkeep]
|upkeep
|turn|10
|
|t:|1757904879
|move|p2a: Umbreon|Foul Play|p1a: Torkoal
|-damage|p1a: Torkoal|87/100 par
|move|p1a: Torkoal|Will-O-Wisp||[still]
|-status|p2a: Umbreon|brn
|-activate|p2a: Umbreon|ability: Synchronize
|-fail|p2a: Umbreon
|
|-weather|SunnyDay|[upkeep]
|-damage|p2a: Umbreon|94/100 brn|[from] brn
|upkeep
|turn|11
|inactive|Dylan1234 has 120 seconds left.
|
|t:|1757904911
|switch|p2a: Cresselia|Cresselia, F, shiny|100/100
|switch|p1a: Raging Bolt|Raging Bolt|100/100
|-activate|p1a: Raging Bolt|ability: Protosynthesis
|-start|p1a: Raging Bolt|protosynthesisspa
|
|-weather|SunnyDay|[upkeep]
|upkeep
|turn|12
|
|t:|1757904916
|move|p1a: Raging Bolt|Weather Ball|p2a: Cresselia
|-damage|p2a: Cresselia|19/100
|move|p2a: Cresselia|Calm Mind|p2a: Cresselia
|-boost|p2a: Cresselia|spa|1
|-boost|p2a: Cresselia|spd|1
|
|-weather|SunnyDay|[upkeep]
|-heal|p2a: Cresselia|25/100|[from] item: Leftovers
|upkeep
|turn|13
|
|t:|1757904921
|move|p1a: Raging Bolt|Weather Ball|p2a: Cresselia
|-crit|p2a: Cresselia
|-damage|p2a: Cresselia|0 fnt
|faint|p2a: Cresselia
|
|-weather|SunnyDay|[upkeep]
|upkeep
|
|t:|1757904923
|switch|p2a: Skeledirge|Skeledirge, M, shiny|100/100
|turn|14
|
|t:|1757904928
|move|p1a: Raging Bolt|Weather Ball|p2a: Skeledirge
|-resisted|p2a: Skeledirge
|-damage|p2a: Skeledirge|53/100
|move|p2a: Skeledirge|Will-O-Wisp|p1a: Raging Bolt
|-status|p1a: Raging Bolt|brn
|
|-weather|SunnyDay|[upkeep]
|-damage|p1a: Raging Bolt|94/100 brn|[from] brn
|upkeep
|turn|15
|
|t:|1757904934
|move|p1a: Raging Bolt|Weather Ball|p2a: Skeledirge
|-resisted|p2a: Skeledirge
|-damage|p2a: Skeledirge|8/100
|move|p2a: Skeledirge|Slack Off|p2a: Skeledirge
|-heal|p2a: Skeledirge|58/100
|
|-weather|SunnyDay|[upkeep]
|-damage|p1a: Raging Bolt|88/100 brn|[from] brn
|upkeep
|turn|16
|
|t:|1757904944
|move|p1a: Raging Bolt|Weather Ball|p2a: Skeledirge
|-resisted|p2a: Skeledirge
|-damage|p2a: Skeledirge|11/100
|move|p2a: Skeledirge|Will-O-Wisp|p1a: Raging Bolt
|-fail|p1a: Raging Bolt|brn
|
|-weather|none
|-end|p1a: Raging Bolt|Protosynthesis
|-damage|p1a: Raging Bolt|82/100 brn|[from] brn
|upkeep
|turn|17
|
|t:|1757904950
|-end|p1a: Raging Bolt|Protosynthesis|[silent]
|switch|p1a: Torkoal|Torkoal, M|87/100 par
|-weather|SunnyDay|[from] ability: Drought|[of] p1a: Torkoal
|move|p2a: Skeledirge|Slack Off|p2a: Skeledirge
|-heal|p2a: Skeledirge|61/100
|
|-weather|SunnyDay|[upkeep]
|upkeep
|turn|18
|
|t:|1757904961
|move|p2a: Skeledirge|Torch Song|p1a: Torkoal
|-resisted|p1a: Torkoal
|-damage|p1a: Torkoal|58/100 par
|-boost|p2a: Skeledirge|spa|1
|move|p1a: Torkoal|Earth Power|p2a: Skeledirge
|-supereffective|p2a: Skeledirge
|-damage|p2a: Skeledirge|34/100
|
|-weather|SunnyDay|[upkeep]
|upkeep
|turn|19
|
|t:|1757904964
|switch|p1a: Walking Wake|Walking Wake|100/100
|-activate|p1a: Walking Wake|ability: Protosynthesis
|-start|p1a: Walking Wake|protosynthesisspe
|move|p2a: Skeledirge|Slack Off|p2a: Skeledirge
|-heal|p2a: Skeledirge|84/100
|
|-weather|SunnyDay|[upkeep]
|upkeep
|turn|20
|
|t:|1757904972
|-terastallize|p1a: Walking Wake|Water
|move|p1a: Walking Wake|Hydro Steam|p2a: Skeledirge
|-supereffective|p2a: Skeledirge
|-damage|p2a: Skeledirge|0 fnt
|faint|p2a: Skeledirge
|
|-weather|SunnyDay|[upkeep]
|upkeep
|
|t:|1757904977
|switch|p2a: Revavroom|Revavroom, M, shiny|100/100
|-item|p2a: Revavroom|Air Balloon
|turn|21
|
|t:|1757904978
|move|p1a: Walking Wake|Hydro Steam|p2a: Revavroom
|-damage|p2a: Revavroom|0 fnt
|-enditem|p2a: Revavroom|Air Balloon
|faint|p2a: Revavroom
|
|-weather|SunnyDay|[upkeep]
|upkeep
|-message|tasty sardine 408 forfeited.
|
|win|Dylan1234
|raw|Dylan1234's rating: 1581 &rarr; <strong>1604</strong><br />(+23 for winning)
|raw|tasty sardine 408's rating: 1626 &rarr; <strong>1603</strong><br />(-23 for losing)
|l|‽tasty sardine 408
|player|p2|
|l|☆Dylan1234
|player|p1|
