|j|☆CilenTreeco
|j|☆its8teyffir
|t:|1757833005
|gametype|singles
|player|p1|CilenTreeco|1|1226
|player|p2|its8teyffir|1|1259
|gen|9
|tier|[Gen 9] OU
|rated|
|rule|HP Percentage Mod: HP is shown in percentages
|rule|Endless Battle Clause: Forcing endless battles is banned
|rule|Species Clause: Limit one of each Pokémon
|rule|OHKO Clause: OHKO moves are banned
|rule|Evasion Items Clause: Evasion items are banned
|rule|Evasion Moves Clause: Evasion moves are banned
|rule|Evasion Abilities Clause: Evasion abilities are banned
|rule|Sleep Moves Clause: Sleep-inducing moves are banned
|clearpoke
|poke|p1|Gholdengo|
|poke|p1|Quaquaval, M|
|poke|p1|Armarouge, F|
|poke|p1|Goodra-Hisui, F|
|poke|p1|Toxicroak, M|
|poke|p1|Mamoswine, M|
|poke|p2|Araquanid, F|
|poke|p2|Scizor, F|
|poke|p2|Landorus-Therian, M|
|poke|p2|Ninetales-Alola, F|
|poke|p2|Gholdengo|
|poke|p2|Clefable, M|
|teampreview
|
|t:|1757833013
|teamsize|p1|6
|teamsize|p2|6
|start
|switch|p1a: Armarouge|Armarouge, F, shiny|100/100
|switch|p2a: Landorus|Landorus-Therian, M|100/100
|-ability|p2a: Landorus|Intimidate|boost
|-unboost|p1a: Armarouge|atk|1
|turn|1
|
|t:|1757833017
|move|p2a: Landorus|Earth Power|p1a: Armarouge
|-supereffective|p1a: Armarouge
|-damage|p1a: Armarouge|0 fnt
|faint|p1a: Armarouge
|
|upkeep
|
|t:|1757833021
|switch|p1a: Mamoswine|Mamoswine, M|100/100
|turn|2
|
|t:|1757833024
|switch|p2a: Ninetales|Ninetales-Alola, F|100/100
|-weather|Snowscape|[from] ability: Snow Warning|[of] p2a: Ninetales
|move|p1a: Mamoswine|Icicle Crash|p2a: Ninetales
|-resisted|p2a: Ninetales
|-damage|p2a: Ninetales|75/100
|
|-weather|Snowscape|[upkeep]
|upkeep
|turn|3
|
|t:|1757833029
|switch|p1a: Goodra|Goodra-Hisui, F|100/100
|move|p2a: Ninetales|Aurora Veil|p2a: Ninetales
|-sidestart|p2: its8teyffir|move: Aurora Veil
|
|-weather|Snowscape|[upkeep]
|upkeep
|turn|4
|
|t:|1757833039
|switch|p2a: Gholdengo|Gholdengo|100/100
|move|p1a: Goodra|Heavy Slam|p2a: Gholdengo
|-resisted|p2a: Gholdengo
|-damage|p2a: Gholdengo|87/100
|
|-weather|Snowscape|[upkeep]
|upkeep
|turn|5
|
|t:|1757833050
|switch|p2a: Araquanid|Araquanid, F|100/100
|move|p1a: Goodra|Dragon Tail|p2a: Araquanid
|-damage|p2a: Araquanid|88/100
|drag|p2a: Scizor|Scizor, F|100/100
|
|-weather|Snowscape|[upkeep]
|upkeep
|turn|6
|
|t:|1757833060
|move|p2a: Scizor|Knock Off|p1a: Goodra
|-damage|p1a: Goodra|74/100
|-enditem|p1a: Goodra|Assault Vest|[from] move: Knock Off|[of] p2a: Scizor
|move|p1a: Goodra|Knock Off|p2a: Scizor
|-damage|p2a: Scizor|92/100
|-damage|p1a: Goodra|57/100|[from] item: Rocky Helmet|[of] p2a: Scizor
|-enditem|p2a: Scizor|Rocky Helmet|[from] move: Knock Off|[of] p1a: Goodra
|
|-weather|none
|upkeep
|turn|7
|
|t:|1757833069
|move|p2a: Scizor|Bullet Punch|p1a: Goodra
|-resisted|p1a: Goodra
|-damage|p1a: Goodra|44/100
|move|p1a: Goodra|Dragon Tail|p2a: Scizor
|-resisted|p2a: Scizor
|-damage|p2a: Scizor|88/100
|drag|p2a: Landorus|Landorus-Therian, M|100/100
|-ability|p2a: Landorus|Intimidate|boost
|-unboost|p1a: Goodra|atk|1
|
|upkeep
|turn|8
|
|t:|1757833083
|switch|p1a: Gholdengo|Gholdengo, shiny|100/100
|-item|p1a: Gholdengo|Air Balloon
|move|p2a: Landorus|Earth Power|p1a: Gholdengo
|-immune|p1a: Gholdengo
|
|upkeep
|turn|9
|
|t:|1757833087
|move|p2a: Landorus|U-turn|p1a: Gholdengo
|-resisted|p1a: Gholdengo
|-damage|p1a: Gholdengo|95/100
|-enditem|p1a: Gholdengo|Air Balloon
|
|t:|1757833092
|switch|p2a: Araquanid|Araquanid, F|88/100|[from] U-turn
|move|p1a: Gholdengo|Nasty Plot|p1a: Gholdengo
|-boost|p1a: Gholdengo|spa|2
|
|upkeep
|turn|10
|
|t:|1757833111
|move|p1a: Gholdengo|Shadow Ball|p2a: Araquanid
|-damage|p2a: Araquanid|56/100
|move|p2a: Araquanid|Liquidation|p1a: Gholdengo
|-damage|p1a: Gholdengo|0 fnt
|faint|p1a: Gholdengo
|
|-sideend|p2: its8teyffir|move: Aurora Veil
|upkeep
|
|t:|1757833120
|switch|p1a: Mamoswine|Mamoswine, M|100/100
|turn|11
|
|t:|1757833125
|move|p1a: Mamoswine|Heavy Slam|p2a: Araquanid
|-resisted|p2a: Araquanid
|-damage|p2a: Araquanid|38/100
|move|p2a: Araquanid|Liquidation|p1a: Mamoswine
|-supereffective|p1a: Mamoswine
|-damage|p1a: Mamoswine|0 fnt
|faint|p1a: Mamoswine
|
|upkeep
|-message|CilenTreeco forfeited.
|
|win|its8teyffir
|raw|CilenTreeco's rating: 1226 &rarr; <strong>1203</strong><br />(-23 for losing)
|raw|its8teyffir's rating: 1259 &rarr; <strong>1282</strong><br />(+23 for winning)
|l|☆CilenTreeco
|player|p1|
|l|☆its8teyffir
|player|p2|
