|j|☆KingPikaPika
|j|☆jushu
|t:|1757949639
|gametype|singles
|player|p1|KingPikaPika|pokekid|1772
|player|p2|jushu|dawn-gen4pt|1711
|gen|9
|tier|[Gen 9] OU
|rated|
|rule|HP Percentage Mod: HP is shown in percentages
|rule|Endless Battle Clause: Forcing endless battles is banned
|rule|Species Clause: Limit one of each Pokémon
|rule|OHKO Clause: OHKO moves are banned
|rule|Evasion Items Clause: Evasion items are banned
|rule|Evasion Moves Clause: Evasion moves are banned
|rule|Evasion Abilities Clause: Evasion abilities are banned
|rule|Sleep Moves Clause: Sleep-inducing moves are banned
|clearpoke
|poke|p1|Landorus-Therian, M|
|poke|p1|Clefable, F|
|poke|p1|Iron Treads|
|poke|p1|Raging Bolt|
|poke|p1|Ceruledge, F|
|poke|p1|Darkrai|
|poke|p2|Torkoal, M|
|poke|p2|Hatterene, F|
|poke|p2|Walking Wake|
|poke|p2|Venusaur, F|
|poke|p2|Sandy Shocks|
|poke|p2|Zapdos-Galar|
|teampreview
|inactive|Battle timer is ON: inactive players will automatically lose when time's up. (requested by KingPikaPika)
|j| runningitdownmid
|
|t:|1757949658
|teamsize|p1|6
|teamsize|p2|6
|start
|switch|p1a: Iron Treads|Iron Treads|100/100
|switch|p2a: Torkoal|Torkoal, M|100/100
|-weather|SunnyDay|[from] ability: Drought|[of] p2a: Torkoal
|-enditem|p1a: Iron Treads|Booster Energy
|-activate|p1a: Iron Treads|ability: Quark Drive|[fromitem]
|-start|p1a: Iron Treads|quarkdrivespe
|turn|1
|
|t:|1757949663
|move|p1a: Iron Treads|Earth Power|p2a: Torkoal
|-supereffective|p2a: Torkoal
|-damage|p2a: Torkoal|22/100
|move|p2a: Torkoal|Will-O-Wisp|p1a: Iron Treads
|-status|p1a: Iron Treads|brn
|
|-weather|SunnyDay|[upkeep]
|-damage|p1a: Iron Treads|94/100 brn|[from] brn
|upkeep
|turn|2
|
|t:|1757949672
|switch|p2a: Hatterene|Hatterene, F|100/100
|move|p1a: Iron Treads|Earth Power|p2a: Hatterene
|-damage|p2a: Hatterene|68/100
|-enditem|p2a: Hatterene|Eject Button
|
|t:|1757949674
|switch|p2a: Walking Wake|Walking Wake|100/100
|-activate|p2a: Walking Wake|ability: Protosynthesis
|-start|p2a: Walking Wake|protosynthesisspe
|
|-weather|SunnyDay|[upkeep]
|-damage|p1a: Iron Treads|88/100 brn|[from] brn
|upkeep
|turn|3
|
|t:|1757949676
|move|p2a: Walking Wake|Hydro Steam|p1a: Iron Treads
|-supereffective|p1a: Iron Treads
|-damage|p1a: Iron Treads|0 fnt
|faint|p1a: Iron Treads
|-end|p1a: Iron Treads|Quark Drive|[silent]
|
|-weather|SunnyDay|[upkeep]
|upkeep
|
|t:|1757949680
|switch|p1a: Raging Bolt|Raging Bolt|100/100
|-activate|p1a: Raging Bolt|ability: Protosynthesis
|-start|p1a: Raging Bolt|protosynthesisspa
|turn|4
|inactive|jushu has 120 seconds left.
|j| Muke100
|
|t:|1757949711
|-end|p2a: Walking Wake|Protosynthesis|[silent]
|switch|p2a: Sandy Shocks|Sandy Shocks|100/100
|-activate|p2a: Sandy Shocks|ability: Protosynthesis
|-start|p2a: Sandy Shocks|protosynthesisspa
|move|p1a: Raging Bolt|Calm Mind|p1a: Raging Bolt
|-boost|p1a: Raging Bolt|spa|1
|-boost|p1a: Raging Bolt|spd|1
|
|-weather|SunnyDay|[upkeep]
|upkeep
|turn|5
|
|t:|1757949715
|move|p1a: Raging Bolt|Dragon Pulse|p2a: Sandy Shocks
|-damage|p2a: Sandy Shocks|21/100
|move|p2a: Sandy Shocks|Mirror Coat|p1a: Raging Bolt
|-damage|p1a: Raging Bolt|0 fnt
|faint|p1a: Raging Bolt
|-end|p1a: Raging Bolt|Protosynthesis|[silent]
|
|-weather|SunnyDay|[upkeep]
|upkeep
|
|t:|1757949727
|switch|p1a: Ceruledge|Ceruledge, F|100/100
|turn|6
|
|t:|1757949735
|move|p1a: Ceruledge|Shadow Sneak|p2a: Sandy Shocks
|-damage|p2a: Sandy Shocks|0 fnt
|faint|p2a: Sandy Shocks
|-end|p2a: Sandy Shocks|Protosynthesis|[silent]
|
|-weather|SunnyDay|[upkeep]
|upkeep
|l| Muke100
|
|t:|1757949742
|switch|p2a: Walking Wake|Walking Wake|100/100
|-activate|p2a: Walking Wake|ability: Protosynthesis
|-start|p2a: Walking Wake|protosynthesisspe
|turn|7
|
|t:|1757949744
|move|p2a: Walking Wake|Hydro Steam|p1a: Ceruledge
|-supereffective|p1a: Ceruledge
|-enditem|p1a: Ceruledge|Focus Sash
|-damage|p1a: Ceruledge|1/100
|move|p1a: Ceruledge|Poltergeist|p2a: Walking Wake
|-activate|p2a: Walking Wake|move: Poltergeist|Choice Specs
|-damage|p2a: Walking Wake|42/100
|
|-weather|SunnyDay|[upkeep]
|upkeep
|turn|8
|
|t:|1757949747
|move|p1a: Ceruledge|Shadow Sneak|p2a: Walking Wake
|-damage|p2a: Walking Wake|21/100
|move|p2a: Walking Wake|Hydro Steam|p1a: Ceruledge
|-supereffective|p1a: Ceruledge
|-crit|p1a: Ceruledge
|-damage|p1a: Ceruledge|0 fnt
|faint|p1a: Ceruledge
|
|-weather|none
|-end|p2a: Walking Wake|Protosynthesis
|upkeep
|
|t:|1757949749
|switch|p1a: Landorus|Landorus-Therian, M|100/100
|-ability|p1a: Landorus|Intimidate|boost
|-unboost|p2a: Walking Wake|atk|1
|turn|9
|
|t:|1757949759
|-end|p2a: Walking Wake|Protosynthesis|[silent]
|switch|p2a: Torkoal|Torkoal, M|22/100
|-weather|SunnyDay|[from] ability: Drought|[of] p2a: Torkoal
|move|p1a: Landorus|Bulk Up|p1a: Landorus
|-boost|p1a: Landorus|atk|1
|-boost|p1a: Landorus|def|1
|
|-weather|SunnyDay|[upkeep]
|upkeep
|turn|10
|
|t:|1757949762
|move|p1a: Landorus|Substitute|p1a: Landorus
|-start|p1a: Landorus|Substitute
|-damage|p1a: Landorus|76/100
|move|p2a: Torkoal|Lava Plume|p1a: Landorus
|-end|p1a: Landorus|Substitute
|
|-weather|SunnyDay|[upkeep]
|-heal|p1a: Landorus|82/100|[from] item: Leftovers
|upkeep
|turn|11
|
|t:|1757949767
|-terastallize|p1a: Landorus|Water
|move|p1a: Landorus|Substitute|p1a: Landorus
|-start|p1a: Landorus|Substitute
|-damage|p1a: Landorus|57/100
|move|p2a: Torkoal|Lava Plume|p1a: Landorus
|-resisted|p1a: Landorus
|-activate|p1a: Landorus|move: Substitute|[damage]
|
|-weather|SunnyDay|[upkeep]
|-heal|p1a: Landorus|63/100|[from] item: Leftovers
|upkeep
|turn|12
|
|t:|1757949773
|switch|p2a: Zapdos|Zapdos-Galar|100/100
|move|p1a: Landorus|Bulk Up|p1a: Landorus
|-boost|p1a: Landorus|atk|1
|-boost|p1a: Landorus|def|1
|
|-weather|SunnyDay|[upkeep]
|-heal|p1a: Landorus|69/100|[from] item: Leftovers
|upkeep
|turn|13
|
|t:|1757949779
|move|p2a: Zapdos|Close Combat|p1a: Landorus
|-crit|p1a: Landorus
|-end|p1a: Landorus|Substitute
|-unboost|p2a: Zapdos|def|1
|-unboost|p2a: Zapdos|spd|1
|move|p1a: Landorus|Substitute|p1a: Landorus
|-start|p1a: Landorus|Substitute
|-damage|p1a: Landorus|44/100
|
|-weather|SunnyDay|[upkeep]
|-heal|p1a: Landorus|50/100|[from] item: Leftovers
|upkeep
|turn|14
|
|t:|1757949784
|move|p2a: Zapdos|Close Combat|p1a: Landorus
|-end|p1a: Landorus|Substitute
|-unboost|p2a: Zapdos|def|1
|-unboost|p2a: Zapdos|spd|1
|move|p1a: Landorus|Smack Down|p2a: Zapdos
|-damage|p2a: Zapdos|32/100
|-start|p2a: Zapdos|Smack Down
|
|-weather|SunnyDay|[upkeep]
|-heal|p1a: Landorus|56/100|[from] item: Leftovers
|upkeep
|turn|15
|
|t:|1757949793
|move|p2a: Zapdos|Close Combat|p1a: Landorus
|-damage|p1a: Landorus|11/100
|-unboost|p2a: Zapdos|def|1
|-unboost|p2a: Zapdos|spd|1
|move|p1a: Landorus|Substitute|p1a: Landorus
|-fail|p1a: Landorus|move: Substitute|[weak]
|
|-weather|SunnyDay|[upkeep]
|-heal|p1a: Landorus|17/100|[from] item: Leftovers
|upkeep
|turn|16
|
|t:|1757949796
|move|p2a: Zapdos|Close Combat|p1a: Landorus
|-damage|p1a: Landorus|0 fnt
|-unboost|p2a: Zapdos|def|1
|-unboost|p2a: Zapdos|spd|1
|faint|p1a: Landorus
|
|-weather|none
|upkeep
|
|t:|1757949798
|switch|p1a: Clefable|Clefable, F|100/100
|turn|17
|
|t:|1757949802
|switch|p2a: Hatterene|Hatterene, F|68/100
|move|p1a: Clefable|Cosmic Power|p1a: Clefable
|-boost|p1a: Clefable|def|1
|-boost|p1a: Clefable|spd|1
|
|upkeep
|turn|18
|
|t:|1757949809
|move|p1a: Clefable|Cosmic Power|p1a: Clefable
|-boost|p1a: Clefable|def|1
|-boost|p1a: Clefable|spd|1
|move|p2a: Hatterene|Psychic Noise|p1a: Clefable
|-damage|p1a: Clefable|85/100
|-start|p1a: Clefable|move: Heal Block
|
|upkeep
|turn|19
|
|t:|1757949812
|move|p1a: Clefable|Calm Mind|p1a: Clefable
|-boost|p1a: Clefable|spa|1
|-boost|p1a: Clefable|spd|1
|move|p2a: Hatterene|Mystical Fire|p1a: Clefable
|-damage|p1a: Clefable|77/100
|-unboost|p1a: Clefable|spa|1
|
|-end|p1a: Clefable|move: Heal Block
|upkeep
|turn|20
|
|t:|1757949822
|move|p1a: Clefable|Cosmic Power|p1a: Clefable
|-boost|p1a: Clefable|def|1
|-boost|p1a: Clefable|spd|1
|move|p2a: Hatterene|Psychic Noise|p1a: Clefable
|-damage|p1a: Clefable|66/100
|-start|p1a: Clefable|move: Heal Block
|
|upkeep
|turn|21
|
|t:|1757949828
|move|p1a: Clefable|Cosmic Power|p1a: Clefable
|-boost|p1a: Clefable|def|1
|-boost|p1a: Clefable|spd|1
|move|p2a: Hatterene|Mystical Fire|p1a: Clefable
|-damage|p1a: Clefable|61/100
|-unboost|p1a: Clefable|spa|1
|
|-end|p1a: Clefable|move: Heal Block
|upkeep
|turn|22
|
|t:|1757949831
|move|p1a: Clefable|Cosmic Power|p1a: Clefable
|-boost|p1a: Clefable|def|1
|-boost|p1a: Clefable|spd|1
|move|p2a: Hatterene|Psychic Noise|p1a: Clefable
|-damage|p1a: Clefable|53/100
|-start|p1a: Clefable|move: Heal Block
|
|upkeep
|turn|23
|
|t:|1757949834
|move|p1a: Clefable|Cosmic Power|p1a: Clefable
|-boost|p1a: Clefable|def|1
|-boost|p1a: Clefable|spd|0
|move|p2a: Hatterene|Mystical Fire|p1a: Clefable
|-damage|p1a: Clefable|47/100
|-unboost|p1a: Clefable|spa|1
|
|-end|p1a: Clefable|move: Heal Block
|upkeep
|turn|24
|
|t:|1757949836
|move|p1a: Clefable|Moonlight|p1a: Clefable
|-heal|p1a: Clefable|97/100
|move|p2a: Hatterene|Psychic Noise|p1a: Clefable
|-damage|p1a: Clefable|89/100
|-start|p1a: Clefable|move: Heal Block
|
|upkeep
|turn|25
|
|t:|1757949839
|move|p1a: Clefable|Calm Mind|p1a: Clefable
|-boost|p1a: Clefable|spa|1
|-boost|p1a: Clefable|spd|0
|move|p2a: Hatterene|Mystical Fire|p1a: Clefable
|-damage|p1a: Clefable|83/100
|-unboost|p1a: Clefable|spa|1
|
|-end|p1a: Clefable|move: Heal Block
|upkeep
|turn|26
|
|t:|1757949842
|move|p1a: Clefable|Calm Mind|p1a: Clefable
|-boost|p1a: Clefable|spa|1
|-boost|p1a: Clefable|spd|0
|move|p2a: Hatterene|Psychic Noise|p1a: Clefable
|-damage|p1a: Clefable|75/100
|-start|p1a: Clefable|move: Heal Block
|
|upkeep
|turn|27
|
|t:|1757949843
|move|p1a: Clefable|Calm Mind|p1a: Clefable
|-boost|p1a: Clefable|spa|1
|-boost|p1a: Clefable|spd|0
|move|p2a: Hatterene|Mystical Fire|p1a: Clefable
|-damage|p1a: Clefable|69/100
|-unboost|p1a: Clefable|spa|1
|
|-end|p1a: Clefable|move: Heal Block
|upkeep
|turn|28
|
|t:|1757949846
|move|p1a: Clefable|Calm Mind|p1a: Clefable
|-boost|p1a: Clefable|spa|1
|-boost|p1a: Clefable|spd|0
|move|p2a: Hatterene|Psychic Noise|p1a: Clefable
|-damage|p1a: Clefable|61/100
|-start|p1a: Clefable|move: Heal Block
|
|upkeep
|turn|29
|
|t:|1757949851
|move|p1a: Clefable|Calm Mind|p1a: Clefable
|-boost|p1a: Clefable|spa|1
|-boost|p1a: Clefable|spd|0
|move|p2a: Hatterene|Mystical Fire|p1a: Clefable
|-damage|p1a: Clefable|55/100
|-unboost|p1a: Clefable|spa|1
|
|-end|p1a: Clefable|move: Heal Block
|upkeep
|turn|30
|
|t:|1757949853
|move|p1a: Clefable|Calm Mind|p1a: Clefable
|-boost|p1a: Clefable|spa|1
|-boost|p1a: Clefable|spd|0
|move|p2a: Hatterene|Psychic Noise|p1a: Clefable
|-damage|p1a: Clefable|46/100
|-start|p1a: Clefable|move: Heal Block
|
|upkeep
|turn|31
|
|t:|1757949858
|move|p1a: Clefable|Calm Mind|p1a: Clefable
|-boost|p1a: Clefable|spa|1
|-boost|p1a: Clefable|spd|0
|move|p2a: Hatterene|Healing Wish|p2a: Hatterene
|faint|p2a: Hatterene
|
|-end|p1a: Clefable|move: Heal Block
|upkeep
|
|t:|1757949864
|switch|p2a: Zapdos|Zapdos-Galar|32/100
|-heal|p2a: Zapdos|100/100|[from] move: Healing Wish
|turn|32
|
|t:|1757949868
|move|p2a: Zapdos|Brave Bird|p1a: Clefable
|-damage|p1a: Clefable|27/100
|-damage|p2a: Zapdos|93/100|[from] Recoil
|move|p1a: Clefable|Moonlight|p1a: Clefable
|-heal|p1a: Clefable|77/100
|
|-heal|p1a: Clefable|83/100|[from] item: Leftovers
|upkeep
|turn|33
|
|t:|1757949872
|switch|p2a: Torkoal|Torkoal, M|22/100
|-weather|SunnyDay|[from] ability: Drought|[of] p2a: Torkoal
|move|p1a: Clefable|Calm Mind|p1a: Clefable
|-boost|p1a: Clefable|spa|1
|-boost|p1a: Clefable|spd|0
|
|-weather|SunnyDay|[upkeep]
|-heal|p1a: Clefable|89/100|[from] item: Leftovers
|upkeep
|turn|34
|
|t:|1757949874
|move|p1a: Clefable|Moonblast|p2a: Torkoal
|-resisted|p2a: Torkoal
|-damage|p2a: Torkoal|0 fnt
|faint|p2a: Torkoal
|
|-weather|SunnyDay|[upkeep]
|-heal|p1a: Clefable|95/100|[from] item: Leftovers
|upkeep
|-message|jushu forfeited.
|
|win|KingPikaPika
|raw|KingPikaPika's rating: 1772 &rarr; <strong>1787</strong><br />(+15 for winning)
|raw|jushu's rating: 1685 &rarr; <strong>1670</strong><br />(-15 for losing)
|l|☆jushu
|player|p2|
|l|☆KingPikaPika
|player|p1|
|l| runningitdownmid
