|j|☆DhavyP
|j|☆UnPlatanoQueHabla
|t:|1757913741
|gametype|singles
|player|p1|DhavyP|1|1078
|player|p2|UnPlatanoQueHabla|266|1070
|gen|9
|tier|[Gen 9] OU
|rated|
|rule|HP Percentage Mod: HP is shown in percentages
|rule|Endless Battle Clause: Forcing endless battles is banned
|rule|Species Clause: Limit one of each Pokémon
|rule|OHKO Clause: OHKO moves are banned
|rule|Evasion Items Clause: Evasion items are banned
|rule|Evasion Moves Clause: Evasion moves are banned
|rule|Evasion Abilities Clause: Evasion abilities are banned
|rule|Sleep Moves Clause: Sleep-inducing moves are banned
|clearpoke
|poke|p1|Raging Bolt|
|poke|p1|Iron Valiant|
|poke|p1|Garganacl, M|
|poke|p1|Tauros-Paldea-Blaze, M|
|poke|p1|Meowscarada, F|
|poke|p1|Inteleon, M|
|poke|p2|Malamar, M|
|poke|p2|Darkrai|
|poke|p2|Hatterene, F|
|poke|p2|Dragonite, M|
|poke|p2|Noivern, M|
|poke|p2|Glimmora, F|
|teampreview
|inactive|Battle timer is ON: inactive players will automatically lose when time's up. (requested by DhavyP)
|
|t:|1757913749
|teamsize|p1|6
|teamsize|p2|6
|start
|switch|p1a: Inteleon|Inteleon, M, shiny|100/100
|switch|p2a: Glimmora|Glimmora, F|100/100
|turn|1
|
|t:|1757913757
|move|p1a: Inteleon|Snipe Shot|p2a: Glimmora
|-supereffective|p2a: Glimmora
|-enditem|p2a: Glimmora|Focus Sash
|-damage|p2a: Glimmora|1/100
|move|p2a: Glimmora|Spikes|p1a: Inteleon
|-sidestart|p1: DhavyP|Spikes
|
|upkeep
|turn|2
|
|t:|1757913764
|move|p1a: Inteleon|Snipe Shot|p2a: Glimmora
|-supereffective|p2a: Glimmora
|-crit|p2a: Glimmora
|-damage|p2a: Glimmora|0 fnt
|faint|p2a: Glimmora
|
|upkeep
|
|t:|1757913774
|switch|p2a: Malamar|Malamar, M|100/100
|turn|3
|
|t:|1757913784
|move|p1a: Inteleon|Snipe Shot|p2a: Malamar
|-crit|p2a: Malamar
|-damage|p2a: Malamar|4/100
|move|p2a: Malamar|Destiny Bond|p2a: Malamar
|-singlemove|p2a: Malamar|Destiny Bond
|
|upkeep
|turn|4
|
|t:|1757913794
|move|p1a: Inteleon|Taunt|p2a: Malamar
|-start|p2a: Malamar|move: Taunt
|move|p2a: Malamar|Psychic|p1a: Inteleon
|-damage|p1a: Inteleon|46/100
|-unboost|p1a: Inteleon|spd|1
|
|upkeep
|turn|5
|
|t:|1757913803
|move|p1a: Inteleon|Vacuum Wave|p2a: Malamar
|-damage|p2a: Malamar|0 fnt
|faint|p2a: Malamar
|
|upkeep
|
|t:|1757913809
|switch|p2a: Noivern|Noivern, M, shiny|100/100
|-item|p1a: Inteleon|Scope Lens|[from] ability: Frisk|[of] p2a: Noivern
|turn|6
|
|t:|1757913816
|move|p1a: Inteleon|Ice Beam|p2a: Noivern
|-supereffective|p2a: Noivern
|-crit|p2a: Noivern
|-enditem|p2a: Noivern|Focus Sash
|-damage|p2a: Noivern|1/100
|move|p2a: Noivern|Air Slash|p1a: Inteleon
|-damage|p1a: Inteleon|0 fnt
|faint|p1a: Inteleon
|
|upkeep
|
|t:|1757913826
|switch|p1a: Meowscarada|Meowscarada, F, shiny|100/100
|turn|7
|
|t:|1757913844
|move|p1a: Meowscarada|Knock Off|p2a: Noivern
|-start|p1a: Meowscarada|typechange|Dark|[from] ability: Protean
|-damage|p2a: Noivern|0 fnt
|faint|p2a: Noivern
|
|upkeep
|
|t:|1757913854
|switch|p2a: Hatterene|Hatterene, F|100/100
|turn|8
|
|t:|1757913874
|move|p1a: Meowscarada|U-turn|p2a: Hatterene
|-damage|p2a: Hatterene|70/100
|
|t:|1757913877
|switch|p1a: Garganacl|Garganacl, M, shiny|100/100|[from] U-turn
|-damage|p1a: Garganacl|88/100|[from] Spikes
|move|p2a: Hatterene|Dazzling Gleam|p1a: Garganacl
|-crit|p1a: Garganacl
|-damage|p1a: Garganacl|29/100
|
|-heal|p1a: Garganacl|35/100|[from] item: Leftovers
|-heal|p2a: Hatterene|76/100|[from] item: Leftovers
|upkeep
|turn|9
|
|t:|1757913892
|move|p1a: Garganacl|Salt Cure|p2a: Hatterene
|-damage|p2a: Hatterene|49/100
|-start|p2a: Hatterene|Salt Cure
|move|p2a: Hatterene|Dazzling Gleam|p1a: Garganacl
|-damage|p1a: Garganacl|0 fnt
|faint|p1a: Garganacl
|
|-heal|p2a: Hatterene|55/100|[from] item: Leftovers
|-damage|p2a: Hatterene|42/100|[from] Salt Cure
|upkeep
|
|t:|1757913910
|switch|p1a: Meowscarada|Meowscarada, F, shiny|100/100
|turn|10
|
|t:|1757913920
|move|p1a: Meowscarada|U-turn|p2a: Hatterene
|-start|p1a: Meowscarada|typechange|Bug|[from] ability: Protean
|-damage|p2a: Hatterene|0 fnt
|faint|p2a: Hatterene
|
|t:|1757913927
|switch|p1a: Raging Bolt|Raging Bolt|100/100|[from] U-turn
|-damage|p1a: Raging Bolt|88/100|[from] Spikes
|-enditem|p1a: Raging Bolt|Booster Energy
|-activate|p1a: Raging Bolt|ability: Protosynthesis|[fromitem]
|-start|p1a: Raging Bolt|protosynthesisspa
|
|upkeep
|
|t:|1757913936
|switch|p2a: Dragonite|Dragonite, M|100/100
|turn|11
|
|t:|1757913942
|move|p1a: Raging Bolt|Dragon Pulse|p2a: Dragonite
|-supereffective|p2a: Dragonite
|-damage|p2a: Dragonite|0 fnt
|faint|p2a: Dragonite
|
|upkeep
|
|t:|1757913947
|switch|p2a: Darkrai|Darkrai|100/100
|turn|12
|
|t:|1757913952
|move|p2a: Darkrai|Trick|p1a: Raging Bolt
|-activate|p2a: Darkrai|move: Trick|[of] p1a: Raging Bolt
|-item|p1a: Raging Bolt|Choice Specs|[from] move: Trick
|-enditem|p2a: Darkrai|Choice Specs|[silent]|[from] move: Trick
|move|p1a: Raging Bolt|Discharge|p2a: Darkrai
|-damage|p2a: Darkrai|0 fnt
|faint|p2a: Darkrai
|
|win|DhavyP
|raw|DhavyP's rating: 1078 &rarr; <strong>1106</strong><br />(+28 for winning)
|raw|UnPlatanoQueHabla's rating: 1070 &rarr; <strong>1050</strong><br />(-20 for losing)
|l|☆DhavyP
|player|p1|
|l|☆UnPlatanoQueHabla
|player|p2|
