|j|☆jxnpm80
|j|☆Raining Drawing
|t:|1757818428
|gametype|singles
|player|p1|jxnpm80|2|1344
|player|p2|Raining Drawing|170|1357
|gen|9
|tier|[Gen 9] OU
|rated|
|rule|HP Percentage Mod: HP is shown in percentages
|rule|Endless Battle Clause: Forcing endless battles is banned
|rule|Species Clause: Limit one of each Pokémon
|rule|OHKO Clause: OHKO moves are banned
|rule|Evasion Items Clause: Evasion items are banned
|rule|Evasion Moves Clause: Evasion moves are banned
|rule|Evasion Abilities Clause: Evasion abilities are banned
|rule|Sleep Moves Clause: Sleep-inducing moves are banned
|clearpoke
|poke|p1|Ninetales-Alola, F|
|poke|p1|Umbreon, F|
|poke|p1|Terrakion|
|poke|p1|Iron Treads|
|poke|p1|Deoxys-Defense|
|poke|p1|Kingambit, F|
|poke|p2|Ogerpon-Cornerstone, F|
|poke|p2|Hatterene, F|
|poke|p2|Pecharunt|
|poke|p2|Landorus-Therian, M|
|poke|p2|Kingambit, M|
|poke|p2|Latios, M|
|teampreview
|inactive|Battle timer is ON: inactive players will automatically lose when time's up. (requested by Raining Drawing)
|
|t:|1757818451
|teamsize|p1|6
|teamsize|p2|6
|start
|switch|p1a: interstellar|Deoxys-Defense|100/100
|switch|p2a: Hatterene|Hatterene, F|100/100
|-ability|p1a: interstellar|Pressure
|turn|1
|
|t:|1757818462
|move|p1a: interstellar|Thunder Wave|p2a: Hatterene
|move|p2a: Hatterene|Thunder Wave|p1a: interstellar|[from] ability: Magic Bounce
|-status|p1a: interstellar|par
|move|p2a: Hatterene|Nuzzle|p1a: interstellar
|-damage|p1a: interstellar|97/100 par
|
|-heal|p1a: interstellar|100/100 par|[from] item: Leftovers
|upkeep
|turn|2
|
|t:|1757818475
|switch|p1a: scaper|Ninetales-Alola, F|100/100
|-weather|Snowscape|[from] ability: Snow Warning|[of] p1a: scaper
|move|p2a: Hatterene|Mystical Fire|p1a: scaper
|-supereffective|p1a: scaper
|-damage|p1a: scaper|43/100
|-unboost|p1a: scaper|spa|1
|
|-weather|Snowscape|[upkeep]
|upkeep
|turn|3
|
|t:|1757818491
|move|p1a: scaper|Aurora Veil|p1a: scaper
|-sidestart|p1: jxnpm80|move: Aurora Veil
|move|p2a: Hatterene|Draining Kiss|p1a: scaper
|-damage|p1a: scaper|29/100
|
|-weather|Snowscape|[upkeep]
|upkeep
|turn|4
|
|t:|1757818496
|move|p1a: scaper|Encore|p2a: Hatterene
|move|p2a: Hatterene|Encore||[from] ability: Magic Bounce|[still]
|-fail|p2a: Hatterene
|move|p2a: Hatterene|Nuzzle|p1a: scaper
|-damage|p1a: scaper|27/100
|-status|p1a: scaper|par
|
|-weather|Snowscape|[upkeep]
|upkeep
|turn|5
|
|t:|1757818506
|move|p1a: scaper|Blizzard|p2a: Hatterene
|-damage|p2a: Hatterene|84/100
|move|p2a: Hatterene|Mystical Fire|p1a: scaper
|-supereffective|p1a: scaper
|-damage|p1a: scaper|0 fnt
|faint|p1a: scaper
|
|-weather|Snowscape|[upkeep]
|upkeep
|
|t:|1757818511
|switch|p1a: star|Terrakion|100/100
|turn|6
|
|t:|1757818517
|move|p1a: star|Swords Dance|p1a: star
|-boost|p1a: star|atk|2
|move|p2a: Hatterene|Draining Kiss|p1a: star
|-supereffective|p1a: star
|-damage|p1a: star|70/100
|-heal|p2a: Hatterene|100/100|[from] drain|[of] p1a: star
|
|-weather|none
|upkeep
|turn|7
|
|t:|1757818529
|move|p1a: star|Earthquake|p2a: Hatterene
|-damage|p2a: Hatterene|6/100
|-damage|p1a: star|60/100|[from] item: Life Orb
|move|p2a: Hatterene|Nuzzle|p1a: star
|-damage|p1a: star|58/100
|-status|p1a: star|par
|
|upkeep
|turn|8
|
|t:|1757818537
|switch|p2a: Landorus|Landorus-Therian, M|100/100
|-ability|p2a: Landorus|Intimidate|boost
|-unboost|p1a: star|atk|1
|cant|p1a: star|par
|
|upkeep
|turn|9
|
|t:|1757818549
|switch|p1a: interstellar|Deoxys-Defense|100/100 par
|-ability|p1a: interstellar|Pressure
|move|p2a: Landorus|Stealth Rock|p1a: interstellar
|-sidestart|p1: jxnpm80|move: Stealth Rock
|
|upkeep
|turn|10
|
|t:|1757818555
|move|p2a: Landorus|Taunt|p1a: interstellar
|-start|p1a: interstellar|move: Taunt
|cant|p1a: interstellar|move: Taunt|Taunt
|
|-sideend|p1: jxnpm80|move: Aurora Veil
|upkeep
|turn|11
|
|t:|1757818563
|move|p2a: Landorus|Earthquake|p1a: interstellar
|-damage|p1a: interstellar|68/100 par
|move|p1a: interstellar|Psyshock|p2a: Landorus
|-damage|p2a: Landorus|85/100
|
|-heal|p1a: interstellar|74/100 par|[from] item: Leftovers
|upkeep
|turn|12
|
|t:|1757818575
|move|p2a: Landorus|Earthquake|p1a: interstellar
|-damage|p1a: interstellar|39/100 par
|move|p1a: interstellar|Psyshock|p2a: Landorus
|-damage|p2a: Landorus|68/100
|
|-heal|p1a: interstellar|46/100 par|[from] item: Leftovers
|-end|p1a: interstellar|move: Taunt
|upkeep
|turn|13
|
|t:|1757818584
|move|p2a: Landorus|Taunt|p1a: interstellar
|-start|p1a: interstellar|move: Taunt
|cant|p1a: interstellar|move: Taunt|Spikes
|
|-heal|p1a: interstellar|52/100 par|[from] item: Leftovers
|upkeep
|turn|14
|
|t:|1757818590
|move|p2a: Landorus|Earthquake|p1a: interstellar
|-damage|p1a: interstellar|15/100 par
|move|p1a: interstellar|Psyshock|p2a: Landorus
|-damage|p2a: Landorus|49/100
|
|-heal|p1a: interstellar|21/100 par|[from] item: Leftovers
|upkeep
|turn|15
|
|t:|1757818598
|move|p2a: Landorus|Earthquake|p1a: interstellar
|-damage|p1a: interstellar|0 fnt
|faint|p1a: interstellar
|
|upkeep
|
|t:|1757818600
|switch|p1a: coin coffer|Iron Treads|100/100
|-damage|p1a: coin coffer|97/100|[from] Stealth Rock
|turn|16
|
|t:|1757818607
|switch|p2a: Pecharunt|Pecharunt|100/100
|move|p1a: coin coffer|Ice Spinner|p2a: Pecharunt
|-damage|p2a: Pecharunt|89/100
|
|upkeep
|turn|17
|
|t:|1757818620
|move|p1a: coin coffer|Earthquake|p2a: Pecharunt
|-supereffective|p2a: Pecharunt
|-damage|p2a: Pecharunt|49/100
|move|p2a: Pecharunt|Parting Shot|p1a: coin coffer
|-unboost|p1a: coin coffer|atk|1
|-unboost|p1a: coin coffer|spa|1
|
|t:|1757818638
|switch|p2a: Latios|Latios, M|100/100|[from] Parting Shot
|
|upkeep
|turn|18
|
|t:|1757818645
|-end|p1a: coin coffer|Quark Drive|[silent]
|switch|p1a: purple rain|Umbreon, F|100/100
|-damage|p1a: purple rain|88/100|[from] Stealth Rock
|move|p2a: Latios|Aura Sphere|p1a: purple rain
|-supereffective|p1a: purple rain
|-damage|p1a: purple rain|55/100
|
|-heal|p1a: purple rain|61/100|[from] item: Leftovers
|upkeep
|turn|19
|
|t:|1757818654
|switch|p2a: Landorus|Landorus-Therian, M|49/100
|-ability|p2a: Landorus|Intimidate|boost
|-unboost|p1a: purple rain|atk|1
|move|p1a: purple rain|Wish|p1a: purple rain
|
|-heal|p1a: purple rain|67/100|[from] item: Leftovers
|upkeep
|turn|20
|
|t:|1757818663
|move|p2a: Landorus|U-turn|p1a: purple rain
|-supereffective|p1a: purple rain
|-damage|p1a: purple rain|37/100
|
|t:|1757818668
|switch|p2a: Kingambit|Kingambit, M|100/100|[from] U-turn
|move|p1a: purple rain|Foul Play|p2a: Kingambit
|-resisted|p2a: Kingambit
|-damage|p2a: Kingambit|74/100
|
|-heal|p1a: purple rain|87/100|[from] move: Wish|[wisher] purple rain
|-heal|p2a: Kingambit|81/100|[from] item: Leftovers
|-heal|p1a: purple rain|93/100|[from] item: Leftovers
|upkeep
|turn|21
|
|t:|1757818679
|move|p2a: Kingambit|Swords Dance|p2a: Kingambit
|-boost|p2a: Kingambit|atk|2
|move|p1a: purple rain|Wish|p1a: purple rain
|
|-heal|p2a: Kingambit|87/100|[from] item: Leftovers
|-heal|p1a: purple rain|99/100|[from] item: Leftovers
|upkeep
|turn|22
|
|t:|1757818687
|move|p2a: Kingambit|Low Kick|p1a: purple rain
|-supereffective|p1a: purple rain
|-damage|p1a: purple rain|29/100
|move|p1a: purple rain|Foul Play|p2a: Kingambit
|-resisted|p2a: Kingambit
|-damage|p2a: Kingambit|42/100
|
|-heal|p1a: purple rain|79/100|[from] move: Wish|[wisher] purple rain
|-heal|p2a: Kingambit|49/100|[from] item: Leftovers
|-heal|p1a: purple rain|86/100|[from] item: Leftovers
|upkeep
|turn|23
|
|t:|1757818698
|move|p2a: Kingambit|Low Kick|p1a: purple rain
|-supereffective|p1a: purple rain
|-damage|p1a: purple rain|20/100
|move|p1a: purple rain|Foul Play|p2a: Kingambit
|-resisted|p2a: Kingambit
|-damage|p2a: Kingambit|4/100
|
|-heal|p2a: Kingambit|10/100|[from] item: Leftovers
|-heal|p1a: purple rain|26/100|[from] item: Leftovers
|upkeep
|turn|24
|
|t:|1757818709
|move|p1a: purple rain|Protect|p1a: purple rain
|-singleturn|p1a: purple rain|Protect
|move|p2a: Kingambit|Low Kick|p1a: purple rain
|-activate|p1a: purple rain|move: Protect
|
|-heal|p2a: Kingambit|17/100|[from] item: Leftovers
|-heal|p1a: purple rain|32/100|[from] item: Leftovers
|upkeep
|turn|25
|
|t:|1757818719
|move|p2a: Kingambit|Low Kick|p1a: purple rain
|-supereffective|p1a: purple rain
|-damage|p1a: purple rain|0 fnt
|faint|p1a: purple rain
|
|-heal|p2a: Kingambit|23/100|[from] item: Leftovers
|upkeep
|
|t:|1757818722
|switch|p1a: coin coffer|Iron Treads|97/100
|-damage|p1a: coin coffer|94/100|[from] Stealth Rock
|turn|26
|
|t:|1757818730
|-end|p2a: Kingambit|fallenundefined|[silent]
|switch|p2a: Hatterene|Hatterene, F|6/100
|move|p1a: coin coffer|Earthquake|p2a: Hatterene
|-damage|p2a: Hatterene|0 fnt
|faint|p2a: Hatterene
|
|upkeep
|
|t:|1757818746
|switch|p2a: Landorus|Landorus-Therian, M|49/100
|-ability|p2a: Landorus|Intimidate|boost
|-unboost|p1a: coin coffer|atk|1
|turn|27
|
|t:|1757818756
|-terastallize|p2a: Landorus|Water
|move|p1a: coin coffer|Ice Spinner|p2a: Landorus
|-resisted|p2a: Landorus
|-damage|p2a: Landorus|42/100
|-damage|p1a: coin coffer|78/100|[from] item: Rocky Helmet|[of] p2a: Landorus
|move|p2a: Landorus|Earthquake|p1a: coin coffer
|-supereffective|p1a: coin coffer
|-damage|p1a: coin coffer|0 fnt
|faint|p1a: coin coffer
|-end|p1a: coin coffer|Quark Drive|[silent]
|
|upkeep
|
|t:|1757818765
|switch|p1a: star|Terrakion|58/100 par
|-damage|p1a: star|52/100 par|[from] Stealth Rock
|turn|28
|
|t:|1757818771
|move|p2a: Landorus|U-turn|p1a: star
|-resisted|p1a: star
|-damage|p1a: star|39/100 par
|
|t:|1757818774
|switch|p2a: Pecharunt|Pecharunt|49/100|[from] U-turn
|move|p1a: star|Close Combat|p2a: Pecharunt
|-immune|p2a: Pecharunt
|
|upkeep
|turn|29
|
|t:|1757818792
|move|p2a: Pecharunt|Parting Shot|p1a: star
|-unboost|p1a: star|atk|1
|-unboost|p1a: star|spa|1
|
|t:|1757818797
|switch|p2a: Ogerpon|Ogerpon-Cornerstone, F|100/100|[from] Parting Shot
|move|p1a: star|Earthquake|p2a: Ogerpon
|-damage|p2a: Ogerpon|63/100
|-damage|p1a: star|29/100 par|[from] item: Life Orb
|
|upkeep
|turn|30
|
|t:|1757818806
|switch|p2a: Landorus|Landorus-Therian, M, tera:Water|42/100
|-ability|p2a: Landorus|Intimidate|boost
|-unboost|p1a: star|atk|1
|move|p1a: star|X-Scissor|p2a: Landorus
|-damage|p2a: Landorus|26/100
|-damage|p1a: star|12/100 par|[from] item: Rocky Helmet|[of] p2a: Landorus
|-damage|p1a: star|2/100 par|[from] item: Life Orb
|
|upkeep
|turn|31
|-message|jxnpm80 forfeited.
|
|win|Raining Drawing
|raw|jxnpm80's rating: 1344 &rarr; <strong>1325</strong><br />(-19 for losing)
|raw|Raining Drawing's rating: 1357 &rarr; <strong>1376</strong><br />(+19 for winning)
|l|☆jxnpm80
|player|p1|
|l|☆Raining Drawing
|player|p2|
