|j|☆swimsuitmodel
|j|☆ImageryBless
|t:|1757911482
|gametype|singles
|player|p1|swimsuitmodel|tuberf|1576
|player|p2|ImageryBless|170|1449
|gen|9
|tier|[Gen 9] OU
|rated|
|rule|HP Percentage Mod: HP is shown in percentages
|rule|Endless Battle Clause: Forcing endless battles is banned
|rule|Species Clause: Limit one of each Pokémon
|rule|OHKO Clause: OHKO moves are banned
|rule|Evasion Items Clause: Evasion items are banned
|rule|Evasion Moves Clause: Evasion moves are banned
|rule|Evasion Abilities Clause: Evasion abilities are banned
|rule|Sleep Moves Clause: Sleep-inducing moves are banned
|clearpoke
|poke|p1|Blissey, F|
|poke|p1|Corviknight, M|
|poke|p1|Alomomola, F|
|poke|p1|Cyclizar, F|
|poke|p1|Dondozo, M|
|poke|p1|Gliscor, M|
|poke|p2|Iron Moth|
|poke|p2|Ting-Lu|
|poke|p2|Torkoal, F|
|poke|p2|Walking Wake|
|poke|p2|Great Tusk|
|poke|p2|Slither Wing|
|teampreview
|
|t:|1757911527
|teamsize|p1|6
|teamsize|p2|6
|start
|switch|p1a: Gliscor|Gliscor, M|100/100
|switch|p2a: Torkoal|Torkoal, F|100/100
|-weather|SunnyDay|[from] ability: Drought|[of] p2a: Torkoal
|turn|1
|
|t:|1757911533
|move|p1a: Gliscor|Protect|p1a: Gliscor
|-singleturn|p1a: Gliscor|Protect
|move|p2a: Torkoal|Will-O-Wisp|p1a: Gliscor
|-activate|p1a: Gliscor|move: Protect
|
|-weather|SunnyDay|[upkeep]
|-status|p1a: Gliscor|tox|[from] item: Toxic Orb
|upkeep
|turn|2
|
|t:|1757911538
|move|p1a: Gliscor|Spikes|p2a: Torkoal
|-sidestart|p2: ImageryBless|Spikes
|move|p2a: Torkoal|Stealth Rock|p1a: Gliscor
|-sidestart|p1: swimsuitmodel|move: Stealth Rock
|
|-weather|SunnyDay|[upkeep]
|upkeep
|turn|3
|
|t:|1757911544
|switch|p2a: Walking Wake|Walking Wake|100/100
|-damage|p2a: Walking Wake|88/100|[from] Spikes
|-activate|p2a: Walking Wake|ability: Protosynthesis
|-start|p2a: Walking Wake|protosynthesisspe
|move|p1a: Gliscor|Knock Off|p2a: Walking Wake
|-damage|p2a: Walking Wake|66/100
|-enditem|p2a: Walking Wake|Choice Specs|[from] move: Knock Off|[of] p1a: Gliscor
|
|-weather|SunnyDay|[upkeep]
|upkeep
|turn|4
|
|t:|1757911561
|-end|p2a: Walking Wake|Protosynthesis|[silent]
|switch|p2a: Slither Wing|Slither Wing|100/100
|-damage|p2a: Slither Wing|88/100|[from] Spikes
|-activate|p2a: Slither Wing|ability: Protosynthesis
|-start|p2a: Slither Wing|protosynthesisatk
|move|p1a: Gliscor|Protect||[still]
|-fail|p1a: Gliscor
|
|-weather|SunnyDay|[upkeep]
|upkeep
|turn|5
|
|t:|1757911573
|move|p2a: Slither Wing|Flare Blitz|p1a: Gliscor
|-damage|p1a: Gliscor|18/100 tox
|-damage|p2a: Slither Wing|58/100|[from] Recoil
|move|p1a: Gliscor|Toxic|p2a: Slither Wing
|-status|p2a: Slither Wing|tox
|
|-weather|SunnyDay|[upkeep]
|-damage|p2a: Slither Wing|52/100 tox|[from] psn
|-heal|p1a: Gliscor|30/100 tox|[from] ability: Poison Heal
|upkeep
|turn|6
|
|t:|1757911580
|-end|p2a: Slither Wing|Protosynthesis|[silent]
|switch|p2a: Iron Moth|Iron Moth|100/100
|-damage|p2a: Iron Moth|88/100|[from] Spikes
|move|p1a: Gliscor|Protect||[still]
|-fail|p1a: Gliscor
|
|-weather|SunnyDay|[upkeep]
|-heal|p1a: Gliscor|43/100 tox|[from] ability: Poison Heal
|upkeep
|turn|7
|
|t:|1757911585
|switch|p1a: Blissey|Blissey, F|100/100
|move|p2a: Iron Moth|Overheat|p1a: Blissey
|-damage|p1a: Blissey|50/100
|-unboost|p2a: Iron Moth|spa|2
|
|-weather|SunnyDay|[upkeep]
|upkeep
|turn|8
|
|t:|1757911591
|-end|p2a: Iron Moth|Quark Drive|[silent]
|switch|p2a: Great Tusk|Great Tusk|100/100
|-activate|p2a: Great Tusk|ability: Protosynthesis
|-start|p2a: Great Tusk|protosynthesisspe
|move|p1a: Blissey|Soft-Boiled|p1a: Blissey
|-heal|p1a: Blissey|99/100
|
|-weather|none
|-end|p2a: Great Tusk|Protosynthesis
|upkeep
|turn|9
|
|t:|1757911600
|switch|p1a: Gliscor|Gliscor, M|43/100 tox
|-damage|p1a: Gliscor|30/100 tox|[from] Stealth Rock
|move|p2a: Great Tusk|Rapid Spin|p1a: Gliscor
|-damage|p1a: Gliscor|22/100 tox
|-boost|p2a: Great Tusk|spe|1
|-sideend|p2: ImageryBless|Spikes|[from] move: Rapid Spin|[of] p2a: Great Tusk
|
|-heal|p1a: Gliscor|35/100 tox|[from] ability: Poison Heal
|upkeep
|turn|10
|
|t:|1757911608
|move|p1a: Gliscor|Protect|p1a: Gliscor
|-singleturn|p1a: Gliscor|Protect
|move|p2a: Great Tusk|Ice Spinner|p1a: Gliscor
|-activate|p1a: Gliscor|move: Protect
|
|-heal|p1a: Gliscor|47/100 tox|[from] ability: Poison Heal
|upkeep
|turn|11
|
|t:|1757911625
|-end|p2a: Great Tusk|Protosynthesis|[silent]
|switch|p2a: Iron Moth|Iron Moth|88/100
|switch|p1a: Alomomola|Alomomola, F|100/100
|-damage|p1a: Alomomola|88/100|[from] Stealth Rock
|
|upkeep
|turn|12
|
|t:|1757911648
|move|p1a: Alomomola|Protect|p1a: Alomomola
|-singleturn|p1a: Alomomola|Protect
|move|p2a: Iron Moth|Sludge Wave|p1a: Alomomola
|-activate|p1a: Alomomola|move: Protect
|
|upkeep
|turn|13
|
|t:|1757911654
|-end|p2a: Iron Moth|Quark Drive|[silent]
|switch|p2a: Torkoal|Torkoal, F|100/100
|-weather|SunnyDay|[from] ability: Drought|[of] p2a: Torkoal
|move|p1a: Alomomola|Whirlpool|p2a: Torkoal|[miss]
|-miss|p1a: Alomomola|p2a: Torkoal
|
|-weather|SunnyDay|[upkeep]
|upkeep
|turn|14
|
|t:|1757911666
|switch|p2a: Slither Wing|Slither Wing|52/100 tox
|-activate|p2a: Slither Wing|ability: Protosynthesis
|-start|p2a: Slither Wing|protosynthesisatk
|move|p1a: Alomomola|Whirlpool|p2a: Slither Wing
|-damage|p2a: Slither Wing|49/100 tox
|-activate|p2a: Slither Wing|move: Whirlpool|[of] p1a: Alomomola
|
|-weather|SunnyDay|[upkeep]
|-damage|p2a: Slither Wing|43/100 tox|[from] psn
|-damage|p2a: Slither Wing|30/100 tox|[from] move: Whirlpool|[partiallytrapped]
|upkeep
|turn|15
|
|t:|1757911672
|move|p1a: Alomomola|Protect|p1a: Alomomola
|-singleturn|p1a: Alomomola|Protect
|move|p2a: Slither Wing|Close Combat|p1a: Alomomola
|-activate|p1a: Alomomola|move: Protect
|
|-weather|SunnyDay|[upkeep]
|-damage|p2a: Slither Wing|18/100 tox|[from] psn
|-damage|p2a: Slither Wing|5/100 tox|[from] move: Whirlpool|[partiallytrapped]
|upkeep
|turn|16
|
|t:|1757911686
|move|p2a: Slither Wing|Close Combat|p1a: Alomomola
|-damage|p1a: Alomomola|12/100
|-unboost|p2a: Slither Wing|def|1
|-unboost|p2a: Slither Wing|spd|1
|-damage|p2a: Slither Wing|0 fnt|[from] item: Rocky Helmet|[of] p1a: Alomomola
|faint|p2a: Slither Wing
|-end|p2a: Slither Wing|Protosynthesis|[silent]
|move|p1a: Alomomola|Wish|p1a: Alomomola
|
|-weather|SunnyDay|[upkeep]
|upkeep
|
|t:|1757911695
|switch|p2a: Iron Moth|Iron Moth|88/100
|turn|17
|
|t:|1757911701
|move|p1a: Alomomola|Protect|p1a: Alomomola
|-singleturn|p1a: Alomomola|Protect
|move|p2a: Iron Moth|Fiery Dance|p1a: Alomomola
|-activate|p1a: Alomomola|move: Protect
|
|-weather|SunnyDay|[upkeep]
|-heal|p1a: Alomomola|62/100|[from] move: Wish|[wisher] Alomomola
|upkeep
|turn|18
|
|t:|1757911725
|switch|p1a: Blissey|Blissey, F|99/100
|-terastallize|p2a: Iron Moth|Fire
|move|p2a: Iron Moth|Fiery Dance|p1a: Blissey
|-damage|p1a: Blissey|62/100
|
|-weather|SunnyDay|[upkeep]
|upkeep
|turn|19
|
|t:|1757911735
|move|p2a: Iron Moth|Fiery Dance|p1a: Blissey
|-damage|p1a: Blissey|20/100
|-boost|p2a: Iron Moth|spa|1
|move|p1a: Blissey|Soft-Boiled|p1a: Blissey
|-heal|p1a: Blissey|70/100
|
|-weather|SunnyDay|[upkeep]
|upkeep
|turn|20
|
|t:|1757911739
|move|p2a: Iron Moth|Fiery Dance|p1a: Blissey
|-damage|p1a: Blissey|11/100
|move|p1a: Blissey|Soft-Boiled|p1a: Blissey
|-heal|p1a: Blissey|61/100
|
|-weather|none
|upkeep
|turn|21
|
|t:|1757911745
|move|p2a: Iron Moth|Fiery Dance|p1a: Blissey
|-damage|p1a: Blissey|20/100
|move|p1a: Blissey|Soft-Boiled|p1a: Blissey
|-heal|p1a: Blissey|70/100
|
|upkeep
|turn|22
|
|t:|1757911749
|move|p2a: Iron Moth|Fiery Dance|p1a: Blissey
|-damage|p1a: Blissey|32/100
|-boost|p2a: Iron Moth|spa|1
|move|p1a: Blissey|Calm Mind|p1a: Blissey
|-boost|p1a: Blissey|spa|1
|-boost|p1a: Blissey|spd|1
|
|upkeep
|turn|23
|
|t:|1757911755
|switch|p1a: Cyclizar|Cyclizar, F|100/100
|move|p2a: Iron Moth|Fiery Dance|p1a: Cyclizar
|-resisted|p1a: Cyclizar
|-damage|p1a: Cyclizar|5/100
|-boost|p2a: Iron Moth|spa|1
|
|upkeep
|turn|24
|
|t:|1757911764
|-end|p2a: Iron Moth|Quark Drive|[silent]
|switch|p2a: Ting-Lu|Ting-Lu|100/100
|-ability|p2a: Ting-Lu|Vessel of Ruin
|switch|p1a: Dondozo|Dondozo, M|100/100
|
|upkeep
|turn|25
|
|t:|1757911778
|switch|p1a: Cyclizar|Cyclizar, F|38/100
|move|p2a: Ting-Lu|Ruination|p1a: Cyclizar
|-damage|p1a: Cyclizar|19/100
|
|upkeep
|turn|26
|
|t:|1757911786
|switch|p2a: Torkoal|Torkoal, F|100/100
|-weather|SunnyDay|[from] ability: Drought|[of] p2a: Torkoal
|move|p1a: Cyclizar|U-turn|p2a: Torkoal
|-resisted|p2a: Torkoal
|-crit|p2a: Torkoal
|-damage|p2a: Torkoal|93/100
|
|t:|1757911791
|switch|p1a: Gliscor|Gliscor, M|47/100 tox|[from] U-turn
|-damage|p1a: Gliscor|35/100 tox|[from] Stealth Rock
|
|-weather|SunnyDay|[upkeep]
|-heal|p1a: Gliscor|47/100 tox|[from] ability: Poison Heal
|upkeep
|turn|27
|
|t:|1757911799
|move|p1a: Gliscor|Spikes|p2a: Torkoal
|-sidestart|p2: ImageryBless|Spikes
|move|p2a: Torkoal|Lava Plume|p1a: Gliscor
|-damage|p1a: Gliscor|4/100 tox
|
|-weather|SunnyDay|[upkeep]
|-heal|p1a: Gliscor|17/100 tox|[from] ability: Poison Heal
|upkeep
|turn|28
|
|t:|1757911807
|switch|p2a: Iron Moth|Iron Moth, tera:Fire|88/100
|-damage|p2a: Iron Moth|76/100|[from] Spikes
|move|p1a: Gliscor|Knock Off|p2a: Iron Moth
|-damage|p2a: Iron Moth|38/100
|-enditem|p2a: Iron Moth|Choice Specs|[from] move: Knock Off|[of] p1a: Gliscor
|
|-weather|SunnyDay|[upkeep]
|-heal|p1a: Gliscor|29/100 tox|[from] ability: Poison Heal
|upkeep
|turn|29
|
|t:|1757911819
|move|p1a: Gliscor|Protect|p1a: Gliscor
|-singleturn|p1a: Gliscor|Protect
|move|p2a: Iron Moth|Fiery Dance|p1a: Gliscor
|-activate|p1a: Gliscor|move: Protect
|
|-weather|SunnyDay|[upkeep]
|-heal|p1a: Gliscor|42/100 tox|[from] ability: Poison Heal
|upkeep
|turn|30
|
|t:|1757911829
|switch|p1a: Dondozo|Dondozo, M|100/100
|move|p2a: Iron Moth|Fiery Dance|p1a: Dondozo
|-resisted|p1a: Dondozo
|-damage|p1a: Dondozo|57/100
|-boost|p2a: Iron Moth|spa|1
|
|-weather|SunnyDay|[upkeep]
|upkeep
|turn|31
|
|t:|1757911842
|move|p2a: Iron Moth|Overheat|p1a: Dondozo
|-resisted|p1a: Dondozo
|-damage|p1a: Dondozo|0 fnt
|-unboost|p2a: Iron Moth|spa|2
|faint|p1a: Dondozo
|
|-weather|SunnyDay|[upkeep]
|upkeep
|
|t:|1757911845
|switch|p1a: Blissey|Blissey, F|32/100
|turn|32
|
|t:|1757911848
|move|p2a: Iron Moth|Overheat|p1a: Blissey
|-damage|p1a: Blissey|4/100
|-unboost|p2a: Iron Moth|spa|2
|move|p1a: Blissey|Soft-Boiled|p1a: Blissey
|-heal|p1a: Blissey|54/100
|
|-weather|SunnyDay|[upkeep]
|upkeep
|turn|33
|
|t:|1757911854
|-end|p2a: Iron Moth|Quark Drive|[silent]
|switch|p2a: Great Tusk|Great Tusk|100/100
|-activate|p2a: Great Tusk|ability: Protosynthesis
|-start|p2a: Great Tusk|protosynthesisspe
|move|p1a: Blissey|Soft-Boiled|p1a: Blissey
|-heal|p1a: Blissey|100/100
|
|-weather|none
|-end|p2a: Great Tusk|Protosynthesis
|upkeep
|turn|34
|
|t:|1757911862
|switch|p1a: Alomomola|Alomomola, F|95/100
|-damage|p1a: Alomomola|83/100|[from] Stealth Rock
|move|p2a: Great Tusk|Rapid Spin|p1a: Alomomola
|-damage|p1a: Alomomola|75/100
|-boost|p2a: Great Tusk|spe|1
|-damage|p2a: Great Tusk|84/100|[from] item: Rocky Helmet|[of] p1a: Alomomola
|-sideend|p2: ImageryBless|Spikes|[from] move: Rapid Spin|[of] p2a: Great Tusk
|
|upkeep
|turn|35
|
|t:|1757911880
|-end|p2a: Great Tusk|Protosynthesis|[silent]
|switch|p2a: Ting-Lu|Ting-Lu|100/100
|-ability|p2a: Ting-Lu|Vessel of Ruin
|move|p1a: Alomomola|Whirlpool|p2a: Ting-Lu|[miss]
|-miss|p1a: Alomomola|p2a: Ting-Lu
|
|upkeep
|turn|36
|
|t:|1757911889
|move|p1a: Alomomola|Whirlpool|p2a: Ting-Lu
|-supereffective|p2a: Ting-Lu
|-damage|p2a: Ting-Lu|95/100
|-activate|p2a: Ting-Lu|move: Whirlpool|[of] p1a: Alomomola
|move|p2a: Ting-Lu|Spikes|p1a: Alomomola
|-sidestart|p1: swimsuitmodel|Spikes
|
|-damage|p2a: Ting-Lu|83/100|[from] move: Whirlpool|[partiallytrapped]
|upkeep
|turn|37
|
|t:|1757911901
|move|p1a: Alomomola|Scald|p2a: Ting-Lu
|-supereffective|p2a: Ting-Lu
|-damage|p2a: Ting-Lu|71/100
|move|p2a: Ting-Lu|Spikes|p1a: Alomomola
|-sidestart|p1: swimsuitmodel|Spikes
|
|-damage|p2a: Ting-Lu|59/100|[from] move: Whirlpool|[partiallytrapped]
|upkeep
|turn|38
|
|t:|1757911909
|move|p1a: Alomomola|Scald|p2a: Ting-Lu
|-supereffective|p2a: Ting-Lu
|-damage|p2a: Ting-Lu|47/100
|move|p2a: Ting-Lu|Whirlwind|p1a: Alomomola
|drag|p1a: Gliscor|Gliscor, M|42/100 tox
|-damage|p1a: Gliscor|29/100 tox|[from] Stealth Rock
|
|-heal|p1a: Gliscor|42/100 tox|[from] ability: Poison Heal
|-end|p2a: Ting-Lu|Whirlpool|[partiallytrapped]|[silent]
|upkeep
|turn|39
|
|t:|1757911924
|switch|p2a: Iron Moth|Iron Moth, tera:Fire|38/100
|move|p1a: Gliscor|Knock Off|p2a: Iron Moth
|-damage|p2a: Iron Moth|12/100
|
|-heal|p1a: Gliscor|54/100 tox|[from] ability: Poison Heal
|upkeep
|turn|40
|
|t:|1757911930
|move|p1a: Gliscor|Protect|p1a: Gliscor
|-singleturn|p1a: Gliscor|Protect
|move|p2a: Iron Moth|Overheat|p1a: Gliscor
|-activate|p1a: Gliscor|move: Protect
|
|-heal|p1a: Gliscor|67/100 tox|[from] ability: Poison Heal
|upkeep
|turn|41
|
|t:|1757911942
|-end|p2a: Iron Moth|Quark Drive|[silent]
|switch|p2a: Great Tusk|Great Tusk|84/100
|switch|p1a: Blissey|Blissey, F|100/100
|
|upkeep
|turn|42
|
|t:|1757911947
|switch|p1a: Alomomola|Alomomola, F|100/100
|-damage|p1a: Alomomola|88/100|[from] Stealth Rock
|-damage|p1a: Alomomola|71/100|[from] Spikes
|move|p2a: Great Tusk|Bulk Up|p2a: Great Tusk
|-boost|p2a: Great Tusk|atk|1
|-boost|p2a: Great Tusk|def|1
|
|upkeep
|turn|43
|
|t:|1757911955
|move|p2a: Great Tusk|Bulk Up|p2a: Great Tusk
|-boost|p2a: Great Tusk|atk|1
|-boost|p2a: Great Tusk|def|1
|move|p1a: Alomomola|Wish|p1a: Alomomola
|
|upkeep
|turn|44
|
|t:|1757912004
|move|p2a: Great Tusk|Headlong Rush|p1a: Alomomola
|-damage|p1a: Alomomola|16/100
|-unboost|p2a: Great Tusk|def|1
|-unboost|p2a: Great Tusk|spd|1
|-damage|p2a: Great Tusk|67/100|[from] item: Rocky Helmet|[of] p1a: Alomomola
|move|p1a: Alomomola|Scald|p2a: Great Tusk
|-supereffective|p2a: Great Tusk
|-damage|p2a: Great Tusk|15/100
|
|-heal|p1a: Alomomola|66/100|[from] move: Wish|[wisher] Alomomola
|upkeep
|turn|45
|
|t:|1757912021
|move|p2a: Great Tusk|Bulk Up|p2a: Great Tusk
|-boost|p2a: Great Tusk|atk|1
|-boost|p2a: Great Tusk|def|1
|move|p1a: Alomomola|Scald|p2a: Great Tusk
|-supereffective|p2a: Great Tusk
|-damage|p2a: Great Tusk|0 fnt
|faint|p2a: Great Tusk
|-end|p2a: Great Tusk|Protosynthesis|[silent]
|
|upkeep
|
|t:|1757912025
|switch|p2a: Walking Wake|Walking Wake|66/100
|turn|46
|
|t:|1757912032
|move|p1a: Alomomola|Protect|p1a: Alomomola
|-singleturn|p1a: Alomomola|Protect
|move|p2a: Walking Wake|Draco Meteor|p1a: Alomomola
|-activate|p1a: Alomomola|move: Protect
|
|upkeep
|turn|47
|
|t:|1757912043
|-end|p2a: Walking Wake|Protosynthesis|[silent]
|switch|p2a: Ting-Lu|Ting-Lu|47/100
|-ability|p2a: Ting-Lu|Vessel of Ruin
|switch|p1a: Blissey|Blissey, F|100/100
|
|upkeep
|turn|48
|
|t:|1757912048
|switch|p1a: Gliscor|Gliscor, M|67/100 tox
|-damage|p1a: Gliscor|54/100 tox|[from] Stealth Rock
|move|p2a: Ting-Lu|Spikes|p1a: Gliscor
|-sidestart|p1: swimsuitmodel|Spikes
|
|-heal|p1a: Gliscor|67/100 tox|[from] ability: Poison Heal
|upkeep
|turn|49
|
|t:|1757912056
|move|p1a: Gliscor|Spikes|p2a: Ting-Lu
|-sidestart|p2: ImageryBless|Spikes
|move|p2a: Ting-Lu|Whirlwind|p1a: Gliscor
|drag|p1a: Corviknight|Corviknight, M|100/100
|-damage|p1a: Corviknight|88/100|[from] Stealth Rock
|-ability|p1a: Corviknight|Pressure
|
|-heal|p1a: Corviknight|94/100|[from] item: Leftovers
|upkeep
|turn|50
|
|t:|1757912063
|switch|p2a: Torkoal|Torkoal, F|93/100
|-damage|p2a: Torkoal|81/100|[from] Spikes
|-weather|SunnyDay|[from] ability: Drought|[of] p2a: Torkoal
|move|p1a: Corviknight|Iron Head|p2a: Torkoal
|-resisted|p2a: Torkoal
|-damage|p2a: Torkoal|74/100
|
|-weather|SunnyDay|[upkeep]
|-heal|p1a: Corviknight|100/100|[from] item: Leftovers
|upkeep
|turn|51
|
|t:|1757912070
|switch|p1a: Blissey|Blissey, F|100/100
|move|p2a: Torkoal|Rapid Spin|p1a: Blissey
|-damage|p1a: Blissey|92/100
|-boost|p2a: Torkoal|spe|1
|-sideend|p2: ImageryBless|Spikes|[from] move: Rapid Spin|[of] p2a: Torkoal
|
|-weather|SunnyDay|[upkeep]
|upkeep
|turn|52
|-message|ImageryBless forfeited.
|
|win|swimsuitmodel
|raw|swimsuitmodel's rating: 1576 &rarr; <strong>1589</strong><br />(+13 for winning)
|raw|ImageryBless's rating: 1449 &rarr; <strong>1436</strong><br />(-13 for losing)
|l|☆ImageryBless
|player|p2|
|l|☆swimsuitmodel
|player|p1|
