|j|☆4arms67
|j|☆SpainWithoutT
|t:|1757953352
|gametype|singles
|player|p1|4arms67|102|1520
|player|p2|SpainWithoutT|169|1566
|gen|9
|tier|[Gen 9] OU
|rated|
|rule|HP Percentage Mod: HP is shown in percentages
|rule|Endless Battle Clause: Forcing endless battles is banned
|rule|Species Clause: Limit one of each Pokémon
|rule|OHKO Clause: OHKO moves are banned
|rule|Evasion Items Clause: Evasion items are banned
|rule|Evasion Moves Clause: Evasion moves are banned
|rule|Evasion Abilities Clause: Evasion abilities are banned
|rule|Sleep Moves Clause: Sleep-inducing moves are banned
|clearpoke
|poke|p1|Alomomola, F|
|poke|p1|Dragalge, F|
|poke|p1|Lokix, M|
|poke|p1|Great Tusk|
|poke|p1|Gholdengo|
|poke|p1|Moltres|
|poke|p2|Landorus-Therian, M|
|poke|p2|Zamazenta-*|
|poke|p2|Kingambit, F|
|poke|p2|Samurott-Hisui, F|
|poke|p2|Pecharunt|
|poke|p2|Darkrai|
|teampreview
|inactive|Battle timer is ON: inactive players will automatically lose when time's up. (requested by SpainWithoutT)
|
|t:|1757953375
|teamsize|p1|6
|teamsize|p2|6
|start
|switch|p1a: Moltres|Moltres|100/100
|switch|p2a: Pecharunt|Pecharunt|100/100
|turn|1
|
|t:|1757953383
|move|p2a: Pecharunt|Malignant Chain|p1a: Moltres
|-damage|p1a: Moltres|76/100
|-status|p1a: Moltres|tox
|-start|p1a: Moltres|confusion|[from] ability: Poison Puppeteer|[of] p2a: Pecharunt
|-activate|p1a: Moltres|confusion
|-damage|p1a: Moltres|68/100 tox|[from] confusion
|
|-damage|p1a: Moltres|62/100 tox|[from] psn
|upkeep
|turn|2
|
|t:|1757953391
|switch|p1a: Gholdengo|Gholdengo|100/100
|move|p2a: Pecharunt|Shadow Ball|p1a: Gholdengo
|-supereffective|p1a: Gholdengo
|-damage|p1a: Gholdengo|41/100
|
|upkeep
|turn|3
|
|t:|1757953400
|switch|p1a: Lokix|Lokix, M|100/100
|switch|p2a: Samurott|Samurott-Hisui, F|100/100
|
|upkeep
|turn|4
|
|t:|1757953415
|switch|p2a: Landorus|Landorus-Therian, M|100/100
|-ability|p2a: Landorus|Intimidate|boost
|-unboost|p1a: Lokix|atk|1
|move|p1a: Lokix|U-turn|p2a: Landorus
|-resisted|p2a: Landorus
|-damage|p2a: Landorus|68/100
|-damage|p1a: Lokix|84/100|[from] item: Rocky Helmet|[of] p2a: Landorus
|
|t:|1757953420
|switch|p1a: Great Tusk|Great Tusk|100/100|[from] U-turn
|
|upkeep
|turn|5
|
|t:|1757953440
|move|p2a: Landorus|U-turn|p1a: Great Tusk
|-resisted|p1a: Great Tusk
|-damage|p1a: Great Tusk|92/100
|
|t:|1757953441
|switch|p2a: Pecharunt|Pecharunt|100/100|[from] U-turn
|move|p1a: Great Tusk|Ice Spinner|p2a: Pecharunt
|-damage|p2a: Pecharunt|84/100
|
|upkeep
|turn|6
|inactive|4arms67 has 120 seconds left.
|
|t:|1757953473
|move|p2a: Pecharunt|Parting Shot|p1a: Great Tusk
|-unboost|p1a: Great Tusk|atk|1
|-unboost|p1a: Great Tusk|spa|1
|
|t:|1757953486
|switch|p2a: Darkrai|Darkrai|100/100|[from] Parting Shot
|move|p1a: Great Tusk|Stealth Rock|p2a: Darkrai
|-sidestart|p2: SpainWithoutT|move: Stealth Rock
|
|upkeep
|turn|7
|l|☆4arms67
|inactive|4arms67 disconnected and has a minute to reconnect!
|player|p1|
|j|☆4arms67
|inactive|4arms67 reconnected and has 110 seconds left.
|player|p1|4arms67|102|
|
|t:|1757953517
|-end|p1a: Great Tusk|Protosynthesis|[silent]
|switch|p1a: Alomomola|Alomomola, F|100/100
|move|p2a: Darkrai|Ice Beam|p1a: Alomomola
|-resisted|p1a: Alomomola
|-damage|p1a: Alomomola|94/100
|
|upkeep
|turn|8
|
|t:|1757953522
|move|p2a: Darkrai|Nasty Plot|p2a: Darkrai
|-boost|p2a: Darkrai|spa|2
|move|p1a: Alomomola|Flip Turn|p2a: Darkrai
|-damage|p2a: Darkrai|81/100
|
|t:|1757953526
|switch|p1a: Lokix|Lokix, M|84/100|[from] Flip Turn
|
|upkeep
|turn|9
|
|t:|1757953529
|switch|p2a: Pecharunt|Pecharunt|84/100
|move|p1a: Lokix|First Impression|p2a: Pecharunt
|-resisted|p2a: Pecharunt
|-damage|p2a: Pecharunt|64/100
|
|upkeep
|turn|10
|
|t:|1757953537
|switch|p1a: Dragalge|Dragalge, F|100/100
|move|p2a: Pecharunt|Shadow Ball|p1a: Dragalge
|-damage|p1a: Dragalge|79/100
|-unboost|p1a: Dragalge|spd|1
|
|upkeep
|turn|11
|
|t:|1757953545
|move|p2a: Pecharunt|Parting Shot|p1a: Dragalge
|-unboost|p1a: Dragalge|atk|1
|-unboost|p1a: Dragalge|spa|1
|
|t:|1757953552
|switch|p2a: Samurott|Samurott-Hisui, F|100/100|[from] Parting Shot
|-damage|p2a: Samurott|88/100|[from] Stealth Rock
|move|p1a: Dragalge|Draco Meteor|p2a: Samurott
|-damage|p2a: Samurott|21/100
|-unboost|p1a: Dragalge|spa|2
|
|upkeep
|turn|12
|
|t:|1757953563
|switch|p1a: Alomomola|Alomomola, F|100/100
|move|p2a: Samurott|Ceaseless Edge|p1a: Alomomola
|-damage|p1a: Alomomola|69/100
|-sidestart|p1: 4arms67|Spikes
|
|upkeep
|turn|13
|
|t:|1757953570
|move|p2a: Samurott|Knock Off|p1a: Alomomola
|-damage|p1a: Alomomola|39/100
|-enditem|p1a: Alomomola|Assault Vest|[from] move: Knock Off|[of] p2a: Samurott
|move|p1a: Alomomola|Flip Turn|p2a: Samurott
|-resisted|p2a: Samurott
|-damage|p2a: Samurott|12/100
|
|t:|1757953577
|switch|p1a: Lokix|Lokix, M|84/100|[from] Flip Turn
|-damage|p1a: Lokix|72/100|[from] Spikes
|
|upkeep
|turn|14
|
|t:|1757953600
|move|p1a: Lokix|First Impression|p2a: Samurott
|-supereffective|p2a: Samurott
|-damage|p2a: Samurott|0 fnt
|faint|p2a: Samurott
|
|upkeep
|
|t:|1757953601
|switch|p2a: Landorus|Landorus-Therian, M|68/100
|-damage|p2a: Landorus|56/100|[from] Stealth Rock
|-ability|p2a: Landorus|Intimidate|boost
|-unboost|p1a: Lokix|atk|1
|turn|15
|
|t:|1757953608
|switch|p1a: Great Tusk|Great Tusk|92/100
|move|p2a: Landorus|Stealth Rock|p1a: Great Tusk
|-sidestart|p1: 4arms67|move: Stealth Rock
|
|upkeep
|turn|16
|
|t:|1757953628
|-terastallize|p2a: Landorus|Ghost
|move|p2a: Landorus|Earthquake|p1a: Great Tusk
|-damage|p1a: Great Tusk|61/100
|move|p1a: Great Tusk|Rapid Spin|p2a: Landorus
|-immune|p2a: Landorus
|
|upkeep
|turn|17
|
|t:|1757953635
|-end|p1a: Great Tusk|Protosynthesis|[silent]
|switch|p1a: Alomomola|Alomomola, F|72/100
|-damage|p1a: Alomomola|59/100|[from] Spikes
|-damage|p1a: Alomomola|47/100|[from] Stealth Rock
|move|p2a: Landorus|Earthquake|p1a: Alomomola
|-damage|p1a: Alomomola|13/100
|
|upkeep
|turn|18
|
|t:|1757953637
|move|p2a: Landorus|Earthquake|p1a: Alomomola
|-damage|p1a: Alomomola|0 fnt
|faint|p1a: Alomomola
|
|upkeep
|
|t:|1757953639
|switch|p1a: Gholdengo|Gholdengo|41/100
|-damage|p1a: Gholdengo|29/100|[from] Spikes
|-damage|p1a: Gholdengo|23/100|[from] Stealth Rock
|turn|19
|
|t:|1757953650
|switch|p2a: Darkrai|Darkrai|81/100
|move|p1a: Gholdengo|Dazzling Gleam|p2a: Darkrai
|-supereffective|p2a: Darkrai
|-damage|p2a: Darkrai|22/100
|
|upkeep
|turn|20
|
|t:|1757953653
|switch|p2a: Pecharunt|Pecharunt|64/100
|move|p1a: Gholdengo|Dazzling Gleam|p2a: Pecharunt
|-resisted|p2a: Pecharunt
|-damage|p2a: Pecharunt|49/100
|
|upkeep
|turn|21
|
|t:|1757953659
|switch|p1a: Dragalge|Dragalge, F|79/100
|-damage|p1a: Dragalge|67/100|[from] Spikes
|-damage|p1a: Dragalge|54/100|[from] Stealth Rock
|move|p2a: Pecharunt|Recover|p2a: Pecharunt
|-heal|p2a: Pecharunt|99/100
|
|upkeep
|turn|22
|
|t:|1757953669
|move|p2a: Pecharunt|Parting Shot|p1a: Dragalge
|-unboost|p1a: Dragalge|atk|1
|-unboost|p1a: Dragalge|spa|1
|
|t:|1757953674
|switch|p2a: Darkrai|Darkrai|22/100|[from] Parting Shot
|move|p1a: Dragalge|Draco Meteor|p2a: Darkrai
|-damage|p2a: Darkrai|0 fnt
|-unboost|p1a: Dragalge|spa|2
|faint|p2a: Darkrai
|
|upkeep
|
|t:|1757953679
|switch|p2a: Landorus|Landorus-Therian, M, tera:Ghost|56/100
|-damage|p2a: Landorus|44/100|[from] Stealth Rock
|-ability|p2a: Landorus|Intimidate|boost
|-unboost|p1a: Dragalge|atk|1
|turn|23
|
|t:|1757953684
|switch|p1a: Moltres|Moltres|62/100 tox
|move|p2a: Landorus|Earthquake|p1a: Moltres
|-immune|p1a: Moltres
|
|-damage|p1a: Moltres|56/100 tox|[from] psn
|upkeep
|turn|24
|
|t:|1757953689
|move|p2a: Landorus|Stone Edge|p1a: Moltres
|-supereffective|p1a: Moltres
|-damage|p1a: Moltres|0 fnt
|faint|p1a: Moltres
|
|upkeep
|
|t:|1757953694
|switch|p1a: Gholdengo|Gholdengo|23/100
|-damage|p1a: Gholdengo|11/100|[from] Spikes
|-damage|p1a: Gholdengo|5/100|[from] Stealth Rock
|turn|25
|
|t:|1757953696
|switch|p2a: Kingambit|Kingambit, F|100/100
|-damage|p2a: Kingambit|94/100|[from] Stealth Rock
|-activate|p2a: Kingambit|ability: Supreme Overlord
|-start|p2a: Kingambit|fallen2|[silent]
|move|p1a: Gholdengo|Shadow Ball|p2a: Kingambit
|-resisted|p2a: Kingambit
|-damage|p2a: Kingambit|72/100
|
|-heal|p2a: Kingambit|78/100|[from] item: Leftovers
|upkeep
|turn|26
|
|t:|1757953699
|switch|p1a: Great Tusk|Great Tusk|61/100
|move|p2a: Kingambit|Sucker Punch||[still]
|-fail|p2a: Kingambit
|
|-heal|p2a: Kingambit|84/100|[from] item: Leftovers
|upkeep
|turn|27
|
|t:|1757953704
|-end|p2a: Kingambit|fallen2|[silent]
|switch|p2a: Landorus|Landorus-Therian, M, tera:Ghost|44/100
|-damage|p2a: Landorus|31/100|[from] Stealth Rock
|-ability|p2a: Landorus|Intimidate|boost
|-unboost|p1a: Great Tusk|atk|1
|move|p1a: Great Tusk|Headlong Rush|p2a: Landorus
|-damage|p2a: Landorus|0 fnt
|-unboost|p1a: Great Tusk|def|1
|-unboost|p1a: Great Tusk|spd|1
|-damage|p1a: Great Tusk|44/100|[from] item: Rocky Helmet|[of] p2a: Landorus
|faint|p2a: Landorus
|
|upkeep
|
|t:|1757953706
|switch|p2a: Zamazenta|Zamazenta|100/100
|-ability|p2a: Zamazenta|Dauntless Shield|boost
|-boost|p2a: Zamazenta|def|1
|turn|28
|
|t:|1757953709
|-end|p1a: Great Tusk|Protosynthesis|[silent]
|switch|p1a: Gholdengo|Gholdengo|5/100
|-damage|p1a: Gholdengo|0 fnt|[from] Spikes
|faint|p1a: Gholdengo
|move|p2a: Zamazenta|Close Combat|p1: Gholdengo|[notarget]
|-fail|p2a: Zamazenta
|
|upkeep
|
|t:|1757953710
|switch|p1a: Dragalge|Dragalge, F|54/100
|-damage|p1a: Dragalge|42/100|[from] Spikes
|-damage|p1a: Dragalge|29/100|[from] Stealth Rock
|turn|29
|
|t:|1757953716
|switch|p2a: Kingambit|Kingambit, F|84/100
|-damage|p2a: Kingambit|78/100|[from] Stealth Rock
|-activate|p2a: Kingambit|ability: Supreme Overlord
|-start|p2a: Kingambit|fallen3|[silent]
|move|p1a: Dragalge|Draco Meteor|p2a: Kingambit
|-resisted|p2a: Kingambit
|-damage|p2a: Kingambit|15/100
|-unboost|p1a: Dragalge|spa|2
|
|-heal|p2a: Kingambit|22/100|[from] item: Leftovers
|upkeep
|turn|30
|
|t:|1757953720
|move|p2a: Kingambit|Iron Head|p1a: Dragalge
|-damage|p1a: Dragalge|0 fnt
|faint|p1a: Dragalge
|
|-heal|p2a: Kingambit|28/100|[from] item: Leftovers
|upkeep
|
|t:|1757953723
|switch|p1a: Lokix|Lokix, M|72/100
|-damage|p1a: Lokix|59/100|[from] Spikes
|-damage|p1a: Lokix|34/100|[from] Stealth Rock
|turn|31
|
|t:|1757953727
|-end|p2a: Kingambit|fallen3|[silent]
|switch|p2a: Zamazenta|Zamazenta|100/100
|move|p1a: Lokix|U-turn|p2a: Zamazenta
|-resisted|p2a: Zamazenta
|-damage|p2a: Zamazenta|52/100
|
|t:|1757953730
|switch|p1a: Great Tusk|Great Tusk|44/100|[from] U-turn
|
|upkeep
|turn|32
|
|t:|1757953742
|move|p2a: Zamazenta|Close Combat|p1a: Great Tusk
|-damage|p1a: Great Tusk|5/100
|-unboost|p2a: Zamazenta|def|1
|-unboost|p2a: Zamazenta|spd|1
|move|p1a: Great Tusk|Rapid Spin|p2a: Zamazenta
|-crit|p2a: Zamazenta
|-damage|p2a: Zamazenta|18/100
|-boost|p1a: Great Tusk|spe|1
|-sideend|p1: 4arms67|Spikes|[from] move: Rapid Spin|[of] p1a: Great Tusk
|-sideend|p1: 4arms67|Stealth Rock|[from] move: Rapid Spin|[of] p1a: Great Tusk
|
|upkeep
|turn|33
|l|☆4arms67
|inactive|4arms67 disconnected and has a minute to reconnect!
|player|p1|
|j|☆4arms67
|inactive|4arms67 reconnected and has 135 seconds left.
|player|p1|4arms67|102|
|
|t:|1757953762
|move|p1a: Great Tusk|Headlong Rush|p2a: Zamazenta
|-damage|p2a: Zamazenta|0 fnt
|-unboost|p1a: Great Tusk|def|1
|-unboost|p1a: Great Tusk|spd|1
|faint|p2a: Zamazenta
|
|upkeep
|
|t:|1757953775
|switch|p2a: Kingambit|Kingambit, F|28/100
|-damage|p2a: Kingambit|22/100|[from] Stealth Rock
|-activate|p2a: Kingambit|ability: Supreme Overlord
|-start|p2a: Kingambit|fallen4|[silent]
|turn|34
|
|t:|1757953782
|-end|p1a: Great Tusk|Protosynthesis|[silent]
|switch|p1a: Lokix|Lokix, M|34/100
|move|p2a: Kingambit|Sucker Punch||[still]
|-fail|p2a: Kingambit
|
|-heal|p2a: Kingambit|28/100|[from] item: Leftovers
|upkeep
|turn|35
|
|t:|1757953810
|move|p1a: Lokix|U-turn|p2a: Kingambit
|-damage|p2a: Kingambit|0 fnt
|faint|p2a: Kingambit
|-end|p2a: Kingambit|fallen4|[silent]
|
|t:|1757953812
|switch|p1a: Great Tusk|Great Tusk|5/100|[from] U-turn
|
|upkeep
|
|t:|1757953813
|switch|p2a: Pecharunt|Pecharunt|99/100
|turn|36
|
|t:|1757953816
|move|p2a: Pecharunt|Shadow Ball|p1a: Great Tusk
|-damage|p1a: Great Tusk|0 fnt
|faint|p1a: Great Tusk
|-end|p1a: Great Tusk|Protosynthesis|[silent]
|
|upkeep
|
|t:|1757953818
|switch|p1a: Lokix|Lokix, M|34/100
|turn|37
|
|t:|1757953820
|move|p2a: Pecharunt|Malignant Chain|p1a: Lokix
|-damage|p1a: Lokix|0 fnt
|faint|p1a: Lokix
|
|win|SpainWithoutT
|raw|4arms67's rating: 1520 &rarr; <strong>1503</strong><br />(-17 for losing)
|raw|SpainWithoutT's rating: 1566 &rarr; <strong>1583</strong><br />(+17 for winning)
|l|☆4arms67
|player|p1|
|l|☆SpainWithoutT
|player|p2|
