|j|☆Beans60
|j|☆I_AM_EX
|t:|1757888227
|gametype|singles
|player|p1|Beans60|170|1200
|player|p2|I_AM_EX|cynthia|1183
|gen|9
|tier|[Gen 9] OU
|rated|
|rule|HP Percentage Mod: HP is shown in percentages
|rule|Endless Battle Clause: Forcing endless battles is banned
|rule|Species Clause: Limit one of each Pokémon
|rule|OHKO Clause: OHKO moves are banned
|rule|Evasion Items Clause: Evasion items are banned
|rule|Evasion Moves Clause: Evasion moves are banned
|rule|Evasion Abilities Clause: Evasion abilities are banned
|rule|Sleep Moves Clause: Sleep-inducing moves are banned
|clearpoke
|poke|p1|Malamar, M|
|poke|p1|Enamorus, F|
|poke|p1|Quaquaval, F|
|poke|p1|Ogerpon-Cornerstone, F|
|poke|p1|Skeledirge, M|
|poke|p1|Metagross|
|poke|p2|Clodsire, F|
|poke|p2|Toxapex, F|
|poke|p2|Alomomola, F|
|poke|p2|Dondozo, M|
|poke|p2|Blissey, F|
|poke|p2|Ting-Lu|
|teampreview
|
|t:|1757888250
|teamsize|p1|6
|teamsize|p2|6
|start
|switch|p1a: Malamar|Malamar, M|100/100
|switch|p2a: Toxapex|Toxapex, F|100/100
|turn|1
|
|t:|1757888258
|move|p1a: Malamar|Psycho Cut|p2a: Toxapex
|-supereffective|p2a: Toxapex
|-damage|p2a: Toxapex|65/100
|move|p2a: Toxapex|Toxic Spikes|p1a: Malamar
|-sidestart|p1: Beans60|move: Toxic Spikes
|
|upkeep
|turn|2
|
|t:|1757888270
|move|p1a: Malamar|Psycho Cut|p2a: Toxapex
|-supereffective|p2a: Toxapex
|-crit|p2a: Toxapex
|-damage|p2a: Toxapex|5/100
|move|p2a: Toxapex|Toxic|p1a: Malamar
|-status|p1a: Malamar|tox
|
|-damage|p1a: Malamar|94/100 tox|[from] psn
|upkeep
|turn|3
|
|t:|1757888279
|switch|p2a: Ting-Lu|Ting-Lu|100/100
|-ability|p2a: Ting-Lu|Vessel of Ruin
|move|p1a: Malamar|Psycho Cut|p2a: Ting-Lu
|-immune|p2a: Ting-Lu
|
|-damage|p1a: Malamar|82/100 tox|[from] psn
|upkeep
|turn|4
|
|t:|1757888290
|move|p1a: Malamar|Superpower|p2a: Ting-Lu
|-supereffective|p2a: Ting-Lu
|-damage|p2a: Ting-Lu|60/100
|-boost|p1a: Malamar|atk|1
|-boost|p1a: Malamar|def|1
|move|p2a: Ting-Lu|Spikes|p1a: Malamar
|-sidestart|p1: Beans60|Spikes
|
|-damage|p1a: Malamar|64/100 tox|[from] psn
|upkeep
|turn|5
|
|t:|1757888304
|switch|p2a: Dondozo|Dondozo, M|100/100
|move|p1a: Malamar|Superpower|p2a: Dondozo
|-damage|p2a: Dondozo|85/100
|-boost|p1a: Malamar|atk|1
|-boost|p1a: Malamar|def|1
|
|-damage|p1a: Malamar|39/100 tox|[from] psn
|upkeep
|turn|6
|
|t:|1757888315
|move|p1a: Malamar|Psycho Cut|p2a: Dondozo
|-damage|p2a: Dondozo|72/100
|move|p2a: Dondozo|Body Press|p1a: Malamar
|-damage|p1a: Malamar|11/100 tox
|
|-damage|p1a: Malamar|0 fnt|[from] psn
|faint|p1a: Malamar
|upkeep
|
|t:|1757888320
|switch|p1a: Ogerpon|Ogerpon-Cornerstone, F|100/100
|-status|p1a: Ogerpon|psn
|-damage|p1a: Ogerpon|88/100 psn|[from] Spikes
|turn|7
|
|t:|1757888339
|move|p1a: Ogerpon|Trailblaze|p2a: Dondozo
|-supereffective|p2a: Dondozo
|-damage|p2a: Dondozo|47/100
|-boost|p1a: Ogerpon|spe|1
|move|p2a: Dondozo|Body Press|p1a: Ogerpon
|-supereffective|p1a: Ogerpon
|-damage|p1a: Ogerpon|11/100 psn
|
|-damage|p1a: Ogerpon|0 fnt|[from] psn
|faint|p1a: Ogerpon
|upkeep
|
|t:|1757888352
|switch|p1a: Skeledirge|Skeledirge, M|100/100
|-item|p1a: Skeledirge|Air Balloon
|turn|8
|
|t:|1757888371
|switch|p2a: Clodsire|Clodsire, F|100/100
|move|p1a: Skeledirge|Torch Song|p2a: Clodsire
|-damage|p2a: Clodsire|78/100
|-boost|p1a: Skeledirge|spa|1
|
|upkeep
|turn|9
|
|t:|1757888379
|move|p1a: Skeledirge|Torch Song|p2a: Clodsire
|-damage|p2a: Clodsire|55/100
|-boost|p1a: Skeledirge|spa|1
|move|p2a: Clodsire|Amnesia|p2a: Clodsire
|-boost|p2a: Clodsire|spd|2
|
|upkeep
|turn|10
|
|t:|1757888389
|move|p1a: Skeledirge|Will-O-Wisp|p2a: Clodsire
|-status|p2a: Clodsire|brn
|move|p2a: Clodsire|Recover|p2a: Clodsire
|-heal|p2a: Clodsire|100/100 brn
|
|-damage|p2a: Clodsire|94/100 brn|[from] brn
|upkeep
|turn|11
|
|t:|1757888396
|move|p1a: Skeledirge|Torch Song|p2a: Clodsire
|-damage|p2a: Clodsire|70/100 brn
|-boost|p1a: Skeledirge|spa|1
|move|p2a: Clodsire|Poison Jab|p1a: Skeledirge
|-resisted|p1a: Skeledirge
|-damage|p1a: Skeledirge|96/100
|-enditem|p1a: Skeledirge|Air Balloon
|
|-damage|p2a: Clodsire|64/100 brn|[from] brn
|upkeep
|turn|12
|
|t:|1757888411
|move|p1a: Skeledirge|Hex|p2a: Clodsire
|-damage|p2a: Clodsire|29/100 brn
|move|p2a: Clodsire|Amnesia|p2a: Clodsire
|-boost|p2a: Clodsire|spd|2
|
|-damage|p2a: Clodsire|23/100 brn|[from] brn
|upkeep
|turn|13
|
|t:|1757888419
|move|p1a: Skeledirge|Torch Song|p2a: Clodsire
|-damage|p2a: Clodsire|1/100 brn
|-boost|p1a: Skeledirge|spa|1
|move|p2a: Clodsire|Recover|p2a: Clodsire
|-heal|p2a: Clodsire|51/100 brn
|
|-damage|p2a: Clodsire|45/100 brn|[from] brn
|upkeep
|turn|14
|
|t:|1757888434
|move|p1a: Skeledirge|Torch Song|p2a: Clodsire
|-damage|p2a: Clodsire|22/100 brn
|-boost|p1a: Skeledirge|spa|1
|move|p2a: Clodsire|Poison Jab|p1a: Skeledirge
|-resisted|p1a: Skeledirge
|-damage|p1a: Skeledirge|92/100
|
|-damage|p2a: Clodsire|16/100 brn|[from] brn
|upkeep
|turn|15
|
|t:|1757888454
|switch|p2a: Blissey|Blissey, F|100/100
|move|p1a: Skeledirge|Torch Song|p2a: Blissey
|-damage|p2a: Blissey|64/100
|-boost|p1a: Skeledirge|spa|1
|
|upkeep
|turn|16
|
|t:|1757888482
|move|p1a: Skeledirge|Torch Song|p2a: Blissey
|-damage|p2a: Blissey|22/100
|move|p2a: Blissey|Soft-Boiled|p2a: Blissey
|-heal|p2a: Blissey|72/100
|
|upkeep
|turn|17
|
|t:|1757888498
|move|p1a: Skeledirge|Torch Song|p2a: Blissey
|-damage|p2a: Blissey|26/100
|move|p2a: Blissey|Calm Mind|p2a: Blissey
|-boost|p2a: Blissey|spa|1
|-boost|p2a: Blissey|spd|1
|
|upkeep
|turn|18
|
|t:|1757888534
|switch|p2a: Dondozo|Dondozo, M|47/100
|move|p1a: Skeledirge|Torch Song|p2a: Dondozo
|-resisted|p2a: Dondozo
|-damage|p2a: Dondozo|26/100
|
|upkeep
|turn|19
|
|t:|1757888544
|move|p1a: Skeledirge|Hex|p2a: Dondozo
|-damage|p2a: Dondozo|0 fnt
|faint|p2a: Dondozo
|
|upkeep
|
|t:|1757888563
|switch|p2a: Alomomola|Alomomola, F|100/100
|turn|20
|
|t:|1757888570
|-terastallize|p1a: Skeledirge|Normal
|move|p1a: Skeledirge|Hyper Voice|p2a: Alomomola
|-damage|p2a: Alomomola|0 fnt
|faint|p2a: Alomomola
|
|upkeep
|
|t:|1757888581
|switch|p2a: Clodsire|Clodsire, F|16/100 brn
|turn|21
|
|t:|1757888584
|move|p1a: Skeledirge|Hyper Voice|p2a: Clodsire
|-damage|p2a: Clodsire|0 fnt
|faint|p2a: Clodsire
|
|upkeep
|-message|I_AM_EX forfeited.
|
|win|Beans60
|raw|Beans60's rating: 1200 &rarr; <strong>1224</strong><br />(+24 for winning)
|raw|I_AM_EX's rating: 1183 &rarr; <strong>1159</strong><br />(-24 for losing)
|l|☆I_AM_EX
|player|p2|
