|j|☆KingWhacka
|j|☆poukiewookie
|t:|1757823580
|gametype|singles
|player|p1|KingWhacka|parasollady|1463
|player|p2|poukiewookie|richboy-gen4|1506
|gen|9
|tier|[Gen 9] OU
|rated|
|rule|HP Percentage Mod: HP is shown in percentages
|rule|Endless Battle Clause: Forcing endless battles is banned
|rule|Species Clause: Limit one of each Pokémon
|rule|OHKO Clause: OHKO moves are banned
|rule|Evasion Items Clause: Evasion items are banned
|rule|Evasion Moves Clause: Evasion moves are banned
|rule|Evasion Abilities Clause: Evasion abilities are banned
|rule|Sleep Moves Clause: Sleep-inducing moves are banned
|clearpoke
|poke|p1|Garchomp, F|
|poke|p1|Dragonite, F|
|poke|p1|Kingambit, F|
|poke|p1|Primarina, F|
|poke|p1|Cinderace, F|
|poke|p1|Darkrai|
|poke|p2|Iron Valiant|
|poke|p2|Iron Treads|
|poke|p2|Pincurchin, F|
|poke|p2|Corviknight, F|
|poke|p2|Darkrai|
|poke|p2|Iron Moth|
|teampreview
|inactive|Battle timer is ON: inactive players will automatically lose when time's up. (requested by poukiewookie)
|
|t:|1757823590
|teamsize|p1|6
|teamsize|p2|6
|start
|switch|p1a: Garchomp|Garchomp, F|100/100
|switch|p2a: Spiky|Pincurchin, F|100/100
|-fieldstart|move: Electric Terrain|[from] ability: Electric Surge|[of] p2a: Spiky
|turn|1
|
|t:|1757823594
|move|p1a: Garchomp|Stealth Rock|p2a: Spiky
|-sidestart|p2: poukiewookie|move: Stealth Rock
|move|p2a: Spiky|Scald|p1a: Garchomp
|-damage|p1a: Garchomp|77/100
|-status|p1a: Garchomp|brn
|
|-damage|p1a: Garchomp|70/100 brn|[from] brn
|upkeep
|turn|2
|
|t:|1757823600
|switch|p2a: Lenore|Corviknight, F|100/100
|-damage|p2a: Lenore|88/100|[from] Stealth Rock
|-ability|p2a: Lenore|Pressure
|move|p1a: Garchomp|Dragon Tail|p2a: Lenore
|-resisted|p2a: Lenore
|-damage|p2a: Lenore|84/100
|-damage|p1a: Garchomp|54/100 brn|[from] item: Rocky Helmet|[of] p2a: Lenore
|drag|p2a: Sha|Darkrai|100/100
|-damage|p2a: Sha|88/100|[from] Stealth Rock
|
|-damage|p1a: Garchomp|48/100 brn|[from] brn
|upkeep
|turn|3
|
|t:|1757823605
|move|p2a: Sha|Ice Beam|p1a: Garchomp
|-supereffective|p1a: Garchomp
|-damage|p1a: Garchomp|0 fnt
|faint|p1a: Garchomp
|-damage|p2a: Sha|78/100|[from] item: Life Orb
|
|upkeep
|
|t:|1757823609
|switch|p1a: Primarina|Primarina, F|100/100
|turn|4
|
|t:|1757823617
|move|p2a: Sha|Sludge Bomb|p1a: Primarina
|-supereffective|p1a: Primarina
|-damage|p1a: Primarina|45/100
|-status|p1a: Primarina|psn
|-damage|p2a: Sha|68/100|[from] item: Life Orb
|move|p1a: Primarina|Flip Turn|p2a: Sha
|-damage|p2a: Sha|50/100
|
|t:|1757823620
|switch|p1a: Darkrai|Darkrai|100/100|[from] Flip Turn
|
|upkeep
|turn|5
|
|t:|1757823631
|move|p2a: Sha|Focus Blast|p1a: Darkrai
|-supereffective|p1a: Darkrai
|-damage|p1a: Darkrai|0 fnt
|faint|p1a: Darkrai
|-damage|p2a: Sha|40/100|[from] item: Life Orb
|
|upkeep
|-message|KingWhacka forfeited.
|
|win|poukiewookie
|raw|KingWhacka's rating: 1463 &rarr; <strong>1445</strong><br />(-18 for losing)
|raw|poukiewookie's rating: 1506 &rarr; <strong>1524</strong><br />(+18 for winning)
|l|☆KingWhacka
|player|p1|
