|j|☆Lenghong
|j|☆Basikone
|t:|1757928161
|gametype|singles
|player|p1|Lenghong|hilda|1345
|player|p2|Basikone|2|1297
|gen|9
|tier|[Gen 9] OU
|rated|
|rule|HP Percentage Mod: HP is shown in percentages
|rule|Endless Battle Clause: Forcing endless battles is banned
|rule|Species Clause: Limit one of each Pokémon
|rule|OHKO Clause: OHKO moves are banned
|rule|Evasion Items Clause: Evasion items are banned
|rule|Evasion Moves Clause: Evasion moves are banned
|rule|Evasion Abilities Clause: Evasion abilities are banned
|rule|Sleep Moves Clause: Sleep-inducing moves are banned
|clearpoke
|poke|p1|Garganacl, M|
|poke|p1|Glimmora, F|
|poke|p1|Iron Boulder|
|poke|p1|Arcanine-Hisui, F|
|poke|p1|Kleavor, F|
|poke|p1|Tyranitar, F|
|poke|p2|Scizor, F|
|poke|p2|Jolteon, F|
|poke|p2|Araquanid, M|
|poke|p2|Magnezone|
|poke|p2|Donphan, M|
|poke|p2|Ting-Lu|
|teampreview
|inactive|Battle timer is ON: inactive players will automatically lose when time's up. (requested by Basikone)
|inactive|Lenghong has 120 seconds left.
|
|t:|1757928201
|teamsize|p1|6
|teamsize|p2|6
|start
|switch|p1a: Kleavor|Kleavor, F|100/100
|switch|p2a: Araquanid|Araquanid, M|100/100
|turn|1
|inactive|Basikone has 120 seconds left.
|
|t:|1757928239
|switch|p2a: Ting-Lu|Ting-Lu|100/100
|-ability|p2a: Ting-Lu|Vessel of Ruin
|move|p1a: Kleavor|Stone Axe|p2a: Ting-Lu
|-resisted|p2a: Ting-Lu
|-damage|p2a: Ting-Lu|87/100
|-sidestart|p2: Basikone|move: Stealth Rock
|-enditem|p2a: Ting-Lu|Red Card|[of] p1a: Kleavor
|drag|p1a: Glimmora|Glimmora, F|100/100
|
|upkeep
|turn|2
|inactive|Basikone has 120 seconds left.
|
|t:|1757928249
|switch|p1a: Garganacl|Garganacl, M|100/100
|move|p2a: Ting-Lu|Stealth Rock|p1a: Garganacl
|-sidestart|p1: Lenghong|move: Stealth Rock
|
|upkeep
|turn|3
|
|t:|1757928259
|move|p1a: Garganacl|Iron Defense|p1a: Garganacl
|-boost|p1a: Garganacl|def|2
|move|p2a: Ting-Lu|Spikes|p1a: Garganacl
|-sidestart|p1: Lenghong|Spikes
|
|upkeep
|turn|4
|
|t:|1757928267
|move|p1a: Garganacl|Body Press|p2a: Ting-Lu
|-supereffective|p2a: Ting-Lu
|-damage|p2a: Ting-Lu|31/100
|move|p2a: Ting-Lu|Whirlwind|p1a: Garganacl
|drag|p1a: Glimmora|Glimmora, F|100/100
|-damage|p1a: Glimmora|88/100|[from] Stealth Rock
|-damage|p1a: Glimmora|76/100|[from] Spikes
|
|upkeep
|turn|5
|
|t:|1757928276
|switch|p2a: Magnezone|Magnezone|100/100
|-damage|p2a: Magnezone|94/100|[from] Stealth Rock
|move|p1a: Glimmora|Mortal Spin|p2a: Magnezone
|-immune|p2a: Magnezone
|
|upkeep
|turn|6
|
|t:|1757928281
|move|p1a: Glimmora|Earth Power|p2a: Magnezone
|-supereffective|p2a: Magnezone
|-crit|p2a: Magnezone
|-damage|p2a: Magnezone|0 fnt
|faint|p2a: Magnezone
|
|upkeep
|
|t:|1757928293
|switch|p2a: Scizor|Scizor, F|100/100
|-damage|p2a: Scizor|88/100|[from] Stealth Rock
|turn|7
|l|☆Lenghong
|inactive|Lenghong disconnected and has a minute to reconnect!
|player|p1|
|j|☆Lenghong
|inactive|Lenghong reconnected and has 120 seconds left.
|player|p1|Lenghong|hilda|
|
|t:|1757928335
|switch|p1a: Garganacl|Garganacl, M|100/100
|-damage|p1a: Garganacl|88/100|[from] Stealth Rock
|-damage|p1a: Garganacl|76/100|[from] Spikes
|move|p2a: Scizor|Bullet Punch|p1a: Garganacl
|-supereffective|p1a: Garganacl
|-damage|p1a: Garganacl|20/100
|
|-heal|p1a: Garganacl|26/100|[from] item: Leftovers
|upkeep
|turn|8
|
|t:|1757928350
|move|p2a: Scizor|Bullet Punch|p1a: Garganacl
|-supereffective|p1a: Garganacl
|-damage|p1a: Garganacl|0 fnt
|faint|p1a: Garganacl
|
|upkeep
|
|t:|1757928360
|switch|p1a: Arcanine|Arcanine-Hisui, F, shiny|100/100
|-damage|p1a: Arcanine|75/100|[from] Stealth Rock
|-damage|p1a: Arcanine|63/100|[from] Spikes
|turn|9
|
|t:|1757928366
|switch|p2a: Donphan|Donphan, M|100/100
|move|p1a: Arcanine|Flare Blitz|p2a: Donphan
|-damage|p2a: Donphan|33/100
|
|upkeep
|turn|10
|
|t:|1757928372
|move|p1a: Arcanine|Flare Blitz|p2a: Donphan
|-damage|p2a: Donphan|0 fnt
|faint|p2a: Donphan
|
|upkeep
|
|t:|1757928377
|switch|p2a: Araquanid|Araquanid, M|100/100
|-damage|p2a: Araquanid|75/100|[from] Stealth Rock
|turn|11
|
|t:|1757928384
|switch|p1a: Glimmora|Glimmora, F|76/100
|-damage|p1a: Glimmora|63/100|[from] Stealth Rock
|-damage|p1a: Glimmora|51/100|[from] Spikes
|move|p2a: Araquanid|Liquidation|p1a: Glimmora
|-supereffective|p1a: Glimmora
|-damage|p1a: Glimmora|0 fnt
|-activate|p1a: Glimmora|ability: Toxic Debris
|-sidestart|p2: Basikone|move: Toxic Spikes
|faint|p1a: Glimmora
|
|upkeep
|
|t:|1757928388
|switch|p1a: Iron Boulder|Iron Boulder|100/100
|-damage|p1a: Iron Boulder|88/100|[from] Stealth Rock
|-damage|p1a: Iron Boulder|76/100|[from] Spikes
|turn|12
|
|t:|1757928396
|-terastallize|p2a: Araquanid|Water
|move|p1a: Iron Boulder|Mighty Cleave|p2a: Araquanid
|-damage|p2a: Araquanid|4/100
|-damage|p1a: Iron Boulder|66/100|[from] item: Life Orb
|move|p2a: Araquanid|Liquidation|p1a: Iron Boulder
|-supereffective|p1a: Iron Boulder
|-damage|p1a: Iron Boulder|0 fnt
|faint|p1a: Iron Boulder
|-end|p1a: Iron Boulder|Quark Drive|[silent]
|
|upkeep
|
|t:|1757928401
|switch|p1a: Kleavor|Kleavor, F|100/100
|-damage|p1a: Kleavor|76/100|[from] Stealth Rock
|-damage|p1a: Kleavor|63/100|[from] Spikes
|turn|13
|
|t:|1757928409
|move|p1a: Kleavor|Stone Axe|p2a: Araquanid|[miss]
|-miss|p1a: Kleavor|p2a: Araquanid
|move|p2a: Araquanid|Liquidation|p1a: Kleavor
|-supereffective|p1a: Kleavor
|-damage|p1a: Kleavor|0 fnt
|faint|p1a: Kleavor
|
|upkeep
|
|t:|1757928412
|switch|p1a: Arcanine|Arcanine-Hisui, F, shiny|63/100
|-damage|p1a: Arcanine|38/100|[from] Stealth Rock
|-damage|p1a: Arcanine|26/100|[from] Spikes
|turn|14
|l|☆Lenghong
|inactive|Lenghong disconnected and has a minute to reconnect!
|player|p1|
|
|t:|1757928419
|move|p1a: Arcanine|Head Smash|p2a: Araquanid
|-damage|p2a: Araquanid|0 fnt
|faint|p2a: Araquanid
|
|upkeep
|
|t:|1757928423
|switch|p2a: Scizor|Scizor, F|88/100
|-damage|p2a: Scizor|75/100|[from] Stealth Rock
|turn|15
|inactive|Lenghong has 30 seconds to reconnect!
|inactive|Lenghong has 20 seconds to reconnect!
|inactive|Lenghong has 15 seconds to reconnect!
|inactive|Lenghong has 10 seconds to reconnect!
|inactive|Lenghong has 5 seconds to reconnect!
|-message|Lenghong lost due to inactivity.
|
|win|Basikone
|raw|Lenghong's rating: 1345 &rarr; <strong>1322</strong><br />(-23 for losing)
|raw|Basikone's rating: 1297 &rarr; <strong>1325</strong><br />(+28 for winning)
|l|☆Basikone
|player|p2|
