|j|☆rrbrru
|j|☆help im drunk
|t:|1757903366
|gametype|singles
|player|p1|rrbrru|101|1404
|player|p2|help im drunk|wattson|1390
|gen|9
|tier|[Gen 9] OU
|rated|
|rule|HP Percentage Mod: HP is shown in percentages
|rule|Endless Battle Clause: Forcing endless battles is banned
|rule|Species Clause: Limit one of each Pokémon
|rule|OHKO Clause: OHKO moves are banned
|rule|Evasion Items Clause: Evasion items are banned
|rule|Evasion Moves Clause: Evasion moves are banned
|rule|Evasion Abilities Clause: Evasion abilities are banned
|rule|Sleep Moves Clause: Sleep-inducing moves are banned
|clearpoke
|poke|p1|Toucannon, M|
|poke|p1|Dragonite, M|
|poke|p1|Zamazenta-*|
|poke|p1|Iron Treads|
|poke|p1|Zapdos|
|poke|p1|Primarina, M|
|poke|p2|Lucario, F|
|poke|p2|Raging Bolt|
|poke|p2|Rillaboom, F|
|poke|p2|Lycanroc-Dusk, M|
|poke|p2|Ceruledge, F|
|poke|p2|Samurott-Hisui, F|
|teampreview
|
|t:|1757903377
|teamsize|p1|6
|teamsize|p2|6
|start
|switch|p1a: Franky|Toucannon, M|100/100
|switch|p2a: White Out|Samurott-Hisui, F, shiny|100/100
|turn|1
|j| steviestar yo
|
|t:|1757903386
|-singleturn|p1a: Franky|move: Beak Blast
|move|p2a: White Out|Ceaseless Edge|p1a: Franky
|-damage|p1a: Franky|43/100
|-status|p2a: White Out|brn
|-sidestart|p1: rrbrru|Spikes
|move|p1a: Franky|Beak Blast|p2a: White Out
|-damage|p2a: White Out|27/100 brn
|
|-damage|p2a: White Out|20/100 brn|[from] brn
|upkeep
|turn|2
|
|t:|1757903396
|move|p2a: White Out|Ceaseless Edge|p1a: Franky
|-damage|p1a: Franky|16/100
|-sidestart|p1: rrbrru|Spikes
|move|p1a: Franky|Knock Off|p2a: White Out
|-resisted|p2a: White Out
|-damage|p2a: White Out|0 fnt
|-enditem|p2a: White Out|Focus Sash|[from] move: Knock Off|[of] p1a: Franky
|faint|p2a: White Out
|
|upkeep
|j| hextech02
|
|t:|1757903431
|switch|p2a: Ice|Lucario, F, shiny|100/100
|turn|3
|
|t:|1757903437
|-singleturn|p1a: Franky|move: Beak Blast
|move|p2a: Ice|Flash Cannon|p1a: Franky
|-damage|p1a: Franky|0 fnt
|faint|p1a: Franky
|-damage|p2a: Ice|91/100|[from] item: Life Orb
|
|upkeep
|
|t:|1757903445
|switch|p1a: Monkey D. nite|Dragonite, M|100/100
|turn|4
|
|t:|1757903449
|move|p2a: Ice|Flash Cannon|p1a: Monkey D. nite
|-damage|p1a: Monkey D. nite|70/100
|-unboost|p1a: Monkey D. nite|spd|1
|-damage|p2a: Ice|81/100|[from] item: Life Orb
|move|p1a: Monkey D. nite|Dragon Dance|p1a: Monkey D. nite
|-boost|p1a: Monkey D. nite|atk|1
|-boost|p1a: Monkey D. nite|spe|1
|
|upkeep
|turn|5
|
|t:|1757903456
|move|p1a: Monkey D. nite|Fire Punch|p2a: Ice
|-supereffective|p2a: Ice
|-damage|p2a: Ice|0 fnt
|faint|p2a: Ice
|
|upkeep
|
|t:|1757903489
|switch|p2a: Baja Blast|Lycanroc-Dusk, M, shiny|100/100
|turn|6
|
|t:|1757903502
|switch|p1a: Eustass Kid|Iron Treads|100/100
|-item|p1a: Eustass Kid|Air Balloon
|move|p2a: Baja Blast|Accelerock|p1a: Eustass Kid
|-resisted|p1a: Eustass Kid
|-damage|p1a: Eustass Kid|94/100
|-enditem|p1a: Eustass Kid|Air Balloon
|-damage|p2a: Baja Blast|91/100|[from] item: Life Orb
|
|upkeep
|turn|7
|
|t:|1757903516
|-terastallize|p2a: Baja Blast|Fighting
|move|p2a: Baja Blast|Close Combat|p1a: Eustass Kid
|-supereffective|p1a: Eustass Kid
|-damage|p1a: Eustass Kid|0 fnt
|-unboost|p2a: Baja Blast|def|1
|-unboost|p2a: Baja Blast|spd|1
|faint|p1a: Eustass Kid
|-end|p1a: Eustass Kid|Quark Drive|[silent]
|-damage|p2a: Baja Blast|81/100|[from] item: Life Orb
|
|upkeep
|
|t:|1757903528
|switch|p1a: Shanks|Zamazenta|100/100
|-damage|p1a: Shanks|84/100|[from] Spikes
|-ability|p1a: Shanks|Dauntless Shield|boost
|-boost|p1a: Shanks|def|1
|turn|8
|
|t:|1757903542
|move|p1a: Shanks|Close Combat|p2a: Baja Blast
|-damage|p2a: Baja Blast|0 fnt
|-unboost|p1a: Shanks|def|1
|-unboost|p1a: Shanks|spd|1
|faint|p2a: Baja Blast
|
|upkeep
|
|t:|1757903557
|switch|p2a: Pitch Black|Ceruledge, F|100/100
|turn|9
|
|t:|1757903562
|switch|p1a: Monkey D. nite|Dragonite, M|70/100
|move|p2a: Pitch Black|Bulk Up|p2a: Pitch Black
|-boost|p2a: Pitch Black|atk|1
|-boost|p2a: Pitch Black|def|1
|
|upkeep
|turn|10
|
|t:|1757903574
|move|p1a: Monkey D. nite|Scale Shot|p2a: Pitch Black
|-damage|p2a: Pitch Black|89/100
|-damage|p2a: Pitch Black|78/100
|-damage|p2a: Pitch Black|65/100
|-damage|p2a: Pitch Black|54/100
|-hitcount|p2a: Pitch Black|4
|-unboost|p1a: Monkey D. nite|def|1
|-boost|p1a: Monkey D. nite|spe|1
|move|p2a: Pitch Black|Bulk Up|p2a: Pitch Black
|-boost|p2a: Pitch Black|atk|1
|-boost|p2a: Pitch Black|def|1
|
|upkeep
|turn|11
|
|t:|1757903588
|move|p1a: Monkey D. nite|Scale Shot|p2a: Pitch Black
|-damage|p2a: Pitch Black|45/100
|-damage|p2a: Pitch Black|36/100
|-damage|p2a: Pitch Black|28/100
|-damage|p2a: Pitch Black|18/100
|-damage|p2a: Pitch Black|10/100
|-hitcount|p2a: Pitch Black|5
|-unboost|p1a: Monkey D. nite|def|1
|-boost|p1a: Monkey D. nite|spe|1
|move|p2a: Pitch Black|Bitter Blade|p1a: Monkey D. nite
|-resisted|p1a: Monkey D. nite
|-damage|p1a: Monkey D. nite|0 fnt
|-heal|p2a: Pitch Black|41/100|[from] drain|[of] p1a: Monkey D. nite
|faint|p1a: Monkey D. nite
|
|upkeep
|
|t:|1757903600
|switch|p1a: Enel|Zapdos|100/100
|turn|12
|
|t:|1757903618
|move|p2a: Pitch Black|Shadow Sneak|p1a: Enel
|-crit|p1a: Enel
|-damage|p1a: Enel|41/100
|-status|p2a: Pitch Black|par|[from] ability: Static|[of] p1a: Enel
|move|p1a: Enel|Volt Switch|p2a: Pitch Black
|-damage|p2a: Pitch Black|4/100 par
|
|t:|1757903625
|switch|p1a: Shirahoshi|Primarina, M|100/100|[from] Volt Switch
|-damage|p1a: Shirahoshi|84/100|[from] Spikes
|
|upkeep
|turn|13
|
|t:|1757903631
|move|p2a: Pitch Black|Shadow Sneak|p1a: Shirahoshi
|-damage|p1a: Shirahoshi|47/100
|move|p1a: Shirahoshi|Flip Turn|p2a: Pitch Black
|-supereffective|p2a: Pitch Black
|-damage|p2a: Pitch Black|0 fnt
|faint|p2a: Pitch Black
|
|t:|1757903636
|switch|p1a: Enel|Zapdos|41/100|[from] Flip Turn
|
|upkeep
|
|t:|1757903645
|switch|p2a: Livewire|Raging Bolt|100/100
|-enditem|p2a: Livewire|Booster Energy
|-activate|p2a: Livewire|ability: Protosynthesis|[fromitem]
|-start|p2a: Livewire|protosynthesisspa
|turn|14
|
|t:|1757903653
|move|p1a: Enel|Volt Switch|p2a: Livewire
|-resisted|p2a: Livewire
|-damage|p2a: Livewire|87/100
|
|t:|1757903657
|switch|p1a: Shirahoshi|Primarina, M|47/100|[from] Volt Switch
|-damage|p1a: Shirahoshi|30/100|[from] Spikes
|move|p2a: Livewire|Dragon Pulse|p1a: Shirahoshi
|-immune|p1a: Shirahoshi
|
|upkeep
|turn|15
|
|t:|1757903662
|move|p2a: Livewire|Thunderbolt|p1a: Shirahoshi
|-supereffective|p1a: Shirahoshi
|-damage|p1a: Shirahoshi|0 fnt
|faint|p1a: Shirahoshi
|
|upkeep
|
|t:|1757903665
|switch|p1a: Shanks|Zamazenta|84/100
|-damage|p1a: Shanks|67/100|[from] Spikes
|turn|16
|
|t:|1757903669
|move|p2a: Livewire|Thunderclap|p1a: Shanks
|-damage|p1a: Shanks|14/100
|move|p1a: Shanks|Close Combat|p2a: Livewire
|-damage|p2a: Livewire|7/100
|-unboost|p1a: Shanks|def|1
|-unboost|p1a: Shanks|spd|1
|
|upkeep
|turn|17
|
|t:|1757903674
|move|p2a: Livewire|Thunderclap|p1a: Shanks
|-damage|p1a: Shanks|0 fnt
|faint|p1a: Shanks
|
|upkeep
|-message|rrbrru forfeited.
|
|win|help im drunk
|raw|rrbrru's rating: 1404 &rarr; <strong>1383</strong><br />(-21 for losing)
|raw|help im drunk's rating: 1390 &rarr; <strong>1411</strong><br />(+21 for winning)
|l|☆rrbrru
|player|p1|
|l| steviestar yo
|l|☆help im drunk
|player|p2|
