|j|☆DirtyDoorknob
|j|☆messmerimpaler
|t:|1757942698
|gametype|singles
|player|p1|DirtyDoorknob|collector|1121
|player|p2|messmerimpaler|bellelba|1121
|gen|9
|tier|[Gen 9] OU
|rated|
|rule|HP Percentage Mod: HP is shown in percentages
|rule|Endless Battle Clause: Forcing endless battles is banned
|rule|Species Clause: Limit one of each Pokémon
|rule|OHKO Clause: OHKO moves are banned
|rule|Evasion Items Clause: Evasion items are banned
|rule|Evasion Moves Clause: Evasion moves are banned
|rule|Evasion Abilities Clause: Evasion abilities are banned
|rule|Sleep Moves Clause: Sleep-inducing moves are banned
|clearpoke
|poke|p1|Lokix, F|
|poke|p1|Cinderace, F|
|poke|p1|Great Tusk|
|poke|p1|Alomomola, M|
|poke|p1|Enamorus, F|
|poke|p1|Slowking-Galar, M|
|poke|p2|Falinks|
|poke|p2|Arbok, M|
|poke|p2|Primarina, M|
|poke|p2|Meowscarada, F|
|poke|p2|Ceruledge, F|
|poke|p2|Excadrill, M|
|teampreview
|inactive|Battle timer is ON: inactive players will automatically lose when time's up. (requested by messmerimpaler)
|inactive|DirtyDoorknob also wants the timer to be on.
|j| jrwy
|
|t:|1757942703
|teamsize|p1|6
|teamsize|p2|6
|start
|switch|p1a: Lokix|Lokix, F|100/100
|switch|p2a: Python|Arbok, M|100/100
|-ability|p2a: Python|Intimidate|boost
|-unboost|p1a: Lokix|atk|1
|turn|1
|l|☆DirtyDoorknob
|inactive|DirtyDoorknob disconnected and has a minute to reconnect!
|player|p1|
|j|☆DirtyDoorknob
|inactive|DirtyDoorknob reconnected and has 125 seconds left.
|player|p1|DirtyDoorknob|collector|
|inactive|DirtyDoorknob has 120 seconds left.
|
|t:|1757942735
|move|p2a: Python|Coil|p2a: Python
|-boost|p2a: Python|atk|1
|-boost|p2a: Python|def|1
|-boost|p2a: Python|accuracy|1
|move|p1a: Lokix|U-turn|p2a: Python
|-resisted|p2a: Python
|-damage|p2a: Python|63/100
|inactive|DirtyDoorknob has 120 seconds left.
|
|t:|1757942743
|switch|p1a: Slowking|Slowking-Galar, M|100/100|[from] U-turn
|
|upkeep
|turn|2
|l| jrwy
|
|t:|1757942755
|move|p2a: Python|Coil|p2a: Python
|-boost|p2a: Python|atk|1
|-boost|p2a: Python|def|1
|-boost|p2a: Python|accuracy|1
|move|p1a: Slowking|Future Sight|p2a: Python
|-start|p1a: Slowking|move: Future Sight
|
|upkeep
|turn|3
|
|t:|1757942763
|move|p2a: Python|Earthquake|p1a: Slowking
|-supereffective|p1a: Slowking
|-enditem|p1a: Slowking|Shuca Berry|[eat]
|-enditem|p1a: Slowking|Shuca Berry|[weaken]
|-damage|p1a: Slowking|61/100
|-prepare|p1a: Slowking|Chilly Reception|[premajor]
|move|p1a: Slowking|Chilly Reception|p1a: Slowking
|-weather|Snowscape
|
|t:|1757942775
|switch|p1a: Alomomola|Alomomola, M|100/100|[from] Chilly Reception
|
|-weather|Snowscape|[upkeep]
|upkeep
|turn|4
|
|t:|1757942783
|-terastallize|p2a: Python|Dragon
|move|p2a: Python|Scale Shot|p1a: Alomomola
|-damage|p1a: Alomomola|85/100
|-damage|p1a: Alomomola|69/100
|-damage|p1a: Alomomola|52/100
|-damage|p1a: Alomomola|38/100
|-hitcount|p1a: Alomomola|4
|-unboost|p2a: Python|def|1
|-boost|p2a: Python|spe|1
|move|p1a: Alomomola|Flip Turn|p2a: Python
|-resisted|p2a: Python
|-damage|p2a: Python|54/100
|
|t:|1757942796
|switch|p1a: Enamorus|Enamorus, F|100/100|[from] Flip Turn
|
|-weather|Snowscape|[upkeep]
|-end|p2a: Python|move: Future Sight
|-damage|p2a: Python|0 fnt
|faint|p2a: Python
|upkeep
|
|t:|1757942805
|switch|p2a: Daedalus|Excadrill, M|100/100
|-ability|p2a: Daedalus|Mold Breaker
|-item|p2a: Daedalus|Air Balloon
|turn|5
|
|t:|1757942814
|switch|p1a: Slowking|Slowking-Galar, M|94/100
|move|p2a: Daedalus|Swords Dance|p2a: Daedalus
|-boost|p2a: Daedalus|atk|2
|
|-weather|Snowscape|[upkeep]
|upkeep
|turn|6
|
|t:|1757942834
|move|p2a: Daedalus|Earthquake|p1a: Slowking
|-supereffective|p1a: Slowking
|-damage|p1a: Slowking|0 fnt
|faint|p1a: Slowking
|
|-weather|Snowscape|[upkeep]
|upkeep
|
|t:|1757942843
|switch|p1a: Alomomola|Alomomola, M|71/100
|turn|7
|
|t:|1757942851
|move|p1a: Alomomola|Aqua Jet|p2a: Daedalus
|-supereffective|p2a: Daedalus
|-damage|p2a: Daedalus|70/100
|-enditem|p2a: Daedalus|Air Balloon
|move|p2a: Daedalus|Earthquake|p1a: Alomomola
|-damage|p1a: Alomomola|0 fnt
|faint|p1a: Alomomola
|
|-weather|none
|upkeep
|
|t:|1757942865
|switch|p1a: Great Tusk|Great Tusk|100/100
|turn|8
|
|t:|1757942871
|move|p2a: Daedalus|Iron Head|p1a: Great Tusk
|-damage|p1a: Great Tusk|58/100
|cant|p1a: Great Tusk|flinch
|
|-heal|p1a: Great Tusk|64/100|[from] item: Leftovers
|upkeep
|turn|9
|
|t:|1757942880
|move|p2a: Daedalus|Earthquake|p1a: Great Tusk
|-damage|p1a: Great Tusk|10/100
|move|p1a: Great Tusk|Earthquake|p2a: Daedalus
|-supereffective|p2a: Daedalus
|-damage|p2a: Daedalus|0 fnt
|faint|p2a: Daedalus
|
|-heal|p1a: Great Tusk|16/100|[from] item: Leftovers
|upkeep
|
|t:|1757942885
|switch|p2a: Hephaestus|Ceruledge, F|100/100
|turn|10
|
|t:|1757942892
|move|p2a: Hephaestus|Swords Dance|p2a: Hephaestus
|-boost|p2a: Hephaestus|atk|2
|move|p1a: Great Tusk|Earthquake|p2a: Hephaestus
|-supereffective|p2a: Hephaestus
|-enditem|p2a: Hephaestus|Focus Sash
|-damage|p2a: Hephaestus|1/100
|-ability|p2a: Hephaestus|Weak Armor|boost
|-unboost|p2a: Hephaestus|def|1
|-boost|p2a: Hephaestus|spe|2
|
|-heal|p1a: Great Tusk|22/100|[from] item: Leftovers
|upkeep
|turn|11
|
|t:|1757942904
|move|p2a: Hephaestus|Bitter Blade|p1a: Great Tusk
|-damage|p1a: Great Tusk|0 fnt
|-heal|p2a: Hephaestus|17/100|[from] drain|[of] p1a: Great Tusk
|faint|p1a: Great Tusk
|-end|p1a: Great Tusk|Protosynthesis|[silent]
|
|upkeep
|
|t:|1757942910
|switch|p1a: Lokix|Lokix, F|100/100
|turn|12
|
|t:|1757942915
|move|p1a: Lokix|First Impression|p2a: Hephaestus
|-resisted|p2a: Hephaestus
|-damage|p2a: Hephaestus|0 fnt
|faint|p2a: Hephaestus
|
|upkeep
|
|t:|1757942923
|switch|p2a: Spartan|Falinks, shiny|100/100
|turn|13
|
|t:|1757942927
|switch|p1a: Enamorus|Enamorus, F|100/100
|move|p2a: Spartan|No Retreat|p2a: Spartan
|-boost|p2a: Spartan|atk|1
|-boost|p2a: Spartan|def|1
|-boost|p2a: Spartan|spa|1
|-boost|p2a: Spartan|spd|1
|-boost|p2a: Spartan|spe|1
|-start|p2a: Spartan|move: No Retreat
|
|upkeep
|turn|14
|
|t:|1757942935
|-terastallize|p1a: Enamorus|Stellar
|move|p1a: Enamorus|Moonblast|p2a: Spartan
|-supereffective|p2a: Spartan
|-damage|p2a: Spartan|0 fnt
|faint|p2a: Spartan
|
|upkeep
|
|t:|1757942947
|switch|p2a: Siren|Primarina, M|100/100
|turn|15
|
|t:|1757942952
|switch|p1a: Cinderace|Cinderace, F|100/100
|move|p2a: Siren|Hyper Voice|p1a: Cinderace
|-supereffective|p1a: Cinderace
|-damage|p1a: Cinderace|0 fnt
|faint|p1a: Cinderace
|
|upkeep
|
|t:|1757942961
|switch|p1a: Enamorus|Enamorus, F, tera:Stellar|100/100
|turn|16
|
|t:|1757942969
|move|p1a: Enamorus|Tera Blast|p2a: Siren|[anim] Tera Blast Stellar
|-damage|p2a: Siren|74/100
|-boost|p1a: Enamorus|atk|1
|-boost|p1a: Enamorus|spa|1
|move|p2a: Siren|Draining Kiss|p1a: Enamorus
|-damage|p1a: Enamorus|59/100
|-heal|p2a: Siren|99/100|[from] drain|[of] p1a: Enamorus
|
|upkeep
|turn|17
|
|t:|1757942979
|move|p1a: Enamorus|Tera Blast|p2a: Siren|[anim] Tera Blast Stellar
|-damage|p2a: Siren|66/100
|-boost|p1a: Enamorus|atk|1
|-boost|p1a: Enamorus|spa|1
|move|p2a: Siren|Hyper Voice|p1a: Enamorus
|-damage|p1a: Enamorus|0 fnt
|faint|p1a: Enamorus
|
|upkeep
|
|t:|1757942988
|switch|p1a: Lokix|Lokix, F|100/100
|turn|18
|
|t:|1757942992
|move|p1a: Lokix|Leech Life|p2a: Siren
|-resisted|p2a: Siren
|-damage|p2a: Siren|0 fnt
|faint|p2a: Siren
|
|upkeep
|
|t:|1757942996
|switch|p2a: Athena|Meowscarada, F|100/100
|turn|19
|
|t:|1757943000
|move|p2a: Athena|Play Rough|p1a: Lokix|[miss]
|-start|p2a: Athena|typechange|Fairy|[from] ability: Protean
|-miss|p2a: Athena|p1a: Lokix
|move|p1a: Lokix|Leech Life|p2a: Athena
|-resisted|p2a: Athena
|-damage|p2a: Athena|14/100
|
|upkeep
|turn|20
|
|t:|1757943009
|move|p2a: Athena|Play Rough|p1a: Lokix
|-supereffective|p1a: Lokix
|-damage|p1a: Lokix|0 fnt
|faint|p1a: Lokix
|
|win|messmerimpaler
|raw|DirtyDoorknob's rating: 1121 &rarr; <strong>1096</strong><br />(-25 for losing)
|raw|messmerimpaler's rating: 1121 &rarr; <strong>1146</strong><br />(+25 for winning)
|l|☆messmerimpaler
|player|p2|
|l|☆DirtyDoorknob
|player|p1|
