|j|☆Kyommunism
|j|☆darretyle2
|t:|1757909291
|gametype|singles
|player|p1|Kyommunism|iris-gen5bw2|1440
|player|p2|darretyle2|169|1446
|gen|9
|tier|[Gen 9] OU
|rated|
|rule|HP Percentage Mod: HP is shown in percentages
|rule|Endless Battle Clause: Forcing endless battles is banned
|rule|Species Clause: Limit one of each Pokémon
|rule|OHKO Clause: OHKO moves are banned
|rule|Evasion Items Clause: Evasion items are banned
|rule|Evasion Moves Clause: Evasion moves are banned
|rule|Evasion Abilities Clause: Evasion abilities are banned
|rule|Sleep Moves Clause: Sleep-inducing moves are banned
|clearpoke
|poke|p1|Skeledirge, M|
|poke|p1|Ribombee, M|
|poke|p1|Goodra-Hisui, M|
|poke|p1|Raging Bolt|
|poke|p1|Trevenant, M|
|poke|p1|Corviknight, M|
|poke|p2|Ninetales-Alola, F|
|poke|p2|Maushold|
|poke|p2|Mew|
|poke|p2|Rhyperior, M|
|poke|p2|Slither Wing|
|poke|p2|Gyarados, M|
|teampreview
|inactive|Battle timer is ON: inactive players will automatically lose when time's up. (requested by Kyommunism)
|
|t:|1757909306
|teamsize|p1|6
|teamsize|p2|6
|start
|switch|p1a: Ribombee|Ribombee, M, shiny|100/100
|switch|p2a: Ninetales|Ninetales-Alola, F|100/100
|-weather|Snowscape|[from] ability: Snow Warning|[of] p2a: Ninetales
|turn|1
|
|t:|1757909310
|move|p2a: Ninetales|Aurora Veil|p2a: Ninetales
|-sidestart|p2: darretyle2|move: Aurora Veil
|move|p1a: Ribombee|Quiver Dance|p1a: Ribombee
|-boost|p1a: Ribombee|spa|1
|-boost|p1a: Ribombee|spd|1
|-boost|p1a: Ribombee|spe|1
|
|-weather|Snowscape|[upkeep]
|upkeep
|turn|2
|
|t:|1757909314
|move|p1a: Ribombee|Quiver Dance|p1a: Ribombee
|-boost|p1a: Ribombee|spa|1
|-boost|p1a: Ribombee|spd|1
|-boost|p1a: Ribombee|spe|1
|move|p2a: Ninetales|Encore|p1a: Ribombee
|-start|p1a: Ribombee|Encore
|
|-weather|Snowscape|[upkeep]
|upkeep
|turn|3
|
|t:|1757909317
|switch|p2a: Rhyperior|Rhyperior, M|100/100
|move|p1a: Ribombee|Quiver Dance|p1a: Ribombee
|-boost|p1a: Ribombee|spa|1
|-boost|p1a: Ribombee|spd|1
|-boost|p1a: Ribombee|spe|1
|
|-weather|Snowscape|[upkeep]
|upkeep
|turn|4
|
|t:|1757909321
|switch|p1a: MourningWood|Trevenant, M, shiny|100/100
|move|p2a: Rhyperior|Stone Edge|p1a: MourningWood|[miss]
|-miss|p2a: Rhyperior|p1a: MourningWood
|
|-weather|Snowscape|[upkeep]
|upkeep
|turn|5
|
|t:|1757909324
|move|p2a: Rhyperior|Rock Polish|p2a: Rhyperior
|-boost|p2a: Rhyperior|spe|2
|move|p1a: MourningWood|Poltergeist|p2a: Rhyperior
|-activate|p2a: Rhyperior|move: Poltergeist|Weakness Policy
|-damage|p2a: Rhyperior|79/100
|
|-weather|none
|upkeep
|turn|6
|
|t:|1757909328
|move|p2a: Rhyperior|Rock Polish|p2a: Rhyperior
|-boost|p2a: Rhyperior|spe|2
|move|p1a: MourningWood|Earthquake|p2a: Rhyperior
|-supereffective|p2a: Rhyperior
|-damage|p2a: Rhyperior|60/100
|-enditem|p2a: Rhyperior|Weakness Policy
|-boost|p2a: Rhyperior|atk|2|[from] item: Weakness Policy
|-boost|p2a: Rhyperior|spa|2|[from] item: Weakness Policy
|
|upkeep
|turn|7
|
|t:|1757909331
|move|p1a: MourningWood|Endure|p1a: MourningWood
|-singleturn|p1a: MourningWood|move: Endure
|move|p2a: Rhyperior|Stone Edge|p1a: MourningWood
|-activate|p1a: MourningWood|move: Endure
|-damage|p1a: MourningWood|1/100
|
|upkeep
|turn|8
|-enditem|p1a: MourningWood|Custap Berry|[eat]
|-activate|p1a: MourningWood|item: Custap Berry|[consumed]
|
|t:|1757909336
|move|p1a: MourningWood|Destiny Bond|p1a: MourningWood
|-singlemove|p1a: MourningWood|Destiny Bond
|move|p2a: Rhyperior|Earthquake|p1a: MourningWood
|-resisted|p1a: MourningWood
|-damage|p1a: MourningWood|0 fnt
|faint|p1a: MourningWood
|-activate|p1a: MourningWood|move: Destiny Bond
|faint|p2a: Rhyperior
|
|-sideend|p2: darretyle2|move: Aurora Veil
|upkeep
|
|t:|1757909347
|switch|p2a: Ninetales|Ninetales-Alola, F|100/100
|switch|p1a: Goodra|Goodra-Hisui, M, shiny|100/100
|-weather|Snowscape|[from] ability: Snow Warning|[of] p2a: Ninetales
|turn|9
|
|t:|1757909350
|move|p2a: Ninetales|Aurora Veil|p2a: Ninetales
|-sidestart|p2: darretyle2|move: Aurora Veil
|move|p1a: Goodra|Curse|p1a: Goodra
|-unboost|p1a: Goodra|spe|1
|-boost|p1a: Goodra|atk|1
|-boost|p1a: Goodra|def|1
|
|-weather|Snowscape|[upkeep]
|upkeep
|turn|10
|
|t:|1757909355
|move|p2a: Ninetales|Encore|p1a: Goodra
|-start|p1a: Goodra|Encore
|move|p1a: Goodra|Curse|p1a: Goodra
|-unboost|p1a: Goodra|spe|1
|-boost|p1a: Goodra|atk|1
|-boost|p1a: Goodra|def|1
|
|-weather|Snowscape|[upkeep]
|upkeep
|turn|11
|
|t:|1757909359
|switch|p2a: Mew|Mew|100/100
|move|p1a: Goodra|Curse|p1a: Goodra
|-unboost|p1a: Goodra|spe|1
|-boost|p1a: Goodra|atk|1
|-boost|p1a: Goodra|def|1
|
|-weather|Snowscape|[upkeep]
|upkeep
|turn|12
|
|t:|1757909361
|move|p2a: Mew|Nasty Plot|p2a: Mew
|-boost|p2a: Mew|spa|2
|move|p1a: Goodra|Curse|p1a: Goodra
|-unboost|p1a: Goodra|spe|1
|-boost|p1a: Goodra|atk|1
|-boost|p1a: Goodra|def|1
|
|-weather|Snowscape|[upkeep]
|-end|p1a: Goodra|Encore
|upkeep
|turn|13
|
|t:|1757909365
|move|p2a: Mew|Earth Power|p1a: Goodra
|-supereffective|p1a: Goodra
|-damage|p1a: Goodra|46/100
|move|p1a: Goodra|Gyro Ball|p2a: Mew
|-damage|p2a: Mew|25/100
|
|-weather|none
|upkeep
|turn|14
|
|t:|1757909370
|-terastallize|p1a: Goodra|Water
|move|p2a: Mew|Earth Power|p1a: Goodra
|-damage|p1a: Goodra|21/100
|move|p1a: Goodra|Rest|p1a: Goodra
|-status|p1a: Goodra|slp|[from] move: Rest
|-heal|p1a: Goodra|100/100 slp|[silent]
|-enditem|p1a: Goodra|Chesto Berry|[eat]
|-curestatus|p1a: Goodra|slp|[msg]
|
|upkeep
|turn|15
|
|t:|1757909373
|move|p2a: Mew|Psyshock|p1a: Goodra
|-damage|p1a: Goodra|78/100
|move|p1a: Goodra|Gyro Ball|p2a: Mew
|-damage|p2a: Mew|0 fnt
|faint|p2a: Mew
|
|upkeep
|
|t:|1757909384
|switch|p2a: Gyarados|Gyarados, M|100/100
|turn|16
|
|t:|1757909386
|move|p2a: Gyarados|Dragon Dance|p2a: Gyarados
|-boost|p2a: Gyarados|atk|1
|-boost|p2a: Gyarados|spe|1
|move|p1a: Goodra|Curse|p1a: Goodra
|-unboost|p1a: Goodra|spe|1
|-boost|p1a: Goodra|atk|1
|-boost|p1a: Goodra|def|1
|
|-sideend|p2: darretyle2|move: Aurora Veil
|upkeep
|turn|17
|
|t:|1757909394
|move|p2a: Gyarados|Waterfall|p1a: Goodra
|-resisted|p1a: Goodra
|-damage|p1a: Goodra|69/100
|move|p1a: Goodra|Curse|p1a: Goodra
|-unboost|p1a: Goodra|spe|1
|-boost|p1a: Goodra|atk|1
|-boost|p1a: Goodra|def|1
|
|upkeep
|turn|18
|
|t:|1757909398
|move|p2a: Gyarados|Waterfall|p1a: Goodra
|-resisted|p1a: Goodra
|-damage|p1a: Goodra|61/100
|move|p1a: Goodra|Gyro Ball|p2a: Gyarados
|-resisted|p2a: Gyarados
|-damage|p2a: Gyarados|0 fnt
|faint|p2a: Gyarados
|
|upkeep
|
|t:|1757909409
|switch|p2a: Ninetales|Ninetales-Alola, F|100/100
|-weather|Snowscape|[from] ability: Snow Warning|[of] p2a: Ninetales
|turn|19
|
|t:|1757909410
|move|p2a: Ninetales|Freeze-Dry|p1a: Goodra
|-supereffective|p1a: Goodra
|-damage|p1a: Goodra|38/100
|move|p1a: Goodra|Gyro Ball|p2a: Ninetales
|-supereffective|p2a: Ninetales
|-damage|p2a: Ninetales|0 fnt
|faint|p2a: Ninetales
|
|-weather|Snowscape|[upkeep]
|upkeep
|
|t:|1757909416
|switch|p2a: Maushold|Maushold|100/100
|turn|20
|
|t:|1757909418
|move|p2a: Maushold|Population Bomb|p1a: Goodra
|-damage|p1a: Goodra|36/100
|-damage|p1a: Goodra|33/100
|-damage|p1a: Goodra|30/100
|-damage|p1a: Goodra|28/100
|-damage|p1a: Goodra|25/100
|-damage|p1a: Goodra|22/100
|-damage|p1a: Goodra|20/100
|-damage|p1a: Goodra|17/100
|-damage|p1a: Goodra|14/100
|-damage|p1a: Goodra|11/100
|-hitcount|p1a: Goodra|10
|move|p1a: Goodra|Gyro Ball|p2a: Maushold
|-damage|p2a: Maushold|0 fnt
|faint|p2a: Maushold
|
|-weather|Snowscape|[upkeep]
|upkeep
|
|t:|1757909421
|switch|p2a: Slither Wing|Slither Wing|100/100
|-enditem|p2a: Slither Wing|Booster Energy
|-activate|p2a: Slither Wing|ability: Protosynthesis|[fromitem]
|-start|p2a: Slither Wing|protosynthesisatk
|turn|21
|
|t:|1757909423
|move|p2a: Slither Wing|Close Combat|p1a: Goodra
|-damage|p1a: Goodra|0 fnt
|-unboost|p2a: Slither Wing|def|1
|-unboost|p2a: Slither Wing|spd|1
|faint|p1a: Goodra
|
|-weather|Snowscape|[upkeep]
|upkeep
|
|t:|1757909427
|switch|p1a: Ribombee|Ribombee, M, shiny|100/100
|turn|22
|
|t:|1757909437
|move|p1a: Ribombee|Quiver Dance|p1a: Ribombee
|-boost|p1a: Ribombee|spa|1
|-boost|p1a: Ribombee|spd|1
|-boost|p1a: Ribombee|spe|1
|move|p2a: Slither Wing|Flame Charge|p1a: Ribombee
|-supereffective|p1a: Ribombee
|-damage|p1a: Ribombee|42/100
|-boost|p2a: Slither Wing|spe|1
|-enditem|p1a: Ribombee|Kee Berry|[eat]
|-boost|p1a: Ribombee|def|1|[from] item: Kee Berry
|
|-weather|Snowscape|[upkeep]
|upkeep
|turn|23
|
|t:|1757909439
|move|p1a: Ribombee|Draining Kiss|p2a: Slither Wing
|-supereffective|p2a: Slither Wing
|-damage|p2a: Slither Wing|18/100
|-heal|p1a: Ribombee|100/100|[from] drain|[of] p2a: Slither Wing
|move|p2a: Slither Wing|Flame Charge|p1a: Ribombee
|-supereffective|p1a: Ribombee
|-damage|p1a: Ribombee|68/100
|-boost|p2a: Slither Wing|spe|1
|
|-weather|none
|upkeep
|turn|24
|
|t:|1757909445
|-terastallize|p2a: Slither Wing|Fire
|move|p2a: Slither Wing|Flame Charge|p1a: Ribombee
|-supereffective|p1a: Ribombee
|-damage|p1a: Ribombee|7/100
|-boost|p2a: Slither Wing|spe|1
|move|p1a: Ribombee|Draining Kiss|p2a: Slither Wing
|-resisted|p2a: Slither Wing
|-damage|p2a: Slither Wing|0 fnt
|-heal|p1a: Ribombee|19/100|[from] drain|[of] p2a: Slither Wing
|faint|p2a: Slither Wing
|-end|p2a: Slither Wing|Protosynthesis|[silent]
|
|win|Kyommunism
|raw|Kyommunism's rating: 1440 &rarr; <strong>1460</strong><br />(+20 for winning)
|raw|darretyle2's rating: 1446 &rarr; <strong>1426</strong><br />(-20 for losing)
|l|☆Kyommunism
|player|p1|
|l|☆darretyle2
|player|p2|
