|j|☆spaghettibadass
|j|☆melf001
|t:|1757835025
|gametype|singles
|player|p1|spaghettibadass|170|1448
|player|p2|melf001|cynthia-gen4|1456
|gen|9
|tier|[Gen 9] OU
|rated|
|rule|HP Percentage Mod: HP is shown in percentages
|rule|Endless Battle Clause: Forcing endless battles is banned
|rule|Species Clause: Limit one of each Pokémon
|rule|OHKO Clause: OHKO moves are banned
|rule|Evasion Items Clause: Evasion items are banned
|rule|Evasion Moves Clause: Evasion moves are banned
|rule|Evasion Abilities Clause: Evasion abilities are banned
|rule|Sleep Moves Clause: Sleep-inducing moves are banned
|clearpoke
|poke|p1|Cresselia, F|
|poke|p1|Hatterene, F|
|poke|p1|Iron Hands|
|poke|p1|Ursaluna, F|
|poke|p1|Torkoal, F|
|poke|p1|Scream Tail|
|poke|p2|Dragonite, F|
|poke|p2|Glimmora, M|
|poke|p2|Sinistcha-Masterpiece|
|poke|p2|Great Tusk|
|poke|p2|Iron Moth|
|poke|p2|Walking Wake|
|teampreview
|inactive|Battle timer is ON: inactive players will automatically lose when time's up. (requested by melf001)
|
|t:|1757835028
|teamsize|p1|6
|teamsize|p2|6
|start
|switch|p1a: Hatterene|Hatterene, F|100/100
|switch|p2a: Glimmora|Glimmora, M, shiny|100/100
|turn|1
|
|t:|1757835034
|move|p2a: Glimmora|Sludge Wave|p1a: Hatterene
|-supereffective|p1a: Hatterene
|-enditem|p1a: Hatterene|Focus Sash
|-damage|p1a: Hatterene|1/100
|-status|p1a: Hatterene|psn
|move|p1a: Hatterene|Trick Room|p1a: Hatterene
|-fieldstart|move: Trick Room|[of] p1a: Hatterene
|
|-damage|p1a: Hatterene|0 fnt|[from] psn
|faint|p1a: Hatterene
|upkeep
|
|t:|1757835057
|switch|p1a: Ursaluna|Ursaluna, F|100/100
|turn|2
|
|t:|1757835067
|move|p1a: Ursaluna|Facade|p2a: Glimmora
|-resisted|p2a: Glimmora
|-damage|p2a: Glimmora|74/100
|-activate|p2a: Glimmora|ability: Toxic Debris
|-sidestart|p1: spaghettibadass|move: Toxic Spikes
|move|p2a: Glimmora|Stealth Rock|p1a: Ursaluna
|-sidestart|p1: spaghettibadass|move: Stealth Rock
|
|-status|p1a: Ursaluna|brn|[from] item: Flame Orb
|upkeep
|turn|3
|
|t:|1757835092
|move|p1a: Ursaluna|Headlong Rush|p2a: Glimmora
|-supereffective|p2a: Glimmora
|-damage|p2a: Glimmora|0 fnt
|-unboost|p1a: Ursaluna|def|1
|-unboost|p1a: Ursaluna|spd|1
|-activate|p2a: Glimmora|ability: Toxic Debris
|-sidestart|p1: spaghettibadass|move: Toxic Spikes
|faint|p2a: Glimmora
|
|-damage|p1a: Ursaluna|94/100 brn|[from] brn
|upkeep
|
|t:|1757835098
|switch|p2a: Sinistcha|Sinistcha-Masterpiece|100/100
|turn|4
|
|t:|1757835108
|-terastallize|p1a: Ursaluna|Normal
|move|p1a: Ursaluna|Fire Punch|p2a: Sinistcha
|-supereffective|p2a: Sinistcha
|-damage|p2a: Sinistcha|54/100
|-status|p2a: Sinistcha|brn
|move|p2a: Sinistcha|Matcha Gotcha|p1a: Ursaluna
|-damage|p1a: Ursaluna|35/100 brn
|-heal|p2a: Sinistcha|94/100 brn|[from] drain|[of] p1a: Ursaluna
|
|-heal|p2a: Sinistcha|100/100 brn|[from] item: Leftovers
|-damage|p1a: Ursaluna|28/100 brn|[from] brn
|-damage|p2a: Sinistcha|98/100 brn|[from] brn
|upkeep
|turn|5
|inactive|spaghettibadass has 120 seconds left.
|
|t:|1757835132
|switch|p1a: Cresselia|Cresselia, F|100/100
|-damage|p1a: Cresselia|88/100|[from] Stealth Rock
|move|p2a: Sinistcha|Strength Sap|p1a: Cresselia
|-unboost|p1a: Cresselia|atk|1
|-heal|p2a: Sinistcha|100/100 brn
|
|-damage|p2a: Sinistcha|98/100 brn|[from] brn
|-fieldend|move: Trick Room
|upkeep
|turn|6
|inactive|spaghettibadass has 120 seconds left.
|
|t:|1757835143
|move|p2a: Sinistcha|Shadow Ball|p1a: Cresselia
|-supereffective|p1a: Cresselia
|-damage|p1a: Cresselia|38/100
|move|p1a: Cresselia|Trick Room|p1a: Cresselia
|-fieldstart|move: Trick Room|[of] p1a: Cresselia
|
|-heal|p2a: Sinistcha|100/100 brn|[from] item: Leftovers
|-damage|p2a: Sinistcha|98/100 brn|[from] brn
|upkeep
|turn|7
|
|t:|1757835151
|-terastallize|p2a: Sinistcha|Grass
|move|p2a: Sinistcha|Shadow Ball|p1a: Cresselia
|-supereffective|p1a: Cresselia
|-damage|p1a: Cresselia|0 fnt
|faint|p1a: Cresselia
|
|-heal|p2a: Sinistcha|100/100 brn|[from] item: Leftovers
|-damage|p2a: Sinistcha|98/100 brn|[from] brn
|upkeep
|inactive|spaghettibadass has 120 seconds left.
|
|t:|1757835168
|switch|p1a: Ursaluna|Ursaluna, F, tera:Normal|28/100 brn
|-damage|p1a: Ursaluna|16/100 brn|[from] Stealth Rock
|turn|8
|
|t:|1757835172
|move|p1a: Ursaluna|Facade|p2a: Sinistcha
|-damage|p2a: Sinistcha|0 fnt
|faint|p2a: Sinistcha
|
|-damage|p1a: Ursaluna|10/100 brn|[from] brn
|upkeep
|
|t:|1757835175
|switch|p2a: Dragonite|Dragonite, F|100/100
|turn|9
|
|t:|1757835179
|move|p2a: Dragonite|Extreme Speed|p1a: Ursaluna
|-damage|p1a: Ursaluna|0 fnt
|faint|p1a: Ursaluna
|
|upkeep
|
|t:|1757835186
|switch|p1a: Iron Hands|Iron Hands|100/100
|-status|p1a: Iron Hands|tox
|-damage|p1a: Iron Hands|94/100 tox|[from] Stealth Rock
|-enditem|p1a: Iron Hands|Booster Energy
|-activate|p1a: Iron Hands|ability: Quark Drive|[fromitem]
|-start|p1a: Iron Hands|quarkdriveatk
|turn|10
|
|t:|1757835209
|switch|p2a: Walking Wake|Walking Wake|100/100
|-enditem|p2a: Walking Wake|Booster Energy
|-activate|p2a: Walking Wake|ability: Protosynthesis|[fromitem]
|-start|p2a: Walking Wake|protosynthesisspe
|move|p1a: Iron Hands|Ice Punch|p2a: Walking Wake
|-damage|p2a: Walking Wake|57/100
|-status|p2a: Walking Wake|frz
|
|-damage|p1a: Iron Hands|88/100 tox|[from] psn
|-fieldend|move: Trick Room
|upkeep
|turn|11
|
|t:|1757835226
|-end|p1a: Iron Hands|Quark Drive|[silent]
|switch|p1a: Scream Tail|Scream Tail|100/100
|-status|p1a: Scream Tail|tox
|-damage|p1a: Scream Tail|88/100 tox|[from] Stealth Rock
|cant|p2a: Walking Wake|frz
|
|-damage|p1a: Scream Tail|82/100 tox|[from] psn
|upkeep
|turn|12
|
|t:|1757835235
|cant|p2a: Walking Wake|frz
|move|p1a: Scream Tail|Trick Room|p1a: Scream Tail
|-fieldstart|move: Trick Room|[of] p1a: Scream Tail
|
|-damage|p1a: Scream Tail|69/100 tox|[from] psn
|upkeep
|turn|13
|
|t:|1757835254
|-end|p1a: Scream Tail|Protosynthesis|[silent]
|switch|p1a: Iron Hands|Iron Hands|88/100 tox
|-damage|p1a: Iron Hands|82/100 tox|[from] Stealth Rock
|cant|p2a: Walking Wake|frz
|
|-damage|p1a: Iron Hands|76/100 tox|[from] psn
|upkeep
|turn|14
|
|t:|1757835265
|move|p1a: Iron Hands|Supercell Slam|p2a: Walking Wake
|-damage|p2a: Walking Wake|0 fnt
|faint|p2a: Walking Wake
|-end|p2a: Walking Wake|Protosynthesis|[silent]
|
|-damage|p1a: Iron Hands|63/100 tox|[from] psn
|upkeep
|
|t:|1757835270
|switch|p2a: Dragonite|Dragonite, F|100/100
|turn|15
|
|t:|1757835277
|move|p1a: Iron Hands|Close Combat|p2a: Dragonite
|-resisted|p2a: Dragonite
|-damage|p2a: Dragonite|83/100
|-unboost|p1a: Iron Hands|def|1
|-unboost|p1a: Iron Hands|spd|1
|move|p2a: Dragonite|Earthquake|p1a: Iron Hands
|-supereffective|p1a: Iron Hands
|-damage|p1a: Iron Hands|0 fnt
|faint|p1a: Iron Hands
|-end|p1a: Iron Hands|Quark Drive|[silent]
|
|upkeep
|inactive|spaghettibadass has 120 seconds left.
|
|t:|1757835326
|switch|p1a: Scream Tail|Scream Tail|69/100 tox
|-damage|p1a: Scream Tail|57/100 tox|[from] Stealth Rock
|turn|16
|
|t:|1757835332
|move|p2a: Dragonite|Extreme Speed|p1a: Scream Tail
|-damage|p1a: Scream Tail|33/100 tox
|move|p1a: Scream Tail|Stealth Rock|p2a: Dragonite
|-sidestart|p2: melf001|move: Stealth Rock
|
|-damage|p1a: Scream Tail|27/100 tox|[from] psn
|-fieldend|move: Trick Room
|upkeep
|turn|17
|
|t:|1757835339
|move|p2a: Dragonite|Extreme Speed|p1a: Scream Tail
|-damage|p1a: Scream Tail|2/100 tox
|move|p1a: Scream Tail|Trick Room|p1a: Scream Tail
|-fieldstart|move: Trick Room|[of] p1a: Scream Tail
|
|-damage|p1a: Scream Tail|0 fnt|[from] psn
|faint|p1a: Scream Tail
|-end|p1a: Scream Tail|Protosynthesis|[silent]
|upkeep
|
|t:|1757835347
|switch|p1a: Torkoal|Torkoal, F|100/100
|-status|p1a: Torkoal|tox
|-damage|p1a: Torkoal|76/100 tox|[from] Stealth Rock
|-weather|SunnyDay|[from] ability: Drought|[of] p1a: Torkoal
|turn|18
|inactive|spaghettibadass has 120 seconds left.
|
|t:|1757835354
|move|p1a: Torkoal|Weather Ball|p2a: Dragonite
|-resisted|p2a: Dragonite
|-damage|p2a: Dragonite|37/100
|move|p2a: Dragonite|Earthquake|p1a: Torkoal
|-supereffective|p1a: Torkoal
|-damage|p1a: Torkoal|10/100 tox
|
|-weather|SunnyDay|[upkeep]
|-damage|p1a: Torkoal|4/100 tox|[from] psn
|upkeep
|turn|19
|c|☆melf001|gg
|
|t:|1757835362
|move|p2a: Dragonite|Extreme Speed|p1a: Torkoal
|-damage|p1a: Torkoal|0 fnt
|faint|p1a: Torkoal
|
|win|melf001
|raw|spaghettibadass's rating: 1448 &rarr; <strong>1428</strong><br />(-20 for losing)
|raw|melf001's rating: 1456 &rarr; <strong>1476</strong><br />(+20 for winning)
|l|☆spaghettibadass
|player|p1|
|l|☆melf001
|player|p2|
