|j|☆mathismathin
|j|☆Alex_B32
|t:|1757962705
|gametype|singles
|player|p1|mathismathin|hilbert|1572
|player|p2|Alex_B32|102|1614
|gen|9
|tier|[Gen 9] OU
|rated|
|rule|HP Percentage Mod: HP is shown in percentages
|rule|Endless Battle Clause: Forcing endless battles is banned
|rule|Species Clause: Limit one of each Pokémon
|rule|OHKO Clause: OHKO moves are banned
|rule|Evasion Items Clause: Evasion items are banned
|rule|Evasion Moves Clause: Evasion moves are banned
|rule|Evasion Abilities Clause: Evasion abilities are banned
|rule|Sleep Moves Clause: Sleep-inducing moves are banned
|clearpoke
|poke|p1|Inteleon, F|
|poke|p1|Zapdos|
|poke|p1|Iron Crown|
|poke|p1|Iron Valiant|
|poke|p1|Glimmora, F|
|poke|p1|Arboliva, F|
|poke|p2|Araquanid, M|
|poke|p2|Ogerpon-Wellspring, F|
|poke|p2|Garganacl, F|
|poke|p2|Great Tusk|
|poke|p2|Pecharunt|
|poke|p2|Raging Bolt|
|teampreview
|
|t:|1757962710
|teamsize|p1|6
|teamsize|p2|6
|start
|switch|p1a: Glimmora|Glimmora, F, shiny|100/100
|switch|p2a: Araquanid|Araquanid, M|100/100
|turn|1
|
|t:|1757962723
|move|p2a: Araquanid|Endure|p2a: Araquanid
|-singleturn|p2a: Araquanid|move: Endure
|move|p1a: Glimmora|Meteor Beam||[still]
|-prepare|p1a: Glimmora|Meteor Beam
|-boost|p1a: Glimmora|spa|1
|-enditem|p1a: Glimmora|Power Herb
|-anim|p1a: Glimmora|Meteor Beam|p2a: Araquanid
|-supereffective|p2a: Araquanid
|-activate|p2a: Araquanid|move: Endure
|-damage|p2a: Araquanid|1/100
|
|upkeep
|turn|2
|-enditem|p2a: Araquanid|Custap Berry|[eat]
|-activate|p2a: Araquanid|item: Custap Berry|[consumed]
|
|t:|1757962727
|move|p2a: Araquanid|Surf|p1a: Glimmora
|-supereffective|p1a: Glimmora
|-damage|p1a: Glimmora|0 fnt
|faint|p1a: Glimmora
|
|upkeep
|
|t:|1757962736
|switch|p1a: Inteleon|Inteleon, F|100/100
|turn|3
|
|t:|1757962739
|move|p1a: Inteleon|Substitute|p1a: Inteleon
|-start|p1a: Inteleon|Substitute
|-damage|p1a: Inteleon|76/100
|move|p2a: Araquanid|Endeavor|p1a: Inteleon
|-end|p1a: Inteleon|Substitute
|
|upkeep
|turn|4
|
|t:|1757962745
|move|p1a: Inteleon|Substitute|p1a: Inteleon
|-start|p1a: Inteleon|Substitute
|-damage|p1a: Inteleon|51/100
|move|p2a: Araquanid|Endeavor|p1a: Inteleon
|-end|p1a: Inteleon|Substitute
|
|upkeep
|turn|5
|
|t:|1757962756
|move|p1a: Inteleon|Substitute|p1a: Inteleon
|-start|p1a: Inteleon|Substitute
|-damage|p1a: Inteleon|26/100
|move|p2a: Araquanid|Endeavor|p1a: Inteleon
|-end|p1a: Inteleon|Substitute
|
|upkeep
|turn|6
|
|t:|1757962758
|move|p1a: Inteleon|Ice Beam|p2a: Araquanid
|-resisted|p2a: Araquanid
|-damage|p2a: Araquanid|0 fnt
|faint|p2a: Araquanid
|
|upkeep
|
|t:|1757962762
|switch|p2a: Raging Bolt|Raging Bolt|100/100
|-enditem|p2a: Raging Bolt|Booster Energy
|-activate|p2a: Raging Bolt|ability: Protosynthesis|[fromitem]
|-start|p2a: Raging Bolt|protosynthesisspa
|turn|7
|
|t:|1757962767
|move|p1a: Inteleon|Substitute|p1a: Inteleon
|-start|p1a: Inteleon|Substitute
|-damage|p1a: Inteleon|1/100
|-enditem|p1a: Inteleon|Lansat Berry|[eat]
|-start|p1a: Inteleon|move: Focus Energy
|move|p2a: Raging Bolt|Thunderbolt|p1a: Inteleon
|-supereffective|p1a: Inteleon
|-end|p1a: Inteleon|Substitute
|
|upkeep
|turn|8
|
|t:|1757962771
|move|p2a: Raging Bolt|Thunderclap||[still]
|-fail|p2a: Raging Bolt
|move|p1a: Inteleon|Substitute|p1a: Inteleon
|-fail|p1a: Inteleon|move: Substitute|[weak]
|
|upkeep
|turn|9
|
|t:|1757962774
|move|p2a: Raging Bolt|Thunderclap||[still]
|-fail|p2a: Raging Bolt
|move|p1a: Inteleon|Substitute|p1a: Inteleon
|-fail|p1a: Inteleon|move: Substitute|[weak]
|
|upkeep
|turn|10
|
|t:|1757962776
|move|p1a: Inteleon|Snipe Shot|p2a: Raging Bolt
|-resisted|p2a: Raging Bolt
|-crit|p2a: Raging Bolt
|-damage|p2a: Raging Bolt|62/100
|move|p2a: Raging Bolt|Thunderbolt|p1a: Inteleon
|-supereffective|p1a: Inteleon
|-damage|p1a: Inteleon|0 fnt
|faint|p1a: Inteleon
|
|upkeep
|
|t:|1757962783
|switch|p1a: seek help|Iron Valiant|100/100
|-enditem|p1a: seek help|Booster Energy
|-activate|p1a: seek help|ability: Quark Drive|[fromitem]
|-start|p1a: seek help|quarkdrivespe
|turn|11
|
|t:|1757962793
|-end|p2a: Raging Bolt|Protosynthesis|[silent]
|switch|p2a: Pecharunt|Pecharunt|100/100
|move|p1a: seek help|Calm Mind|p1a: seek help
|-boost|p1a: seek help|spa|1
|-boost|p1a: seek help|spd|1
|
|upkeep
|turn|12
|
|t:|1757962798
|-terastallize|p1a: seek help|Stellar
|move|p1a: seek help|Shadow Ball|p2a: Pecharunt
|-supereffective|p2a: Pecharunt
|-damage|p2a: Pecharunt|8/100
|-unboost|p2a: Pecharunt|spd|1
|move|p2a: Pecharunt|Malignant Chain|p1a: seek help
|-supereffective|p1a: seek help
|-damage|p1a: seek help|26/100
|
|upkeep
|turn|13
|
|t:|1757962808
|move|p1a: seek help|Shadow Ball|p2a: Pecharunt
|-supereffective|p2a: Pecharunt
|-damage|p2a: Pecharunt|0 fnt
|faint|p2a: Pecharunt
|
|upkeep
|
|t:|1757962810
|switch|p2a: Garganacl|Garganacl, F|100/100
|turn|14
|
|t:|1757962827
|move|p1a: seek help|Focus Blast|p2a: Garganacl
|-supereffective|p2a: Garganacl
|-damage|p2a: Garganacl|0 fnt
|faint|p2a: Garganacl
|
|upkeep
|
|t:|1757962846
|switch|p2a: Ogerpon|Ogerpon-Wellspring, F|100/100
|turn|15
|
|t:|1757962851
|-terastallize|p2a: Ogerpon|Water
|detailschange|p2a: Ogerpon|Ogerpon-Wellspring-Tera, F, tera:Water
|-ability|p2a: Ogerpon|Embody Aspect (Wellspring)|boost
|-boost|p2a: Ogerpon|spd|1
|move|p1a: seek help|Moonblast|p2a: Ogerpon
|-damage|p2a: Ogerpon|23/100
|move|p2a: Ogerpon|Ivy Cudgel|p1a: seek help|[anim] Ivy Cudgel Water
|-damage|p1a: seek help|0 fnt
|faint|p1a: seek help
|-end|p1a: seek help|Quark Drive|[silent]
|
|upkeep
|
|t:|1757962864
|switch|p1a: Iron Crown|Iron Crown|100/100
|turn|16
|
|t:|1757962868
|move|p1a: Iron Crown|Volt Switch|p2a: Ogerpon
|-supereffective|p2a: Ogerpon
|-damage|p2a: Ogerpon|0 fnt
|faint|p2a: Ogerpon
|detailschange|p2: Ogerpon|Ogerpon-Wellspring, F|[silent]
|
|t:|1757962870
|-end|p1a: Iron Crown|Quark Drive|[silent]
|switch|p1a: Zapdos|Zapdos|100/100|[from] Volt Switch
|
|upkeep
|
|t:|1757962873
|switch|p2a: Raging Bolt|Raging Bolt|62/100
|turn|17
|
|t:|1757962875
|move|p1a: Zapdos|Metal Sound|p2a: Raging Bolt
|-unboost|p2a: Raging Bolt|spd|2
|-enditem|p1a: Zapdos|Throat Spray
|-boost|p1a: Zapdos|spa|1|[from] item: Throat Spray
|move|p2a: Raging Bolt|Thunderbolt|p1a: Zapdos
|-damage|p1a: Zapdos|35/100
|
|upkeep
|turn|18
|
|t:|1757962891
|move|p1a: Zapdos|Substitute|p1a: Zapdos
|-start|p1a: Zapdos|Substitute
|-damage|p1a: Zapdos|10/100
|move|p2a: Raging Bolt|Thunderbolt|p1a: Zapdos
|-end|p1a: Zapdos|Substitute
|
|upkeep
|turn|19
|
|t:|1757962894
|move|p2a: Raging Bolt|Thunderclap||[still]
|-fail|p2a: Raging Bolt
|move|p1a: Zapdos|Substitute|p1a: Zapdos
|-fail|p1a: Zapdos|move: Substitute|[weak]
|
|upkeep
|turn|20
|
|t:|1757962896
|move|p1a: Zapdos|Hurricane|p2a: Raging Bolt
|-resisted|p2a: Raging Bolt
|-damage|p2a: Raging Bolt|0 fnt
|faint|p2a: Raging Bolt
|-end|p2a: Raging Bolt|Protosynthesis|[silent]
|
|upkeep
|
|t:|1757962899
|switch|p2a: Great Tusk|Great Tusk|100/100
|-enditem|p2a: Great Tusk|Booster Energy
|-activate|p2a: Great Tusk|ability: Protosynthesis|[fromitem]
|-start|p2a: Great Tusk|protosynthesisatk
|turn|21
|
|t:|1757962900
|move|p1a: Zapdos|Hurricane|p2a: Great Tusk|[miss]
|-miss|p1a: Zapdos|p2a: Great Tusk
|move|p2a: Great Tusk|Rapid Spin|p1a: Zapdos
|-damage|p1a: Zapdos|0 fnt
|-boost|p2a: Great Tusk|spe|1
|faint|p1a: Zapdos
|
|upkeep
|
|t:|1757962906
|switch|p1a: Arboliva|Arboliva, F|100/100
|turn|22
|
|t:|1757962910
|move|p2a: Great Tusk|Ice Spinner|p1a: Arboliva
|-supereffective|p1a: Arboliva
|-damage|p1a: Arboliva|24/100
|-fieldstart|move: Grassy Terrain|[from] ability: Seed Sower|[of] p1a: Arboliva
|-fieldend|move: Grassy Terrain
|move|p1a: Arboliva|Giga Drain|p2a: Great Tusk
|-supereffective|p2a: Great Tusk
|-damage|p2a: Great Tusk|0 fnt
|-heal|p1a: Arboliva|75/100|[from] drain|[of] p2a: Great Tusk
|faint|p2a: Great Tusk
|-end|p2a: Great Tusk|Protosynthesis|[silent]
|
|win|mathismathin
|raw|mathismathin's rating: 1572 &rarr; <strong>1594</strong><br />(+22 for winning)
|raw|Alex_B32's rating: 1614 &rarr; <strong>1592</strong><br />(-22 for losing)
|l|☆Alex_B32
|player|p2|
