|j|☆michael00000000
|j|☆noob5445
|t:|1757839711
|gametype|singles
|player|p1|michael00000000|clair|1428
|player|p2|noob5445|hilbert|1461
|gen|9
|tier|[Gen 9] OU
|rated|
|rule|HP Percentage Mod: HP is shown in percentages
|rule|Endless Battle Clause: Forcing endless battles is banned
|rule|Species Clause: Limit one of each Pokémon
|rule|OHKO Clause: OHKO moves are banned
|rule|Evasion Items Clause: Evasion items are banned
|rule|Evasion Moves Clause: Evasion moves are banned
|rule|Evasion Abilities Clause: Evasion abilities are banned
|rule|Sleep Moves Clause: Sleep-inducing moves are banned
|clearpoke
|poke|p1|Gardevoir, F|
|poke|p1|Iron Valiant|
|poke|p1|Arcanine, M|
|poke|p1|Hatterene, F|
|poke|p1|Dragapult, F|
|poke|p1|Milotic, F|
|poke|p2|Pecharunt|
|poke|p2|Darkrai|
|poke|p2|Iron Treads|
|poke|p2|Primarina, F|
|poke|p2|Clefable, F|
|poke|p2|Blaziken, F|
|teampreview
|inactive|Battle timer is ON: inactive players will automatically lose when time's up. (requested by noob5445)
|
|t:|1757839730
|teamsize|p1|6
|teamsize|p2|6
|start
|switch|p1a: Nimbus|Arcanine, M|100/100
|switch|p2a: Primarina|Primarina, F|100/100
|-ability|p1a: Nimbus|Intimidate|boost
|-unboost|p2a: Primarina|atk|1
|turn|1
|
|t:|1757839738
|-terastallize|p1a: Nimbus|Normal
|move|p1a: Nimbus|Extreme Speed|p2a: Primarina
|-damage|p2a: Primarina|14/100
|move|p2a: Primarina|Flip Turn|p1a: Nimbus
|-damage|p1a: Nimbus|81/100
|
|t:|1757839743
|switch|p2a: Pecharunt|Pecharunt|100/100|[from] Flip Turn
|
|upkeep
|turn|2
|
|t:|1757839748
|switch|p1a: Mercé|Dragapult, F, shiny|100/100
|move|p2a: Pecharunt|Malignant Chain|p1a: Mercé
|-resisted|p1a: Mercé
|-damage|p1a: Mercé|79/100
|
|upkeep
|turn|3
|
|t:|1757839755
|switch|p2a: Clefable|Clefable, F|100/100
|move|p1a: Mercé|Thunder Wave|p2a: Clefable
|-status|p2a: Clefable|par
|
|upkeep
|turn|4
|
|t:|1757839762
|switch|p1a: Noir|Hatterene, F, shiny|100/100
|move|p2a: Clefable|Thunder Wave|p1a: Noir
|move|p1a: Noir|Thunder Wave|p2a: Clefable|[from] ability: Magic Bounce
|-fail|p2a: Clefable|par
|
|upkeep
|turn|5
|
|t:|1757839766
|move|p1a: Noir|Future Sight|p2a: Clefable
|-start|p1a: Noir|move: Future Sight
|cant|p2a: Clefable|par
|
|upkeep
|turn|6
|
|t:|1757839770
|move|p1a: Noir|Mystical Fire|p2a: Clefable
|-damage|p2a: Clefable|71/100 par
|-unboost|p2a: Clefable|spa|1
|cant|p2a: Clefable|par
|
|-heal|p2a: Clefable|77/100 par|[from] item: Leftovers
|upkeep
|turn|7
|
|t:|1757839776
|move|p1a: Noir|Draining Kiss|p2a: Clefable
|-damage|p2a: Clefable|48/100 par
|move|p2a: Clefable|Knock Off|p1a: Noir
|-damage|p1a: Noir|82/100
|-enditem|p1a: Noir|Assault Vest|[from] move: Knock Off|[of] p2a: Clefable
|
|-end|p2a: Clefable|move: Future Sight
|-damage|p2a: Clefable|0 fnt
|faint|p2a: Clefable
|upkeep
|
|t:|1757839784
|switch|p2a: Pecharunt|Pecharunt|100/100
|turn|8
|
|t:|1757839787
|move|p2a: Pecharunt|Malignant Chain|p1a: Noir
|-supereffective|p1a: Noir
|-damage|p1a: Noir|20/100
|move|p1a: Noir|Future Sight|p2a: Pecharunt
|-start|p1a: Noir|move: Future Sight
|
|upkeep
|turn|9
|
|t:|1757839793
|move|p2a: Pecharunt|Shadow Ball|p1a: Noir
|-supereffective|p1a: Noir
|-damage|p1a: Noir|0 fnt
|faint|p1a: Noir
|
|upkeep
|
|t:|1757839798
|switch|p1a: Rhea|Gardevoir, F, shiny|100/100
|turn|10
|
|t:|1757839801
|switch|p2a: Primarina|Primarina, F|14/100
|-ability|p1a: Rhea|Torrent|Trace|[from] ability: Trace|[of] p2a: Primarina
|move|p1a: Rhea|Moonblast|p2a: Primarina
|-damage|p2a: Primarina|0 fnt
|faint|p2a: Primarina
|
|-hint|Future Sight did not hit because the target is fainted.
|upkeep
|
|t:|1757839808
|switch|p2a: Pecharunt|Pecharunt|100/100
|turn|11
|
|t:|1757839811
|move|p2a: Pecharunt|Malignant Chain|p1a: Rhea
|-supereffective|p1a: Rhea
|-damage|p1a: Rhea|63/100
|move|p1a: Rhea|Psyshock|p2a: Pecharunt
|-supereffective|p2a: Pecharunt
|-damage|p2a: Pecharunt|59/100
|
|upkeep
|turn|12
|
|t:|1757839817
|move|p2a: Pecharunt|Malignant Chain|p1a: Rhea
|-supereffective|p1a: Rhea
|-crit|p1a: Rhea
|-damage|p1a: Rhea|8/100
|-status|p1a: Rhea|tox
|-start|p1a: Rhea|confusion|[from] ability: Poison Puppeteer|[of] p2a: Pecharunt
|-activate|p1a: Rhea|confusion
|move|p1a: Rhea|Mystical Fire|p2a: Pecharunt
|-damage|p2a: Pecharunt|33/100
|-unboost|p2a: Pecharunt|spa|1
|
|-damage|p1a: Rhea|2/100 tox|[from] psn
|upkeep
|turn|13
|
|t:|1757839822
|switch|p1a: Mercé|Dragapult, F, shiny|79/100
|move|p2a: Pecharunt|Recover|p2a: Pecharunt
|-heal|p2a: Pecharunt|83/100
|
|upkeep
|turn|14
|
|t:|1757839827
|switch|p2a: Iron Treads|Iron Treads|100/100
|move|p1a: Mercé|Hex|p2a: Iron Treads
|-damage|p2a: Iron Treads|59/100
|
|-heal|p2a: Iron Treads|65/100|[from] item: Leftovers
|upkeep
|turn|15
|
|t:|1757839832
|move|p1a: Mercé|Will-O-Wisp|p2a: Iron Treads
|-status|p2a: Iron Treads|brn
|move|p2a: Iron Treads|Knock Off|p1a: Mercé
|-supereffective|p1a: Mercé
|-damage|p1a: Mercé|38/100
|-enditem|p1a: Mercé|Focus Sash|[from] move: Knock Off|[of] p2a: Iron Treads
|
|-heal|p2a: Iron Treads|72/100 brn|[from] item: Leftovers
|-damage|p2a: Iron Treads|65/100 brn|[from] brn
|upkeep
|turn|16
|
|t:|1757839834
|move|p1a: Mercé|Hex|p2a: Iron Treads
|-damage|p2a: Iron Treads|0 fnt
|faint|p2a: Iron Treads
|-end|p2a: Iron Treads|Quark Drive|[silent]
|
|upkeep
|
|t:|1757839838
|switch|p2a: Darkrai|Darkrai|100/100
|turn|17
|
|t:|1757839842
|switch|p1a: Rhea|Gardevoir, F, shiny|2/100 tox
|-ability|p1a: Rhea|Bad Dreams|Trace|[from] ability: Trace|[of] p2a: Darkrai
|move|p2a: Darkrai|Dark Pulse|p1a: Rhea
|-damage|p1a: Rhea|0 fnt
|faint|p1a: Rhea
|
|upkeep
|
|t:|1757839846
|switch|p1a: Hermé|Iron Valiant, shiny|100/100
|-enditem|p1a: Hermé|Booster Energy
|-activate|p1a: Hermé|ability: Quark Drive|[fromitem]
|-start|p1a: Hermé|quarkdrivespe
|turn|18
|
|t:|1757839852
|switch|p2a: Pecharunt|Pecharunt|83/100
|move|p1a: Hermé|Destiny Bond|p1a: Hermé
|-singlemove|p1a: Hermé|Destiny Bond
|
|upkeep
|turn|19
|
|t:|1757839857
|move|p1a: Hermé|Knock Off|p2a: Pecharunt
|-supereffective|p2a: Pecharunt
|-damage|p2a: Pecharunt|53/100
|-enditem|p2a: Pecharunt|Heavy-Duty Boots|[from] move: Knock Off|[of] p1a: Hermé
|move|p2a: Pecharunt|Malignant Chain|p1a: Hermé
|-supereffective|p1a: Hermé
|-damage|p1a: Hermé|0 fnt
|faint|p1a: Hermé
|-end|p1a: Hermé|Quark Drive|[silent]
|
|upkeep
|
|t:|1757839862
|switch|p1a: Mercé|Dragapult, F, shiny|38/100
|turn|20
|
|t:|1757839868
|switch|p2a: Blaziken|Blaziken, F|100/100
|move|p1a: Mercé|Draco Meteor|p2a: Blaziken
|-damage|p2a: Blaziken|22/100
|-unboost|p1a: Mercé|spa|2
|
|upkeep
|turn|21
|
|t:|1757839874
|move|p1a: Mercé|Thunder Wave|p2a: Blaziken
|-status|p2a: Blaziken|par
|move|p2a: Blaziken|Knock Off|p1a: Mercé
|-supereffective|p1a: Mercé
|-crit|p1a: Mercé
|-damage|p1a: Mercé|0 fnt
|faint|p1a: Mercé
|
|-ability|p2a: Blaziken|Speed Boost|boost
|-boost|p2a: Blaziken|spe|1
|upkeep
|
|t:|1757839879
|switch|p1a: Ceteres|Milotic, F, shiny|100/100
|turn|22
|
|t:|1757839884
|move|p2a: Blaziken|Knock Off|p1a: Ceteres
|-damage|p1a: Ceteres|64/100
|-enditem|p1a: Ceteres|Leftovers|[from] move: Knock Off|[of] p2a: Blaziken
|move|p1a: Ceteres|Scald|p2a: Blaziken
|-supereffective|p2a: Blaziken
|-damage|p2a: Blaziken|0 fnt
|faint|p2a: Blaziken
|
|upkeep
|
|t:|1757839889
|switch|p2a: Darkrai|Darkrai|100/100
|turn|23
|
|t:|1757839900
|move|p2a: Darkrai|Trick|p1a: Ceteres
|-activate|p2a: Darkrai|move: Trick|[of] p1a: Ceteres
|-item|p1a: Ceteres|Choice Scarf|[from] move: Trick
|-enditem|p2a: Darkrai|Choice Scarf|[silent]|[from] move: Trick
|move|p1a: Ceteres|Recover|p1a: Ceteres
|-heal|p1a: Ceteres|100/100
|
|upkeep
|turn|24
|
|t:|1757839904
|switch|p1a: Nimbus|Arcanine, M, tera:Normal|81/100
|-ability|p1a: Nimbus|Intimidate|boost
|-unboost|p2a: Darkrai|atk|1
|move|p2a: Darkrai|Dark Pulse|p1a: Nimbus
|-damage|p1a: Nimbus|29/100
|
|upkeep
|turn|25
|
|t:|1757839910
|move|p2a: Darkrai|Dark Pulse|p1a: Nimbus
|-damage|p1a: Nimbus|0 fnt
|faint|p1a: Nimbus
|
|upkeep
|
|t:|1757839913
|switch|p1a: Ceteres|Milotic, F, shiny|100/100
|turn|26
|
|t:|1757839915
|move|p2a: Darkrai|Dark Pulse|p1a: Ceteres
|-damage|p1a: Ceteres|71/100
|cant|p1a: Ceteres|flinch
|
|upkeep
|turn|27
|
|t:|1757839918
|move|p2a: Darkrai|Dark Pulse|p1a: Ceteres
|-damage|p1a: Ceteres|38/100
|move|p1a: Ceteres|Scald|p2a: Darkrai
|-damage|p2a: Darkrai|67/100
|
|upkeep
|turn|28
|
|t:|1757839922
|move|p2a: Darkrai|Dark Pulse|p1a: Ceteres
|-damage|p1a: Ceteres|10/100
|move|p1a: Ceteres|Scald|p2a: Darkrai
|-damage|p2a: Darkrai|31/100
|
|upkeep
|turn|29
|c|☆michael00000000|gg wp
|
|t:|1757839927
|move|p2a: Darkrai|Dark Pulse|p1a: Ceteres
|-damage|p1a: Ceteres|0 fnt
|faint|p1a: Ceteres
|
|win|noob5445
|raw|michael00000000's rating: 1428 &rarr; <strong>1410</strong><br />(-18 for losing)
|raw|noob5445's rating: 1461 &rarr; <strong>1479</strong><br />(+18 for winning)
|l|☆michael00000000
|player|p1|
|l|☆noob5445
|player|p2|
