|j|☆LOUSINETCOKI
|j|☆averagealt99
|t:|1757946525
|gametype|singles
|player|p1|LOUSINETCOKI|170|1351
|player|p2|averagealt99|acetrainerf-gen4dp|1429
|gen|9
|tier|[Gen 9] OU
|rated|
|rule|HP Percentage Mod: HP is shown in percentages
|rule|Endless Battle Clause: Forcing endless battles is banned
|rule|Species Clause: Limit one of each Pokémon
|rule|OHKO Clause: OHKO moves are banned
|rule|Evasion Items Clause: Evasion items are banned
|rule|Evasion Moves Clause: Evasion moves are banned
|rule|Evasion Abilities Clause: Evasion abilities are banned
|rule|Sleep Moves Clause: Sleep-inducing moves are banned
|clearpoke
|poke|p1|Torkoal, M|
|poke|p1|Hatterene, F|
|poke|p1|Walking Wake|
|poke|p1|Iron Moth|
|poke|p1|Great Tusk|
|poke|p1|Lilligant-Hisui, F|
|poke|p2|Vikavolt, F|
|poke|p2|Slowking-Galar, M|
|poke|p2|Chesnaught, F|
|poke|p2|Samurott-Hisui, F|
|poke|p2|Landorus-Therian, M|
|poke|p2|Gholdengo|
|teampreview
|
|t:|1757946550
|teamsize|p1|6
|teamsize|p2|6
|start
|switch|p1a: Torkoal|Torkoal, M|100/100
|switch|p2a: Vikavolt|Vikavolt, F|100/100
|-weather|SunnyDay|[from] ability: Drought|[of] p1a: Torkoal
|turn|1
|
|t:|1757946556
|move|p2a: Vikavolt|Volt Switch|p1a: Torkoal
|-damage|p1a: Torkoal|50/100
|
|t:|1757946560
|switch|p2a: Slowking|Slowking-Galar, M|100/100|[from] Volt Switch
|move|p1a: Torkoal|Lava Plume|p2a: Slowking
|-damage|p2a: Slowking|78/100
|
|-weather|SunnyDay|[upkeep]
|upkeep
|turn|2
|
|t:|1757946567
|move|p1a: Torkoal|Stealth Rock|p2a: Slowking
|-sidestart|p2: averagealt99|move: Stealth Rock
|move|p2a: Slowking|Future Sight|p1a: Torkoal
|-start|p2a: Slowking|move: Future Sight
|
|-weather|SunnyDay|[upkeep]
|upkeep
|turn|3
|
|t:|1757946572
|switch|p1a: Hatterene|Hatterene, F|100/100
|-prepare|p2a: Slowking|Chilly Reception|[premajor]
|move|p2a: Slowking|Chilly Reception|p2a: Slowking
|-weather|Snowscape
|
|t:|1757946579
|switch|p2a: Gholdengo|Gholdengo|100/100|[from] Chilly Reception
|-damage|p2a: Gholdengo|94/100|[from] Stealth Rock
|
|-weather|Snowscape|[upkeep]
|upkeep
|turn|4
|
|t:|1757946586
|move|p2a: Gholdengo|Shadow Ball|p1a: Hatterene
|-supereffective|p1a: Hatterene
|-damage|p1a: Hatterene|28/100
|-enditem|p1a: Hatterene|Eject Button
|
|t:|1757946590
|switch|p1a: Walking Wake|Walking Wake|100/100
|
|-weather|Snowscape|[upkeep]
|-end|p1a: Walking Wake|move: Future Sight
|-damage|p1a: Walking Wake|51/100
|upkeep
|turn|5
|
|t:|1757946601
|-terastallize|p1a: Walking Wake|Water
|move|p2a: Gholdengo|Shadow Ball|p1a: Walking Wake
|-damage|p1a: Walking Wake|0 fnt
|faint|p1a: Walking Wake
|-end|p1a: Walking Wake|Protosynthesis|[silent]
|
|-weather|Snowscape|[upkeep]
|upkeep
|-message|LOUSINETCOKI forfeited.
|
|win|averagealt99
|raw|LOUSINETCOKI's rating: 1351 &rarr; <strong>1335</strong><br />(-16 for losing)
|raw|averagealt99's rating: 1429 &rarr; <strong>1445</strong><br />(+16 for winning)
|l|☆LOUSINETCOKI
|player|p1|
|l|☆averagealt99
|player|p2|
