|j|☆LVL62Monoco
|j|☆deepify
|t:|1757794070
|gametype|singles
|player|p1|LVL62Monoco|265|1481
|player|p2|deepify|unknown|1445
|gen|9
|tier|[Gen 9] OU
|rated|
|rule|HP Percentage Mod: HP is shown in percentages
|rule|Endless Battle Clause: Forcing endless battles is banned
|rule|Species Clause: Limit one of each Pokémon
|rule|OHKO Clause: OHKO moves are banned
|rule|Evasion Items Clause: Evasion items are banned
|rule|Evasion Moves Clause: Evasion moves are banned
|rule|Evasion Abilities Clause: Evasion abilities are banned
|rule|Sleep Moves Clause: Sleep-inducing moves are banned
|clearpoke
|poke|p1|Grimmsnarl, M|
|poke|p1|Ursaluna, M|
|poke|p1|Slowbro-Galar, M|
|poke|p1|Iron Hands|
|poke|p1|Kingambit, M|
|poke|p1|Enamorus-Therian, F|
|poke|p2|Kyurem|
|poke|p2|Ninetales-Alola, F|
|poke|p2|Gliscor, F|
|poke|p2|Iron Moth|
|poke|p2|Hatterene, F|
|poke|p2|Great Tusk|
|teampreview
|
|t:|1757794083
|teamsize|p1|6
|teamsize|p2|6
|start
|switch|p1a: Grimmsnarl|Grimmsnarl, M|100/100
|switch|p2a: Ninetales|Ninetales-Alola, F|100/100
|-weather|Snowscape|[from] ability: Snow Warning|[of] p2a: Ninetales
|turn|1
|
|t:|1757794090
|move|p1a: Grimmsnarl|Light Screen|p1a: Grimmsnarl
|-sidestart|p1: LVL62Monoco|move: Light Screen
|move|p2a: Ninetales|Aurora Veil|p2a: Ninetales
|-sidestart|p2: deepify|move: Aurora Veil
|
|-weather|Snowscape|[upkeep]
|upkeep
|turn|2
|
|t:|1757794124
|switch|p2a: Gliscor|Gliscor, F|100/100
|move|p1a: Grimmsnarl|Reflect|p1a: Grimmsnarl
|-sidestart|p1: LVL62Monoco|Reflect
|
|-weather|Snowscape|[upkeep]
|-status|p2a: Gliscor|tox|[from] item: Toxic Orb
|upkeep
|turn|3
|inactive|Battle timer is ON: inactive players will automatically lose when time's up. (requested by LVL62Monoco)
|
|t:|1757794131
|move|p1a: Grimmsnarl|Parting Shot|p2a: Gliscor
|-unboost|p2a: Gliscor|atk|1
|-unboost|p2a: Gliscor|spa|1
|
|t:|1757794135
|switch|p1a: Slowbro|Slowbro-Galar, M|100/100|[from] Parting Shot
|move|p2a: Gliscor|Swords Dance|p2a: Gliscor
|-boost|p2a: Gliscor|atk|2
|
|-weather|Snowscape|[upkeep]
|upkeep
|turn|4
|-activate|p1a: Slowbro|ability: Quick Draw
|
|t:|1757794142
|move|p1a: Slowbro|Ice Beam|p2a: Gliscor
|-supereffective|p2a: Gliscor
|-damage|p2a: Gliscor|34/100 tox
|move|p2a: Gliscor|Swords Dance|p2a: Gliscor
|-boost|p2a: Gliscor|atk|2
|
|-weather|Snowscape|[upkeep]
|-heal|p2a: Gliscor|47/100 tox|[from] ability: Poison Heal
|upkeep
|turn|5
|
|t:|1757794153
|-terastallize|p1a: Slowbro|Water
|move|p2a: Gliscor|Earthquake|p1a: Slowbro
|-damage|p1a: Slowbro|44/100
|move|p1a: Slowbro|Ice Beam|p2a: Gliscor
|-supereffective|p2a: Gliscor
|-damage|p2a: Gliscor|0 fnt
|faint|p2a: Gliscor
|
|-weather|none
|upkeep
|
|t:|1757794171
|switch|p2a: Kyurem|Kyurem|100/100
|-ability|p2a: Kyurem|Pressure
|turn|6
|
|t:|1757794179
|move|p2a: Kyurem|Dragon Dance|p2a: Kyurem
|-boost|p2a: Kyurem|atk|1
|-boost|p2a: Kyurem|spe|1
|move|p1a: Slowbro|Sludge Bomb|p2a: Kyurem
|-damage|p2a: Kyurem|79/100
|
|upkeep
|turn|7
|
|t:|1757794191
|-terastallize|p2a: Kyurem|Electric
|move|p2a: Kyurem|Tera Blast|p1a: Slowbro|[anim] Tera Blast Electric
|-supereffective|p1a: Slowbro
|-damage|p1a: Slowbro|0 fnt
|faint|p1a: Slowbro
|
|upkeep
|
|t:|1757794203
|switch|p1a: Ursaluna|Ursaluna, M|100/100
|turn|8
|-activate|p1a: Ursaluna|item: Quick Claw
|
|t:|1757794220
|move|p1a: Ursaluna|Headlong Rush|p2a: Kyurem
|-supereffective|p2a: Kyurem
|-damage|p2a: Kyurem|4/100
|-unboost|p1a: Ursaluna|def|1
|-unboost|p1a: Ursaluna|spd|1
|move|p2a: Kyurem|Icicle Spear|p1a: Ursaluna
|-supereffective|p1a: Ursaluna
|-damage|p1a: Ursaluna|78/100
|-supereffective|p1a: Ursaluna
|-damage|p1a: Ursaluna|56/100
|-supereffective|p1a: Ursaluna
|-damage|p1a: Ursaluna|33/100
|-supereffective|p1a: Ursaluna
|-damage|p1a: Ursaluna|10/100
|-hitcount|p1a: Ursaluna|4
|
|-sideend|p1: LVL62Monoco|move: Light Screen
|-sideend|p2: deepify|move: Aurora Veil
|upkeep
|turn|9
|-activate|p1a: Ursaluna|item: Quick Claw
|
|t:|1757794235
|move|p1a: Ursaluna|Facade|p2a: Kyurem
|-damage|p2a: Kyurem|0 fnt
|faint|p2a: Kyurem
|
|-sideend|p1: LVL62Monoco|Reflect
|upkeep
|
|t:|1757794243
|switch|p2a: Ninetales|Ninetales-Alola, F|100/100
|-weather|Snowscape|[from] ability: Snow Warning|[of] p2a: Ninetales
|turn|10
|
|t:|1757794251
|move|p2a: Ninetales|Moonblast|p1a: Ursaluna
|-damage|p1a: Ursaluna|0 fnt
|faint|p1a: Ursaluna
|
|-weather|Snowscape|[upkeep]
|upkeep
|
|t:|1757794256
|switch|p1a: Grimmsnarl|Grimmsnarl, M|100/100
|turn|11
|
|t:|1757794270
|move|p1a: Grimmsnarl|Light Screen|p1a: Grimmsnarl
|-sidestart|p1: LVL62Monoco|move: Light Screen
|move|p2a: Ninetales|Aurora Veil|p2a: Ninetales
|-sidestart|p2: deepify|move: Aurora Veil
|
|-weather|Snowscape|[upkeep]
|upkeep
|turn|12
|
|t:|1757794274
|move|p1a: Grimmsnarl|Reflect|p1a: Grimmsnarl
|-sidestart|p1: LVL62Monoco|Reflect
|move|p2a: Ninetales|Encore|p1a: Grimmsnarl
|-start|p1a: Grimmsnarl|Encore
|
|-weather|Snowscape|[upkeep]
|upkeep
|turn|13
|
|t:|1757794282
|switch|p2a: Great Tusk|Great Tusk|100/100
|-enditem|p2a: Great Tusk|Booster Energy
|-activate|p2a: Great Tusk|ability: Protosynthesis|[fromitem]
|-start|p2a: Great Tusk|protosynthesisspe
|switch|p1a: Kingambit|Kingambit, M|100/100
|-activate|p1a: Kingambit|ability: Supreme Overlord
|-start|p1a: Kingambit|fallen2|[silent]
|
|-weather|Snowscape|[upkeep]
|upkeep
|turn|14
|
|t:|1757794291
|-end|p1a: Kingambit|fallen2|[silent]
|switch|p1a: Enamorus|Enamorus-Therian, F|100/100
|move|p2a: Great Tusk|Bulk Up|p2a: Great Tusk
|-boost|p2a: Great Tusk|atk|1
|-boost|p2a: Great Tusk|def|1
|
|-weather|none
|upkeep
|turn|15
|
|t:|1757794306
|-end|p2a: Great Tusk|Protosynthesis|[silent]
|switch|p2a: Iron Moth|Iron Moth|100/100
|-enditem|p2a: Iron Moth|Booster Energy
|-activate|p2a: Iron Moth|ability: Quark Drive|[fromitem]
|-start|p2a: Iron Moth|quarkdrivespa
|move|p1a: Enamorus|Calm Mind|p1a: Enamorus
|-boost|p1a: Enamorus|spa|1
|-boost|p1a: Enamorus|spd|1
|
|upkeep
|turn|16
|
|t:|1757794314
|move|p2a: Iron Moth|Sludge Wave|p1a: Enamorus
|-supereffective|p1a: Enamorus
|-damage|p1a: Enamorus|54/100
|move|p1a: Enamorus|Earth Power|p2a: Iron Moth
|-supereffective|p2a: Iron Moth
|-damage|p2a: Iron Moth|0 fnt
|faint|p2a: Iron Moth
|-end|p2a: Iron Moth|Quark Drive|[silent]
|
|upkeep
|
|t:|1757794319
|switch|p2a: Hatterene|Hatterene, F|100/100
|turn|17
|
|t:|1757794328
|move|p1a: Enamorus|Calm Mind|p1a: Enamorus
|-boost|p1a: Enamorus|spa|1
|-boost|p1a: Enamorus|spd|1
|move|p2a: Hatterene|Calm Mind|p2a: Hatterene
|-boost|p2a: Hatterene|spa|1
|-boost|p2a: Hatterene|spd|1
|
|upkeep
|turn|18
|
|t:|1757794341
|move|p1a: Enamorus|Mystical Fire|p2a: Hatterene
|-damage|p2a: Hatterene|81/100
|-unboost|p2a: Hatterene|spa|1
|move|p2a: Hatterene|Calm Mind|p2a: Hatterene
|-boost|p2a: Hatterene|spa|1
|-boost|p2a: Hatterene|spd|1
|
|-heal|p2a: Hatterene|87/100|[from] item: Leftovers
|-sideend|p1: LVL62Monoco|move: Light Screen
|-sideend|p2: deepify|move: Aurora Veil
|upkeep
|turn|19
|
|t:|1757794350
|move|p1a: Enamorus|Mystical Fire|p2a: Hatterene
|-damage|p2a: Hatterene|58/100
|-unboost|p2a: Hatterene|spa|1
|move|p2a: Hatterene|Calm Mind|p2a: Hatterene
|-boost|p2a: Hatterene|spa|1
|-boost|p2a: Hatterene|spd|1
|
|-heal|p2a: Hatterene|64/100|[from] item: Leftovers
|-sideend|p1: LVL62Monoco|Reflect
|upkeep
|turn|20
|
|t:|1757794359
|move|p1a: Enamorus|Mystical Fire|p2a: Hatterene
|-damage|p2a: Hatterene|39/100
|-unboost|p2a: Hatterene|spa|1
|move|p2a: Hatterene|Calm Mind|p2a: Hatterene
|-boost|p2a: Hatterene|spa|1
|-boost|p2a: Hatterene|spd|1
|
|-heal|p2a: Hatterene|45/100|[from] item: Leftovers
|upkeep
|turn|21
|
|t:|1757794367
|move|p1a: Enamorus|Mystical Fire|p2a: Hatterene
|-damage|p2a: Hatterene|23/100
|-unboost|p2a: Hatterene|spa|1
|move|p2a: Hatterene|Draining Kiss|p1a: Enamorus
|-damage|p1a: Enamorus|43/100
|-heal|p2a: Hatterene|33/100|[from] drain|[of] p1a: Enamorus
|
|-heal|p2a: Hatterene|39/100|[from] item: Leftovers
|upkeep
|turn|22
|
|t:|1757794382
|move|p1a: Enamorus|Mystical Fire|p2a: Hatterene
|-damage|p2a: Hatterene|20/100
|-unboost|p2a: Hatterene|spa|1
|move|p2a: Hatterene|Draining Kiss|p1a: Enamorus
|-damage|p1a: Enamorus|35/100
|-heal|p2a: Hatterene|26/100|[from] drain|[of] p1a: Enamorus
|
|-heal|p2a: Hatterene|32/100|[from] item: Leftovers
|upkeep
|turn|23
|-activate|p1a: Enamorus|item: Quick Claw
|
|t:|1757794396
|switch|p2a: Great Tusk|Great Tusk|100/100
|move|p1a: Enamorus|Mystical Fire|p2a: Great Tusk
|-damage|p2a: Great Tusk|25/100
|-unboost|p2a: Great Tusk|spa|1
|
|upkeep
|turn|24
|
|t:|1757794407
|move|p2a: Great Tusk|Ice Spinner|p1a: Enamorus
|-supereffective|p1a: Enamorus
|-damage|p1a: Enamorus|0 fnt
|faint|p1a: Enamorus
|
|upkeep
|
|t:|1757794412
|switch|p1a: Grimmsnarl|Grimmsnarl, M|100/100
|turn|25
|
|t:|1757794438
|move|p1a: Grimmsnarl|Reflect|p1a: Grimmsnarl
|-sidestart|p1: LVL62Monoco|Reflect
|move|p2a: Great Tusk|Bulk Up|p2a: Great Tusk
|-boost|p2a: Great Tusk|atk|1
|-boost|p2a: Great Tusk|def|1
|
|upkeep
|turn|26
|
|t:|1757794450
|move|p1a: Grimmsnarl|Parting Shot|p2a: Great Tusk
|-unboost|p2a: Great Tusk|atk|1
|-unboost|p2a: Great Tusk|spa|1
|
|t:|1757794455
|switch|p1a: Iron Hands|Iron Hands|100/100|[from] Parting Shot
|move|p2a: Great Tusk|Bulk Up|p2a: Great Tusk
|-boost|p2a: Great Tusk|atk|1
|-boost|p2a: Great Tusk|def|1
|
|upkeep
|turn|27
|
|t:|1757794473
|move|p2a: Great Tusk|Headlong Rush|p1a: Iron Hands
|-supereffective|p1a: Iron Hands
|-damage|p1a: Iron Hands|54/100
|-unboost|p2a: Great Tusk|def|1
|-unboost|p2a: Great Tusk|spd|1
|move|p1a: Iron Hands|Ice Punch|p2a: Great Tusk
|-supereffective|p2a: Great Tusk
|-damage|p2a: Great Tusk|0 fnt
|faint|p2a: Great Tusk
|-end|p2a: Great Tusk|Protosynthesis|[silent]
|
|upkeep
|
|t:|1757794477
|switch|p2a: Hatterene|Hatterene, F|32/100
|turn|28
|
|t:|1757794486
|move|p1a: Iron Hands|Wild Charge|p2a: Hatterene
|-damage|p2a: Hatterene|0 fnt
|faint|p2a: Hatterene
|-damage|p1a: Iron Hands|49/100|[from] Recoil
|
|upkeep
|l|☆deepify
|inactive|deepify disconnected and has a minute to reconnect!
|player|p2|
|inactive|deepify has 30 seconds to reconnect!
|inactive|deepify has 20 seconds to reconnect!
|inactive|deepify has 15 seconds to reconnect!
|inactive|deepify has 10 seconds to reconnect!
|inactive|deepify has 5 seconds to reconnect!
|-message|deepify lost due to inactivity.
|
|win|LVL62Monoco
|raw|LVL62Monoco's rating: 1481 &rarr; <strong>1499</strong><br />(+18 for winning)
|raw|deepify's rating: 1445 &rarr; <strong>1427</strong><br />(-18 for losing)
|l|☆LVL62Monoco
|player|p1|
