|j|☆Pherusa
|j|☆Etouraptamere
|inactive|Battle timer is ON: inactive players will automatically lose when time's up.
|t:|1757787680
|gametype|singles
|player|p1|Pherusa|mira|
|player|p2|Etouraptamere|falkner|
|gen|9
|tier|[Gen 9] OU
|rated|Tournament battle
|rule|HP Percentage Mod: HP is shown in percentages
|rule|Endless Battle Clause: Forcing endless battles is banned
|rule|Species Clause: Limit one of each Pokémon
|rule|OHKO Clause: OHKO moves are banned
|rule|Evasion Items Clause: Evasion items are banned
|rule|Evasion Moves Clause: Evasion moves are banned
|rule|Evasion Abilities Clause: Evasion abilities are banned
|rule|Sleep Moves Clause: Sleep-inducing moves are banned
|clearpoke
|poke|p1|Ribombee, F|
|poke|p1|Great Tusk|
|poke|p1|Gholdengo|
|poke|p1|Manaphy|
|poke|p1|Kingambit, F|
|poke|p1|Iron Valiant|
|poke|p2|Moltres|
|poke|p2|Iron Crown|
|poke|p2|Dragapult, M|
|poke|p2|Samurott-Hisui, F|
|poke|p2|Raging Bolt|
|poke|p2|Great Tusk|
|teampreview
|j|*Lady Monita ☀
|inactive|Pherusa also wants the timer to be on.
|
|t:|1757787708
|teamsize|p1|6
|teamsize|p2|6
|start
|switch|p1a: Ribombee|Ribombee, F|100/100
|switch|p2a: Iron Crown|Iron Crown|100/100
|turn|1
|
|t:|1757787717
|switch|p1a: Manaphy|Manaphy|100/100
|move|p2a: Iron Crown|Tachyon Cutter|p1a: Manaphy
|-resisted|p1a: Manaphy
|-damage|p1a: Manaphy|88/100
|-resisted|p1a: Manaphy
|-damage|p1a: Manaphy|75/100
|-hitcount|p1a: Manaphy|2
|
|-heal|p1a: Manaphy|81/100|[from] item: Leftovers
|upkeep
|turn|2
|
|t:|1757787721
|move|p1a: Manaphy|Substitute|p1a: Manaphy
|-start|p1a: Manaphy|Substitute
|-damage|p1a: Manaphy|56/100
|move|p2a: Iron Crown|Volt Switch|p1a: Manaphy
|-supereffective|p1a: Manaphy
|-end|p1a: Manaphy|Substitute
|
|t:|1757787725
|-end|p2a: Iron Crown|Quark Drive|[silent]
|switch|p2a: Dragapult|Dragapult, M|100/100|[from] Volt Switch
|
|-heal|p1a: Manaphy|62/100|[from] item: Leftovers
|upkeep
|turn|3
|
|t:|1757787726
|move|p2a: Dragapult|U-turn|p1a: Manaphy
|-damage|p1a: Manaphy|25/100
|
|t:|1757787729
|switch|p2a: Iron Crown|Iron Crown|100/100|[from] U-turn
|move|p1a: Manaphy|Alluring Voice|p2a: Iron Crown
|-resisted|p2a: Iron Crown
|-damage|p2a: Iron Crown|93/100
|
|-heal|p1a: Manaphy|31/100|[from] item: Leftovers
|upkeep
|turn|4
|
|t:|1757787733
|move|p1a: Manaphy|Surf|p2a: Iron Crown
|-damage|p2a: Iron Crown|68/100
|move|p2a: Iron Crown|Volt Switch|p1a: Manaphy
|-supereffective|p1a: Manaphy
|-damage|p1a: Manaphy|0 fnt
|faint|p1a: Manaphy
|
|t:|1757787737
|-end|p2a: Iron Crown|Quark Drive|[silent]
|switch|p2a: Dragapult|Dragapult, M|100/100|[from] Volt Switch
|
|upkeep
|
|t:|1757787747
|switch|p1a: Ribombee|Ribombee, F|100/100
|turn|5
|
|t:|1757787750
|move|p2a: Dragapult|U-turn|p1a: Ribombee
|-resisted|p1a: Ribombee
|-damage|p1a: Ribombee|69/100
|
|t:|1757787752
|switch|p2a: Iron Crown|Iron Crown|68/100|[from] U-turn
|move|p1a: Ribombee|Sticky Web|p2a: Iron Crown
|-sidestart|p2: Etouraptamere|move: Sticky Web
|
|upkeep
|turn|6
|
|t:|1757787756
|move|p1a: Ribombee|Moonblast|p2a: Iron Crown
|-resisted|p2a: Iron Crown
|-damage|p2a: Iron Crown|58/100
|move|p2a: Iron Crown|Tachyon Cutter|p1a: Ribombee
|-supereffective|p1a: Ribombee
|-damage|p1a: Ribombee|0 fnt
|faint|p1a: Ribombee
|-hitcount|p1: Ribombee|1
|
|upkeep
|
|t:|1757787764
|switch|p1a: Great Tusk|Great Tusk|100/100
|-enditem|p1a: Great Tusk|Booster Energy
|-activate|p1a: Great Tusk|ability: Protosynthesis|[fromitem]
|-start|p1a: Great Tusk|protosynthesisatk
|turn|7
|
|t:|1757787768
|move|p2a: Iron Crown|Tachyon Cutter|p1a: Great Tusk
|-damage|p1a: Great Tusk|63/100
|-damage|p1a: Great Tusk|25/100
|-hitcount|p1a: Great Tusk|2
|move|p1a: Great Tusk|Rapid Spin|p2a: Iron Crown
|-resisted|p2a: Iron Crown
|-damage|p2a: Iron Crown|47/100
|-boost|p1a: Great Tusk|spe|1
|
|upkeep
|turn|8
|
|t:|1757787777
|-end|p2a: Iron Crown|Quark Drive|[silent]
|switch|p2a: Moltres|Moltres|100/100
|move|p1a: Great Tusk|Headlong Rush|p2a: Moltres
|-immune|p2a: Moltres
|
|upkeep
|turn|9
|
|t:|1757787779
|move|p1a: Great Tusk|Head Smash|p2a: Moltres
|-supereffective|p2a: Moltres
|-damage|p2a: Moltres|0 fnt
|-status|p1a: Great Tusk|brn|[from] ability: Flame Body|[of] p2a: Moltres
|faint|p2a: Moltres
|-damage|p1a: Great Tusk|0 fnt|[from] Recoil
|faint|p1a: Great Tusk
|-end|p1a: Great Tusk|Protosynthesis|[silent]
|
|upkeep
|
|t:|1757787787
|switch|p1a: Gholdengo|Gholdengo|100/100
|switch|p2a: Samurott|Samurott-Hisui, F|100/100
|-item|p1a: Gholdengo|Air Balloon
|turn|10
|
|t:|1757787799
|-terastallize|p1a: Gholdengo|Fairy
|move|p2a: Samurott|Ceaseless Edge|p1a: Gholdengo
|-resisted|p1a: Gholdengo
|-damage|p1a: Gholdengo|75/100
|-enditem|p1a: Gholdengo|Air Balloon
|-sidestart|p1: Pherusa|Spikes
|move|p1a: Gholdengo|Dazzling Gleam|p2a: Samurott
|-supereffective|p2a: Samurott
|-damage|p2a: Samurott|0 fnt
|faint|p2a: Samurott
|
|upkeep
|
|t:|1757787812
|switch|p2a: Dragapult|Dragapult, M|100/100
|-activate|p2a: Dragapult|move: Sticky Web
|-fail|p2a: Dragapult|unboost|[from] ability: Clear Body|[of] p2a: Dragapult
|turn|11
|
|t:|1757787814
|-terastallize|p2a: Dragapult|Ghost
|move|p2a: Dragapult|Tera Blast|p1a: Gholdengo|[anim] Tera Blast Ghost
|-damage|p1a: Gholdengo|0 fnt
|faint|p1a: Gholdengo
|
|upkeep
|j| Failbor21
|
|t:|1757787826
|switch|p1a: Iron Valiant|Iron Valiant|100/100
|-damage|p1a: Iron Valiant|88/100|[from] Spikes
|-enditem|p1a: Iron Valiant|Booster Energy
|-activate|p1a: Iron Valiant|ability: Quark Drive|[fromitem]
|-start|p1a: Iron Valiant|quarkdrivespe
|turn|12
|
|t:|1757787836
|move|p1a: Iron Valiant|Shadow Ball|p2a: Dragapult
|-supereffective|p2a: Dragapult
|-damage|p2a: Dragapult|28/100
|move|p2a: Dragapult|Tera Blast|p1a: Iron Valiant|[anim] Tera Blast Ghost
|-damage|p1a: Iron Valiant|0 fnt
|faint|p1a: Iron Valiant
|-end|p1a: Iron Valiant|Quark Drive|[silent]
|
|upkeep
|
|t:|1757787840
|switch|p1a: Kingambit|Kingambit, F|100/100
|-activate|p1a: Kingambit|ability: Supreme Overlord
|-start|p1a: Kingambit|fallen5|[silent]
|-item|p1a: Kingambit|Air Balloon
|turn|13
|
|t:|1757787846
|switch|p2a: Great Tusk|Great Tusk|100/100
|-activate|p2a: Great Tusk|move: Sticky Web
|-unboost|p2a: Great Tusk|spe|1
|move|p1a: Kingambit|Swords Dance|p1a: Kingambit
|-boost|p1a: Kingambit|atk|2
|
|upkeep
|turn|14
|
|t:|1757787852
|move|p1a: Kingambit|Kowtow Cleave|p2a: Great Tusk
|-resisted|p2a: Great Tusk
|-damage|p2a: Great Tusk|58/100
|-damage|p1a: Kingambit|84/100|[from] item: Rocky Helmet|[of] p2a: Great Tusk
|move|p2a: Great Tusk|Rapid Spin|p1a: Kingambit
|-resisted|p1a: Kingambit
|-damage|p1a: Kingambit|78/100
|-boost|p2a: Great Tusk|spe|1
|-enditem|p1a: Kingambit|Air Balloon
|-sideend|p2: Etouraptamere|Sticky Web|[from] move: Rapid Spin|[of] p2a: Great Tusk
|
|upkeep
|turn|15
|
|t:|1757787855
|move|p2a: Great Tusk|Headlong Rush|p1a: Kingambit
|-supereffective|p1a: Kingambit
|-damage|p1a: Kingambit|0 fnt
|-unboost|p2a: Great Tusk|def|1
|-unboost|p2a: Great Tusk|spd|1
|faint|p1a: Kingambit
|-end|p1a: Kingambit|fallen5|[silent]
|
|win|Etouraptamere
|n|☆Pherusa|pherusa
|n|☆Etouraptamere|etouraptamere
|n|*Lady Monita ☀|ladymonita
|n| Failbor21|failbor21
|l|*Lady Monita ☀
|c|☆Etouraptamere|gg
|c|☆Pherusa|gg
|l|☆Pherusa
|player|p1|
|l|☆Etouraptamere
|player|p2|
