|j|☆Kinggallo
|j|☆RomanticM
|t:|1757888529
|gametype|singles
|player|p1|Kinggallo|silver|1086
|player|p2|RomanticM|n|1058
|gen|9
|tier|[Gen 9] OU
|rated|
|rule|HP Percentage Mod: HP is shown in percentages
|rule|Endless Battle Clause: Forcing endless battles is banned
|rule|Species Clause: Limit one of each Pokémon
|rule|OHKO Clause: OHKO moves are banned
|rule|Evasion Items Clause: Evasion items are banned
|rule|Evasion Moves Clause: Evasion moves are banned
|rule|Evasion Abilities Clause: Evasion abilities are banned
|rule|Sleep Moves Clause: Sleep-inducing moves are banned
|clearpoke
|poke|p1|Clefable, M|
|poke|p1|Slowking, F|
|poke|p1|Porygon2|
|poke|p1|Mismagius, F|
|poke|p1|Ursaluna, M|
|poke|p1|Forretress, M|
|poke|p2|Darkrai|
|poke|p2|Golurk|
|poke|p2|Magmortar, M|
|poke|p2|Sylveon, M|
|poke|p2|Empoleon, F|
|poke|p2|Dusknoir, M|
|teampreview
|
|t:|1757888549
|teamsize|p1|6
|teamsize|p2|6
|start
|switch|p1a: Slowking|Slowking, F|100/100
|switch|p2a: Dusknoir|Dusknoir, M|100/100
|-ability|p2a: Dusknoir|Pressure
|turn|1
|
|t:|1757888558
|move|p2a: Dusknoir|Poltergeist|p1a: Slowking
|-activate|p1a: Slowking|move: Poltergeist|Heavy-Duty Boots
|-supereffective|p1a: Slowking
|-damage|p1a: Slowking|0 fnt
|faint|p1a: Slowking
|
|upkeep
|
|t:|1757888576
|switch|p1a: Ursaluna|Ursaluna, M|100/100
|turn|2
|
|t:|1757888580
|move|p1a: Ursaluna|Crunch|p2a: Dusknoir
|-supereffective|p2a: Dusknoir
|-damage|p2a: Dusknoir|43/100
|move|p2a: Dusknoir|Will-O-Wisp|p1a: Ursaluna
|-status|p1a: Ursaluna|brn
|
|-heal|p2a: Dusknoir|49/100|[from] item: Leftovers
|-damage|p1a: Ursaluna|94/100 brn|[from] brn
|upkeep
|turn|3
|
|t:|1757888592
|move|p1a: Ursaluna|Headlong Rush|p2a: Dusknoir
|-damage|p2a: Dusknoir|0 fnt
|-unboost|p1a: Ursaluna|def|1
|-unboost|p1a: Ursaluna|spd|1
|faint|p2a: Dusknoir
|
|-damage|p1a: Ursaluna|88/100 brn|[from] brn
|upkeep
|
|t:|1757888600
|switch|p2a: Darkrai|Darkrai|100/100
|turn|4
|
|t:|1757888606
|switch|p1a: Clefable|Clefable, M|100/100
|move|p2a: Darkrai|Ice Beam|p1a: Clefable
|-damage|p1a: Clefable|71/100
|
|-heal|p1a: Clefable|77/100|[from] item: Leftovers
|upkeep
|turn|5
|
|t:|1757888616
|switch|p2a: Empoleon|Empoleon, F|100/100
|move|p1a: Clefable|Stealth Rock|p2a: Empoleon
|-sidestart|p2: RomanticM|move: Stealth Rock
|
|-heal|p1a: Clefable|83/100|[from] item: Leftovers
|upkeep
|turn|6
|
|t:|1757888628
|switch|p1a: Porygon2|Porygon2|100/100
|-ability|p1a: Porygon2|Download|boost
|-boost|p1a: Porygon2|atk|1
|move|p2a: Empoleon|Flash Cannon|p1a: Porygon2
|-damage|p1a: Porygon2|84/100
|
|upkeep
|turn|7
|
|t:|1757888636
|move|p2a: Empoleon|Surf|p1a: Porygon2
|-damage|p1a: Porygon2|65/100
|move|p1a: Porygon2|Trick Room|p1a: Porygon2
|-fieldstart|move: Trick Room|[of] p1a: Porygon2
|
|upkeep
|turn|8
|
|t:|1757888644
|switch|p1a: Forretress|Forretress, M|100/100
|move|p2a: Empoleon|Surf|p1a: Forretress
|-damage|p1a: Forretress|43/100
|
|-heal|p1a: Forretress|50/100|[from] item: Leftovers
|upkeep
|turn|9
|
|t:|1757888655
|move|p1a: Forretress|Body Press|p2a: Empoleon
|-supereffective|p2a: Empoleon
|-crit|p2a: Empoleon
|-damage|p2a: Empoleon|2/100
|move|p2a: Empoleon|Surf|p1a: Forretress
|-damage|p1a: Forretress|0 fnt
|faint|p1a: Forretress
|
|-heal|p2a: Empoleon|8/100|[from] item: Leftovers
|upkeep
|
|t:|1757888662
|switch|p1a: Ursaluna|Ursaluna, M|88/100 brn
|turn|10
|
|t:|1757888667
|move|p2a: Empoleon|Surf|p1a: Ursaluna
|-supereffective|p1a: Ursaluna
|-damage|p1a: Ursaluna|8/100 brn
|move|p1a: Ursaluna|Facade|p2a: Empoleon
|-resisted|p2a: Empoleon
|-damage|p2a: Empoleon|0 fnt
|faint|p2a: Empoleon
|
|-damage|p1a: Ursaluna|2/100 brn|[from] brn
|upkeep
|
|t:|1757888681
|switch|p2a: Sylveon|Sylveon, M|100/100
|-damage|p2a: Sylveon|88/100|[from] Stealth Rock
|turn|11
|
|t:|1757888699
|switch|p1a: Mismagius|Mismagius, F|100/100
|move|p2a: Sylveon|Wish|p2a: Sylveon
|
|-heal|p2a: Sylveon|94/100|[from] item: Leftovers
|-fieldend|move: Trick Room
|upkeep
|turn|12
|
|t:|1757888706
|move|p1a: Mismagius|Curse|p2a: Sylveon
|-start|p2a: Sylveon|Curse|[of] p1a: Mismagius
|-damage|p1a: Mismagius|50/100
|move|p2a: Sylveon|Moonblast|p1a: Mismagius
|-damage|p1a: Mismagius|17/100
|
|-heal|p2a: Sylveon|100/100|[from] move: Wish|[wisher] Sylveon
|-heal|p1a: Mismagius|23/100|[from] item: Leftovers
|-damage|p2a: Sylveon|76/100|[from] Curse
|upkeep
|turn|13
|
|t:|1757888718
|move|p1a: Mismagius|Destiny Bond|p1a: Mismagius
|-singlemove|p1a: Mismagius|Destiny Bond
|move|p2a: Sylveon|Moonblast|p1a: Mismagius
|-damage|p1a: Mismagius|0 fnt
|faint|p1a: Mismagius
|-activate|p1a: Mismagius|move: Destiny Bond
|faint|p2a: Sylveon
|
|upkeep
|
|t:|1757888730
|switch|p1a: Porygon2|Porygon2|65/100
|switch|p2a: Golurk|Golurk|100/100
|-damage|p2a: Golurk|94/100|[from] Stealth Rock
|-ability|p1a: Porygon2|Download|boost
|-boost|p1a: Porygon2|spa|1
|turn|14
|
|t:|1757888738
|move|p2a: Golurk|Earthquake|p1a: Porygon2
|-damage|p1a: Porygon2|36/100
|move|p1a: Porygon2|Recover|p1a: Porygon2
|-heal|p1a: Porygon2|86/100
|
|-heal|p2a: Golurk|100/100|[from] item: Leftovers
|upkeep
|turn|15
|
|t:|1757888746
|move|p2a: Golurk|Earthquake|p1a: Porygon2
|-damage|p1a: Porygon2|59/100
|move|p1a: Porygon2|Trick Room|p1a: Porygon2
|-fieldstart|move: Trick Room|[of] p1a: Porygon2
|
|upkeep
|turn|16
|
|t:|1757888751
|switch|p1a: Clefable|Clefable, M|83/100
|move|p2a: Golurk|Earthquake|p1a: Clefable
|-damage|p1a: Clefable|47/100
|
|-heal|p1a: Clefable|53/100|[from] item: Leftovers
|upkeep
|turn|17
|
|t:|1757888761
|-terastallize|p2a: Golurk|Ground
|move|p2a: Golurk|Earthquake|p1a: Clefable
|-damage|p1a: Clefable|6/100
|move|p1a: Clefable|Healing Wish|p1a: Clefable
|faint|p1a: Clefable
|
|upkeep
|
|t:|1757888769
|switch|p1a: Ursaluna|Ursaluna, M|2/100 brn
|-heal|p1a: Ursaluna|100/100|[from] move: Healing Wish
|turn|18
|
|t:|1757888782
|move|p2a: Golurk|Ice Punch|p1a: Ursaluna
|-supereffective|p1a: Ursaluna
|-damage|p1a: Ursaluna|54/100
|move|p1a: Ursaluna|Facade|p2a: Golurk
|-damage|p2a: Golurk|60/100
|
|-heal|p2a: Golurk|66/100|[from] item: Leftovers
|-status|p1a: Ursaluna|brn|[from] item: Flame Orb
|upkeep
|turn|19
|
|t:|1757888800
|-terastallize|p1a: Ursaluna|Normal
|move|p2a: Golurk|Ice Punch|p1a: Ursaluna
|-damage|p1a: Ursaluna|30/100 brn
|move|p1a: Ursaluna|Facade|p2a: Golurk
|-damage|p2a: Golurk|0 fnt
|faint|p2a: Golurk
|
|-damage|p1a: Ursaluna|24/100 brn|[from] brn
|-fieldend|move: Trick Room
|upkeep
|
|t:|1757888811
|switch|p2a: Darkrai|Darkrai|100/100
|turn|20
|
|t:|1757888817
|switch|p1a: Porygon2|Porygon2|59/100
|-ability|p1a: Porygon2|Download|boost
|-boost|p1a: Porygon2|atk|1
|move|p2a: Darkrai|Dark Pulse|p1a: Porygon2
|-damage|p1a: Porygon2|39/100
|
|upkeep
|turn|21
|
|t:|1757888825
|move|p2a: Darkrai|Dark Pulse|p1a: Porygon2
|-damage|p1a: Porygon2|19/100
|move|p1a: Porygon2|Recover|p1a: Porygon2
|-heal|p1a: Porygon2|69/100
|
|upkeep
|turn|22
|
|t:|1757888832
|move|p2a: Darkrai|Will-O-Wisp|p1a: Porygon2|[miss]
|-miss|p2a: Darkrai|p1a: Porygon2
|move|p1a: Porygon2|Recover|p1a: Porygon2
|-heal|p1a: Porygon2|100/100
|
|upkeep
|turn|23
|
|t:|1757888838
|move|p2a: Darkrai|Will-O-Wisp|p1a: Porygon2
|-status|p1a: Porygon2|brn
|move|p1a: Porygon2|Trick Room|p1a: Porygon2
|-fieldstart|move: Trick Room|[of] p1a: Porygon2
|
|-damage|p1a: Porygon2|94/100 brn|[from] brn
|upkeep
|turn|24
|
|t:|1757888845
|move|p1a: Porygon2|Tera Blast|p2a: Darkrai
|-damage|p2a: Darkrai|63/100
|move|p2a: Darkrai|Dark Pulse|p1a: Porygon2
|-damage|p1a: Porygon2|76/100 brn
|
|-damage|p1a: Porygon2|69/100 brn|[from] brn
|upkeep
|turn|25
|
|t:|1757888856
|move|p1a: Porygon2|Tera Blast|p2a: Darkrai
|-damage|p2a: Darkrai|27/100
|move|p2a: Darkrai|Psychic|p1a: Porygon2
|-damage|p1a: Porygon2|54/100 brn
|
|-damage|p1a: Porygon2|48/100 brn|[from] brn
|upkeep
|turn|26
|
|t:|1757888864
|move|p1a: Porygon2|Recover|p1a: Porygon2
|-heal|p1a: Porygon2|98/100 brn
|move|p2a: Darkrai|Dark Pulse|p1a: Porygon2
|-damage|p1a: Porygon2|78/100 brn
|
|-damage|p1a: Porygon2|72/100 brn|[from] brn
|upkeep
|turn|27
|
|t:|1757888872
|move|p1a: Porygon2|Tera Blast|p2a: Darkrai
|-damage|p2a: Darkrai|0 fnt
|faint|p2a: Darkrai
|
|-damage|p1a: Porygon2|65/100 brn|[from] brn
|-fieldend|move: Trick Room
|upkeep
|
|t:|1757888878
|switch|p2a: Magmortar|Magmortar, M|100/100
|-damage|p2a: Magmortar|76/100|[from] Stealth Rock
|turn|28
|
|t:|1757888884
|move|p2a: Magmortar|Flamethrower|p1a: Porygon2
|-crit|p1a: Porygon2
|-damage|p1a: Porygon2|37/100 brn
|move|p1a: Porygon2|Trick Room|p1a: Porygon2
|-fieldstart|move: Trick Room|[of] p1a: Porygon2
|
|-damage|p1a: Porygon2|31/100 brn|[from] brn
|upkeep
|turn|29
|
|t:|1757888892
|move|p1a: Porygon2|Tera Blast|p2a: Magmortar
|-damage|p2a: Magmortar|48/100
|-enditem|p2a: Magmortar|Sitrus Berry|[eat]
|-heal|p2a: Magmortar|73/100|[from] item: Sitrus Berry
|move|p2a: Magmortar|Flamethrower|p1a: Porygon2
|-damage|p1a: Porygon2|14/100 brn
|
|-damage|p1a: Porygon2|8/100 brn|[from] brn
|upkeep
|turn|30
|
|t:|1757888903
|move|p1a: Porygon2|Tera Blast|p2a: Magmortar
|-damage|p2a: Magmortar|43/100
|move|p2a: Magmortar|Flamethrower|p1a: Porygon2
|-damage|p1a: Porygon2|0 fnt
|faint|p1a: Porygon2
|
|upkeep
|
|t:|1757888910
|switch|p1a: Ursaluna|Ursaluna, M, tera:Normal|24/100 brn
|turn|31
|
|t:|1757888919
|move|p1a: Ursaluna|Facade|p2a: Magmortar
|-damage|p2a: Magmortar|0 fnt
|faint|p2a: Magmortar
|
|win|Kinggallo
|raw|Kinggallo's rating: 1086 &rarr; <strong>1111</strong><br />(+25 for winning)
|raw|RomanticM's rating: 1058 &rarr; <strong>1041</strong><br />(-17 for losing)
|l|☆RomanticM
|player|p2|
