|j|☆Yourragez
|j|☆Mahp860226
|t:|1757918138
|gametype|singles
|player|p1|Yourragez|2|1183
|player|p2|Mahp860226|1|1161
|gen|9
|tier|[Gen 9] OU
|rated|
|rule|HP Percentage Mod: HP is shown in percentages
|rule|Endless Battle Clause: Forcing endless battles is banned
|rule|Species Clause: Limit one of each Pokémon
|rule|OHKO Clause: OHKO moves are banned
|rule|Evasion Items Clause: Evasion items are banned
|rule|Evasion Moves Clause: Evasion moves are banned
|rule|Evasion Abilities Clause: Evasion abilities are banned
|rule|Sleep Moves Clause: Sleep-inducing moves are banned
|clearpoke
|poke|p1|Pikachu, M|
|poke|p1|Keldeo-Resolute|
|poke|p1|Iron Treads|
|poke|p1|Moltres|
|poke|p1|Sinistcha|
|poke|p1|Slowking-Galar, F|
|poke|p2|Mimikyu, M|
|poke|p2|Corviknight, F|
|poke|p2|Lokix, M|
|poke|p2|Heatran, M|
|poke|p2|Clodsire, M|
|poke|p2|Gengar, M|
|teampreview
|l|☆Yourragez
|player|p1|
|j|☆Yourragez
|player|p1|Yourragez|2|
|
|t:|1757918170
|teamsize|p1|6
|teamsize|p2|6
|start
|switch|p1a: Pikachu|Pikachu, M|100/100
|switch|p2a: Lokix|Lokix, M|100/100
|turn|1
|
|t:|1757918177
|switch|p1a: Moltres|Moltres|100/100
|move|p2a: Lokix|First Impression|p1a: Moltres
|-resisted|p1a: Moltres
|-damage|p1a: Moltres|88/100
|
|upkeep
|turn|2
|
|t:|1757918186
|switch|p2a: Heatran|Heatran, M|100/100
|move|p1a: Moltres|U-turn|p2a: Heatran
|-resisted|p2a: Heatran
|-damage|p2a: Heatran|98/100
|
|t:|1757918193
|switch|p1a: Keldeo|Keldeo-Resolute|100/100|[from] U-turn
|
|upkeep
|turn|3
|
|t:|1757918221
|switch|p2a: Lokix|Lokix, M|100/100
|move|p1a: Keldeo|Flip Turn|p2a: Lokix
|-damage|p2a: Lokix|78/100
|
|t:|1757918224
|switch|p1a: Moltres|Moltres|88/100|[from] Flip Turn
|
|upkeep
|turn|4
|
|t:|1757918232
|move|p2a: Lokix|U-turn|p1a: Moltres
|-resisted|p1a: Moltres
|-damage|p1a: Moltres|78/100
|-status|p2a: Lokix|brn|[from] ability: Flame Body|[of] p1a: Moltres
|inactive|Battle timer is ON: inactive players will automatically lose when time's up. (requested by Yourragez)
|l|☆Yourragez
|inactive|Yourragez disconnected and has a minute to reconnect!
|player|p1|
|
|t:|1757918250
|switch|p2a: Gengar|Gengar, M|100/100|[from] U-turn
|move|p1a: Moltres|U-turn|p2a: Gengar
|-resisted|p2a: Gengar
|-damage|p2a: Gengar|94/100
|-start|p1a: Moltres|Disable|U-turn|[from] ability: Cursed Body|[of] p2a: Gengar
|j|☆Yourragez
|inactive|Yourragez reconnected and has 150 seconds left.
|player|p1|Yourragez|2|
|
|t:|1757918261
|switch|p1a: Keldeo|Keldeo-Resolute|100/100|[from] U-turn
|
|upkeep
|turn|5
|
|t:|1757918268
|move|p2a: Gengar|Energy Ball|p1a: Keldeo
|-supereffective|p1a: Keldeo
|-damage|p1a: Keldeo|24/100
|move|p1a: Keldeo|Surf|p2a: Gengar
|-damage|p2a: Gengar|0 fnt
|faint|p2a: Gengar
|
|upkeep
|
|t:|1757918279
|switch|p2a: Lokix|Lokix, M|78/100 brn
|turn|6
|
|t:|1757918283
|switch|p1a: Moltres|Moltres|78/100
|move|p2a: Lokix|U-turn|p1a: Moltres
|-resisted|p1a: Moltres
|-damage|p1a: Moltres|73/100
|
|t:|1757918288
|switch|p2a: Clodsire|Clodsire, M|100/100|[from] U-turn
|
|upkeep
|turn|7
|
|t:|1757918293
|move|p1a: Moltres|U-turn|p2a: Clodsire
|-resisted|p2a: Clodsire
|-damage|p2a: Clodsire|93/100
|
|t:|1757918296
|switch|p1a: Iron Treads|Iron Treads|100/100|[from] U-turn
|move|p2a: Clodsire|Toxic Spikes|p1a: Iron Treads
|-sidestart|p1: Yourragez|move: Toxic Spikes
|
|-heal|p2a: Clodsire|99/100|[from] item: Black Sludge
|upkeep
|turn|8
|
|t:|1757918306
|switch|p2a: Mimikyu|Mimikyu, M|100/100
|move|p1a: Iron Treads|Stealth Rock|p2a: Mimikyu
|-sidestart|p2: Mahp860226|move: Stealth Rock
|
|upkeep
|turn|9
|
|t:|1757918313
|move|p2a: Mimikyu|Swords Dance|p2a: Mimikyu
|-boost|p2a: Mimikyu|atk|2
|move|p1a: Iron Treads|Knock Off|p2a: Mimikyu
|-activate|p2a: Mimikyu|ability: Disguise
|-damage|p2a: Mimikyu|100/100
|-enditem|p2a: Mimikyu|Life Orb|[from] move: Knock Off|[of] p1a: Iron Treads
|detailschange|p2a: Mimikyu|Mimikyu-Busted, M
|-damage|p2a: Mimikyu|88/100|[from] pokemon: Mimikyu-Busted
|
|upkeep
|turn|10
|
|t:|1757918326
|move|p2a: Mimikyu|Drain Punch|p1a: Iron Treads
|-supereffective|p1a: Iron Treads
|-damage|p1a: Iron Treads|35/100
|-heal|p2a: Mimikyu|100/100|[from] drain|[of] p1a: Iron Treads
|move|p1a: Iron Treads|Earthquake|p2a: Mimikyu
|-damage|p2a: Mimikyu|43/100
|
|-heal|p1a: Iron Treads|42/100|[from] item: Leftovers
|upkeep
|turn|11
|
|t:|1757918339
|-end|p1a: Iron Treads|Quark Drive|[silent]
|switch|p1a: Moltres|Moltres|73/100
|move|p2a: Mimikyu|Drain Punch|p1a: Moltres
|-resisted|p1a: Moltres
|-damage|p1a: Moltres|58/100
|-heal|p2a: Mimikyu|54/100|[from] drain|[of] p1a: Moltres
|
|upkeep
|turn|12
|
|t:|1757918351
|switch|p2a: Heatran|Heatran, M|98/100
|-damage|p2a: Heatran|85/100|[from] Stealth Rock
|move|p1a: Moltres|Roar|p2a: Heatran
|drag|p2a: Clodsire|Clodsire, M|99/100
|-damage|p2a: Clodsire|93/100|[from] Stealth Rock
|
|-heal|p2a: Clodsire|99/100|[from] item: Black Sludge
|upkeep
|turn|13
|
|t:|1757918373
|move|p1a: Moltres|U-turn|p2a: Clodsire
|-resisted|p2a: Clodsire
|-crit|p2a: Clodsire
|-damage|p2a: Clodsire|87/100
|
|t:|1757918374
|switch|p1a: Slowking|Slowking-Galar, F|100/100|[from] U-turn
|-sideend|p1: Yourragez|move: Toxic Spikes|[of] p1a: Slowking
|move|p2a: Clodsire|Poison Jab|p1a: Slowking
|-resisted|p1a: Slowking
|-damage|p1a: Slowking|89/100
|
|-heal|p2a: Clodsire|93/100|[from] item: Black Sludge
|upkeep
|turn|14
|
|t:|1757918386
|move|p2a: Clodsire|Toxic Spikes|p1a: Slowking
|-sidestart|p1: Yourragez|move: Toxic Spikes
|move|p1a: Slowking|Future Sight|p2a: Clodsire
|-start|p1a: Slowking|move: Future Sight
|
|-heal|p2a: Clodsire|99/100|[from] item: Black Sludge
|upkeep
|turn|15
|
|t:|1757918402
|move|p2a: Clodsire|Toxic Spikes|p1a: Slowking
|-sidestart|p1: Yourragez|move: Toxic Spikes
|-prepare|p1a: Slowking|Chilly Reception|[premajor]
|move|p1a: Slowking|Chilly Reception|p1a: Slowking
|-weather|Snowscape
|
|t:|1757918407
|switch|p1a: Iron Treads|Iron Treads|42/100|[from] Chilly Reception
|
|-weather|Snowscape|[upkeep]
|-heal|p1a: Iron Treads|48/100|[from] item: Leftovers
|-heal|p2a: Clodsire|100/100|[from] item: Black Sludge
|upkeep
|turn|16
|
|t:|1757918420
|switch|p2a: Corviknight|Corviknight, F|100/100
|-damage|p2a: Corviknight|88/100|[from] Stealth Rock
|move|p1a: Iron Treads|Rapid Spin|p2a: Corviknight
|-resisted|p2a: Corviknight
|-damage|p2a: Corviknight|84/100
|-boost|p1a: Iron Treads|spe|1
|-damage|p1a: Iron Treads|31/100|[from] item: Rocky Helmet|[of] p2a: Corviknight
|-sideend|p1: Yourragez|Toxic Spikes|[from] move: Rapid Spin|[of] p1a: Iron Treads
|
|-weather|Snowscape|[upkeep]
|-end|p2a: Corviknight|move: Future Sight
|-resisted|p2a: Corviknight
|-damage|p2a: Corviknight|63/100
|-heal|p1a: Iron Treads|37/100|[from] item: Leftovers
|upkeep
|turn|17
|
|t:|1757918435
|move|p1a: Iron Treads|Knock Off|p2a: Corviknight
|-damage|p2a: Corviknight|48/100
|-damage|p1a: Iron Treads|21/100|[from] item: Rocky Helmet|[of] p2a: Corviknight
|-enditem|p2a: Corviknight|Rocky Helmet|[from] move: Knock Off|[of] p1a: Iron Treads
|move|p2a: Corviknight|Roost|p2a: Corviknight
|-heal|p2a: Corviknight|98/100
|-singleturn|p2a: Corviknight|move: Roost
|
|-weather|Snowscape|[upkeep]
|-heal|p1a: Iron Treads|27/100|[from] item: Leftovers
|upkeep
|turn|18
|l|☆Yourragez
|inactive|Yourragez disconnected and has a minute to reconnect!
|player|p1|
|j|☆Yourragez
|inactive|Yourragez reconnected and has 140 seconds left.
|player|p1|Yourragez|2|
|
|t:|1757918453
|-end|p1a: Iron Treads|Quark Drive|[silent]
|switch|p1a: Moltres|Moltres|58/100
|move|p2a: Corviknight|Body Press|p1a: Moltres
|-resisted|p1a: Moltres
|-damage|p1a: Moltres|49/100
|
|-weather|Snowscape|[upkeep]
|upkeep
|turn|19
|
|t:|1757918467
|move|p1a: Moltres|Roost|p1a: Moltres
|-heal|p1a: Moltres|99/100
|-singleturn|p1a: Moltres|move: Roost
|move|p2a: Corviknight|U-turn|p1a: Moltres
|-resisted|p1a: Moltres
|-damage|p1a: Moltres|94/100
|
|t:|1757918476
|switch|p2a: Heatran|Heatran, M|85/100|[from] U-turn
|-damage|p2a: Heatran|73/100|[from] Stealth Rock
|
|-weather|none
|upkeep
|turn|20
|
|t:|1757918494
|move|p2a: Heatran|Lava Plume|p1a: Moltres
|-resisted|p1a: Moltres
|-damage|p1a: Moltres|71/100
|move|p1a: Moltres|Roar|p2a: Heatran
|drag|p2a: Mimikyu|Mimikyu-Busted, M|54/100
|-damage|p2a: Mimikyu|42/100|[from] Stealth Rock
|
|upkeep
|turn|21
|
|t:|1757918510
|move|p2a: Mimikyu|Drain Punch|p1a: Moltres
|-resisted|p1a: Moltres
|-damage|p1a: Moltres|64/100
|-heal|p2a: Mimikyu|48/100|[from] drain|[of] p1a: Moltres
|move|p1a: Moltres|Roar|p2a: Mimikyu
|drag|p2a: Heatran|Heatran, M|73/100
|-damage|p2a: Heatran|60/100|[from] Stealth Rock
|
|upkeep
|turn|22
|
|t:|1757918522
|move|p2a: Heatran|Dragon Pulse|p1a: Moltres
|-damage|p1a: Moltres|29/100
|move|p1a: Moltres|Roar|p2a: Heatran
|drag|p2a: Mimikyu|Mimikyu-Busted, M|48/100
|-damage|p2a: Mimikyu|35/100|[from] Stealth Rock
|
|upkeep
|turn|23
|inactive|Mahp860226 has 120 seconds left.
|
|t:|1757918537
|move|p2a: Mimikyu|Drain Punch|p1a: Moltres
|-resisted|p1a: Moltres
|-damage|p1a: Moltres|22/100
|-heal|p2a: Mimikyu|41/100|[from] drain|[of] p1a: Moltres
|move|p1a: Moltres|Roost|p1a: Moltres
|-heal|p1a: Moltres|72/100
|-singleturn|p1a: Moltres|move: Roost
|
|upkeep
|turn|24
|inactive|Mahp860226 has 120 seconds left.
|
|t:|1757918548
|switch|p2a: Heatran|Heatran, M|60/100
|-damage|p2a: Heatran|48/100|[from] Stealth Rock
|move|p1a: Moltres|Roar|p2a: Heatran
|drag|p2a: Corviknight|Corviknight, F|98/100
|-damage|p2a: Corviknight|86/100|[from] Stealth Rock
|
|upkeep
|turn|25
|inactive|Mahp860226 has 120 seconds left.
|
|t:|1757918558
|move|p2a: Corviknight|Defog|p1a: Moltres
|-unboost|p1a: Moltres|evasion|1
|-sideend|p2: Mahp860226|Stealth Rock|[from] move: Defog|[of] p2a: Corviknight
|move|p1a: Moltres|Roar|p2a: Corviknight
|drag|p2a: Mimikyu|Mimikyu-Busted, M|41/100
|
|upkeep
|turn|26
|
|t:|1757918568
|move|p2a: Mimikyu|Swords Dance|p2a: Mimikyu
|-boost|p2a: Mimikyu|atk|2
|move|p1a: Moltres|Flamethrower|p2a: Mimikyu
|-damage|p2a: Mimikyu|0 fnt
|faint|p2a: Mimikyu
|
|upkeep
|
|t:|1757918577
|switch|p2a: Heatran|Heatran, M|48/100
|turn|27
|l|☆Yourragez
|inactive|Yourragez disconnected and has a minute to reconnect!
|player|p1|
|j|☆Yourragez
|inactive|Yourragez reconnected and has 135 seconds left.
|player|p1|Yourragez|2|
|
|t:|1757918604
|move|p2a: Heatran|Dragon Pulse|p1a: Moltres
|-damage|p1a: Moltres|37/100
|move|p1a: Moltres|Roar|p2a: Heatran
|drag|p2a: Corviknight|Corviknight, F|86/100
|
|upkeep
|turn|28
|
|t:|1757918613
|switch|p1a: Keldeo|Keldeo-Resolute|24/100
|switch|p2a: Heatran|Heatran, M|48/100
|
|upkeep
|turn|29
|
|t:|1757918624
|-terastallize|p2a: Heatran|Flying
|move|p1a: Keldeo|Surf|p2a: Heatran
|-damage|p2a: Heatran|10/100
|move|p2a: Heatran|Earth Power|p1a: Keldeo
|-damage|p1a: Keldeo|0 fnt
|faint|p1a: Keldeo
|
|upkeep
|
|t:|1757918629
|switch|p1a: Pikachu|Pikachu, M|100/100
|turn|30
|
|t:|1757918640
|switch|p2a: Clodsire|Clodsire, M|100/100
|move|p1a: Pikachu|Grass Knot|p2a: Clodsire
|-damage|p2a: Clodsire|75/100
|
|-heal|p2a: Clodsire|82/100|[from] item: Black Sludge
|upkeep
|turn|31
|
|t:|1757918652
|switch|p1a: Sinistcha|Sinistcha|100/100
|move|p2a: Clodsire|Poison Jab|p1a: Sinistcha
|-damage|p1a: Sinistcha|85/100
|-status|p1a: Sinistcha|psn
|
|-heal|p1a: Sinistcha|92/100 psn|[from] item: Leftovers
|-heal|p2a: Clodsire|88/100|[from] item: Black Sludge
|-damage|p1a: Sinistcha|79/100 psn|[from] psn
|upkeep
|turn|32
|
|t:|1757918668
|move|p1a: Sinistcha|Calm Mind|p1a: Sinistcha
|-boost|p1a: Sinistcha|spa|1
|-boost|p1a: Sinistcha|spd|1
|move|p2a: Clodsire|Toxic Spikes|p1a: Sinistcha
|-sidestart|p1: Yourragez|move: Toxic Spikes
|
|-heal|p1a: Sinistcha|85/100 psn|[from] item: Leftovers
|-heal|p2a: Clodsire|94/100|[from] item: Black Sludge
|-damage|p1a: Sinistcha|73/100 psn|[from] psn
|upkeep
|turn|33
|
|t:|1757918680
|move|p1a: Sinistcha|Matcha Gotcha|p2a: Clodsire
|-damage|p2a: Clodsire|76/100
|-heal|p1a: Sinistcha|85/100 psn|[from] drain|[of] p2a: Clodsire
|move|p2a: Clodsire|Haze|p2a: Clodsire
|-clearallboost
|
|-heal|p1a: Sinistcha|91/100 psn|[from] item: Leftovers
|-heal|p2a: Clodsire|83/100|[from] item: Black Sludge
|-damage|p1a: Sinistcha|78/100 psn|[from] psn
|upkeep
|turn|34
|
|t:|1757918695
|switch|p1a: Slowking|Slowking-Galar, F|100/100
|-sideend|p1: Yourragez|move: Toxic Spikes|[of] p1a: Slowking
|switch|p2a: Lokix|Lokix, M|78/100 brn
|
|-damage|p2a: Lokix|72/100 brn|[from] brn
|upkeep
|turn|35
|
|t:|1757918705
|move|p2a: Lokix|First Impression|p1a: Slowking
|-damage|p1a: Slowking|81/100
|move|p1a: Slowking|Future Sight|p2a: Lokix
|-start|p1a: Slowking|move: Future Sight
|
|-damage|p2a: Lokix|66/100 brn|[from] brn
|upkeep
|turn|36
|
|t:|1757918714
|move|p2a: Lokix|Knock Off|p1a: Slowking
|-supereffective|p1a: Slowking
|-damage|p1a: Slowking|39/100
|-enditem|p1a: Slowking|Heavy-Duty Boots|[from] move: Knock Off|[of] p2a: Lokix
|move|p1a: Slowking|Sludge Bomb|p2a: Lokix
|-damage|p2a: Lokix|6/100 brn
|
|-damage|p2a: Lokix|0 fnt|[from] brn
|faint|p2a: Lokix
|upkeep
|
|t:|1757918725
|switch|p2a: Heatran|Heatran, M, tera:Flying|10/100
|turn|37
|l|☆Yourragez
|inactive|Yourragez disconnected and has a minute to reconnect!
|player|p1|
|j|☆Yourragez
|inactive|Yourragez reconnected and has 140 seconds left.
|player|p1|Yourragez|2|
|
|t:|1757918738
|move|p2a: Heatran|Earth Power|p1a: Slowking
|-supereffective|p1a: Slowking
|-damage|p1a: Slowking|0 fnt
|faint|p1a: Slowking
|
|-end|p2a: Heatran|move: Future Sight
|-damage|p2a: Heatran|0 fnt
|faint|p2a: Heatran
|upkeep
|
|t:|1757918750
|switch|p2a: Clodsire|Clodsire, M|83/100
|switch|p1a: Iron Treads|Iron Treads|27/100
|turn|38
|
|t:|1757918767
|move|p1a: Iron Treads|Stealth Rock|p2a: Clodsire
|-sidestart|p2: Mahp860226|move: Stealth Rock
|move|p2a: Clodsire|Toxic Spikes|p1a: Iron Treads
|-sidestart|p1: Yourragez|move: Toxic Spikes
|
|-heal|p1a: Iron Treads|33/100|[from] item: Leftovers
|-heal|p2a: Clodsire|89/100|[from] item: Black Sludge
|upkeep
|turn|39
|
|t:|1757918777
|switch|p2a: Corviknight|Corviknight, F|86/100
|-damage|p2a: Corviknight|73/100|[from] Stealth Rock
|move|p1a: Iron Treads|Earthquake|p2a: Corviknight
|-immune|p2a: Corviknight
|
|-heal|p1a: Iron Treads|40/100|[from] item: Leftovers
|upkeep
|turn|40
|
|t:|1757918786
|-end|p1a: Iron Treads|Quark Drive|[silent]
|switch|p1a: Moltres|Moltres|37/100
|move|p2a: Corviknight|Body Press|p1a: Moltres
|-resisted|p1a: Moltres
|-damage|p1a: Moltres|28/100
|-status|p2a: Corviknight|brn|[from] ability: Flame Body|[of] p1a: Moltres
|
|-damage|p2a: Corviknight|67/100 brn|[from] brn
|upkeep
|turn|41
|inactive|Mahp860226 has 120 seconds left.
|l|☆Yourragez
|inactive|Yourragez disconnected and has a minute to reconnect!
|player|p1|
|j|☆Yourragez
|inactive|Yourragez reconnected.
|player|p1|Yourragez|2|
|inactive|Mahp860226 has 90 seconds left.
|inactive|Mahp860226 has 60 seconds left.
|l|☆Yourragez
|inactive|Yourragez disconnected and has a minute to reconnect!
|player|p1|
|inactive|Mahp860226 has 30 seconds left.
|inactive|Mahp860226 has 20 seconds left.
|inactive|Mahp860226 has 15 seconds left.
|j|☆Yourragez
|inactive|Yourragez reconnected.
|player|p1|Yourragez|2|
|inactive|Mahp860226 has 10 seconds left.
|inactive|Mahp860226 has 5 seconds left.
|-message|Mahp860226 lost due to inactivity.
|
|win|Yourragez
|raw|Yourragez's rating: 1183 &rarr; <strong>1206</strong><br />(+23 for winning)
|raw|Mahp860226's rating: 1161 &rarr; <strong>1138</strong><br />(-23 for losing)
|l|☆Yourragez
|player|p1|
