|j|‽oehtwashere
|j|☆pastagirl !!
|t:|1757957676
|gametype|singles
|player|p1|oehtwashere|supernerd|1715
|player|p2|pastagirl !!|elesa|1710
|gen|9
|tier|[Gen 9] OU
|rated|
|rule|HP Percentage Mod: HP is shown in percentages
|rule|Endless Battle Clause: Forcing endless battles is banned
|rule|Species Clause: Limit one of each Pokémon
|rule|OHKO Clause: OHKO moves are banned
|rule|Evasion Items Clause: Evasion items are banned
|rule|Evasion Moves Clause: Evasion moves are banned
|rule|Evasion Abilities Clause: Evasion abilities are banned
|rule|Sleep Moves Clause: Sleep-inducing moves are banned
|clearpoke
|poke|p1|Raikou|
|poke|p1|Scizor, F|
|poke|p1|Clefable, M|
|poke|p1|Zamazenta-*|
|poke|p1|Sinistcha|
|poke|p1|Ting-Lu|
|poke|p2|Cresselia, F|
|poke|p2|Hatterene, F|
|poke|p2|Porygon2|
|poke|p2|Ursaluna, M|
|poke|p2|Iron Hands|
|poke|p2|Enamorus-Therian, F|
|teampreview
|inactive|Battle timer is ON: inactive players will automatically lose when time's up. (requested by oehtwashere)
|
|t:|1757957699
|teamsize|p1|6
|teamsize|p2|6
|start
|switch|p1a: Scizor|Scizor, F|100/100
|switch|p2a: BLUE VELVET|Hatterene, F|100/100
|turn|1
|
|t:|1757957704
|move|p1a: Scizor|Bullet Punch|p2a: BLUE VELVET
|-supereffective|p2a: BLUE VELVET
|-damage|p2a: BLUE VELVET|45/100
|move|p2a: BLUE VELVET|Trick Room|p2a: BLUE VELVET
|-fieldstart|move: Trick Room|[of] p2a: BLUE VELVET
|
|upkeep
|turn|2
|
|t:|1757957709
|switch|p2a: THE ELEPHANT MAN|Iron Hands|100/100
|move|p1a: Scizor|Bullet Punch|p2a: THE ELEPHANT MAN
|-resisted|p2a: THE ELEPHANT MAN
|-damage|p2a: THE ELEPHANT MAN|89/100
|
|upkeep
|turn|3
|j| Le Bouquetin
|
|t:|1757957732
|switch|p1a: Clefable|Clefable, M|100/100
|move|p2a: THE ELEPHANT MAN|Close Combat|p1a: Clefable
|-resisted|p1a: Clefable
|-damage|p1a: Clefable|66/100
|-unboost|p2a: THE ELEPHANT MAN|def|1
|-unboost|p2a: THE ELEPHANT MAN|spd|1
|-damage|p2a: THE ELEPHANT MAN|79/100|[from] item: Life Orb
|
|-heal|p1a: Clefable|72/100|[from] item: Leftovers
|upkeep
|turn|4
|
|t:|1757957757
|move|p2a: THE ELEPHANT MAN|Supercell Slam|p1a: Clefable
|-damage|p1a: Clefable|7/100
|-damage|p2a: THE ELEPHANT MAN|69/100|[from] item: Life Orb
|move|p1a: Clefable|Wish|p1a: Clefable
|
|-heal|p1a: Clefable|13/100|[from] item: Leftovers
|upkeep
|turn|5
|
|t:|1757957767
|-end|p2a: THE ELEPHANT MAN|Quark Drive|[silent]
|switch|p2a: BLUE VELVET|Hatterene, F|45/100
|move|p1a: Clefable|Protect||[still]
|-fail|p1a: Clefable
|
|-heal|p1a: Clefable|63/100|[from] move: Wish|[wisher] Clefable
|-heal|p1a: Clefable|69/100|[from] item: Leftovers
|-fieldend|move: Trick Room
|upkeep
|turn|6
|
|t:|1757957770
|move|p1a: Clefable|Moonblast|p2a: BLUE VELVET
|-crit|p2a: BLUE VELVET
|-damage|p2a: BLUE VELVET|0 fnt
|faint|p2a: BLUE VELVET
|
|-heal|p1a: Clefable|75/100|[from] item: Leftovers
|upkeep
|
|t:|1757957778
|switch|p2a: WILD AT HEART|Cresselia, F|100/100
|turn|7
|
|t:|1757957779
|move|p1a: Clefable|Stealth Rock|p2a: WILD AT HEART
|-sidestart|p2: pastagirl !!|move: Stealth Rock
|move|p2a: WILD AT HEART|Trick Room|p2a: WILD AT HEART
|-fieldstart|move: Trick Room|[of] p2a: WILD AT HEART
|
|-heal|p1a: Clefable|81/100|[from] item: Leftovers
|upkeep
|turn|8
|j| wgw2333
|
|t:|1757957784
|switch|p2a: LOST HIGHWAY|Ursaluna, M|100/100
|-damage|p2a: LOST HIGHWAY|94/100|[from] Stealth Rock
|move|p1a: Clefable|Moonblast|p2a: LOST HIGHWAY
|-damage|p2a: LOST HIGHWAY|69/100
|
|-heal|p1a: Clefable|88/100|[from] item: Leftovers
|-status|p2a: LOST HIGHWAY|brn|[from] item: Flame Orb
|upkeep
|turn|9
|
|t:|1757957790
|move|p1a: Clefable|Protect|p1a: Clefable
|-singleturn|p1a: Clefable|Protect
|move|p2a: LOST HIGHWAY|Swords Dance|p2a: LOST HIGHWAY
|-boost|p2a: LOST HIGHWAY|atk|2
|
|-heal|p1a: Clefable|94/100|[from] item: Leftovers
|-damage|p2a: LOST HIGHWAY|63/100 brn|[from] brn
|upkeep
|turn|10
|
|t:|1757957809
|move|p1a: Clefable|Protect||[still]
|-fail|p1a: Clefable
|move|p2a: LOST HIGHWAY|Fire Punch|p1a: Clefable
|-damage|p1a: Clefable|22/100
|
|-heal|p1a: Clefable|28/100|[from] item: Leftovers
|-damage|p2a: LOST HIGHWAY|57/100 brn|[from] brn
|upkeep
|turn|11
|
|t:|1757957816
|move|p1a: Clefable|Protect|p1a: Clefable
|-singleturn|p1a: Clefable|Protect
|move|p2a: LOST HIGHWAY|Headlong Rush|p1a: Clefable
|-activate|p1a: Clefable|move: Protect
|
|-heal|p1a: Clefable|34/100|[from] item: Leftovers
|-damage|p2a: LOST HIGHWAY|51/100 brn|[from] brn
|-fieldend|move: Trick Room
|upkeep
|turn|12
|
|t:|1757957819
|move|p1a: Clefable|Moonblast|p2a: LOST HIGHWAY
|-damage|p2a: LOST HIGHWAY|21/100 brn
|move|p2a: LOST HIGHWAY|Headlong Rush|p1a: Clefable
|-damage|p1a: Clefable|0 fnt
|-unboost|p2a: LOST HIGHWAY|def|1
|-unboost|p2a: LOST HIGHWAY|spd|1
|faint|p1a: Clefable
|
|-damage|p2a: LOST HIGHWAY|15/100 brn|[from] brn
|upkeep
|
|t:|1757957824
|switch|p1a: Scizor|Scizor, F|100/100
|turn|13
|
|t:|1757957827
|switch|p2a: THE ELEPHANT MAN|Iron Hands|69/100
|-damage|p2a: THE ELEPHANT MAN|63/100|[from] Stealth Rock
|move|p1a: Scizor|Knock Off|p2a: THE ELEPHANT MAN
|-resisted|p2a: THE ELEPHANT MAN
|-damage|p2a: THE ELEPHANT MAN|52/100
|-enditem|p2a: THE ELEPHANT MAN|Life Orb|[from] move: Knock Off|[of] p1a: Scizor
|
|upkeep
|turn|14
|
|t:|1757957833
|move|p1a: Scizor|U-turn|p2a: THE ELEPHANT MAN
|-resisted|p2a: THE ELEPHANT MAN
|-damage|p2a: THE ELEPHANT MAN|40/100
|
|t:|1757957834
|switch|p1a: Sinistcha|Sinistcha|100/100|[from] U-turn
|move|p2a: THE ELEPHANT MAN|Close Combat|p1a: Sinistcha
|-immune|p1a: Sinistcha
|
|upkeep
|turn|15
|
|t:|1757957838
|move|p1a: Sinistcha|Calm Mind|p1a: Sinistcha
|-boost|p1a: Sinistcha|spa|1
|-boost|p1a: Sinistcha|spd|1
|move|p2a: THE ELEPHANT MAN|Swords Dance|p2a: THE ELEPHANT MAN
|-boost|p2a: THE ELEPHANT MAN|atk|2
|
|upkeep
|turn|16
|j| runningitdownmid
|
|t:|1757957843
|move|p1a: Sinistcha|Shadow Ball|p2a: THE ELEPHANT MAN
|-damage|p2a: THE ELEPHANT MAN|0 fnt
|faint|p2a: THE ELEPHANT MAN
|-end|p2a: THE ELEPHANT MAN|Quark Drive|[silent]
|
|upkeep
|l| Le Bouquetin
|
|t:|1757957850
|switch|p2a: ERASERHEAD|Porygon2|100/100
|-damage|p2a: ERASERHEAD|88/100|[from] Stealth Rock
|-ability|p2a: ERASERHEAD|Download|boost
|-boost|p2a: ERASERHEAD|spa|1
|turn|17
|
|t:|1757957855
|switch|p1a: Scizor|Scizor, F|100/100
|move|p2a: ERASERHEAD|Trick Room|p2a: ERASERHEAD
|-fieldstart|move: Trick Room|[of] p2a: ERASERHEAD
|
|upkeep
|turn|18
|
|t:|1757957861
|move|p2a: ERASERHEAD|Thunderbolt|p1a: Scizor
|-damage|p1a: Scizor|38/100
|move|p1a: Scizor|Knock Off|p2a: ERASERHEAD
|-damage|p2a: ERASERHEAD|62/100
|-enditem|p2a: ERASERHEAD|Eviolite|[from] move: Knock Off|[of] p1a: Scizor
|
|upkeep
|turn|19
|
|t:|1757957866
|switch|p1a: Ting-Lu|Ting-Lu|100/100
|-ability|p1a: Ting-Lu|Vessel of Ruin
|move|p2a: ERASERHEAD|Thunderbolt|p1a: Ting-Lu
|-immune|p1a: Ting-Lu
|
|upkeep
|turn|20
|
|t:|1757957871
|move|p2a: ERASERHEAD|Ice Beam|p1a: Ting-Lu
|-supereffective|p1a: Ting-Lu
|-damage|p1a: Ting-Lu|65/100
|move|p1a: Ting-Lu|Earthquake|p2a: ERASERHEAD
|-damage|p2a: ERASERHEAD|26/100
|
|-heal|p1a: Ting-Lu|72/100|[from] item: Leftovers
|upkeep
|turn|21
|-message|pastagirl !! forfeited.
|
|win|oehtwashere
|raw|oehtwashere's rating: 1715 &rarr; <strong>1735</strong><br />(+20 for winning)
|raw|pastagirl !!'s rating: 1710 &rarr; <strong>1690</strong><br />(-20 for losing)
|l|☆pastagirl !!
|player|p2|
