|j|☆kuroehanako0927
|j|☆geeklulu
|t:|1757922562
|gametype|singles
|player|p1|kuroehanako0927|cynthia|1457
|player|p2|geeklulu|169|1428
|gen|9
|tier|[Gen 9] OU
|rated|
|rule|HP Percentage Mod: HP is shown in percentages
|rule|Endless Battle Clause: Forcing endless battles is banned
|rule|Species Clause: Limit one of each Pokémon
|rule|OHKO Clause: OHKO moves are banned
|rule|Evasion Items Clause: Evasion items are banned
|rule|Evasion Moves Clause: Evasion moves are banned
|rule|Evasion Abilities Clause: Evasion abilities are banned
|rule|Sleep Moves Clause: Sleep-inducing moves are banned
|clearpoke
|poke|p1|Moltres|
|poke|p1|Zamazenta-*|
|poke|p1|Darkrai|
|poke|p1|Amoonguss, F|
|poke|p1|Ting-Lu|
|poke|p1|Tinkaton, F|
|poke|p2|Araquanid, F|
|poke|p2|Enamorus, F|
|poke|p2|Hoopa-Unbound|
|poke|p2|Great Tusk|
|poke|p2|Gholdengo|
|poke|p2|Raging Bolt|
|teampreview
|
|t:|1757922597
|teamsize|p1|6
|teamsize|p2|6
|start
|switch|p1a: Tinkaton|Tinkaton, F|100/100
|switch|p2a: Araquanid|Araquanid, F|100/100
|-ability|p1a: Tinkaton|Mold Breaker
|-item|p1a: Tinkaton|Air Balloon
|turn|1
|inactive|Battle timer is ON: inactive players will automatically lose when time's up. (requested by kuroehanako0927)
|
|t:|1757922617
|move|p1a: Tinkaton|Stealth Rock|p2a: Araquanid
|-sidestart|p2: geeklulu|move: Stealth Rock
|move|p2a: Araquanid|Sticky Web|p1a: Tinkaton
|-sidestart|p1: kuroehanako0927|move: Sticky Web
|
|upkeep
|turn|2
|
|t:|1757922620
|move|p1a: Tinkaton|Encore|p2a: Araquanid
|-start|p2a: Araquanid|Encore
|move|p2a: Araquanid|Sticky Web||[still]
|-fail|p2a: Araquanid
|
|upkeep
|turn|3
|
|t:|1757922625
|switch|p2a: Great Tusk|Great Tusk|100/100
|move|p1a: Tinkaton|Thunder Wave|p2a: Great Tusk
|-immune|p2a: Great Tusk
|
|upkeep
|turn|4
|
|t:|1757922632
|switch|p1a: Moltres|Moltres|100/100
|move|p2a: Great Tusk|Rapid Spin|p1a: Moltres
|-damage|p1a: Moltres|90/100
|-boost|p2a: Great Tusk|spe|1
|-sideend|p2: geeklulu|Stealth Rock|[from] move: Rapid Spin|[of] p2a: Great Tusk
|
|upkeep
|turn|5
|
|t:|1757922644
|move|p2a: Great Tusk|Knock Off|p1a: Moltres
|-damage|p1a: Moltres|71/100
|-status|p2a: Great Tusk|brn|[from] ability: Flame Body|[of] p1a: Moltres
|-enditem|p1a: Moltres|Heavy-Duty Boots|[from] move: Knock Off|[of] p2a: Great Tusk
|move|p1a: Moltres|U-turn|p2a: Great Tusk
|-resisted|p2a: Great Tusk
|-damage|p2a: Great Tusk|96/100 brn
|inactive|kuroehanako0927 has 120 seconds left.
|
|t:|1757922693
|switch|p1a: Amoonguss|Amoonguss, F|100/100|[from] U-turn
|
|-damage|p2a: Great Tusk|90/100 brn|[from] brn
|upkeep
|turn|6
|inactive|geeklulu has 120 seconds left.
|
|t:|1757922726
|move|p2a: Great Tusk|Ice Spinner|p1a: Amoonguss
|-supereffective|p1a: Amoonguss
|-damage|p1a: Amoonguss|84/100
|move|p1a: Amoonguss|Giga Drain|p2a: Great Tusk
|-supereffective|p2a: Great Tusk
|-crit|p2a: Great Tusk
|-damage|p2a: Great Tusk|8/100 brn
|-heal|p1a: Amoonguss|100/100|[from] drain|[of] p2a: Great Tusk
|
|-damage|p2a: Great Tusk|2/100 brn|[from] brn
|upkeep
|turn|7
|inactive|kuroehanako0927 has 120 seconds left.
|
|t:|1757922735
|move|p2a: Great Tusk|Knock Off|p1a: Amoonguss
|-damage|p1a: Amoonguss|91/100
|-enditem|p1a: Amoonguss|Heavy-Duty Boots|[from] move: Knock Off|[of] p2a: Great Tusk
|move|p1a: Amoonguss|Giga Drain|p2a: Great Tusk
|-supereffective|p2a: Great Tusk
|-damage|p2a: Great Tusk|0 fnt
|-heal|p1a: Amoonguss|92/100|[from] drain|[of] p2a: Great Tusk
|faint|p2a: Great Tusk
|-end|p2a: Great Tusk|Protosynthesis|[silent]
|
|upkeep
|inactive|geeklulu has 120 seconds left.
|
|t:|1757922749
|switch|p2a: Raging Bolt|Raging Bolt|100/100
|-enditem|p2a: Raging Bolt|Booster Energy
|-activate|p2a: Raging Bolt|ability: Protosynthesis|[fromitem]
|-start|p2a: Raging Bolt|protosynthesisspa
|turn|8
|
|t:|1757922752
|switch|p1a: Ting-Lu|Ting-Lu|100/100
|-activate|p1a: Ting-Lu|move: Sticky Web
|-unboost|p1a: Ting-Lu|spe|1
|-ability|p1a: Ting-Lu|Vessel of Ruin
|move|p2a: Raging Bolt|Calm Mind|p2a: Raging Bolt
|-boost|p2a: Raging Bolt|spa|1
|-boost|p2a: Raging Bolt|spd|1
|
|upkeep
|turn|9
|
|t:|1757922762
|move|p2a: Raging Bolt|Dragon Pulse|p1a: Ting-Lu
|-damage|p1a: Ting-Lu|60/100
|move|p1a: Ting-Lu|Whirlwind|p2a: Raging Bolt
|-end|p2a: Raging Bolt|Protosynthesis|[silent]
|drag|p2a: Araquanid|Araquanid, F|100/100
|
|-heal|p1a: Ting-Lu|66/100|[from] item: Leftovers
|upkeep
|turn|10
|
|t:|1757922774
|switch|p2a: Hoopa|Hoopa-Unbound|100/100
|switch|p1a: Amoonguss|Amoonguss, F|100/100
|-activate|p1a: Amoonguss|move: Sticky Web
|-unboost|p1a: Amoonguss|spe|1
|
|upkeep
|turn|11
|
|t:|1757922793
|switch|p1a: Zamazenta|Zamazenta|100/100
|-ability|p1a: Zamazenta|Dauntless Shield|boost
|-boost|p1a: Zamazenta|def|1
|move|p2a: Hoopa|Trick|p1a: Zamazenta
|-activate|p2a: Hoopa|move: Trick|[of] p1a: Zamazenta
|-item|p1a: Zamazenta|Choice Band|[from] move: Trick
|-item|p2a: Hoopa|Heavy-Duty Boots|[from] move: Trick
|
|upkeep
|turn|12
|inactive|kuroehanako0927 has 120 seconds left.
|
|t:|1757922819
|switch|p2a: Gholdengo|Gholdengo|100/100
|-item|p2a: Gholdengo|Air Balloon
|move|p1a: Zamazenta|Stone Edge|p2a: Gholdengo
|-resisted|p2a: Gholdengo
|-damage|p2a: Gholdengo|73/100
|-enditem|p2a: Gholdengo|Air Balloon
|
|upkeep
|turn|13
|
|t:|1757922833
|switch|p1a: Ting-Lu|Ting-Lu|66/100
|-activate|p1a: Ting-Lu|move: Sticky Web
|-unboost|p1a: Ting-Lu|spe|1
|-ability|p1a: Ting-Lu|Vessel of Ruin
|move|p2a: Gholdengo|Nasty Plot|p2a: Gholdengo
|-boost|p2a: Gholdengo|spa|2
|
|-heal|p1a: Ting-Lu|73/100|[from] item: Leftovers
|upkeep
|turn|14
|
|t:|1757922844
|move|p2a: Gholdengo|Make It Rain|p1a: Ting-Lu
|-damage|p1a: Ting-Lu|18/100
|-unboost|p2a: Gholdengo|spa|1
|move|p1a: Ting-Lu|Earthquake|p2a: Gholdengo
|-supereffective|p2a: Gholdengo
|-damage|p2a: Gholdengo|0 fnt
|faint|p2a: Gholdengo
|
|-heal|p1a: Ting-Lu|24/100|[from] item: Leftovers
|upkeep
|
|t:|1757922852
|switch|p2a: Enamorus|Enamorus, F|100/100
|turn|15
|
|t:|1757922856
|switch|p1a: Moltres|Moltres|71/100
|move|p2a: Enamorus|Substitute|p2a: Enamorus
|-start|p2a: Enamorus|Substitute
|-damage|p2a: Enamorus|76/100
|
|upkeep
|turn|16
|
|t:|1757922868
|move|p2a: Enamorus|Moonblast|p1a: Moltres
|-resisted|p1a: Moltres
|-damage|p1a: Moltres|43/100
|-unboost|p1a: Moltres|spa|1
|move|p1a: Moltres|Roost|p1a: Moltres
|-heal|p1a: Moltres|93/100
|-singleturn|p1a: Moltres|move: Roost
|
|upkeep
|turn|17
|
|t:|1757922875
|move|p2a: Enamorus|Moonblast|p1a: Moltres
|-resisted|p1a: Moltres
|-damage|p1a: Moltres|67/100
|-unboost|p1a: Moltres|spa|1
|move|p1a: Moltres|Roost|p1a: Moltres
|-heal|p1a: Moltres|100/100
|-singleturn|p1a: Moltres|move: Roost
|
|upkeep
|turn|18
|
|t:|1757922889
|move|p2a: Enamorus|Mystical Fire|p1a: Moltres
|-resisted|p1a: Moltres
|-damage|p1a: Moltres|87/100
|-unboost|p1a: Moltres|spa|1
|move|p1a: Moltres|Roar|p2a: Enamorus
|drag|p2a: Raging Bolt|Raging Bolt|100/100
|
|upkeep
|turn|19
|
|t:|1757922907
|switch|p1a: Tinkaton|Tinkaton, F|100/100
|-ability|p1a: Tinkaton|Mold Breaker
|-item|p1a: Tinkaton|Air Balloon
|move|p2a: Raging Bolt|Calm Mind|p2a: Raging Bolt
|-boost|p2a: Raging Bolt|spa|1
|-boost|p2a: Raging Bolt|spd|1
|
|upkeep
|turn|20
|
|t:|1757922912
|move|p1a: Tinkaton|Encore|p2a: Raging Bolt
|-start|p2a: Raging Bolt|Encore
|move|p2a: Raging Bolt|Calm Mind|p2a: Raging Bolt
|-boost|p2a: Raging Bolt|spa|1
|-boost|p2a: Raging Bolt|spd|1
|
|upkeep
|turn|21
|
|t:|1757922933
|switch|p1a: Ting-Lu|Ting-Lu|24/100
|-activate|p1a: Ting-Lu|move: Sticky Web
|-unboost|p1a: Ting-Lu|spe|1
|-ability|p1a: Ting-Lu|Vessel of Ruin
|move|p2a: Raging Bolt|Calm Mind|p2a: Raging Bolt
|-boost|p2a: Raging Bolt|spa|1
|-boost|p2a: Raging Bolt|spd|1
|
|-heal|p1a: Ting-Lu|31/100|[from] item: Leftovers
|upkeep
|turn|22
|
|t:|1757922941
|move|p2a: Raging Bolt|Calm Mind|p2a: Raging Bolt
|-boost|p2a: Raging Bolt|spa|1
|-boost|p2a: Raging Bolt|spd|1
|move|p1a: Ting-Lu|Ruination|p2a: Raging Bolt
|-damage|p2a: Raging Bolt|51/100
|
|-heal|p1a: Ting-Lu|37/100|[from] item: Leftovers
|-end|p2a: Raging Bolt|Encore
|upkeep
|turn|23
|
|t:|1757922951
|switch|p1a: Tinkaton|Tinkaton, F|100/100
|-ability|p1a: Tinkaton|Mold Breaker
|-item|p1a: Tinkaton|Air Balloon
|move|p2a: Raging Bolt|Dragon Pulse|p1a: Tinkaton
|-immune|p1a: Tinkaton
|
|upkeep
|turn|24
|
|t:|1757922954
|move|p2a: Raging Bolt|Thunderclap||[still]
|-fail|p2a: Raging Bolt
|move|p1a: Tinkaton|Encore|p2a: Raging Bolt
|-start|p2a: Raging Bolt|Encore
|
|upkeep
|turn|25
|
|t:|1757922959
|switch|p1a: Ting-Lu|Ting-Lu|37/100
|-activate|p1a: Ting-Lu|move: Sticky Web
|-unboost|p1a: Ting-Lu|spe|1
|-ability|p1a: Ting-Lu|Vessel of Ruin
|move|p2a: Raging Bolt|Thunderclap||[still]
|-fail|p2a: Raging Bolt
|
|-heal|p1a: Ting-Lu|43/100|[from] item: Leftovers
|upkeep
|turn|26
|
|t:|1757922963
|move|p2a: Raging Bolt|Thunderclap|p1a: Ting-Lu
|-immune|p1a: Ting-Lu
|move|p1a: Ting-Lu|Earthquake|p2a: Raging Bolt
|-supereffective|p2a: Raging Bolt
|-damage|p2a: Raging Bolt|0 fnt
|faint|p2a: Raging Bolt
|-end|p2a: Raging Bolt|Protosynthesis|[silent]
|
|-heal|p1a: Ting-Lu|49/100|[from] item: Leftovers
|upkeep
|
|t:|1757922969
|switch|p2a: Araquanid|Araquanid, F|100/100
|turn|27
|
|t:|1757922975
|switch|p1a: Amoonguss|Amoonguss, F|100/100
|-activate|p1a: Amoonguss|move: Sticky Web
|-unboost|p1a: Amoonguss|spe|1
|move|p2a: Araquanid|Surf|p1a: Amoonguss
|-resisted|p1a: Amoonguss
|-damage|p1a: Amoonguss|72/100
|
|upkeep
|turn|28
|
|t:|1757922984
|move|p2a: Araquanid|Surf|p1a: Amoonguss
|-resisted|p1a: Amoonguss
|-damage|p1a: Amoonguss|47/100
|move|p1a: Amoonguss|Sludge Bomb|p2a: Araquanid
|-damage|p2a: Araquanid|78/100
|
|upkeep
|turn|29
|
|t:|1757922991
|move|p2a: Araquanid|Surf|p1a: Amoonguss
|-resisted|p1a: Amoonguss
|-damage|p1a: Amoonguss|21/100
|move|p1a: Amoonguss|Synthesis|p1a: Amoonguss
|-heal|p1a: Amoonguss|71/100
|
|upkeep
|turn|30
|
|t:|1757922995
|move|p2a: Araquanid|Surf|p1a: Amoonguss
|-resisted|p1a: Amoonguss
|-damage|p1a: Amoonguss|43/100
|move|p1a: Amoonguss|Synthesis|p1a: Amoonguss
|-heal|p1a: Amoonguss|93/100
|
|upkeep
|turn|31
|
|t:|1757923000
|move|p2a: Araquanid|Surf|p1a: Amoonguss
|-resisted|p1a: Amoonguss
|-damage|p1a: Amoonguss|66/100
|move|p1a: Amoonguss|Sludge Bomb|p2a: Araquanid
|-damage|p2a: Araquanid|55/100
|-status|p2a: Araquanid|psn
|
|-damage|p2a: Araquanid|43/100 psn|[from] psn
|upkeep
|turn|32
|
|t:|1757923005
|move|p2a: Araquanid|Surf|p1a: Amoonguss
|-resisted|p1a: Amoonguss
|-damage|p1a: Amoonguss|38/100
|move|p1a: Amoonguss|Synthesis|p1a: Amoonguss
|-heal|p1a: Amoonguss|88/100
|
|-damage|p2a: Araquanid|30/100 psn|[from] psn
|upkeep
|turn|33
|
|t:|1757923012
|move|p2a: Araquanid|Endeavor|p1a: Amoonguss
|-damage|p1a: Amoonguss|24/100
|move|p1a: Amoonguss|Giga Drain|p2a: Araquanid
|-damage|p2a: Araquanid|12/100 psn
|-heal|p1a: Amoonguss|31/100|[from] drain|[of] p2a: Araquanid
|
|-damage|p2a: Araquanid|0 fnt|[from] psn
|faint|p2a: Araquanid
|upkeep
|
|t:|1757923018
|switch|p2a: Hoopa|Hoopa-Unbound|100/100
|turn|34
|
|t:|1757923031
|switch|p1a: Zamazenta|Zamazenta|100/100
|-activate|p1a: Zamazenta|move: Sticky Web
|-unboost|p1a: Zamazenta|spe|1
|move|p2a: Hoopa|Knock Off|p1a: Zamazenta
|-resisted|p1a: Zamazenta
|-damage|p1a: Zamazenta|75/100
|-enditem|p1a: Zamazenta|Choice Band|[from] move: Knock Off|[of] p2a: Hoopa
|
|upkeep
|turn|35
|
|t:|1757923043
|move|p2a: Hoopa|Drain Punch|p1a: Zamazenta
|-damage|p1a: Zamazenta|48/100
|move|p1a: Zamazenta|Close Combat|p2a: Hoopa
|-damage|p2a: Hoopa|0 fnt
|-unboost|p1a: Zamazenta|def|1
|-unboost|p1a: Zamazenta|spd|1
|faint|p2a: Hoopa
|
|upkeep
|
|t:|1757923048
|switch|p2a: Enamorus|Enamorus, F|76/100
|turn|36
|
|t:|1757923053
|switch|p1a: Moltres|Moltres|87/100
|move|p2a: Enamorus|Substitute|p2a: Enamorus
|-start|p2a: Enamorus|Substitute
|-damage|p2a: Enamorus|51/100
|
|upkeep
|turn|37
|
|t:|1757923060
|move|p2a: Enamorus|Mystical Fire|p1a: Moltres
|-resisted|p1a: Moltres
|-damage|p1a: Moltres|74/100
|-unboost|p1a: Moltres|spa|1
|move|p1a: Moltres|Flamethrower|p2a: Enamorus
|-end|p2a: Enamorus|Substitute
|
|upkeep
|turn|38
|
|t:|1757923074
|move|p2a: Enamorus|Mystical Fire|p1a: Moltres
|-resisted|p1a: Moltres
|-damage|p1a: Moltres|60/100
|-unboost|p1a: Moltres|spa|1
|move|p1a: Moltres|U-turn|p2a: Enamorus
|-resisted|p2a: Enamorus
|-damage|p2a: Enamorus|45/100
|
|t:|1757923076
|switch|p1a: Darkrai|Darkrai, shiny|100/100|[from] U-turn
|
|upkeep
|turn|39
|inactive|geeklulu has 120 seconds left.
|
|t:|1757923114
|-terastallize|p1a: Darkrai|Poison
|move|p1a: Darkrai|Sludge Bomb|p2a: Enamorus
|-supereffective|p2a: Enamorus
|-crit|p2a: Enamorus
|-damage|p2a: Enamorus|0 fnt
|faint|p2a: Enamorus
|
|win|kuroehanako0927
|raw|kuroehanako0927's rating: 1457 &rarr; <strong>1475</strong><br />(+18 for winning)
|raw|geeklulu's rating: 1428 &rarr; <strong>1410</strong><br />(-18 for losing)
|l|☆geeklulu
|player|p2|
