|j|☆thekikiofficial
|j|☆Aknn7
|t:|1757844063
|gametype|singles
|player|p1|thekikiofficial|2|1184
|player|p2|Aknn7|170|1163
|gen|9
|tier|[Gen 9] OU
|rated|
|rule|HP Percentage Mod: HP is shown in percentages
|rule|Endless Battle Clause: Forcing endless battles is banned
|rule|Species Clause: Limit one of each Pokémon
|rule|OHKO Clause: OHKO moves are banned
|rule|Evasion Items Clause: Evasion items are banned
|rule|Evasion Moves Clause: Evasion moves are banned
|rule|Evasion Abilities Clause: Evasion abilities are banned
|rule|Sleep Moves Clause: Sleep-inducing moves are banned
|clearpoke
|poke|p1|Gliscor, M|
|poke|p1|Cinderace, F|
|poke|p1|Meowscarada, M|
|poke|p1|Murkrow, M|
|poke|p1|Glimmora, F|
|poke|p1|Walking Wake|
|poke|p2|Garchomp, M|
|poke|p2|Zapdos|
|poke|p2|Rillaboom, F|
|poke|p2|Cloyster, F|
|poke|p2|Darkrai|
|poke|p2|Kingambit, M|
|teampreview
|inactive|Battle timer is ON: inactive players will automatically lose when time's up. (requested by thekikiofficial)
|
|t:|1757844067
|teamsize|p1|6
|teamsize|p2|6
|start
|switch|p1a: Glimmora|Glimmora, F|100/100
|switch|p2a: Garchomp|Garchomp, M|100/100
|-item|p1a: Glimmora|Air Balloon
|turn|1
|
|t:|1757844077
|move|p1a: Glimmora|Stealth Rock|p2a: Garchomp
|-sidestart|p2: Aknn7|move: Stealth Rock
|move|p2a: Garchomp|Outrage|p1a: Glimmora
|-damage|p1a: Glimmora|42/100
|-activate|p1a: Glimmora|ability: Toxic Debris
|-sidestart|p2: Aknn7|move: Toxic Spikes
|-enditem|p1a: Glimmora|Air Balloon
|
|upkeep
|turn|2
|
|t:|1757844089
|move|p1a: Glimmora|Mortal Spin|p2a: Garchomp
|-resisted|p2a: Garchomp
|-damage|p2a: Garchomp|99/100
|-status|p2a: Garchomp|psn
|-damage|p1a: Glimmora|29/100|[from] ability: Rough Skin|[of] p2a: Garchomp
|-damage|p1a: Glimmora|13/100|[from] item: Rocky Helmet|[of] p2a: Garchomp
|move|p2a: Garchomp|Outrage|p1a: Glimmora|[from] lockedmove
|-damage|p1a: Glimmora|0 fnt
|-activate|p1a: Glimmora|ability: Toxic Debris
|-sidestart|p2: Aknn7|move: Toxic Spikes
|faint|p1a: Glimmora
|
|-damage|p2a: Garchomp|86/100 psn|[from] psn
|upkeep
|
|t:|1757844105
|switch|p1a: Walking Wake|Walking Wake|100/100
|-enditem|p1a: Walking Wake|Booster Energy
|-activate|p1a: Walking Wake|ability: Protosynthesis|[fromitem]
|-start|p1a: Walking Wake|protosynthesisspa
|turn|3
|
|t:|1757844113
|move|p1a: Walking Wake|Draco Meteor|p2a: Garchomp
|-supereffective|p2a: Garchomp
|-damage|p2a: Garchomp|0 fnt
|-unboost|p1a: Walking Wake|spa|2
|faint|p2a: Garchomp
|
|upkeep
|
|t:|1757844124
|switch|p2a: Cloyster|Cloyster, F, shiny|100/100
|-damage|p2a: Cloyster|76/100|[from] Stealth Rock
|-status|p2a: Cloyster|tox
|turn|4
|
|t:|1757844132
|move|p1a: Walking Wake|Draco Meteor|p2a: Cloyster
|-damage|p2a: Cloyster|0 fnt
|-unboost|p1a: Walking Wake|spa|2
|faint|p2a: Cloyster
|
|upkeep
|
|t:|1757844136
|switch|p2a: Zapdos|Zapdos|100/100
|turn|5
|
|t:|1757844142
|-end|p1a: Walking Wake|Protosynthesis|[silent]
|switch|p1a: Gliscor|Gliscor, M|100/100
|move|p2a: Zapdos|Thunderbolt|p1a: Gliscor
|-immune|p1a: Gliscor
|
|-status|p1a: Gliscor|tox|[from] item: Toxic Orb
|upkeep
|turn|6
|
|t:|1757844151
|switch|p2a: Rillaboom|Rillaboom, F|100/100
|-damage|p2a: Rillaboom|88/100|[from] Stealth Rock
|-status|p2a: Rillaboom|tox
|-fieldstart|move: Grassy Terrain|[from] ability: Grassy Surge|[of] p2a: Rillaboom
|move|p1a: Gliscor|Swords Dance|p1a: Gliscor
|-boost|p1a: Gliscor|atk|2
|
|-heal|p2a: Rillaboom|94/100 tox|[from] Grassy Terrain
|-damage|p2a: Rillaboom|88/100 tox|[from] psn
|upkeep
|turn|7
|
|t:|1757844163
|move|p1a: Gliscor|Ice Fang|p2a: Rillaboom
|-supereffective|p2a: Rillaboom
|-damage|p2a: Rillaboom|7/100 tox
|move|p2a: Rillaboom|Wood Hammer|p1a: Gliscor
|-damage|p1a: Gliscor|0 fnt
|faint|p1a: Gliscor
|-damage|p2a: Rillaboom|0 fnt|[from] Recoil
|faint|p2a: Rillaboom
|
|upkeep
|
|t:|1757844176
|switch|p1a: Murkrow|Murkrow, M|100/100
|switch|p2a: Zapdos|Zapdos|100/100
|turn|8
|
|t:|1757844183
|move|p1a: Murkrow|Tailwind|p1a: Murkrow
|-sidestart|p1: thekikiofficial|move: Tailwind
|move|p2a: Zapdos|Thunderbolt|p1a: Murkrow
|-supereffective|p1a: Murkrow
|-damage|p1a: Murkrow|41/100
|
|upkeep
|turn|9
|
|t:|1757844190
|move|p1a: Murkrow|U-turn|p2a: Zapdos
|-resisted|p2a: Zapdos
|-damage|p2a: Zapdos|95/100
|
|t:|1757844196
|switch|p1a: Meowscarada|Meowscarada, M|100/100|[from] U-turn
|move|p2a: Zapdos|Thunderbolt|p1a: Meowscarada
|-resisted|p1a: Meowscarada
|-damage|p1a: Meowscarada|71/100
|
|-heal|p1a: Meowscarada|77/100|[from] Grassy Terrain
|upkeep
|turn|10
|
|t:|1757844206
|switch|p2a: Darkrai|Darkrai|100/100
|-damage|p2a: Darkrai|88/100|[from] Stealth Rock
|-status|p2a: Darkrai|tox
|move|p1a: Meowscarada|Triple Axel|p2a: Darkrai
|-start|p1a: Meowscarada|typechange|Ice|[from] ability: Protean
|-damage|p2a: Darkrai|75/100 tox
|-damage|p2a: Darkrai|50/100 tox
|-damage|p2a: Darkrai|16/100 tox
|-hitcount|p2a: Darkrai|3
|
|-heal|p1a: Meowscarada|83/100|[from] Grassy Terrain
|-heal|p2a: Darkrai|22/100 tox|[from] Grassy Terrain
|-damage|p2a: Darkrai|16/100 tox|[from] psn
|-fieldend|move: Grassy Terrain
|upkeep
|turn|11
|
|t:|1757844223
|move|p1a: Meowscarada|U-turn|p2a: Darkrai
|-supereffective|p2a: Darkrai
|-damage|p2a: Darkrai|0 fnt
|faint|p2a: Darkrai
|
|t:|1757844235
|switch|p1a: Cinderace|Cinderace, F|100/100|[from] U-turn
|
|-sideend|p1: thekikiofficial|move: Tailwind
|upkeep
|
|t:|1757844237
|switch|p2a: Kingambit|Kingambit, M|100/100
|-damage|p2a: Kingambit|94/100|[from] Stealth Rock
|-activate|p2a: Kingambit|ability: Supreme Overlord
|-start|p2a: Kingambit|fallen4|[silent]
|turn|12
|
|t:|1757844251
|-terastallize|p2a: Kingambit|Fire
|move|p1a: Cinderace|Sucker Punch|p2a: Kingambit
|-start|p1a: Cinderace|typechange|Dark|[from] ability: Libero
|-damage|p2a: Kingambit|70/100
|move|p2a: Kingambit|Kowtow Cleave|p1a: Cinderace
|-resisted|p1a: Cinderace
|-damage|p1a: Cinderace|43/100
|
|upkeep
|turn|13
|
|t:|1757844266
|move|p1a: Cinderace|High Jump Kick|p2a: Kingambit
|-damage|p2a: Kingambit|38/100
|move|p2a: Kingambit|Swords Dance|p2a: Kingambit
|-boost|p2a: Kingambit|atk|2
|
|upkeep
|turn|14
|
|t:|1757844274
|move|p1a: Cinderace|Sucker Punch|p2a: Kingambit
|-damage|p2a: Kingambit|14/100
|move|p2a: Kingambit|Iron Head|p1a: Cinderace
|-damage|p1a: Cinderace|0 fnt
|faint|p1a: Cinderace
|
|upkeep
|
|t:|1757844282
|switch|p1a: Murkrow|Murkrow, M|41/100
|turn|15
|
|t:|1757844285
|move|p1a: Murkrow|Thunder Wave|p2a: Kingambit
|-status|p2a: Kingambit|par
|move|p2a: Kingambit|Iron Head|p1a: Murkrow
|-damage|p1a: Murkrow|0 fnt
|faint|p1a: Murkrow
|
|upkeep
|
|t:|1757844294
|switch|p1a: Walking Wake|Walking Wake|100/100
|turn|16
|
|t:|1757844299
|cant|p2a: Kingambit|par
|move|p1a: Walking Wake|Scald|p2a: Kingambit
|-supereffective|p2a: Kingambit
|-damage|p2a: Kingambit|0 fnt
|faint|p2a: Kingambit
|-end|p2a: Kingambit|fallen4|[silent]
|
|upkeep
|
|t:|1757844301
|switch|p2a: Zapdos|Zapdos|95/100
|turn|17
|
|t:|1757844310
|-terastallize|p1a: Walking Wake|Dragon
|move|p1a: Walking Wake|Draco Meteor|p2a: Zapdos
|-damage|p2a: Zapdos|15/100
|-unboost|p1a: Walking Wake|spa|2
|move|p2a: Zapdos|Thunderbolt|p1a: Walking Wake
|-resisted|p1a: Walking Wake
|-damage|p1a: Walking Wake|78/100
|
|upkeep
|turn|18
|-message|Aknn7 forfeited.
|
|win|thekikiofficial
|raw|thekikiofficial's rating: 1184 &rarr; <strong>1207</strong><br />(+23 for winning)
|raw|Aknn7's rating: 1163 &rarr; <strong>1140</strong><br />(-23 for losing)
|l|☆Aknn7
|player|p2|
