|j|☆jeet999
|j|☆guoqiushi
|t:|1757824253
|gametype|singles
|player|p1|jeet999|cynthia-masters|1518
|player|p2|guoqiushi|n|1491
|gen|9
|tier|[Gen 9] OU
|rated|
|rule|HP Percentage Mod: HP is shown in percentages
|rule|Endless Battle Clause: Forcing endless battles is banned
|rule|Species Clause: Limit one of each Pokémon
|rule|OHKO Clause: OHKO moves are banned
|rule|Evasion Items Clause: Evasion items are banned
|rule|Evasion Moves Clause: Evasion moves are banned
|rule|Evasion Abilities Clause: Evasion abilities are banned
|rule|Sleep Moves Clause: Sleep-inducing moves are banned
|clearpoke
|poke|p1|Indeedee, M|
|poke|p1|Hatterene, F|
|poke|p1|Ursaluna, F|
|poke|p1|Iron Hands|
|poke|p1|Hoopa-Unbound|
|poke|p1|Mimikyu, F|
|poke|p2|Scizor, M|
|poke|p2|Landorus-Therian, M|
|poke|p2|Alomomola, M|
|poke|p2|Meowscarada, F|
|poke|p2|Hydreigon, M|
|poke|p2|Dragapult, F|
|teampreview
|inactive|Battle timer is ON: inactive players will automatically lose when time's up. (requested by jeet999)
|
|t:|1757824262
|teamsize|p1|6
|teamsize|p2|6
|start
|switch|p1a: Subaru|Indeedee, M, shiny|100/100
|switch|p2a: Landorus|Landorus-Therian, M|100/100
|-ability|p2a: Landorus|Intimidate|boost
|-unboost|p1a: Subaru|atk|1
|-fieldstart|move: Psychic Terrain|[from] ability: Psychic Surge|[of] p1a: Subaru
|turn|1
|c|☆guoqiushi|still you？
|
|t:|1757824275
|move|p2a: Landorus|U-turn|p1a: Subaru
|-supereffective|p1a: Subaru
|-damage|p1a: Subaru|39/100
|
|t:|1757824283
|switch|p2a: Meowscarada|Meowscarada, F|100/100|[from] U-turn
|move|p1a: Subaru|Trick Room|p1a: Subaru
|-fieldstart|move: Trick Room|[of] p1a: Subaru
|
|upkeep
|turn|2
|
|t:|1757824293
|switch|p1a: LEBRON|Iron Hands, shiny|100/100
|-enditem|p1a: LEBRON|Booster Energy
|-activate|p1a: LEBRON|ability: Quark Drive|[fromitem]
|-start|p1a: LEBRON|quarkdriveatk
|move|p2a: Meowscarada|U-turn|p1a: LEBRON
|-start|p2a: Meowscarada|typechange|Bug|[from] ability: Protean
|-resisted|p1a: LEBRON
|-damage|p1a: LEBRON|84/100
|
|t:|1757824298
|switch|p2a: Landorus|Landorus-Therian, M|100/100|[from] U-turn
|-ability|p2a: Landorus|Intimidate|boost
|-unboost|p1a: LEBRON|atk|1
|
|upkeep
|turn|3
|
|t:|1757824307
|-terastallize|p2a: Landorus|Steel
|move|p1a: LEBRON|Ice Punch|p2a: Landorus
|-resisted|p2a: Landorus
|-damage|p2a: Landorus|85/100
|move|p2a: Landorus|Earthquake|p1a: LEBRON
|-supereffective|p1a: LEBRON
|-damage|p1a: LEBRON|3/100
|
|upkeep
|turn|4
|
|t:|1757824316
|switch|p2a: Alomomola|Alomomola, M|100/100
|move|p1a: LEBRON|Supercell Slam|p2a: Alomomola
|-supereffective|p2a: Alomomola
|-damage|p2a: Alomomola|44/100
|-damage|p1a: LEBRON|0 fnt|[from] item: Rocky Helmet|[of] p2a: Alomomola
|faint|p1a: LEBRON
|-end|p1a: LEBRON|Quark Drive|[silent]
|
|upkeep
|
|t:|1757824329
|switch|p1a: Satella|Hatterene, F, shiny|100/100
|turn|5
|
|t:|1757824335
|-terastallize|p1a: Satella|Stellar
|move|p1a: Satella|Draining Kiss|p2a: Alomomola
|-damage|p2a: Alomomola|0 fnt
|-damage|p1a: Satella|84/100|[from] item: Rocky Helmet|[of] p2a: Alomomola
|faint|p2a: Alomomola
|-damage|p1a: Satella|74/100|[from] item: Life Orb
|
|-fieldend|move: Trick Room
|upkeep
|
|t:|1757824340
|switch|p2a: Dragapult|Dragapult, F|100/100
|turn|6
|
|t:|1757824350
|switch|p1a: Subaru|Indeedee, M, shiny|39/100
|move|p2a: Dragapult|U-turn|p1a: Subaru
|-supereffective|p1a: Subaru
|-damage|p1a: Subaru|0 fnt
|faint|p1a: Subaru
|
|t:|1757824362
|switch|p2a: Meowscarada|Meowscarada, F|100/100|[from] U-turn
|
|upkeep
|
|t:|1757824373
|switch|p1a: Mimi|Mimikyu, F, shiny|100/100
|turn|7
|
|t:|1757824385
|move|p2a: Meowscarada|U-turn|p1a: Mimi
|-start|p2a: Meowscarada|typechange|Bug|[from] ability: Protean
|-activate|p1a: Mimi|ability: Disguise
|-damage|p1a: Mimi|100/100
|detailschange|p1a: Mimi|Mimikyu-Busted, F, shiny
|-damage|p1a: Mimi|88/100|[from] pokemon: Mimikyu-Busted
|-enditem|p1a: Mimi|Red Card|[of] p2a: Meowscarada
|drag|p2a: Scizor|Scizor, M|100/100
|move|p1a: Mimi|Trick Room|p1a: Mimi
|-fieldstart|move: Trick Room|[of] p1a: Mimi
|
|upkeep
|turn|8
|
|t:|1757824399
|switch|p2a: Landorus|Landorus-Therian, M, tera:Steel|85/100
|-ability|p2a: Landorus|Intimidate|boost
|-unboost|p1a: Mimi|atk|1
|switch|p1a: Crashout YN|Ursaluna, F, shiny|100/100
|
|-fieldend|move: Psychic Terrain
|-status|p1a: Crashout YN|brn|[from] item: Flame Orb
|upkeep
|turn|9
|
|t:|1757824415
|switch|p2a: Scizor|Scizor, M|100/100
|move|p1a: Crashout YN|Headlong Rush|p2a: Scizor
|-damage|p2a: Scizor|21/100
|-unboost|p1a: Crashout YN|def|1
|-unboost|p1a: Crashout YN|spd|1
|
|-heal|p2a: Scizor|28/100|[from] item: Leftovers
|-damage|p1a: Crashout YN|94/100 brn|[from] brn
|upkeep
|turn|10
|
|t:|1757824425
|switch|p2a: Landorus|Landorus-Therian, M, tera:Steel|85/100
|-ability|p2a: Landorus|Intimidate|boost
|-unboost|p1a: Crashout YN|atk|1
|move|p1a: Crashout YN|Facade|p2a: Landorus
|-resisted|p2a: Landorus
|-damage|p2a: Landorus|37/100
|
|-damage|p1a: Crashout YN|88/100 brn|[from] brn
|upkeep
|turn|11
|
|t:|1757824434
|switch|p2a: Hydreigon|Hydreigon, M|100/100
|move|p1a: Crashout YN|Facade|p2a: Hydreigon
|-damage|p2a: Hydreigon|21/100
|
|-heal|p2a: Hydreigon|27/100|[from] item: Leftovers
|-damage|p1a: Crashout YN|82/100 brn|[from] brn
|-fieldend|move: Trick Room
|upkeep
|turn|12
|
|t:|1757824444
|switch|p1a: Mimi|Mimikyu-Busted, F, shiny|88/100
|move|p2a: Hydreigon|Dark Pulse|p1a: Mimi
|-damage|p1a: Mimi|50/100
|
|-heal|p2a: Hydreigon|33/100|[from] item: Leftovers
|upkeep
|turn|13
|
|t:|1757824451
|move|p2a: Hydreigon|Dark Pulse|p1a: Mimi
|-damage|p1a: Mimi|14/100
|move|p1a: Mimi|Trick Room|p1a: Mimi
|-fieldstart|move: Trick Room|[of] p1a: Mimi
|
|-heal|p2a: Hydreigon|39/100|[from] item: Leftovers
|upkeep
|turn|14
|
|t:|1757824459
|move|p1a: Mimi|Curse|p2a: Hydreigon
|-start|p2a: Hydreigon|Curse|[of] p1a: Mimi
|-damage|p1a: Mimi|0 fnt
|faint|p1a: Mimi
|move|p2a: Hydreigon|Dark Pulse|p1: Mimi|[notarget]
|-fail|p2a: Hydreigon
|
|-heal|p2a: Hydreigon|46/100|[from] item: Leftovers
|-damage|p2a: Hydreigon|21/100|[from] Curse
|upkeep
|
|t:|1757824468
|switch|p1a: Crashout YN|Ursaluna, F, shiny|82/100 brn
|turn|15
|
|t:|1757824473
|move|p1a: Crashout YN|Facade|p2a: Hydreigon
|-damage|p2a: Hydreigon|0 fnt
|faint|p2a: Hydreigon
|
|-damage|p1a: Crashout YN|76/100 brn|[from] brn
|upkeep
|
|t:|1757824475
|switch|p2a: Landorus|Landorus-Therian, M, tera:Steel|37/100
|-ability|p2a: Landorus|Intimidate|boost
|-unboost|p1a: Crashout YN|atk|1
|turn|16
|
|t:|1757824481
|move|p1a: Crashout YN|Headlong Rush|p2a: Landorus
|-supereffective|p2a: Landorus
|-damage|p2a: Landorus|0 fnt
|-unboost|p1a: Crashout YN|def|1
|-unboost|p1a: Crashout YN|spd|1
|faint|p2a: Landorus
|
|-damage|p1a: Crashout YN|70/100 brn|[from] brn
|upkeep
|
|t:|1757824490
|switch|p2a: Scizor|Scizor, M|28/100
|turn|17
|
|t:|1757824495
|move|p2a: Scizor|Bullet Punch|p1a: Crashout YN
|-damage|p1a: Crashout YN|44/100 brn
|move|p1a: Crashout YN|Headlong Rush|p2a: Scizor
|-damage|p2a: Scizor|0 fnt
|-unboost|p1a: Crashout YN|def|1
|-unboost|p1a: Crashout YN|spd|1
|faint|p2a: Scizor
|
|-damage|p1a: Crashout YN|38/100 brn|[from] brn
|-fieldend|move: Trick Room
|upkeep
|
|t:|1757824505
|switch|p2a: Meowscarada|Meowscarada, F|100/100
|turn|18
|
|t:|1757824511
|move|p2a: Meowscarada|U-turn|p1a: Crashout YN
|-start|p2a: Meowscarada|typechange|Bug|[from] ability: Protean
|-damage|p1a: Crashout YN|0 fnt
|faint|p1a: Crashout YN
|
|t:|1757824514
|switch|p2a: Dragapult|Dragapult, F|100/100|[from] U-turn
|
|upkeep
|
|t:|1757824522
|switch|p1a: Satella|Hatterene, F, shiny, tera:Stellar|74/100
|turn|19
|
|t:|1757824526
|move|p2a: Dragapult|Shadow Ball|p1a: Satella
|-supereffective|p1a: Satella
|-damage|p1a: Satella|0 fnt
|faint|p1a: Satella
|
|upkeep
|
|t:|1757824531
|switch|p1a: King Von|Hoopa-Unbound|100/100
|turn|20
|
|t:|1757824533
|move|p2a: Dragapult|Shadow Ball|p1a: King Von
|-damage|p1a: King Von|61/100
|move|p1a: King Von|Trick Room|p1a: King Von
|-fieldstart|move: Trick Room|[of] p1a: King Von
|
|upkeep
|turn|21
|
|t:|1757824543
|move|p1a: King Von|Hyperspace Fury|p2a: Dragapult
|-supereffective|p2a: Dragapult
|-damage|p2a: Dragapult|0 fnt
|-unboost|p1a: King Von|def|1
|faint|p2a: Dragapult
|
|upkeep
|
|t:|1757824547
|switch|p2a: Meowscarada|Meowscarada, F|100/100
|turn|22
|
|t:|1757824551
|move|p1a: King Von|Focus Blast|p2a: Meowscarada
|-supereffective|p2a: Meowscarada
|-damage|p2a: Meowscarada|0 fnt
|faint|p2a: Meowscarada
|
|win|jeet999
|raw|jeet999's rating: 1518 &rarr; <strong>1536</strong><br />(+18 for winning)
|raw|guoqiushi's rating: 1491 &rarr; <strong>1473</strong><br />(-18 for losing)
|l|☆guoqiushi
|player|p2|
|l|☆jeet999
|player|p1|
