|j|☆RexTheflex
|j|☆l30_09
|t:|1757814679
|gametype|singles
|player|p1|RexTheflex|pokemaniac|1115
|player|p2|l30_09|lucas-gen4pt|1082
|gen|9
|tier|[Gen 9] OU
|rated|
|rule|HP Percentage Mod: HP is shown in percentages
|rule|Endless Battle Clause: Forcing endless battles is banned
|rule|Species Clause: Limit one of each Pokémon
|rule|OHKO Clause: OHKO moves are banned
|rule|Evasion Items Clause: Evasion items are banned
|rule|Evasion Moves Clause: Evasion moves are banned
|rule|Evasion Abilities Clause: Evasion abilities are banned
|rule|Sleep Moves Clause: Sleep-inducing moves are banned
|clearpoke
|poke|p1|Ceruledge, F|
|poke|p1|Clefable, M|
|poke|p1|Garganacl, F|
|poke|p1|Glimmora, M|
|poke|p1|Greninja-*, M|
|poke|p1|Metagross|
|poke|p2|Quaquaval, M|
|poke|p2|Pawmot, M|
|poke|p2|Maushold|
|poke|p2|Tatsugiri-Droopy, M|
|poke|p2|Clodsire, M|
|poke|p2|Dachsbun, M|
|teampreview
|
|t:|1757814687
|teamsize|p1|6
|teamsize|p2|6
|start
|switch|p1a: Glimmora|Glimmora, M, shiny|100/100
|switch|p2a: Clodsire|Clodsire, M|100/100
|-item|p1a: Glimmora|Air Balloon
|turn|1
|
|t:|1757814700
|move|p1a: Glimmora|Energy Ball|p2a: Clodsire
|-damage|p2a: Clodsire|83/100
|move|p2a: Clodsire|Earthquake|p1a: Glimmora
|-immune|p1a: Glimmora
|
|-heal|p2a: Clodsire|90/100|[from] item: Leftovers
|upkeep
|turn|2
|
|t:|1757814709
|move|p1a: Glimmora|Energy Ball|p2a: Clodsire
|-damage|p2a: Clodsire|74/100
|move|p2a: Clodsire|Spikes|p1a: Glimmora
|-sidestart|p1: RexTheflex|Spikes
|
|-heal|p2a: Clodsire|81/100|[from] item: Leftovers
|upkeep
|turn|3
|
|t:|1757814721
|switch|p2a: Quaquaval|Quaquaval, M|100/100
|move|p1a: Glimmora|Energy Ball|p2a: Quaquaval
|-supereffective|p2a: Quaquaval
|-damage|p2a: Quaquaval|6/100
|
|upkeep
|turn|4
|
|t:|1757814730
|move|p1a: Glimmora|Mortal Spin|p2a: Quaquaval
|-damage|p2a: Quaquaval|0 fnt
|-sideend|p1: RexTheflex|Spikes|[from] move: Mortal Spin|[of] p1a: Glimmora
|faint|p2a: Quaquaval
|
|upkeep
|
|t:|1757814742
|switch|p2a: Pawmot|Pawmot, M|100/100
|turn|5
|
|t:|1757814748
|-terastallize|p2a: Pawmot|Electric
|move|p2a: Pawmot|Double Shock|p1a: Glimmora
|-damage|p1a: Glimmora|5/100
|-start|p2a: Pawmot|typechange|Electric|[from] move: Double Shock
|-activate|p1a: Glimmora|ability: Toxic Debris
|-sidestart|p2: l30_09|move: Toxic Spikes
|-enditem|p1a: Glimmora|Air Balloon
|move|p1a: Glimmora|Sludge Bomb|p2a: Pawmot
|-damage|p2a: Pawmot|12/100
|
|upkeep
|turn|6
|
|t:|1757814765
|move|p2a: Pawmot|Revival Blessing|p2a: Pawmot
|
|t:|1757814768
|-heal|p2: Quaquaval|50/100|[from] move: Revival Blessing
|move|p1a: Glimmora|Sludge Bomb|p2a: Pawmot
|-damage|p2a: Pawmot|0 fnt
|faint|p2a: Pawmot
|
|upkeep
|
|t:|1757814779
|switch|p2a: Clodsire|Clodsire, M|81/100
|-sideend|p2: l30_09|move: Toxic Spikes|[of] p2a: Clodsire
|turn|7
|
|t:|1757814804
|switch|p1a: Metagross|Metagross|100/100
|move|p2a: Clodsire|Earthquake|p1a: Metagross
|-supereffective|p1a: Metagross
|-damage|p1a: Metagross|58/100
|
|-heal|p1a: Metagross|64/100|[from] item: Leftovers
|-heal|p2a: Clodsire|87/100|[from] item: Leftovers
|upkeep
|turn|8
|
|t:|1757814817
|move|p1a: Metagross|Meteor Mash|p2a: Clodsire
|-damage|p2a: Clodsire|28/100
|-boost|p1a: Metagross|atk|1
|move|p2a: Clodsire|Earthquake|p1a: Metagross
|-supereffective|p1a: Metagross
|-damage|p1a: Metagross|24/100
|
|-heal|p1a: Metagross|30/100|[from] item: Leftovers
|-heal|p2a: Clodsire|34/100|[from] item: Leftovers
|upkeep
|turn|9
|
|t:|1757814828
|move|p1a: Metagross|Protect|p1a: Metagross
|-singleturn|p1a: Metagross|Protect
|move|p2a: Clodsire|Recover|p2a: Clodsire
|-heal|p2a: Clodsire|84/100
|
|-heal|p1a: Metagross|36/100|[from] item: Leftovers
|-heal|p2a: Clodsire|91/100|[from] item: Leftovers
|upkeep
|turn|10
|
|t:|1757814837
|move|p1a: Metagross|Psychic Fangs|p2a: Clodsire
|-supereffective|p2a: Clodsire
|-damage|p2a: Clodsire|0 fnt
|faint|p2a: Clodsire
|
|-heal|p1a: Metagross|42/100|[from] item: Leftovers
|upkeep
|
|t:|1757814853
|switch|p2a: Dachsbun|Dachsbun, M|100/100
|turn|11
|
|t:|1757814859
|move|p2a: Dachsbun|Body Press|p1a: Metagross
|-damage|p1a: Metagross|27/100
|move|p1a: Metagross|Heavy Slam|p2a: Dachsbun
|-supereffective|p2a: Dachsbun
|-damage|p2a: Dachsbun|0 fnt
|faint|p2a: Dachsbun
|
|-heal|p1a: Metagross|33/100|[from] item: Leftovers
|upkeep
|
|t:|1757814864
|switch|p2a: Quaquaval|Quaquaval, M|50/100
|turn|12
|
|t:|1757814874
|move|p1a: Metagross|Protect|p1a: Metagross
|-singleturn|p1a: Metagross|Protect
|move|p2a: Quaquaval|Aqua Step|p1a: Metagross
|-activate|p1a: Metagross|move: Protect
|
|-heal|p1a: Metagross|40/100|[from] item: Leftovers
|upkeep
|turn|13
|
|t:|1757814882
|move|p2a: Quaquaval|Aqua Step|p1a: Metagross
|-damage|p1a: Metagross|0 fnt
|-boost|p2a: Quaquaval|spe|1
|faint|p1a: Metagross
|-ability|p2a: Quaquaval|Moxie|boost
|-boost|p2a: Quaquaval|atk|1
|-damage|p2a: Quaquaval|40/100|[from] item: Life Orb
|
|upkeep
|
|t:|1757814900
|switch|p1a: Ceruledge|Ceruledge, F, shiny|100/100
|turn|14
|
|t:|1757814905
|move|p1a: Ceruledge|Endure|p1a: Ceruledge
|-singleturn|p1a: Ceruledge|move: Endure
|move|p2a: Quaquaval|Aqua Step|p1a: Ceruledge
|-supereffective|p1a: Ceruledge
|-activate|p1a: Ceruledge|move: Endure
|-damage|p1a: Ceruledge|1/100
|-boost|p2a: Quaquaval|spe|1
|-ability|p1a: Ceruledge|Weak Armor|boost
|-unboost|p1a: Ceruledge|def|1
|-boost|p1a: Ceruledge|spe|2
|-enditem|p1a: Ceruledge|Salac Berry|[eat]
|-boost|p1a: Ceruledge|spe|1|[from] item: Salac Berry
|-damage|p2a: Quaquaval|30/100|[from] item: Life Orb
|
|upkeep
|turn|15
|
|t:|1757814920
|switch|p2a: Maushold|Maushold|100/100
|move|p1a: Ceruledge|Shadow Claw|p2a: Maushold
|-immune|p2a: Maushold
|
|upkeep
|turn|16
|
|t:|1757814930
|move|p1a: Ceruledge|Endure|p1a: Ceruledge
|-singleturn|p1a: Ceruledge|move: Endure
|move|p2a: Maushold|Bite|p1a: Ceruledge
|-supereffective|p1a: Ceruledge
|-activate|p1a: Ceruledge|move: Endure
|-damage|p1a: Ceruledge|1/100
|-ability|p1a: Ceruledge|Weak Armor|boost
|-unboost|p1a: Ceruledge|def|1
|-boost|p1a: Ceruledge|spe|2
|
|upkeep
|turn|17
|
|t:|1757814939
|move|p1a: Ceruledge|Bitter Blade|p2a: Maushold
|-damage|p2a: Maushold|25/100
|-heal|p1a: Ceruledge|37/100|[from] drain|[of] p2a: Maushold
|move|p2a: Maushold|Bite|p1a: Ceruledge
|-supereffective|p1a: Ceruledge
|-damage|p1a: Ceruledge|0 fnt
|faint|p1a: Ceruledge
|
|upkeep
|
|t:|1757814950
|switch|p1a: Clefable|Clefable, M|100/100
|turn|18
|
|t:|1757814957
|move|p2a: Maushold|Population Bomb|p1a: Clefable
|-damage|p1a: Clefable|88/100
|-damage|p1a: Clefable|75/100
|-damage|p1a: Clefable|62/100
|-damage|p1a: Clefable|49/100
|-damage|p1a: Clefable|38/100
|-damage|p1a: Clefable|26/100
|-damage|p1a: Clefable|12/100
|-damage|p1a: Clefable|0 fnt
|faint|p1a: Clefable
|-hitcount|p1: Clefable|8
|
|upkeep
|
|t:|1757814974
|switch|p1a: Glimmora|Glimmora, M, shiny|5/100
|turn|19
|
|t:|1757814978
|move|p2a: Maushold|Bite|p1a: Glimmora
|-damage|p1a: Glimmora|0 fnt
|-activate|p1a: Glimmora|ability: Toxic Debris
|-sidestart|p2: l30_09|move: Toxic Spikes
|faint|p1a: Glimmora
|
|upkeep
|
|t:|1757814985
|switch|p1a: Greninja|Greninja, M, shiny|100/100
|turn|20
|
|t:|1757814988
|move|p1a: Greninja|Water Shuriken|p2a: Maushold
|-start|p1a: Greninja|typechange|Water|[from] ability: Protean
|-damage|p2a: Maushold|11/100
|-damage|p2a: Maushold|0 fnt
|faint|p2a: Maushold
|-hitcount|p2: Maushold|2
|
|upkeep
|
|t:|1757814997
|switch|p2a: Quaquaval|Quaquaval, M|30/100
|-status|p2a: Quaquaval|psn
|turn|21
|
|t:|1757815002
|move|p1a: Greninja|Water Shuriken|p2a: Quaquaval
|-resisted|p2a: Quaquaval
|-damage|p2a: Quaquaval|24/100 psn
|-resisted|p2a: Quaquaval
|-damage|p2a: Quaquaval|17/100 psn
|-hitcount|p2a: Quaquaval|2
|move|p2a: Quaquaval|Close Combat|p1a: Greninja
|-damage|p1a: Greninja|0 fnt
|-unboost|p2a: Quaquaval|def|1
|-unboost|p2a: Quaquaval|spd|1
|faint|p1a: Greninja
|-ability|p2a: Quaquaval|Moxie|boost
|-boost|p2a: Quaquaval|atk|1
|-damage|p2a: Quaquaval|7/100 psn|[from] item: Life Orb
|
|-damage|p2a: Quaquaval|0 fnt|[from] psn
|faint|p2a: Quaquaval
|upkeep
|
|t:|1757815018
|switch|p1a: Garganacl|Garganacl, F, shiny|100/100
|switch|p2a: Tatsugiri|Tatsugiri-Droopy, M, shiny|100/100
|-status|p2a: Tatsugiri|psn
|turn|22
|
|t:|1757815035
|-terastallize|p1a: Garganacl|Ghost
|move|p2a: Tatsugiri|Surf|p1a: Garganacl
|-damage|p1a: Garganacl|67/100
|move|p1a: Garganacl|Salt Cure|p2a: Tatsugiri
|-damage|p2a: Tatsugiri|69/100 psn
|-start|p2a: Tatsugiri|Salt Cure
|
|-damage|p2a: Tatsugiri|57/100 psn|[from] psn
|-damage|p2a: Tatsugiri|32/100 psn|[from] Salt Cure
|upkeep
|turn|23
|
|t:|1757815054
|move|p2a: Tatsugiri|Surf|p1a: Garganacl
|-damage|p1a: Garganacl|30/100
|-enditem|p1a: Garganacl|Sitrus Berry|[eat]
|-heal|p1a: Garganacl|55/100|[from] item: Sitrus Berry
|move|p1a: Garganacl|Curse|p2a: Tatsugiri
|-start|p2a: Tatsugiri|Curse|[of] p1a: Garganacl
|-damage|p1a: Garganacl|5/100
|
|-damage|p2a: Tatsugiri|20/100 psn|[from] psn
|-damage|p2a: Tatsugiri|0 fnt|[from] Curse
|faint|p2a: Tatsugiri
|
|win|RexTheflex
|raw|RexTheflex's rating: 1115 &rarr; <strong>1138</strong><br />(+23 for winning)
|raw|l30_09's rating: 1082 &rarr; <strong>1062</strong><br />(-20 for losing)
|l|☆l30_09
|player|p2|
|l|☆RexTheflex
|player|p1|
|j|☆RexTheflex
|player|p1|RexTheflex|pokemaniac|
|l|☆RexTheflex
|player|p1|
