|j|☆Moistham
|j|‽tasty sardine 408
|t:|1757904531
|gametype|singles
|player|p1|Moistham|101|1540
|player|p2|tasty sardine 408|harlequin|1591
|gen|9
|tier|[Gen 9] OU
|rated|
|rule|HP Percentage Mod: HP is shown in percentages
|rule|Endless Battle Clause: Forcing endless battles is banned
|rule|Species Clause: Limit one of each Pokémon
|rule|OHKO Clause: OHKO moves are banned
|rule|Evasion Items Clause: Evasion items are banned
|rule|Evasion Moves Clause: Evasion moves are banned
|rule|Evasion Abilities Clause: Evasion abilities are banned
|rule|Sleep Moves Clause: Sleep-inducing moves are banned
|clearpoke
|poke|p1|Blaziken, F|
|poke|p1|Salamence, M|
|poke|p1|Ambipom, F|
|poke|p1|Houndstone, F|
|poke|p1|Iron Hands|
|poke|p1|Scizor, M|
|poke|p2|Umbreon, M|
|poke|p2|Serperior, F|
|poke|p2|Cresselia, F|
|poke|p2|Revavroom, F|
|poke|p2|Skeledirge, F|
|poke|p2|Manaphy|
|teampreview
|inactive|Battle timer is ON: inactive players will automatically lose when time's up. (requested by tasty sardine 408)
|inactive|Moistham has 120 seconds left.
|inactive|Moistham has 90 seconds left.
|
|t:|1757904598
|teamsize|p1|6
|teamsize|p2|6
|start
|switch|p1a: Ambipom|Ambipom, F|100/100
|switch|p2a: Serperior|Serperior, F, shiny|100/100
|turn|1
|inactive|tasty sardine 408 has 120 seconds left.
|
|t:|1757904656
|move|p1a: Ambipom|Triple Axel|p2a: Serperior|[miss]
|-miss|p1a: Ambipom|p2a: Serperior
|move|p2a: Serperior|Glare|p1a: Ambipom
|-status|p1a: Ambipom|par
|
|upkeep
|turn|2
|
|t:|1757904662
|move|p2a: Serperior|Leaf Storm|p1a: Ambipom
|-crit|p1a: Ambipom
|-damage|p1a: Ambipom|13/100 par
|-boost|p2a: Serperior|spa|2
|move|p1a: Ambipom|Beat Up|p2a: Serperior
|-damage|p2a: Serperior|94/100
|-damage|p2a: Serperior|85/100
|-damage|p2a: Serperior|78/100
|-damage|p2a: Serperior|71/100
|-damage|p2a: Serperior|62/100
|-damage|p2a: Serperior|53/100
|-hitcount|p2a: Serperior|6
|
|-heal|p2a: Serperior|60/100|[from] item: Leftovers
|upkeep
|turn|3
|inactive|tasty sardine 408 has 90 seconds left.
|
|t:|1757904688
|move|p2a: Serperior|Leaf Storm|p1a: Ambipom
|-damage|p1a: Ambipom|0 fnt
|-boost|p2a: Serperior|spa|2
|faint|p1a: Ambipom
|
|-heal|p2a: Serperior|66/100|[from] item: Leftovers
|upkeep
|
|t:|1757904699
|switch|p1a: Scizor|Scizor, M|100/100
|turn|4
|
|t:|1757904708
|-terastallize|p2a: Serperior|Electric
|move|p1a: Scizor|Bullet Punch|p2a: Serperior
|-resisted|p2a: Serperior
|-damage|p2a: Serperior|47/100
|move|p2a: Serperior|Tera Blast|p1a: Scizor|[anim] Tera Blast Electric
|-damage|p1a: Scizor|26/100
|
|-heal|p2a: Serperior|54/100|[from] item: Leftovers
|upkeep
|turn|5
|
|t:|1757904713
|move|p1a: Scizor|Bullet Punch|p2a: Serperior
|-resisted|p2a: Serperior
|-damage|p2a: Serperior|34/100
|move|p2a: Serperior|Synthesis|p2a: Serperior
|-heal|p2a: Serperior|84/100
|
|-heal|p2a: Serperior|91/100|[from] item: Leftovers
|upkeep
|turn|6
|
|t:|1757904723
|move|p2a: Serperior|Leaf Storm|p1a: Scizor
|-resisted|p1a: Scizor
|-damage|p1a: Scizor|0 fnt
|-boost|p2a: Serperior|spa|2
|faint|p1a: Scizor
|
|-heal|p2a: Serperior|97/100|[from] item: Leftovers
|upkeep
|c|☆Moistham|Scum
|-message|Moistham forfeited.
|
|win|tasty sardine 408
|raw|Moistham's rating: 1540 &rarr; <strong>1524</strong><br />(-16 for losing)
|raw|tasty sardine 408's rating: 1610 &rarr; <strong>1626</strong><br />(+16 for winning)
|l|☆Moistham
|player|p1|
|l|‽tasty sardine 408
|player|p2|
