|j|☆levi6969
|j|☆supergamero
|t:|1757830085
|gametype|singles
|player|p1|levi6969|265|1260
|player|p2|supergamero|plasmagrunt-gen5bw|1179
|gen|9
|tier|[Gen 9] OU
|rated|
|rule|HP Percentage Mod: HP is shown in percentages
|rule|Endless Battle Clause: Forcing endless battles is banned
|rule|Species Clause: Limit one of each Pokémon
|rule|OHKO Clause: OHKO moves are banned
|rule|Evasion Items Clause: Evasion items are banned
|rule|Evasion Moves Clause: Evasion moves are banned
|rule|Evasion Abilities Clause: Evasion abilities are banned
|rule|Sleep Moves Clause: Sleep-inducing moves are banned
|clearpoke
|poke|p1|Yanmega, F|
|poke|p1|Scream Tail|
|poke|p1|Zoroark-Hisui, F|
|poke|p1|Dondozo, F|
|poke|p1|Great Tusk|
|poke|p1|Heatran, M|
|poke|p2|Gengar, F|
|poke|p2|Cinderace, M|
|poke|p2|Kleavor, F|
|poke|p2|Kingambit, M|
|poke|p2|Mimikyu, F|
|poke|p2|Sableye, M|
|teampreview
|inactive|Battle timer is ON: inactive players will automatically lose when time's up. (requested by supergamero)
|
|t:|1757830097
|teamsize|p1|6
|teamsize|p2|6
|start
|switch|p1a: Heatran|Heatran, M, shiny|100/100
|switch|p2a: Kleavor|Kleavor, F|100/100
|turn|1
|
|t:|1757830104
|switch|p1a: Dondozo|Dondozo, F, shiny|100/100
|move|p2a: Kleavor|Stone Axe|p1a: Dondozo
|-damage|p1a: Dondozo|77/100
|-damage|p2a: Kleavor|84/100|[from] item: Rocky Helmet|[of] p1a: Dondozo
|-sidestart|p1: levi6969|move: Stealth Rock
|
|upkeep
|turn|2
|
|t:|1757830122
|move|p2a: Kleavor|X-Scissor|p1a: Dondozo
|-damage|p1a: Dondozo|46/100
|-damage|p2a: Kleavor|67/100|[from] item: Rocky Helmet|[of] p1a: Dondozo
|move|p1a: Dondozo|Liquidation|p2a: Kleavor
|-supereffective|p2a: Kleavor
|-damage|p2a: Kleavor|0 fnt
|faint|p2a: Kleavor
|
|upkeep
|inactive|supergamero has 120 seconds left.
|
|t:|1757830144
|switch|p2a: Gengar|Gengar, F|100/100
|turn|3
|
|t:|1757830151
|switch|p1a: Great Tusk|Great Tusk|100/100
|-damage|p1a: Great Tusk|88/100|[from] Stealth Rock
|move|p2a: Gengar|Sludge Wave|p1a: Great Tusk
|-resisted|p1a: Great Tusk
|-damage|p1a: Great Tusk|40/100
|replace|p1a: Zoroark|Zoroark-Hisui, F
|-end|p1a: Zoroark|Illusion
|
|upkeep
|turn|4
|
|t:|1757830164
|move|p1a: Zoroark|Shadow Ball|p2a: Gengar
|-supereffective|p2a: Gengar
|-enditem|p2a: Gengar|Focus Sash
|-damage|p2a: Gengar|1/100
|move|p2a: Gengar|Sludge Wave|p1a: Zoroark
|-resisted|p1a: Zoroark
|-damage|p1a: Zoroark|0 fnt
|faint|p1a: Zoroark
|
|upkeep
|
|t:|1757830180
|switch|p1a: Heatran|Heatran, M, shiny|100/100
|-damage|p1a: Heatran|88/100|[from] Stealth Rock
|turn|5
|
|t:|1757830188
|move|p2a: Gengar|Destiny Bond|p2a: Gengar
|-singlemove|p2a: Gengar|Destiny Bond
|move|p1a: Heatran|Earth Power|p2a: Gengar
|-supereffective|p2a: Gengar
|-damage|p2a: Gengar|0 fnt
|-start|p1a: Heatran|Disable|Earth Power|[from] ability: Cursed Body|[of] p2a: Gengar
|faint|p2a: Gengar
|-activate|p2a: Gengar|move: Destiny Bond
|faint|p1a: Heatran
|
|upkeep
|
|t:|1757830198
|switch|p2a: Mimikyu|Mimikyu, F|100/100
|switch|p1a: Great Tusk|Great Tusk|100/100
|-damage|p1a: Great Tusk|98/100|[from] Stealth Rock
|turn|6
|
|t:|1757830207
|move|p1a: Great Tusk|Ice Spinner|p2a: Mimikyu
|-activate|p2a: Mimikyu|ability: Disguise
|-damage|p2a: Mimikyu|100/100
|detailschange|p2a: Mimikyu|Mimikyu-Busted, F
|-damage|p2a: Mimikyu|88/100|[from] pokemon: Mimikyu-Busted
|-enditem|p2a: Mimikyu|Red Card|[of] p1a: Great Tusk
|-end|p1a: Great Tusk|Protosynthesis|[silent]
|drag|p1a: Yanmega|Yanmega, F|100/100
|-damage|p1a: Yanmega|51/100|[from] Stealth Rock
|move|p2a: Mimikyu|Swords Dance|p2a: Mimikyu
|-boost|p2a: Mimikyu|atk|2
|
|upkeep
|turn|7
|
|t:|1757830231
|-terastallize|p1a: Yanmega|Bug
|move|p1a: Yanmega|Bug Buzz|p2a: Mimikyu
|-resisted|p2a: Mimikyu
|-damage|p2a: Mimikyu|30/100
|move|p2a: Mimikyu|Swords Dance|p2a: Mimikyu
|-boost|p2a: Mimikyu|atk|2
|
|upkeep
|turn|8
|
|t:|1757830240
|-terastallize|p2a: Mimikyu|Ghost
|move|p2a: Mimikyu|Shadow Sneak|p1a: Yanmega
|-damage|p1a: Yanmega|0 fnt
|faint|p1a: Yanmega
|
|upkeep
|
|t:|1757830251
|switch|p1a: Dondozo|Dondozo, F, shiny|46/100
|-damage|p1a: Dondozo|33/100|[from] Stealth Rock
|turn|9
|
|t:|1757830257
|move|p2a: Mimikyu|Shadow Claw|p1a: Dondozo
|-crit|p1a: Dondozo
|-damage|p1a: Dondozo|6/100
|-damage|p2a: Mimikyu|14/100|[from] item: Rocky Helmet|[of] p1a: Dondozo
|move|p1a: Dondozo|Rest|p1a: Dondozo
|-status|p1a: Dondozo|slp|[from] move: Rest
|-heal|p1a: Dondozo|100/100 slp|[silent]
|
|upkeep
|turn|10
|c|☆supergamero|HUH
|c|☆supergamero|Ohhhh, ability
|c|☆supergamero|Icic
|inactive|supergamero has 120 seconds left.
|
|t:|1757830298
|switch|p2a: Sableye|Sableye, M|100/100
|cant|p1a: Dondozo|slp
|move|p1a: Dondozo|Sleep Talk|p1a: Dondozo
|move|p1a: Dondozo|Rest||[from] move: Sleep Talk|[still]
|-fail|p1a: Dondozo
|
|upkeep
|turn|11
|
|t:|1757830307
|move|p2a: Sableye|Encore||[still]
|-fail|p2a: Sableye
|cant|p1a: Dondozo|slp
|move|p1a: Dondozo|Sleep Talk|p1a: Dondozo
|move|p1a: Dondozo|Body Press|p2a: Sableye|[from] move: Sleep Talk
|-immune|p2a: Sableye
|
|upkeep
|turn|12
|inactive|supergamero has 120 seconds left.
|
|t:|1757830317
|switch|p1a: Scream Tail|Scream Tail, shiny|100/100
|-damage|p1a: Scream Tail|88/100|[from] Stealth Rock
|move|p2a: Sableye|Light Screen|p2a: Sableye
|-sidestart|p2: supergamero|move: Light Screen
|
|-heal|p1a: Scream Tail|94/100|[from] item: Leftovers
|upkeep
|turn|13
|
|t:|1757830326
|move|p2a: Sableye|Thunder Wave|p1a: Scream Tail
|-status|p1a: Scream Tail|par
|move|p1a: Scream Tail|Dazzling Gleam|p2a: Sableye
|-supereffective|p2a: Sableye
|-damage|p2a: Sableye|77/100
|
|-heal|p1a: Scream Tail|100/100 par|[from] item: Leftovers
|upkeep
|turn|14
|inactive|supergamero has 120 seconds left.
|
|t:|1757830346
|switch|p2a: Cinderace|Cinderace, M|100/100
|move|p1a: Scream Tail|Dazzling Gleam|p2a: Cinderace
|-resisted|p2a: Cinderace
|-damage|p2a: Cinderace|94/100
|
|upkeep
|turn|15
|inactive|supergamero has 120 seconds left.
|
|t:|1757830354
|move|p1a: Scream Tail|Protect|p1a: Scream Tail
|-singleturn|p1a: Scream Tail|Protect
|move|p2a: Cinderace|Pyro Ball|p1a: Scream Tail
|-activate|p1a: Scream Tail|move: Protect
|
|upkeep
|turn|16
|
|t:|1757830360
|-end|p1a: Scream Tail|Protosynthesis|[silent]
|switch|p1a: Dondozo|Dondozo, F, shiny|100/100 slp
|-damage|p1a: Dondozo|88/100 slp|[from] Stealth Rock
|move|p2a: Cinderace|Pyro Ball|p1a: Dondozo
|-resisted|p1a: Dondozo
|-damage|p1a: Dondozo|73/100 slp
|
|-sideend|p2: supergamero|move: Light Screen
|upkeep
|turn|17
|
|t:|1757830369
|switch|p1a: Great Tusk|Great Tusk|98/100
|-damage|p1a: Great Tusk|95/100|[from] Stealth Rock
|move|p2a: Cinderace|High Jump Kick|p1a: Great Tusk
|-start|p2a: Cinderace|typechange|Fighting|[from] ability: Libero
|-damage|p1a: Great Tusk|40/100
|
|upkeep
|turn|18
|
|t:|1757830380
|move|p2a: Cinderace|High Jump Kick|p1a: Great Tusk
|-damage|p1a: Great Tusk|0 fnt
|faint|p1a: Great Tusk
|-end|p1a: Great Tusk|Protosynthesis|[silent]
|
|upkeep
|l|☆levi6969
|inactive|levi6969 disconnected and has a minute to reconnect!
|player|p1|
|j|☆levi6969
|inactive|levi6969 reconnected and has 130 seconds left.
|player|p1|levi6969|265|
|l|☆levi6969
|inactive|levi6969 disconnected and has a minute to reconnect!
|player|p1|
|c|☆supergamero|Oo
|c|☆supergamero|Wifi problems?
|inactive|levi6969 has 30 seconds to reconnect!
|inactive|levi6969 has 20 seconds to reconnect!
|inactive|levi6969 has 15 seconds to reconnect!
|inactive|levi6969 has 10 seconds to reconnect!
|inactive|levi6969 has 5 seconds to reconnect!
|-message|levi6969 lost due to inactivity.
|
|win|supergamero
|raw|levi6969's rating: 1260 &rarr; <strong>1229</strong><br />(-31 for losing)
|raw|supergamero's rating: 1179 &rarr; <strong>1210</strong><br />(+31 for winning)
|l|☆supergamero
|player|p2|
