|j|☆H0llo
|j|‽oehtwashere
|t:|1757850486
|gametype|singles
|player|p1|H0llo|idol|1543
|player|p2|oehtwashere|supernerd|1682
|gen|9
|tier|[Gen 9] OU
|rated|
|rule|HP Percentage Mod: HP is shown in percentages
|rule|Endless Battle Clause: Forcing endless battles is banned
|rule|Species Clause: Limit one of each Pokémon
|rule|OHKO Clause: OHKO moves are banned
|rule|Evasion Items Clause: Evasion items are banned
|rule|Evasion Moves Clause: Evasion moves are banned
|rule|Evasion Abilities Clause: Evasion abilities are banned
|rule|Sleep Moves Clause: Sleep-inducing moves are banned
|clearpoke
|poke|p1|Heatran, M|
|poke|p1|Gliscor, F|
|poke|p1|Kyurem|
|poke|p1|Hatterene, F|
|poke|p1|Tornadus-Therian, M|
|poke|p1|Zamazenta-*|
|poke|p2|Raikou|
|poke|p2|Samurott-Hisui, M|
|poke|p2|Gliscor, M|
|poke|p2|Slowking-Galar, M|
|poke|p2|Corviknight, M|
|poke|p2|Dragapult, M|
|teampreview
|inactive|Battle timer is ON: inactive players will automatically lose when time's up. (requested by oehtwashere)
|
|t:|1757850494
|teamsize|p1|6
|teamsize|p2|6
|start
|switch|p1a: Gliscor|Gliscor, F|100/100
|switch|p2a: Dragapult|Dragapult, M|100/100
|turn|1
|
|t:|1757850504
|move|p1a: Gliscor|Protect|p1a: Gliscor
|-singleturn|p1a: Gliscor|Protect
|move|p2a: Dragapult|Will-O-Wisp|p1a: Gliscor
|-activate|p1a: Gliscor|move: Protect
|
|-status|p1a: Gliscor|tox|[from] item: Toxic Orb
|upkeep
|turn|2
|
|t:|1757850511
|move|p2a: Dragapult|U-turn|p1a: Gliscor
|-resisted|p1a: Gliscor
|-damage|p1a: Gliscor|93/100 tox
|
|t:|1757850512
|switch|p2a: Corviknight|Corviknight, M|100/100|[from] U-turn
|-ability|p2a: Corviknight|Pressure
|move|p1a: Gliscor|Earthquake|p2a: Corviknight
|-immune|p2a: Corviknight
|
|-heal|p1a: Gliscor|100/100 tox|[from] ability: Poison Heal
|upkeep
|turn|3
|
|t:|1757850516
|move|p1a: Gliscor|U-turn|p2a: Corviknight
|-resisted|p2a: Corviknight
|-damage|p2a: Corviknight|98/100
|-damage|p1a: Gliscor|84/100 tox|[from] item: Rocky Helmet|[of] p2a: Corviknight
|
|t:|1757850524
|switch|p1a: Tornadus|Tornadus-Therian, M|100/100|[from] U-turn
|move|p2a: Corviknight|U-turn|p1a: Tornadus
|-resisted|p1a: Tornadus
|-damage|p1a: Tornadus|92/100
|
|t:|1757850527
|switch|p2a: Slowking|Slowking-Galar, M|100/100|[from] U-turn
|
|upkeep
|turn|4
|
|t:|1757850530
|move|p1a: Tornadus|Knock Off|p2a: Slowking
|-supereffective|p2a: Slowking
|-damage|p2a: Slowking|59/100
|-enditem|p2a: Slowking|Heavy-Duty Boots|[from] move: Knock Off|[of] p1a: Tornadus
|move|p2a: Slowking|Future Sight|p1a: Tornadus
|-start|p2a: Slowking|move: Future Sight
|
|upkeep
|turn|5
|
|t:|1757850536
|move|p1a: Tornadus|U-turn|p2a: Slowking
|-damage|p2a: Slowking|45/100
|
|t:|1757850540
|switch|p1a: Gliscor|Gliscor, F|84/100 tox|[from] U-turn
|-prepare|p2a: Slowking|Chilly Reception|[premajor]
|move|p2a: Slowking|Chilly Reception|p2a: Slowking
|-weather|Snowscape
|
|t:|1757850543
|switch|p2a: Dragapult|Dragapult, M|100/100|[from] Chilly Reception
|
|-weather|Snowscape|[upkeep]
|-heal|p1a: Gliscor|96/100 tox|[from] ability: Poison Heal
|upkeep
|turn|6
|
|t:|1757850546
|move|p1a: Gliscor|Protect|p1a: Gliscor
|-singleturn|p1a: Gliscor|Protect
|move|p2a: Dragapult|Hex|p1a: Gliscor
|-activate|p1a: Gliscor|move: Protect
|
|-weather|Snowscape|[upkeep]
|-end|p1a: Gliscor|move: Future Sight
|-damage|p1a: Gliscor|59/100 tox
|-heal|p1a: Gliscor|71/100 tox|[from] ability: Poison Heal
|upkeep
|turn|7
|
|t:|1757850561
|switch|p1a: Heatran|Heatran, M|100/100
|move|p2a: Dragapult|U-turn|p1a: Heatran
|-resisted|p1a: Heatran
|-damage|p1a: Heatran|97/100
|
|t:|1757850563
|switch|p2a: Samurott|Samurott-Hisui, M|100/100|[from] U-turn
|
|-weather|Snowscape|[upkeep]
|-heal|p1a: Heatran|100/100|[from] item: Leftovers
|upkeep
|turn|8
|
|t:|1757850569
|switch|p1a: Hatterene|Hatterene, F|100/100
|move|p2a: Samurott|Ceaseless Edge|p1a: Hatterene
|-damage|p1a: Hatterene|63/100
|-damage|p2a: Samurott|84/100|[from] item: Rocky Helmet|[of] p1a: Hatterene
|-sidestart|p1: H0llo|Spikes
|
|-weather|Snowscape|[upkeep]
|upkeep
|turn|9
|
|t:|1757850575
|switch|p2a: Slowking|Slowking-Galar, M|78/100
|move|p1a: Hatterene|Draining Kiss|p2a: Slowking
|-resisted|p2a: Slowking
|-damage|p2a: Slowking|71/100
|-heal|p1a: Hatterene|70/100|[from] drain|[of] p2a: Slowking
|
|-weather|none
|upkeep
|turn|10
|
|t:|1757850584
|switch|p1a: Tornadus|Tornadus-Therian, M|100/100
|move|p2a: Slowking|Psychic Noise|p1a: Tornadus
|-damage|p1a: Tornadus|82/100
|-start|p1a: Tornadus|move: Heal Block
|
|upkeep
|turn|11
|
|t:|1757850589
|move|p1a: Tornadus|Bleakwind Storm|p2a: Slowking|[miss]
|-miss|p1a: Tornadus|p2a: Slowking
|move|p2a: Slowking|Future Sight|p1a: Tornadus
|-start|p2a: Slowking|move: Future Sight
|
|-end|p1a: Tornadus|move: Heal Block
|upkeep
|turn|12
|
|t:|1757850592
|move|p1a: Tornadus|Bleakwind Storm|p2a: Slowking
|-damage|p2a: Slowking|49/100
|-prepare|p2a: Slowking|Chilly Reception|[premajor]
|move|p2a: Slowking|Chilly Reception|p2a: Slowking
|-weather|Snowscape
|
|t:|1757850594
|switch|p2a: Raikou|Raikou|100/100|[from] Chilly Reception
|-ability|p2a: Raikou|Pressure
|
|-weather|Snowscape|[upkeep]
|upkeep
|turn|13
|
|t:|1757850597
|move|p2a: Raikou|Scald|p1a: Tornadus
|-damage|p1a: Tornadus|65/100
|-status|p1a: Tornadus|brn
|move|p1a: Tornadus|U-turn|p2a: Raikou
|-damage|p2a: Raikou|91/100
|
|t:|1757850604
|switch|p1a: Hatterene|Hatterene, F|70/100|[from] U-turn
|-damage|p1a: Hatterene|57/100|[from] Spikes
|
|-weather|Snowscape|[upkeep]
|-end|p1a: Hatterene|move: Future Sight
|-resisted|p1a: Hatterene
|-damage|p1a: Hatterene|35/100
|upkeep
|turn|14
|
|t:|1757850609
|move|p2a: Raikou|Volt Switch|p1a: Hatterene
|-damage|p1a: Hatterene|0 fnt
|faint|p1a: Hatterene
|
|t:|1757850613
|switch|p2a: Dragapult|Dragapult, M|100/100|[from] Volt Switch
|
|-weather|Snowscape|[upkeep]
|upkeep
|
|t:|1757850619
|switch|p1a: Kyurem|Kyurem|100/100
|-damage|p1a: Kyurem|88/100|[from] Spikes
|-ability|p1a: Kyurem|Pressure
|turn|15
|
|t:|1757850625
|move|p2a: Dragapult|U-turn|p1a: Kyurem
|-damage|p1a: Kyurem|75/100
|
|t:|1757850627
|switch|p2a: Slowking|Slowking-Galar, M|82/100|[from] U-turn
|move|p1a: Kyurem|Freeze-Dry|p2a: Slowking
|-damage|p2a: Slowking|61/100
|
|-weather|Snowscape|[upkeep]
|-heal|p1a: Kyurem|81/100|[from] item: Leftovers
|upkeep
|turn|16
|
|t:|1757850632
|move|p1a: Kyurem|Substitute|p1a: Kyurem
|-start|p1a: Kyurem|Substitute
|-damage|p1a: Kyurem|56/100
|move|p2a: Slowking|Psychic Noise|p1a: Kyurem
|-damage|p1a: Kyurem|28/100
|-start|p1a: Kyurem|move: Heal Block
|
|-weather|none
|upkeep
|turn|17
|
|t:|1757850638
|-terastallize|p1a: Kyurem|Ground
|move|p1a: Kyurem|Earth Power|p2a: Slowking
|-supereffective|p2a: Slowking
|-damage|p2a: Slowking|7/100
|-unboost|p2a: Slowking|spd|1
|move|p2a: Slowking|Sludge Bomb|p1a: Kyurem
|-resisted|p1a: Kyurem
|-activate|p1a: Kyurem|move: Substitute|[damage]
|
|-end|p1a: Kyurem|move: Heal Block
|upkeep
|turn|18
|
|t:|1757850646
|switch|p2a: Corviknight|Corviknight, M|98/100
|-ability|p2a: Corviknight|Pressure
|move|p1a: Kyurem|Earth Power|p2a: Corviknight
|-immune|p2a: Corviknight
|
|-heal|p1a: Kyurem|34/100|[from] item: Leftovers
|upkeep
|turn|19
|
|t:|1757850648
|move|p1a: Kyurem|Protect|p1a: Kyurem
|-singleturn|p1a: Kyurem|Protect
|move|p2a: Corviknight|Body Press|p1a: Kyurem
|-activate|p1a: Kyurem|move: Protect
|
|-heal|p1a: Kyurem|40/100|[from] item: Leftovers
|upkeep
|turn|20
|
|t:|1757850652
|move|p1a: Kyurem|Freeze-Dry|p2a: Corviknight
|-damage|p2a: Corviknight|63/100
|move|p2a: Corviknight|U-turn|p1a: Kyurem
|-end|p1a: Kyurem|Substitute
|
|t:|1757850655
|switch|p2a: Dragapult|Dragapult, M|100/100|[from] U-turn
|
|-heal|p1a: Kyurem|46/100|[from] item: Leftovers
|upkeep
|turn|21
|
|t:|1757850662
|switch|p1a: Heatran|Heatran, M|100/100
|-damage|p1a: Heatran|88/100|[from] Spikes
|move|p2a: Dragapult|U-turn|p1a: Heatran
|-resisted|p1a: Heatran
|-damage|p1a: Heatran|84/100
|
|t:|1757850664
|switch|p2a: Gliscor|Gliscor, M|100/100|[from] U-turn
|
|-heal|p1a: Heatran|90/100|[from] item: Leftovers
|-status|p2a: Gliscor|tox|[from] item: Toxic Orb
|upkeep
|turn|22
|
|t:|1757850669
|move|p2a: Gliscor|Stealth Rock|p1a: Heatran
|-sidestart|p1: H0llo|move: Stealth Rock
|move|p1a: Heatran|Stealth Rock|p2a: Gliscor
|-sidestart|p2: oehtwashere|move: Stealth Rock
|
|-heal|p1a: Heatran|96/100|[from] item: Leftovers
|upkeep
|turn|23
|
|t:|1757850676
|switch|p1a: Tornadus|Tornadus-Therian, M|99/100 brn
|-damage|p1a: Tornadus|74/100 brn|[from] Stealth Rock
|move|p2a: Gliscor|Knock Off|p1a: Tornadus
|-damage|p1a: Tornadus|47/100 brn
|-enditem|p1a: Tornadus|Assault Vest|[from] move: Knock Off|[of] p2a: Gliscor
|
|-damage|p1a: Tornadus|41/100 brn|[from] brn
|upkeep
|turn|24
|
|t:|1757850680
|move|p2a: Gliscor|Protect|p2a: Gliscor
|-singleturn|p2a: Gliscor|Protect
|move|p1a: Tornadus|Bleakwind Storm|p2a: Gliscor
|-activate|p2a: Gliscor|move: Protect
|
|-damage|p1a: Tornadus|35/100 brn|[from] brn
|upkeep
|turn|25
|
|t:|1757850683
|move|p1a: Tornadus|U-turn|p2a: Gliscor
|-resisted|p2a: Gliscor
|-crit|p2a: Gliscor
|-damage|p2a: Gliscor|96/100 tox
|
|t:|1757850685
|switch|p1a: Gliscor|Gliscor, F|71/100 tox|[from] U-turn
|-damage|p1a: Gliscor|59/100 tox|[from] Stealth Rock
|move|p2a: Gliscor|Knock Off|p1a: Gliscor
|-damage|p1a: Gliscor|41/100 tox
|-enditem|p1a: Gliscor|Toxic Orb|[from] move: Knock Off|[of] p2a: Gliscor
|
|-heal|p2a: Gliscor|100/100 tox|[from] ability: Poison Heal
|-heal|p1a: Gliscor|53/100 tox|[from] ability: Poison Heal
|upkeep
|turn|26
|
|t:|1757850690
|move|p2a: Gliscor|Knock Off|p1a: Gliscor
|-damage|p1a: Gliscor|42/100 tox
|move|p1a: Gliscor|Spikes|p2a: Gliscor
|-sidestart|p2: oehtwashere|Spikes
|
|-heal|p1a: Gliscor|55/100 tox|[from] ability: Poison Heal
|upkeep
|turn|27
|
|t:|1757850697
|switch|p2a: Slowking|Slowking-Galar, M|40/100
|-damage|p2a: Slowking|28/100|[from] Stealth Rock
|-damage|p2a: Slowking|16/100|[from] Spikes
|move|p1a: Gliscor|U-turn|p2a: Slowking
|-damage|p2a: Slowking|0 fnt
|faint|p2a: Slowking
|
|t:|1757850701
|switch|p1a: Kyurem|Kyurem, tera:Ground|46/100|[from] U-turn
|-damage|p1a: Kyurem|34/100|[from] Spikes
|-damage|p1a: Kyurem|28/100|[from] Stealth Rock
|-ability|p1a: Kyurem|Pressure
|
|-heal|p1a: Kyurem|34/100|[from] item: Leftovers
|upkeep
|
|t:|1757850706
|switch|p2a: Dragapult|Dragapult, M|100/100
|turn|28
|
|t:|1757850709
|move|p1a: Kyurem|Protect|p1a: Kyurem
|-singleturn|p1a: Kyurem|Protect
|move|p2a: Dragapult|Dragon Darts|p1a: Kyurem
|-activate|p1a: Kyurem|move: Protect
|
|-heal|p1a: Kyurem|40/100|[from] item: Leftovers
|upkeep
|turn|29
|
|t:|1757850726
|switch|p1a: Heatran|Heatran, M|96/100
|-damage|p1a: Heatran|84/100|[from] Spikes
|-damage|p1a: Heatran|71/100|[from] Stealth Rock
|move|p2a: Dragapult|U-turn|p1a: Heatran
|-resisted|p1a: Heatran
|-damage|p1a: Heatran|67/100
|
|t:|1757850728
|switch|p2a: Samurott|Samurott-Hisui, M|84/100|[from] U-turn
|
|-heal|p1a: Heatran|74/100|[from] item: Leftovers
|upkeep
|turn|30
|
|t:|1757850748
|move|p2a: Samurott|Ceaseless Edge|p1a: Heatran
|-damage|p1a: Heatran|34/100
|-sidestart|p1: H0llo|Spikes
|move|p1a: Heatran|Will-O-Wisp|p2a: Samurott
|-status|p2a: Samurott|brn
|
|-heal|p1a: Heatran|40/100|[from] item: Leftovers
|-damage|p2a: Samurott|78/100 brn|[from] brn
|upkeep
|turn|31
|
|t:|1757850756
|move|p2a: Samurott|Ceaseless Edge|p1a: Heatran
|-damage|p1a: Heatran|20/100
|-sidestart|p1: H0llo|Spikes
|move|p1a: Heatran|Earth Power|p2a: Samurott
|-damage|p2a: Samurott|37/100 brn
|
|-heal|p1a: Heatran|27/100|[from] item: Leftovers
|-damage|p2a: Samurott|30/100 brn|[from] brn
|upkeep
|turn|32
|
|t:|1757850759
|move|p2a: Samurott|Razor Shell|p1a: Heatran
|-supereffective|p1a: Heatran
|-damage|p1a: Heatran|0 fnt
|faint|p1a: Heatran
|
|-damage|p2a: Samurott|24/100 brn|[from] brn
|upkeep
|
|t:|1757850761
|switch|p1a: Zamazenta|Zamazenta|100/100
|-damage|p1a: Zamazenta|76/100|[from] Spikes
|-damage|p1a: Zamazenta|69/100|[from] Stealth Rock
|-ability|p1a: Zamazenta|Dauntless Shield|boost
|-boost|p1a: Zamazenta|def|1
|turn|33
|
|t:|1757850767
|move|p1a: Zamazenta|Iron Defense|p1a: Zamazenta
|-boost|p1a: Zamazenta|def|2
|move|p2a: Samurott|Flip Turn|p1a: Zamazenta
|-damage|p1a: Zamazenta|65/100
|
|t:|1757850770
|switch|p2a: Dragapult|Dragapult, M|100/100|[from] Flip Turn
|
|-heal|p1a: Zamazenta|71/100|[from] item: Leftovers
|upkeep
|turn|34
|
|t:|1757850785
|switch|p1a: Gliscor|Gliscor, F|55/100 tox
|-damage|p1a: Gliscor|42/100 tox|[from] Stealth Rock
|move|p2a: Dragapult|Will-O-Wisp||[still]
|-fail|p2a: Dragapult
|
|-heal|p1a: Gliscor|55/100 tox|[from] ability: Poison Heal
|upkeep
|turn|35
|
|t:|1757850792
|move|p2a: Dragapult|U-turn|p1a: Gliscor
|-resisted|p1a: Gliscor
|-crit|p1a: Gliscor
|-damage|p1a: Gliscor|43/100 tox
|
|t:|1757850795
|switch|p2a: Corviknight|Corviknight, M|63/100|[from] U-turn
|-damage|p2a: Corviknight|51/100|[from] Stealth Rock
|-ability|p2a: Corviknight|Pressure
|move|p1a: Gliscor|U-turn|p2a: Corviknight
|-resisted|p2a: Corviknight
|-damage|p2a: Corviknight|48/100
|-damage|p1a: Gliscor|26/100 tox|[from] item: Rocky Helmet|[of] p2a: Corviknight
|
|t:|1757850799
|switch|p1a: Tornadus|Tornadus-Therian, M|68/100 brn|[from] U-turn
|-damage|p1a: Tornadus|43/100 brn|[from] Stealth Rock
|
|-damage|p1a: Tornadus|37/100 brn|[from] brn
|upkeep
|turn|36
|
|t:|1757850803
|move|p1a: Tornadus|Heat Wave|p2a: Corviknight
|-supereffective|p2a: Corviknight
|-damage|p2a: Corviknight|0 fnt
|faint|p2a: Corviknight
|
|-damage|p1a: Tornadus|31/100 brn|[from] brn
|upkeep
|
|t:|1757850806
|switch|p2a: Dragapult|Dragapult, M|100/100
|turn|37
|
|t:|1757850813
|move|p2a: Dragapult|Dragon Darts|p1a: Tornadus
|-damage|p1a: Tornadus|5/100 brn
|-anim|p2a: Dragapult|Dragon Darts|p1a: Tornadus
|-damage|p1a: Tornadus|0 fnt
|faint|p1a: Tornadus
|
|upkeep
|
|t:|1757850815
|switch|p1a: Gliscor|Gliscor, F|26/100 tox
|-damage|p1a: Gliscor|14/100 tox|[from] Stealth Rock
|turn|38
|
|t:|1757850817
|move|p1a: Gliscor|Protect|p1a: Gliscor
|-singleturn|p1a: Gliscor|Protect
|move|p2a: Dragapult|Hex|p1a: Gliscor
|-activate|p1a: Gliscor|move: Protect
|
|-heal|p1a: Gliscor|26/100 tox|[from] ability: Poison Heal
|upkeep
|turn|39
|
|t:|1757850820
|move|p2a: Dragapult|Hex|p1a: Gliscor
|-damage|p1a: Gliscor|0 fnt
|faint|p1a: Gliscor
|
|upkeep
|
|t:|1757850821
|switch|p1a: Zamazenta|Zamazenta|71/100
|-damage|p1a: Zamazenta|46/100|[from] Spikes
|-damage|p1a: Zamazenta|40/100|[from] Stealth Rock
|turn|40
|
|t:|1757850826
|move|p2a: Dragapult|Will-O-Wisp|p1a: Zamazenta
|-status|p1a: Zamazenta|brn
|move|p1a: Zamazenta|Crunch|p2a: Dragapult
|-supereffective|p2a: Dragapult
|-damage|p2a: Dragapult|68/100
|
|-heal|p1a: Zamazenta|46/100 brn|[from] item: Leftovers
|-damage|p1a: Zamazenta|40/100 brn|[from] brn
|upkeep
|turn|41
|
|t:|1757850828
|move|p2a: Dragapult|Hex|p1a: Zamazenta
|-damage|p1a: Zamazenta|0 fnt
|faint|p1a: Zamazenta
|
|upkeep
|-message|H0llo forfeited.
|
|win|oehtwashere
|raw|H0llo's rating: 1523 &rarr; <strong>1512</strong><br />(-11 for losing)
|raw|oehtwashere's rating: 1682 &rarr; <strong>1693</strong><br />(+11 for winning)
|l|☆H0llo
|player|p1|
