|j|☆y8po
|j|☆Moistham
|t:|1757903354
|gametype|singles
|player|p1|y8po|lucas-gen4pt|1431
|player|p2|Moistham|101|1501
|gen|9
|tier|[Gen 9] OU
|rated|
|rule|HP Percentage Mod: HP is shown in percentages
|rule|Endless Battle Clause: Forcing endless battles is banned
|rule|Species Clause: Limit one of each Pokémon
|rule|OHKO Clause: OHKO moves are banned
|rule|Evasion Items Clause: Evasion items are banned
|rule|Evasion Moves Clause: Evasion moves are banned
|rule|Evasion Abilities Clause: Evasion abilities are banned
|rule|Sleep Moves Clause: Sleep-inducing moves are banned
|clearpoke
|poke|p1|Kingambit, F|
|poke|p1|Slowking-Galar, M|
|poke|p1|Ogerpon-Wellspring, F|
|poke|p1|Corviknight, F|
|poke|p1|Kyurem|
|poke|p1|Landorus-Therian, M|
|poke|p2|Blaziken, M|
|poke|p2|Salamence, F|
|poke|p2|Ambipom, F|
|poke|p2|Houndstone, M|
|poke|p2|Iron Hands|
|poke|p2|Scizor, F|
|teampreview
|inactive|Battle timer is ON: inactive players will automatically lose when time's up. (requested by y8po)
|
|t:|1757903369
|teamsize|p1|6
|teamsize|p2|6
|start
|switch|p1a: Landorus|Landorus-Therian, M|100/100
|switch|p2a: Ambipom|Ambipom, F|100/100
|-ability|p1a: Landorus|Intimidate|boost
|-unboost|p2a: Ambipom|atk|1
|turn|1
|
|t:|1757903376
|move|p2a: Ambipom|Triple Axel|p1a: Landorus
|-supereffective|p1a: Landorus
|-damage|p1a: Landorus|69/100
|-damage|p2a: Ambipom|84/100|[from] item: Rocky Helmet|[of] p1a: Landorus
|-supereffective|p1a: Landorus
|-damage|p1a: Landorus|1/100
|-damage|p2a: Ambipom|68/100|[from] item: Rocky Helmet|[of] p1a: Landorus
|-hitcount|p1a: Landorus|2
|move|p1a: Landorus|Earthquake|p2a: Ambipom
|-damage|p2a: Ambipom|0 fnt
|faint|p2a: Ambipom
|
|upkeep
|
|t:|1757903395
|switch|p2a: Scizor|Scizor, F|100/100
|turn|2
|
|t:|1757903404
|move|p1a: Landorus|Stealth Rock|p2a: Scizor
|-sidestart|p2: Moistham|move: Stealth Rock
|move|p2a: Scizor|Swords Dance|p2a: Scizor
|-boost|p2a: Scizor|atk|2
|
|upkeep
|turn|3
|
|t:|1757903407
|move|p2a: Scizor|Bullet Punch|p1a: Landorus
|-damage|p1a: Landorus|0 fnt
|-damage|p2a: Scizor|84/100|[from] item: Rocky Helmet|[of] p1a: Landorus
|faint|p1a: Landorus
|
|upkeep
|
|t:|1757903411
|switch|p1a: Ogerpon|Ogerpon-Wellspring, F|100/100
|turn|4
|
|t:|1757903414
|move|p2a: Scizor|Bullet Punch|p1a: Ogerpon
|-resisted|p1a: Ogerpon
|-damage|p1a: Ogerpon|45/100
|move|p1a: Ogerpon|Ivy Cudgel|p2a: Scizor|[anim] Ivy Cudgel Water
|-damage|p2a: Scizor|25/100
|
|upkeep
|turn|5
|
|t:|1757903423
|move|p2a: Scizor|Bullet Punch|p1a: Ogerpon
|-resisted|p1a: Ogerpon
|-damage|p1a: Ogerpon|0 fnt
|faint|p1a: Ogerpon
|
|upkeep
|
|t:|1757903425
|switch|p1a: Corviknight|Corviknight, F|100/100
|turn|6
|
|t:|1757903430
|move|p2a: Scizor|Bullet Punch|p1a: Corviknight
|-resisted|p1a: Corviknight
|-damage|p1a: Corviknight|66/100
|move|p1a: Corviknight|Brave Bird|p2a: Scizor
|-damage|p2a: Scizor|0 fnt
|faint|p2a: Scizor
|-damage|p1a: Corviknight|59/100|[from] Recoil
|
|upkeep
|
|t:|1757903454
|switch|p2a: Salamence|Salamence, F|100/100
|-damage|p2a: Salamence|76/100|[from] Stealth Rock
|turn|7
|
|t:|1757903466
|move|p2a: Salamence|Dragon Dance|p2a: Salamence
|-boost|p2a: Salamence|atk|1
|-boost|p2a: Salamence|spe|1
|move|p1a: Corviknight|U-turn|p2a: Salamence
|-resisted|p2a: Salamence
|-damage|p2a: Salamence|66/100
|
|t:|1757903470
|switch|p1a: Queengambit|Kingambit, F|100/100|[from] U-turn
|-activate|p1a: Queengambit|ability: Supreme Overlord
|-start|p1a: Queengambit|fallen2|[silent]
|
|upkeep
|turn|8
|
|t:|1757903478
|move|p1a: Queengambit|Sucker Punch|p2a: Salamence
|-damage|p2a: Salamence|0 fnt
|faint|p2a: Salamence
|
|upkeep
|
|t:|1757903480
|switch|p2a: Iron Hands|Iron Hands|100/100
|-damage|p2a: Iron Hands|94/100|[from] Stealth Rock
|-enditem|p2a: Iron Hands|Booster Energy
|-activate|p2a: Iron Hands|ability: Quark Drive|[fromitem]
|-start|p2a: Iron Hands|quarkdriveatk
|turn|9
|
|t:|1757903489
|-end|p1a: Queengambit|fallen2|[silent]
|switch|p1a: Slowking|Slowking-Galar, M|100/100
|move|p2a: Iron Hands|Swords Dance|p2a: Iron Hands
|-boost|p2a: Iron Hands|atk|2
|
|upkeep
|turn|10
|
|t:|1757903493
|move|p2a: Iron Hands|Thunder Punch|p1a: Slowking
|-damage|p1a: Slowking|0 fnt
|faint|p1a: Slowking
|
|upkeep
|
|t:|1757903499
|switch|p1a: Kyurem|Kyurem|100/100
|-ability|p1a: Kyurem|Pressure
|turn|11
|
|t:|1757903506
|-terastallize|p1a: Kyurem|Ground
|move|p1a: Kyurem|Earth Power|p2a: Iron Hands
|-supereffective|p2a: Iron Hands
|-damage|p2a: Iron Hands|0 fnt
|faint|p2a: Iron Hands
|-end|p2a: Iron Hands|Quark Drive|[silent]
|
|upkeep
|
|t:|1757903525
|switch|p2a: Houndstone|Houndstone, M|100/100
|-damage|p2a: Houndstone|88/100|[from] Stealth Rock
|turn|12
|
|t:|1757903536
|move|p1a: Kyurem|Earth Power|p2a: Houndstone
|-damage|p2a: Houndstone|18/100
|-unboost|p2a: Houndstone|spd|1
|move|p2a: Houndstone|Poltergeist|p1a: Kyurem
|-activate|p1a: Kyurem|move: Poltergeist|Choice Specs
|-damage|p1a: Kyurem|51/100
|
|-heal|p2a: Houndstone|24/100|[from] item: Leftovers
|upkeep
|turn|13
|-message|Moistham forfeited.
|
|win|y8po
|raw|y8po's rating: 1431 &rarr; <strong>1455</strong><br />(+24 for winning)
|raw|Moistham's rating: 1501 &rarr; <strong>1477</strong><br />(-24 for losing)
|l|☆Moistham
|player|p2|
|l|☆y8po
|player|p1|
