|j|☆michaelgoalise
|j|☆Nikator98
|t:|1757952200
|gametype|singles
|player|p1|michaelgoalise|2|1606
|player|p2|Nikator98|giovanni|1579
|gen|9
|tier|[Gen 9] OU
|rated|
|rule|HP Percentage Mod: HP is shown in percentages
|rule|Endless Battle Clause: Forcing endless battles is banned
|rule|Species Clause: Limit one of each Pokémon
|rule|OHKO Clause: OHKO moves are banned
|rule|Evasion Items Clause: Evasion items are banned
|rule|Evasion Moves Clause: Evasion moves are banned
|rule|Evasion Abilities Clause: Evasion abilities are banned
|rule|Sleep Moves Clause: Sleep-inducing moves are banned
|clearpoke
|poke|p1|Empoleon, F|
|poke|p1|Rillaboom, M|
|poke|p1|Raging Bolt|
|poke|p1|Great Tusk|
|poke|p1|Moltres|
|poke|p1|Samurott-Hisui, F|
|poke|p2|Metagross|
|poke|p2|Great Tusk|
|poke|p2|Haxorus, M|
|poke|p2|Iron Moth|
|poke|p2|Zoroark-Hisui, M|
|poke|p2|Ninetales-Alola, F|
|teampreview
|inactive|Battle timer is ON: inactive players will automatically lose when time's up. (requested by Nikator98)
|inactive|michaelgoalise has 120 seconds left.
|
|t:|1757952252
|teamsize|p1|6
|teamsize|p2|6
|start
|switch|p1a: Empoleon|Empoleon, F|100/100
|switch|p2a: Asfaloth|Ninetales-Alola, F, shiny|100/100
|-weather|Snowscape|[from] ability: Snow Warning|[of] p2a: Asfaloth
|turn|1
|
|t:|1757952259
|switch|p2a: Arquillian Sentry|Metagross|100/100
|move|p1a: Empoleon|Knock Off|p2a: Arquillian Sentry
|-supereffective|p2a: Arquillian Sentry
|-damage|p2a: Arquillian Sentry|71/100
|-enditem|p2a: Arquillian Sentry|Custap Berry|[from] move: Knock Off|[of] p1a: Empoleon
|
|-weather|Snowscape|[upkeep]
|upkeep
|turn|2
|inactive|michaelgoalise has 120 seconds left.
|
|t:|1757952293
|switch|p1a: Great Tusk|Great Tusk|100/100
|move|p2a: Arquillian Sentry|Stealth Rock|p1a: Great Tusk
|-sidestart|p1: michaelgoalise|move: Stealth Rock
|
|-weather|Snowscape|[upkeep]
|upkeep
|turn|3
|
|t:|1757952299
|switch|p2a: Asfaloth|Ninetales-Alola, F, shiny|100/100
|move|p1a: Great Tusk|Stealth Rock|p2a: Asfaloth
|-sidestart|p2: Nikator98|move: Stealth Rock
|
|-weather|Snowscape|[upkeep]
|upkeep
|turn|4
|
|t:|1757952312
|-end|p1a: Great Tusk|Protosynthesis|[silent]
|switch|p1a: Empoleon|Empoleon, F|100/100
|-damage|p1a: Empoleon|94/100|[from] Stealth Rock
|move|p2a: Asfaloth|Encore||[still]
|-fail|p2a: Asfaloth
|
|-weather|Snowscape|[upkeep]
|-heal|p1a: Empoleon|100/100|[from] item: Leftovers
|upkeep
|turn|5
|
|t:|1757952322
|move|p2a: Asfaloth|Aurora Veil|p2a: Asfaloth
|-sidestart|p2: Nikator98|move: Aurora Veil
|move|p1a: Empoleon|Knock Off|p2a: Asfaloth
|-resisted|p2a: Asfaloth
|-damage|p2a: Asfaloth|96/100
|-enditem|p2a: Asfaloth|Light Clay|[from] move: Knock Off|[of] p1a: Empoleon
|
|-weather|none
|upkeep
|turn|6
|
|t:|1757952340
|move|p2a: Asfaloth|Encore|p1a: Empoleon
|-start|p1a: Empoleon|Encore
|move|p1a: Empoleon|Knock Off|p2a: Asfaloth
|-resisted|p2a: Asfaloth
|-damage|p2a: Asfaloth|93/100
|
|upkeep
|turn|7
|inactive|michaelgoalise has 120 seconds left.
|
|t:|1757952363
|switch|p2a: Kumaryia|Great Tusk, shiny|100/100
|move|p1a: Empoleon|Knock Off|p2a: Kumaryia
|-resisted|p2a: Kumaryia
|-damage|p2a: Kumaryia|97/100
|-enditem|p2a: Kumaryia|Heavy-Duty Boots|[from] move: Knock Off|[of] p1a: Empoleon
|
|upkeep
|turn|8
|
|t:|1757952372
|switch|p1a: Moltres|Moltres|100/100
|move|p2a: Kumaryia|Rapid Spin|p1a: Moltres
|-damage|p1a: Moltres|87/100
|-boost|p2a: Kumaryia|spe|1
|-sideend|p2: Nikator98|Stealth Rock|[from] move: Rapid Spin|[of] p2a: Kumaryia
|
|upkeep
|turn|9
|inactive|michaelgoalise has 120 seconds left.
|
|t:|1757952415
|move|p2a: Kumaryia|Knock Off|p1a: Moltres
|-crit|p1a: Moltres
|-damage|p1a: Moltres|50/100
|-enditem|p1a: Moltres|Heavy-Duty Boots|[from] move: Knock Off|[of] p2a: Kumaryia
|move|p1a: Moltres|Roar|p2a: Kumaryia
|-end|p2a: Kumaryia|Protosynthesis|[silent]
|drag|p2a: Asfaloth|Ninetales-Alola, F, shiny|93/100
|-weather|Snowscape|[from] ability: Snow Warning|[of] p2a: Asfaloth
|
|-weather|Snowscape|[upkeep]
|upkeep
|turn|10
|
|t:|1757952424
|move|p2a: Asfaloth|Encore|p1a: Moltres
|-start|p1a: Moltres|Encore
|move|p1a: Moltres|Roar|p2a: Asfaloth
|drag|p2a: Arquillian Sentry|Metagross|71/100
|
|-weather|Snowscape|[upkeep]
|upkeep
|turn|11
|
|t:|1757952435
|switch|p1a: Great Tusk|Great Tusk|100/100
|move|p2a: Arquillian Sentry|Psychic Fangs|p1a: Great Tusk
|-supereffective|p1a: Great Tusk
|-damage|p1a: Great Tusk|38/100
|
|-weather|Snowscape|[upkeep]
|upkeep
|turn|12
|inactive|michaelgoalise has 120 seconds left.
|inactive|michaelgoalise has 90 seconds left.
|
|t:|1757952472
|-end|p1a: Great Tusk|Protosynthesis|[silent]
|switch|p1a: Samurott|Samurott-Hisui, F|100/100
|-damage|p1a: Samurott|88/100|[from] Stealth Rock
|switch|p2a: Arquillian Sentry|Metagross|100/100
|
|-weather|Snowscape|[upkeep]
|-sideend|p2: Nikator98|move: Aurora Veil
|upkeep
|turn|13
|
|t:|1757952481
|switch|p2a: Asfaloth|Ninetales-Alola, F, shiny|93/100
|move|p1a: Samurott|Ceaseless Edge|p2a: Asfaloth
|-resisted|p2a: Asfaloth
|-damage|p2a: Asfaloth|73/100
|-sidestart|p2: Nikator98|Spikes
|
|-weather|none
|upkeep
|turn|14
|
|t:|1757952488
|switch|p1a: Empoleon|Empoleon, F|100/100
|-damage|p1a: Empoleon|94/100|[from] Stealth Rock
|move|p2a: Asfaloth|Moonblast|p1a: Empoleon
|-resisted|p1a: Empoleon
|-damage|p1a: Empoleon|83/100
|
|-heal|p1a: Empoleon|89/100|[from] item: Leftovers
|upkeep
|turn|15
|inactive|michaelgoalise has 90 seconds left.
|
|t:|1757952514
|switch|p2a: Arquillian Sentry|Metagross|71/100
|-damage|p2a: Arquillian Sentry|58/100|[from] Spikes
|move|p1a: Empoleon|Surf|p2a: Arquillian Sentry
|-damage|p2a: Arquillian Sentry|22/100
|
|-heal|p1a: Empoleon|95/100|[from] item: Leftovers
|upkeep
|turn|16
|inactive|michaelgoalise has 90 seconds left.
|
|t:|1757952534
|switch|p1a: Raging Bolt|Raging Bolt|100/100
|-damage|p1a: Raging Bolt|88/100|[from] Stealth Rock
|move|p2a: Arquillian Sentry|Explosion|p1a: Raging Bolt
|-damage|p1a: Raging Bolt|9/100
|faint|p2a: Arquillian Sentry
|
|-heal|p1a: Raging Bolt|15/100|[from] item: Leftovers
|upkeep
|
|t:|1757952545
|switch|p2a: Kumaryia|Great Tusk, shiny|97/100
|-damage|p2a: Kumaryia|85/100|[from] Spikes
|turn|17
|
|t:|1757952555
|move|p2a: Kumaryia|Rapid Spin|p1a: Raging Bolt
|-damage|p1a: Raging Bolt|0 fnt
|-boost|p2a: Kumaryia|spe|1
|-sideend|p2: Nikator98|Spikes|[from] move: Rapid Spin|[of] p2a: Kumaryia
|faint|p1a: Raging Bolt
|-end|p1a: Raging Bolt|Protosynthesis|[silent]
|
|upkeep
|
|t:|1757952574
|switch|p1a: Rillaboom|Rillaboom, M|100/100
|-damage|p1a: Rillaboom|88/100|[from] Stealth Rock
|-fieldstart|move: Grassy Terrain|[from] ability: Grassy Surge|[of] p1a: Rillaboom
|turn|18
|inactive|michaelgoalise has 60 seconds left.
|
|t:|1757952596
|-end|p2a: Kumaryia|Protosynthesis|[silent]
|switch|p2a: Asfaloth|Ninetales-Alola, F, shiny|73/100
|-weather|Snowscape|[from] ability: Snow Warning|[of] p2a: Asfaloth
|move|p1a: Rillaboom|Grassy Glide|p2a: Asfaloth
|-damage|p2a: Asfaloth|23/100
|
|-weather|Snowscape|[upkeep]
|-heal|p2a: Asfaloth|29/100|[from] Grassy Terrain
|-heal|p1a: Rillaboom|94/100|[from] Grassy Terrain
|upkeep
|turn|19
|
|t:|1757952609
|switch|p2a: Gothmog|Iron Moth|100/100
|-enditem|p2a: Gothmog|Booster Energy
|-activate|p2a: Gothmog|ability: Quark Drive|[fromitem]
|-start|p2a: Gothmog|quarkdrivespe
|move|p1a: Rillaboom|Grassy Glide|p2a: Gothmog
|-resisted|p2a: Gothmog
|-damage|p2a: Gothmog|80/100
|
|-weather|Snowscape|[upkeep]
|-heal|p2a: Gothmog|86/100|[from] Grassy Terrain
|-heal|p1a: Rillaboom|99/100|[from] Grassy Terrain
|upkeep
|turn|20
|
|t:|1757952621
|switch|p1a: Moltres|Moltres|50/100
|-damage|p1a: Moltres|0 fnt|[from] Stealth Rock
|faint|p1a: Moltres
|move|p2a: Gothmog|Fiery Dance|p1: Moltres|[notarget]
|-fail|p2a: Gothmog
|
|-weather|Snowscape|[upkeep]
|-heal|p2a: Gothmog|92/100|[from] Grassy Terrain
|upkeep
|
|t:|1757952624
|switch|p1a: Empoleon|Empoleon, F|95/100
|-damage|p1a: Empoleon|89/100|[from] Stealth Rock
|turn|21
|
|t:|1757952637
|-terastallize|p2a: Gothmog|Grass
|move|p2a: Gothmog|Substitute|p2a: Gothmog
|-start|p2a: Gothmog|Substitute
|-damage|p2a: Gothmog|68/100
|move|p1a: Empoleon|Surf|p2a: Gothmog
|-resisted|p2a: Gothmog
|-activate|p2a: Gothmog|move: Substitute|[damage]
|
|-weather|Snowscape|[upkeep]
|-heal|p2a: Gothmog|74/100|[from] Grassy Terrain
|-heal|p1a: Empoleon|95/100|[from] Grassy Terrain
|-heal|p1a: Empoleon|100/100|[from] item: Leftovers
|upkeep
|turn|22
|inactive|michaelgoalise has 60 seconds left.
|
|t:|1757952664
|move|p2a: Gothmog|Fiery Dance|p1a: Empoleon
|-damage|p1a: Empoleon|73/100
|move|p1a: Empoleon|Flash Cannon|p2a: Gothmog
|-end|p2a: Gothmog|Substitute
|
|-weather|none
|-heal|p2a: Gothmog|80/100|[from] Grassy Terrain
|-heal|p1a: Empoleon|79/100|[from] Grassy Terrain
|-heal|p1a: Empoleon|85/100|[from] item: Leftovers
|-fieldend|move: Grassy Terrain
|upkeep
|turn|23
|inactive|michaelgoalise has 60 seconds left.
|inactive|Nikator98 has 120 seconds left.
|
|t:|1757952703
|-end|p2a: Gothmog|Quark Drive|[silent]
|switch|p2a: Kumaryia|Great Tusk, shiny|100/100
|move|p1a: Empoleon|Flash Cannon|p2a: Kumaryia
|-damage|p2a: Kumaryia|34/100
|replace|p2a: Van Helsing|Zoroark-Hisui, M, shiny
|-end|p2a: Van Helsing|Illusion
|
|-heal|p1a: Empoleon|91/100|[from] item: Leftovers
|upkeep
|turn|24
|inactive|Nikator98 has 120 seconds left.
|
|t:|1757952720
|switch|p1a: Samurott|Samurott-Hisui, F|88/100
|-damage|p1a: Samurott|76/100|[from] Stealth Rock
|move|p2a: Van Helsing|Flamethrower|p1a: Samurott
|-resisted|p1a: Samurott
|-damage|p1a: Samurott|42/100
|
|upkeep
|turn|25
|inactive|Nikator98 has 120 seconds left.
|inactive|michaelgoalise has 30 seconds left.
|
|t:|1757952759
|switch|p2a: Asfaloth|Ninetales-Alola, F, shiny|29/100
|-weather|Snowscape|[from] ability: Snow Warning|[of] p2a: Asfaloth
|move|p1a: Samurott|Flip Turn|p2a: Asfaloth
|-damage|p2a: Asfaloth|5/100
|inactive|michaelgoalise has 30 seconds left this turn.
|
|t:|1757952765
|switch|p1a: Rillaboom|Rillaboom, M|99/100|[from] Flip Turn
|-damage|p1a: Rillaboom|88/100|[from] Stealth Rock
|-fieldstart|move: Grassy Terrain|[from] ability: Grassy Surge|[of] p1a: Rillaboom
|
|-weather|Snowscape|[upkeep]
|-heal|p2a: Asfaloth|11/100|[from] Grassy Terrain
|-heal|p1a: Rillaboom|94/100|[from] Grassy Terrain
|upkeep
|turn|26
|
|t:|1757952775
|move|p1a: Rillaboom|Grassy Glide|p2a: Asfaloth
|-damage|p2a: Asfaloth|0 fnt
|faint|p2a: Asfaloth
|
|-weather|Snowscape|[upkeep]
|-heal|p1a: Rillaboom|99/100|[from] Grassy Terrain
|upkeep
|
|t:|1757952782
|switch|p2a: Gothmog|Iron Moth, tera:Grass|80/100
|turn|27
|
|t:|1757952799
|switch|p1a: Empoleon|Empoleon, F|91/100
|-damage|p1a: Empoleon|85/100|[from] Stealth Rock
|move|p2a: Gothmog|Fiery Dance|p1a: Empoleon
|-damage|p1a: Empoleon|56/100
|-boost|p2a: Gothmog|spa|1
|
|-weather|Snowscape|[upkeep]
|-heal|p2a: Gothmog|86/100|[from] Grassy Terrain
|-heal|p1a: Empoleon|62/100|[from] Grassy Terrain
|-heal|p1a: Empoleon|69/100|[from] item: Leftovers
|upkeep
|turn|28
|
|t:|1757952812
|move|p2a: Gothmog|Energy Ball|p1a: Empoleon
|-damage|p1a: Empoleon|10/100
|move|p1a: Empoleon|Flash Cannon|p2a: Gothmog
|-damage|p2a: Gothmog|56/100
|
|-weather|Snowscape|[upkeep]
|-heal|p2a: Gothmog|62/100|[from] Grassy Terrain
|-heal|p1a: Empoleon|16/100|[from] Grassy Terrain
|-heal|p1a: Empoleon|23/100|[from] item: Leftovers
|upkeep
|turn|29
|
|t:|1757952820
|move|p2a: Gothmog|Fiery Dance|p1a: Empoleon
|-damage|p1a: Empoleon|0 fnt
|faint|p1a: Empoleon
|
|-weather|none
|-heal|p2a: Gothmog|68/100|[from] Grassy Terrain
|-fieldend|move: Grassy Terrain
|upkeep
|
|t:|1757952831
|switch|p1a: Samurott|Samurott-Hisui, F|42/100
|-damage|p1a: Samurott|29/100|[from] Stealth Rock
|turn|30
|inactive|michaelgoalise has 30 seconds left.
|
|t:|1757952856
|-terastallize|p1a: Samurott|Fighting
|move|p1a: Samurott|Sacred Sword|p2a: Gothmog
|-damage|p2a: Gothmog|0 fnt
|faint|p2a: Gothmog
|-end|p2a: Gothmog|Quark Drive|[silent]
|
|upkeep
|
|t:|1757952863
|switch|p2a: Kumaryia|Great Tusk, shiny|34/100
|turn|31
|
|t:|1757952869
|switch|p1a: Great Tusk|Great Tusk|38/100
|move|p2a: Kumaryia|Bitter Malice|p1a: Great Tusk
|-damage|p1a: Great Tusk|0 fnt
|faint|p1a: Great Tusk
|-end|p1a: Great Tusk|Protosynthesis|[silent]
|
|upkeep
|
|t:|1757952879
|switch|p1a: Rillaboom|Rillaboom, M|99/100
|-damage|p1a: Rillaboom|87/100|[from] Stealth Rock
|-fieldstart|move: Grassy Terrain|[from] ability: Grassy Surge|[of] p1a: Rillaboom
|turn|32
|inactive|michaelgoalise has 30 seconds left.
|
|t:|1757952902
|move|p2a: Kumaryia|Bitter Malice|p1a: Rillaboom
|-damage|p1a: Rillaboom|10/100
|-unboost|p1a: Rillaboom|atk|1
|move|p1a: Rillaboom|U-turn|p2a: Kumaryia
|-resisted|p2a: Kumaryia
|-damage|p2a: Kumaryia|9/100
|replace|p2a: Van Helsing|Zoroark-Hisui, M, shiny
|-end|p2a: Van Helsing|Illusion
|inactive|michaelgoalise has 30 seconds left.
|
|t:|1757952910
|switch|p1a: Samurott|Samurott-Hisui, F, tera:Fighting|29/100|[from] U-turn
|-damage|p1a: Samurott|23/100|[from] Stealth Rock
|
|-heal|p1a: Samurott|29/100|[from] Grassy Terrain
|-heal|p2a: Van Helsing|15/100|[from] Grassy Terrain
|upkeep
|turn|33
|
|t:|1757952924
|move|p1a: Samurott|Flip Turn|p2a: Van Helsing
|-crit|p2a: Van Helsing
|-damage|p2a: Van Helsing|0 fnt
|faint|p2a: Van Helsing
|inactive|michaelgoalise has 30 seconds left.
|
|t:|1757952937
|switch|p1a: Rillaboom|Rillaboom, M|10/100|[from] Flip Turn
|-damage|p1a: Rillaboom|0 fnt|[from] Stealth Rock
|faint|p1a: Rillaboom
|
|upkeep
|
|t:|1757952948
|switch|p2a: Lacelle|Haxorus, M|100/100
|switch|p1a: Samurott|Samurott-Hisui, F, tera:Fighting|29/100
|-damage|p1a: Samurott|23/100|[from] Stealth Rock
|-ability|p2a: Lacelle|Mold Breaker
|turn|34
|
|t:|1757952957
|move|p1a: Samurott|Sacred Sword|p2a: Lacelle
|-damage|p2a: Lacelle|22/100
|move|p2a: Lacelle|Close Combat|p1a: Samurott
|-damage|p1a: Samurott|0 fnt
|-unboost|p2a: Lacelle|def|1
|-unboost|p2a: Lacelle|spd|1
|faint|p1a: Samurott
|
|win|Nikator98
|raw|michaelgoalise's rating: 1606 &rarr; <strong>1584</strong><br />(-22 for losing)
|raw|Nikator98's rating: 1579 &rarr; <strong>1601</strong><br />(+22 for winning)
|l|☆michaelgoalise
|player|p1|
