|j|☆trisew
|j|☆EpiclyRefrigerator
|t:|1757931681
|gametype|singles
|player|p1|trisew|170|1322
|player|p2|EpiclyRefrigerator|giovanni|1321
|gen|9
|tier|[Gen 9] OU
|rated|
|rule|HP Percentage Mod: HP is shown in percentages
|rule|Endless Battle Clause: Forcing endless battles is banned
|rule|Species Clause: Limit one of each Pokémon
|rule|OHKO Clause: OHKO moves are banned
|rule|Evasion Items Clause: Evasion items are banned
|rule|Evasion Moves Clause: Evasion moves are banned
|rule|Evasion Abilities Clause: Evasion abilities are banned
|rule|Sleep Moves Clause: Sleep-inducing moves are banned
|clearpoke
|poke|p1|Kleavor, M|
|poke|p1|Brambleghast, F|
|poke|p1|Moltres|
|poke|p1|Mamoswine, F|
|poke|p1|Pecharunt|
|poke|p1|Kingambit, F|
|poke|p2|Hydrapple, F|
|poke|p2|Ceruledge, F|
|poke|p2|Corviknight, F|
|poke|p2|Clefable, M|
|poke|p2|Great Tusk|
|poke|p2|Dragapult, M|
|teampreview
|inactive|Battle timer is ON: inactive players will automatically lose when time's up. (requested by trisew)
|
|t:|1757931693
|teamsize|p1|6
|teamsize|p2|6
|start
|switch|p1a: Kleavor|Kleavor, M|100/100
|switch|p2a: Dragapult|Dragapult, M|100/100
|turn|1
|
|t:|1757931701
|move|p2a: Dragapult|Will-O-Wisp|p1a: Kleavor
|-status|p1a: Kleavor|brn
|move|p1a: Kleavor|Tailwind|p1a: Kleavor
|-sidestart|p1: trisew|move: Tailwind
|
|-damage|p1a: Kleavor|94/100 brn|[from] brn
|upkeep
|turn|2
|
|t:|1757931721
|move|p1a: Kleavor|Stone Axe|p2a: Dragapult
|-damage|p2a: Dragapult|64/100
|-sidestart|p2: EpiclyRefrigerator|move: Stealth Rock
|move|p2a: Dragapult|Hex|p1a: Kleavor
|-damage|p1a: Kleavor|10/100 brn
|
|-damage|p1a: Kleavor|4/100 brn|[from] brn
|upkeep
|turn|3
|
|t:|1757931736
|move|p1a: Kleavor|Stone Axe|p2a: Dragapult
|-damage|p2a: Dragapult|28/100
|move|p2a: Dragapult|U-turn|p1a: Kleavor
|-damage|p1a: Kleavor|0 fnt
|faint|p1a: Kleavor
|
|t:|1757931744
|switch|p2a: Clefable|Clefable, M|100/100|[from] U-turn
|
|upkeep
|
|t:|1757931758
|switch|p1a: Pecharunt|Pecharunt|100/100
|-item|p1a: Pecharunt|Air Balloon
|turn|4
|
|t:|1757931778
|switch|p2a: Corviknight|Corviknight, F|100/100
|-damage|p2a: Corviknight|88/100|[from] Stealth Rock
|-ability|p2a: Corviknight|Pressure
|move|p1a: Pecharunt|Nasty Plot|p1a: Pecharunt
|-boost|p1a: Pecharunt|spa|2
|
|-heal|p2a: Corviknight|94/100|[from] item: Leftovers
|-sideend|p1: trisew|move: Tailwind
|upkeep
|turn|5
|
|t:|1757931792
|move|p1a: Pecharunt|Shadow Ball|p2a: Corviknight
|-damage|p2a: Corviknight|29/100
|move|p2a: Corviknight|Brave Bird|p1a: Pecharunt
|-damage|p1a: Pecharunt|73/100
|-enditem|p1a: Pecharunt|Air Balloon
|-damage|p2a: Corviknight|21/100|[from] Recoil
|
|-heal|p2a: Corviknight|27/100|[from] item: Leftovers
|upkeep
|turn|6
|inactive|EpiclyRefrigerator has 120 seconds left.
|
|t:|1757931828
|switch|p2a: Dragapult|Dragapult, M|28/100
|move|p1a: Pecharunt|Shadow Ball|p2a: Dragapult
|-supereffective|p2a: Dragapult
|-damage|p2a: Dragapult|0 fnt
|faint|p2a: Dragapult
|
|upkeep
|
|t:|1757931830
|switch|p2a: Great Tusk|Great Tusk|100/100
|-damage|p2a: Great Tusk|98/100|[from] Stealth Rock
|turn|7
|inactive|EpiclyRefrigerator has 120 seconds left.
|
|t:|1757931846
|-terastallize|p1a: Pecharunt|Fighting
|move|p1a: Pecharunt|Shadow Ball|p2a: Great Tusk
|-damage|p2a: Great Tusk|15/100
|move|p2a: Great Tusk|Rapid Spin|p1a: Pecharunt
|-damage|p1a: Pecharunt|62/100
|-boost|p2a: Great Tusk|spe|1
|-sideend|p2: EpiclyRefrigerator|Stealth Rock|[from] move: Rapid Spin|[of] p2a: Great Tusk
|
|upkeep
|turn|8
|inactive|EpiclyRefrigerator has 120 seconds left.
|
|t:|1757931857
|move|p2a: Great Tusk|Headlong Rush|p1a: Pecharunt
|-crit|p1a: Pecharunt
|-damage|p1a: Pecharunt|3/100
|-unboost|p2a: Great Tusk|def|1
|-unboost|p2a: Great Tusk|spd|1
|move|p1a: Pecharunt|Shadow Ball|p2a: Great Tusk
|-damage|p2a: Great Tusk|0 fnt
|faint|p2a: Great Tusk
|-end|p2a: Great Tusk|Protosynthesis|[silent]
|
|upkeep
|inactive|EpiclyRefrigerator has 120 seconds left.
|
|t:|1757931865
|switch|p2a: Ceruledge|Ceruledge, F|100/100
|turn|9
|
|t:|1757931869
|move|p2a: Ceruledge|Shadow Sneak|p1a: Pecharunt
|-damage|p1a: Pecharunt|0 fnt
|faint|p1a: Pecharunt
|
|upkeep
|
|t:|1757931891
|switch|p1a: Brambleghast|Brambleghast, F|100/100
|turn|10
|inactive|EpiclyRefrigerator has 120 seconds left.
|
|t:|1757931940
|move|p1a: Brambleghast|Poltergeist|p2a: Ceruledge
|-activate|p2a: Ceruledge|move: Poltergeist|Covert Cloak
|-supereffective|p2a: Ceruledge
|-damage|p2a: Ceruledge|0 fnt
|faint|p2a: Ceruledge
|-damage|p1a: Brambleghast|91/100|[from] item: Life Orb
|
|upkeep
|
|t:|1757931953
|switch|p2a: Corviknight|Corviknight, F|27/100
|-ability|p2a: Corviknight|Pressure
|turn|11
|
|t:|1757931956
|move|p1a: Brambleghast|Poltergeist|p2a: Corviknight
|-activate|p2a: Corviknight|move: Poltergeist|Leftovers
|-damage|p2a: Corviknight|0 fnt
|faint|p2a: Corviknight
|-damage|p1a: Brambleghast|81/100|[from] item: Life Orb
|
|upkeep
|
|t:|1757931958
|switch|p2a: Hydrapple|Hydrapple, F|100/100
|turn|12
|
|t:|1757931969
|move|p1a: Brambleghast|Poltergeist|p2a: Hydrapple
|-activate|p2a: Hydrapple|move: Poltergeist|Heavy-Duty Boots
|-crit|p2a: Hydrapple
|-damage|p2a: Hydrapple|40/100
|-damage|p1a: Brambleghast|71/100|[from] item: Life Orb
|move|p2a: Hydrapple|Fickle Beam|p1a: Brambleghast|[anim] Fickle Beam All Out
|-activate|p2a: Hydrapple|move: Fickle Beam
|-damage|p1a: Brambleghast|0 fnt
|faint|p1a: Brambleghast
|
|upkeep
|-message|EpiclyRefrigerator forfeited.
|
|win|trisew
|raw|trisew's rating: 1322 &rarr; <strong>1342</strong><br />(+20 for winning)
|raw|EpiclyRefrigerator's rating: 1321 &rarr; <strong>1301</strong><br />(-20 for losing)
|l|☆EpiclyRefrigerator
|player|p2|
|l|☆trisew
|player|p1|
