|j|☆THESWIMMER974
|j|☆capitolg
|t:|1757930280
|gametype|singles
|player|p1|THESWIMMER974|swimmer|1251
|player|p2|capitolg|bellelba|1222
|gen|9
|tier|[Gen 9] OU
|rated|
|rule|HP Percentage Mod: HP is shown in percentages
|rule|Endless Battle Clause: Forcing endless battles is banned
|rule|Species Clause: Limit one of each Pokémon
|rule|OHKO Clause: OHKO moves are banned
|rule|Evasion Items Clause: Evasion items are banned
|rule|Evasion Moves Clause: Evasion moves are banned
|rule|Evasion Abilities Clause: Evasion abilities are banned
|rule|Sleep Moves Clause: Sleep-inducing moves are banned
|clearpoke
|poke|p1|Great Tusk|
|poke|p1|Gholdengo|
|poke|p1|Dragonite, F|
|poke|p1|Kyurem|
|poke|p1|Ogerpon-Wellspring, F|
|poke|p1|Kingambit, M|
|poke|p2|Vikavolt, F|
|poke|p2|Articuno-Galar|
|poke|p2|Smeargle, M|
|poke|p2|Empoleon, M|
|poke|p2|Passimian, M|
|poke|p2|Dusknoir, M|
|teampreview
|inactive|Battle timer is ON: inactive players will automatically lose when time's up. (requested by THESWIMMER974)
|
|t:|1757930299
|teamsize|p1|6
|teamsize|p2|6
|start
|switch|p1a: Kyurem|Kyurem|100/100
|switch|p2a: Vikavolt|Vikavolt, F|100/100
|-ability|p1a: Kyurem|Pressure
|turn|1
|
|t:|1757930306
|move|p1a: Kyurem|Draco Meteor|p2a: Vikavolt
|-enditem|p2a: Vikavolt|Focus Sash
|-damage|p2a: Vikavolt|1/100
|-unboost|p1a: Kyurem|spa|2
|move|p2a: Vikavolt|Sticky Web|p1a: Kyurem
|-sidestart|p1: THESWIMMER974|move: Sticky Web
|
|upkeep
|turn|2
|
|t:|1757930314
|move|p1a: Kyurem|Draco Meteor|p2a: Vikavolt
|-damage|p2a: Vikavolt|0 fnt
|-unboost|p1a: Kyurem|spa|2
|faint|p2a: Vikavolt
|
|upkeep
|
|t:|1757930318
|switch|p2a: Smeargle|Smeargle, M|100/100
|turn|3
|
|t:|1757930325
|switch|p1a: Gholdengo|Gholdengo|100/100
|-item|p1a: Gholdengo|Air Balloon
|move|p2a: Smeargle|Trick Room|p2a: Smeargle
|-fieldstart|move: Trick Room|[of] p2a: Smeargle
|
|upkeep
|turn|4
|
|t:|1757930333
|move|p2a: Smeargle|Court Change|p2a: Smeargle
|-swapsideconditions
|-activate|p2a: Smeargle|move: Court Change
|move|p1a: Gholdengo|Nasty Plot|p1a: Gholdengo
|-boost|p1a: Gholdengo|spa|2
|
|upkeep
|turn|5
|
|t:|1757930341
|move|p2a: Smeargle|Taunt|p1a: Gholdengo
|-immune|p1a: Gholdengo|[from] ability: Good as Gold
|move|p1a: Gholdengo|Make It Rain|p2a: Smeargle
|-enditem|p2a: Smeargle|Focus Sash
|-damage|p2a: Smeargle|1/100
|-unboost|p1a: Gholdengo|spa|1
|
|upkeep
|turn|6
|
|t:|1757930350
|move|p2a: Smeargle|Taunt|p1a: Gholdengo
|-immune|p1a: Gholdengo|[from] ability: Good as Gold
|move|p1a: Gholdengo|Make It Rain|p2a: Smeargle
|-crit|p2a: Smeargle
|-damage|p2a: Smeargle|0 fnt
|-unboost|p1a: Gholdengo|spa|1
|faint|p2a: Smeargle
|
|upkeep
|
|t:|1757930354
|switch|p2a: Dusknoir|Dusknoir, M|100/100
|-activate|p2a: Dusknoir|move: Sticky Web
|-unboost|p2a: Dusknoir|spe|1
|-item|p1a: Gholdengo|Air Balloon|[from] ability: Frisk|[of] p2a: Dusknoir
|turn|7
|
|t:|1757930368
|move|p2a: Dusknoir|Poltergeist|p1a: Gholdengo
|-activate|p1a: Gholdengo|move: Poltergeist|Air Balloon
|-supereffective|p1a: Gholdengo
|-damage|p1a: Gholdengo|4/100
|-enditem|p1a: Gholdengo|Air Balloon
|move|p1a: Gholdengo|Shadow Ball|p2a: Dusknoir
|-supereffective|p2a: Dusknoir
|-damage|p2a: Dusknoir|0 fnt
|faint|p2a: Dusknoir
|
|-fieldend|move: Trick Room
|upkeep
|
|t:|1757930376
|switch|p2a: Empoleon|Empoleon, M|100/100
|-activate|p2a: Empoleon|move: Sticky Web
|-unboost|p2a: Empoleon|spe|1
|-ability|p2a: Empoleon|Competitive|boost
|-boost|p2a: Empoleon|spa|2
|turn|8
|
|t:|1757930385
|move|p1a: Gholdengo|Shadow Ball|p2a: Empoleon
|-damage|p2a: Empoleon|74/100
|move|p2a: Empoleon|Air Slash|p1a: Gholdengo
|-resisted|p1a: Gholdengo
|-damage|p1a: Gholdengo|0 fnt
|faint|p1a: Gholdengo
|
|upkeep
|
|t:|1757930393
|switch|p1a: Ogerpon|Ogerpon-Wellspring, F|100/100
|turn|9
|
|t:|1757930397
|move|p1a: Ogerpon|Horn Leech|p2a: Empoleon
|-damage|p2a: Empoleon|30/100
|move|p2a: Empoleon|Air Slash|p1a: Ogerpon
|-supereffective|p1a: Ogerpon
|-damage|p1a: Ogerpon|0 fnt
|faint|p1a: Ogerpon
|
|upkeep
|
|t:|1757930405
|switch|p1a: Great Tusk|Great Tusk|100/100
|-enditem|p1a: Great Tusk|Booster Energy
|-activate|p1a: Great Tusk|ability: Protosynthesis|[fromitem]
|-start|p1a: Great Tusk|protosynthesisatk
|turn|10
|
|t:|1757930414
|move|p1a: Great Tusk|Close Combat|p2a: Empoleon
|-supereffective|p2a: Empoleon
|-damage|p2a: Empoleon|0 fnt
|-unboost|p1a: Great Tusk|def|1
|-unboost|p1a: Great Tusk|spd|1
|faint|p2a: Empoleon
|
|upkeep
|
|t:|1757930419
|switch|p2a: Articuno|Articuno-Galar|100/100
|-activate|p2a: Articuno|move: Sticky Web
|-unboost|p2a: Articuno|spe|1
|-ability|p2a: Articuno|Competitive|boost
|-boost|p2a: Articuno|spa|2
|turn|11
|
|t:|1757930426
|move|p1a: Great Tusk|Knock Off|p2a: Articuno
|-supereffective|p2a: Articuno
|-damage|p2a: Articuno|7/100
|-enditem|p2a: Articuno|Iron Ball|[from] move: Knock Off|[of] p1a: Great Tusk
|move|p2a: Articuno|Trick Room|p2a: Articuno
|-fieldstart|move: Trick Room|[of] p2a: Articuno
|
|upkeep
|turn|12
|
|t:|1757930435
|move|p2a: Articuno|Freezing Glare|p1a: Great Tusk
|-supereffective|p1a: Great Tusk
|-damage|p1a: Great Tusk|0 fnt
|faint|p1a: Great Tusk
|-end|p1a: Great Tusk|Protosynthesis|[silent]
|
|upkeep
|
|t:|1757930440
|switch|p1a: Kyurem|Kyurem|100/100
|-ability|p1a: Kyurem|Pressure
|turn|13
|
|t:|1757930451
|move|p2a: Articuno|Freezing Glare|p1a: Kyurem
|-damage|p1a: Kyurem|9/100
|move|p1a: Kyurem|Ice Beam|p2a: Articuno
|-supereffective|p2a: Articuno
|-damage|p2a: Articuno|0 fnt
|faint|p2a: Articuno
|
|upkeep
|
|t:|1757930453
|switch|p2a: Passimian|Passimian, M|100/100
|-activate|p2a: Passimian|move: Sticky Web
|-unboost|p2a: Passimian|spe|1
|-ability|p2a: Passimian|Defiant|boost
|-boost|p2a: Passimian|atk|2
|turn|14
|
|t:|1757930464
|move|p2a: Passimian|Drain Punch|p1a: Kyurem
|-supereffective|p1a: Kyurem
|-damage|p1a: Kyurem|0 fnt
|faint|p1a: Kyurem
|
|upkeep
|
|t:|1757930472
|switch|p1a: Dragonite|Dragonite, F|100/100
|turn|15
|
|t:|1757930484
|move|p2a: Passimian|Facade|p1a: Dragonite
|-damage|p1a: Dragonite|74/100
|move|p1a: Dragonite|Earthquake|p2a: Passimian
|-damage|p2a: Passimian|67/100
|
|-fieldend|move: Trick Room
|upkeep
|turn|16
|
|t:|1757930492
|move|p1a: Dragonite|Earthquake|p2a: Passimian
|-damage|p2a: Passimian|37/100
|-enditem|p2a: Passimian|Sitrus Berry|[eat]
|-heal|p2a: Passimian|62/100|[from] item: Sitrus Berry
|move|p2a: Passimian|Facade|p1a: Dragonite
|-damage|p1a: Dragonite|25/100
|
|upkeep
|turn|17
|
|t:|1757930500
|move|p1a: Dragonite|Earthquake|p2a: Passimian
|-damage|p2a: Passimian|31/100
|move|p2a: Passimian|Facade|p1a: Dragonite
|-damage|p1a: Dragonite|0 fnt
|faint|p1a: Dragonite
|
|upkeep
|
|t:|1757930507
|switch|p1a: Kingambit|Kingambit, M|100/100
|-activate|p1a: Kingambit|ability: Supreme Overlord
|-start|p1a: Kingambit|fallen5|[silent]
|turn|18
|
|t:|1757930516
|-terastallize|p1a: Kingambit|Dark
|move|p1a: Kingambit|Sucker Punch|p2a: Passimian
|-resisted|p2a: Passimian
|-damage|p2a: Passimian|0 fnt
|faint|p2a: Passimian
|
|win|THESWIMMER974
|raw|THESWIMMER974's rating: 1251 &rarr; <strong>1274</strong><br />(+23 for winning)
|raw|capitolg's rating: 1222 &rarr; <strong>1199</strong><br />(-23 for losing)
|l|☆capitolg
|player|p2|
|l|☆THESWIMMER974
|player|p1|
