|j|☆Fachemaispasfacho
|j|☆Dismaqe
|t:|1757931760
|gametype|singles
|player|p1|Fachemaispasfacho|backpacker|1312
|player|p2|Dismaqe|furisodegirl-black|1314
|gen|9
|tier|[Gen 9] OU
|rated|
|rule|HP Percentage Mod: HP is shown in percentages
|rule|Endless Battle Clause: Forcing endless battles is banned
|rule|Species Clause: Limit one of each Pokémon
|rule|OHKO Clause: OHKO moves are banned
|rule|Evasion Items Clause: Evasion items are banned
|rule|Evasion Moves Clause: Evasion moves are banned
|rule|Evasion Abilities Clause: Evasion abilities are banned
|rule|Sleep Moves Clause: Sleep-inducing moves are banned
|clearpoke
|poke|p1|Basculegion, M|
|poke|p1|Kyurem|
|poke|p1|Zapdos|
|poke|p1|Pelipper, M|
|poke|p1|Iron Treads|
|poke|p1|Samurott-Hisui, M|
|poke|p2|Skarmory, M|
|poke|p2|Zamazenta-*|
|poke|p2|Slowking-Galar, M|
|poke|p2|Hydreigon, M|
|poke|p2|Ting-Lu|
|poke|p2|Ogerpon, F|
|teampreview
|inactive|Battle timer is ON: inactive players will automatically lose when time's up. (requested by Dismaqe)
|
|t:|1757931777
|teamsize|p1|6
|teamsize|p2|6
|start
|switch|p1a: WingedRat|Pelipper, M|100/100
|switch|p2a: Ogerpon|Ogerpon, F|100/100
|-weather|RainDance|[from] ability: Drizzle|[of] p1a: WingedRat
|turn|1
|
|t:|1757931794
|switch|p2a: Ting-Lu|Ting-Lu|100/100
|-ability|p2a: Ting-Lu|Vessel of Ruin
|move|p1a: WingedRat|Hurricane|p2a: Ting-Lu
|-damage|p2a: Ting-Lu|86/100
|-start|p2a: Ting-Lu|confusion
|
|-weather|RainDance|[upkeep]
|upkeep
|turn|2
|
|t:|1757931797
|-activate|p2a: Ting-Lu|confusion
|-damage|p2a: Ting-Lu|80/100|[from] confusion
|move|p1a: WingedRat|U-turn|p2a: Ting-Lu
|-supereffective|p2a: Ting-Lu
|-damage|p2a: Ting-Lu|70/100
|
|t:|1757931809
|switch|p1a: Scarface|Basculegion, M|100/100|[from] U-turn
|
|-weather|RainDance|[upkeep]
|upkeep
|turn|3
|
|t:|1757931816
|switch|p2a: Skarmory|Skarmory, M, shiny|100/100
|move|p1a: Scarface|Flip Turn|p2a: Skarmory
|-damage|p2a: Skarmory|65/100
|-damage|p1a: Scarface|84/100|[from] item: Rocky Helmet|[of] p2a: Skarmory
|
|t:|1757931822
|switch|p1a: BigBird|Zapdos|100/100|[from] Flip Turn
|
|-weather|RainDance|[upkeep]
|upkeep
|turn|4
|
|t:|1757931827
|switch|p2a: Ting-Lu|Ting-Lu|70/100
|-ability|p2a: Ting-Lu|Vessel of Ruin
|move|p1a: BigBird|Hurricane|p2a: Ting-Lu
|-damage|p2a: Ting-Lu|52/100
|-start|p2a: Ting-Lu|confusion
|
|-weather|RainDance|[upkeep]
|upkeep
|turn|5
|
|t:|1757931835
|switch|p2a: Slowking|Slowking-Galar, M|100/100
|move|p1a: BigBird|U-turn|p2a: Slowking
|-damage|p2a: Slowking|85/100
|
|t:|1757931838
|switch|p1a: Dauntless|Samurott-Hisui, M|100/100|[from] U-turn
|
|-weather|RainDance|[upkeep]
|upkeep
|turn|6
|
|t:|1757931844
|move|p1a: Dauntless|Ceaseless Edge|p2a: Slowking
|-supereffective|p2a: Slowking
|-damage|p2a: Slowking|0 fnt
|-sidestart|p2: Dismaqe|Spikes
|faint|p2a: Slowking
|
|-weather|RainDance|[upkeep]
|upkeep
|
|t:|1757931850
|switch|p2a: Zamazenta|Zamazenta|100/100
|-ability|p2a: Zamazenta|Dauntless Shield|boost
|-boost|p2a: Zamazenta|def|1
|turn|7
|
|t:|1757931857
|switch|p1a: BigBird|Zapdos|100/100
|move|p2a: Zamazenta|Close Combat|p1a: BigBird
|-resisted|p1a: BigBird
|-damage|p1a: BigBird|78/100
|-unboost|p2a: Zamazenta|def|1
|-unboost|p2a: Zamazenta|spd|1
|
|-weather|RainDance|[upkeep]
|upkeep
|turn|8
|
|t:|1757931866
|switch|p2a: Ting-Lu|Ting-Lu|52/100
|-damage|p2a: Ting-Lu|40/100|[from] Spikes
|-ability|p2a: Ting-Lu|Vessel of Ruin
|move|p1a: BigBird|Hurricane|p2a: Ting-Lu
|-crit|p2a: Ting-Lu
|-damage|p2a: Ting-Lu|10/100
|
|-weather|none
|upkeep
|turn|9
|
|t:|1757931872
|move|p1a: BigBird|Hurricane|p2a: Ting-Lu
|-damage|p2a: Ting-Lu|0 fnt
|faint|p2a: Ting-Lu
|
|upkeep
|
|t:|1757931876
|switch|p2a: Hydreigon|Hydreigon, M|100/100
|turn|10
|
|t:|1757931882
|switch|p1a: WingedRat|Pelipper, M|100/100
|-weather|RainDance|[from] ability: Drizzle|[of] p1a: WingedRat
|move|p2a: Hydreigon|Substitute|p2a: Hydreigon
|-start|p2a: Hydreigon|Substitute
|-damage|p2a: Hydreigon|76/100
|
|-weather|RainDance|[upkeep]
|-heal|p2a: Hydreigon|82/100|[from] item: Leftovers
|upkeep
|turn|11
|
|t:|1757931887
|move|p2a: Hydreigon|Nasty Plot|p2a: Hydreigon
|-boost|p2a: Hydreigon|spa|2
|move|p1a: WingedRat|U-turn|p2a: Hydreigon
|-supereffective|p2a: Hydreigon
|-activate|p2a: Hydreigon|move: Substitute|[damage]
|
|t:|1757931893
|switch|p1a: Scarface|Basculegion, M|84/100|[from] U-turn
|
|-weather|RainDance|[upkeep]
|-heal|p2a: Hydreigon|88/100|[from] item: Leftovers
|upkeep
|turn|12
|
|t:|1757931898
|move|p1a: Scarface|Flip Turn|p2a: Hydreigon
|-resisted|p2a: Hydreigon
|-end|p2a: Hydreigon|Substitute
|
|t:|1757931903
|switch|p1a: Dauntless|Samurott-Hisui, M|100/100|[from] Flip Turn
|move|p2a: Hydreigon|Draco Meteor|p1a: Dauntless
|-damage|p1a: Dauntless|0 fnt
|-unboost|p2a: Hydreigon|spa|2
|faint|p1a: Dauntless
|
|-weather|RainDance|[upkeep]
|-heal|p2a: Hydreigon|94/100|[from] item: Leftovers
|upkeep
|
|t:|1757931920
|switch|p1a: Scarface|Basculegion, M|84/100
|turn|13
|
|t:|1757931927
|move|p1a: Scarface|Wave Crash|p2a: Hydreigon
|-resisted|p2a: Hydreigon
|-damage|p2a: Hydreigon|24/100
|-damage|p1a: Scarface|64/100|[from] Recoil
|move|p2a: Hydreigon|Draco Meteor|p1a: Scarface
|-damage|p1a: Scarface|0 fnt
|-unboost|p2a: Hydreigon|spa|2
|faint|p1a: Scarface
|
|-weather|RainDance|[upkeep]
|-heal|p2a: Hydreigon|31/100|[from] item: Leftovers
|upkeep
|
|t:|1757931935
|switch|p1a: Shimo|Kyurem|100/100
|-ability|p1a: Shimo|Pressure
|turn|14
|
|t:|1757931950
|move|p2a: Hydreigon|Draco Meteor|p1a: Shimo
|-supereffective|p1a: Shimo
|-damage|p1a: Shimo|33/100
|-unboost|p2a: Hydreigon|spa|2
|move|p1a: Shimo|Dragon Dance|p1a: Shimo
|-boost|p1a: Shimo|atk|1
|-boost|p1a: Shimo|spe|1
|
|-weather|RainDance|[upkeep]
|-heal|p2a: Hydreigon|37/100|[from] item: Leftovers
|upkeep
|turn|15
|
|t:|1757931955
|move|p1a: Shimo|Icicle Spear|p2a: Hydreigon
|-supereffective|p2a: Hydreigon
|-damage|p2a: Hydreigon|0 fnt
|faint|p2a: Hydreigon
|-hitcount|p2: Hydreigon|1
|
|-weather|RainDance|[upkeep]
|upkeep
|
|t:|1757931960
|switch|p2a: Zamazenta|Zamazenta|100/100
|turn|16
|
|t:|1757931969
|move|p1a: Shimo|Freeze-Dry|p2a: Zamazenta
|-damage|p2a: Zamazenta|66/100
|move|p2a: Zamazenta|Stone Edge|p1a: Shimo
|-supereffective|p1a: Shimo
|-damage|p1a: Shimo|0 fnt
|faint|p1a: Shimo
|
|-weather|RainDance|[upkeep]
|upkeep
|
|t:|1757931972
|switch|p1a: BigBird|Zapdos|78/100
|turn|17
|
|t:|1757931976
|move|p2a: Zamazenta|Stone Edge|p1a: BigBird
|-supereffective|p1a: BigBird
|-damage|p1a: BigBird|31/100
|move|p1a: BigBird|Hurricane|p2a: Zamazenta
|-supereffective|p2a: Zamazenta
|-crit|p2a: Zamazenta
|-damage|p2a: Zamazenta|0 fnt
|faint|p2a: Zamazenta
|
|-weather|none
|upkeep
|
|t:|1757931989
|switch|p2a: Ogerpon|Ogerpon, F|100/100
|turn|18
|
|t:|1757932018
|switch|p2a: Skarmory|Skarmory, M, shiny|65/100
|switch|p1a: Droideka|Iron Treads|100/100
|
|upkeep
|turn|19
|
|t:|1757932028
|move|p1a: Droideka|Volt Switch|p2a: Skarmory
|-supereffective|p2a: Skarmory
|-damage|p2a: Skarmory|29/100
|
|t:|1757932031
|-end|p1a: Droideka|Quark Drive|[silent]
|switch|p1a: WingedRat|Pelipper, M|100/100|[from] Volt Switch
|-weather|RainDance|[from] ability: Drizzle|[of] p1a: WingedRat
|move|p2a: Skarmory|Body Press|p1a: WingedRat
|-resisted|p1a: WingedRat
|-damage|p1a: WingedRat|83/100
|
|-weather|RainDance|[upkeep]
|upkeep
|turn|20
|
|t:|1757932040
|move|p2a: Skarmory|Roost|p2a: Skarmory
|-heal|p2a: Skarmory|79/100
|-singleturn|p2a: Skarmory|move: Roost
|move|p1a: WingedRat|Hurricane|p2a: Skarmory
|-resisted|p2a: Skarmory
|-damage|p2a: Skarmory|53/100
|-start|p2a: Skarmory|confusion
|
|-weather|RainDance|[upkeep]
|upkeep
|turn|21
|
|t:|1757932044
|switch|p1a: BigBird|Zapdos|31/100
|-activate|p2a: Skarmory|confusion
|-damage|p2a: Skarmory|50/100|[from] confusion
|
|-weather|RainDance|[upkeep]
|upkeep
|turn|22
|
|t:|1757932047
|move|p1a: BigBird|Roost|p1a: BigBird
|-heal|p1a: BigBird|81/100
|-singleturn|p1a: BigBird|move: Roost
|-activate|p2a: Skarmory|confusion
|move|p2a: Skarmory|Roost|p2a: Skarmory
|-heal|p2a: Skarmory|99/100
|-singleturn|p2a: Skarmory|move: Roost
|
|-weather|RainDance|[upkeep]
|upkeep
|turn|23
|
|t:|1757932053
|move|p1a: BigBird|Thunder|p2a: Skarmory
|-supereffective|p2a: Skarmory
|-damage|p2a: Skarmory|0 fnt
|faint|p2a: Skarmory
|
|-weather|RainDance|[upkeep]
|upkeep
|
|t:|1757932058
|switch|p2a: Ogerpon|Ogerpon, F|100/100
|turn|24
|
|t:|1757932062
|-terastallize|p2a: Ogerpon|Grass
|detailschange|p2a: Ogerpon|Ogerpon-Teal-Tera, F, tera:Grass
|-ability|p2a: Ogerpon|Embody Aspect (Teal)|boost
|-boost|p2a: Ogerpon|spe|1
|move|p2a: Ogerpon|Encore|p1a: BigBird
|-start|p1a: BigBird|Encore
|move|p1a: BigBird|Thunder|p2a: Ogerpon
|-resisted|p2a: Ogerpon
|-damage|p2a: Ogerpon|73/100
|
|-weather|RainDance|[upkeep]
|upkeep
|turn|25
|
|t:|1757932071
|switch|p1a: Droideka|Iron Treads|100/100
|move|p2a: Ogerpon|Swords Dance|p2a: Ogerpon
|-boost|p2a: Ogerpon|atk|2
|
|-weather|RainDance|[upkeep]
|upkeep
|turn|26
|
|t:|1757932075
|move|p2a: Ogerpon|Swords Dance|p2a: Ogerpon
|-boost|p2a: Ogerpon|atk|2
|move|p1a: Droideka|Earthquake|p2a: Ogerpon
|-resisted|p2a: Ogerpon
|-damage|p2a: Ogerpon|47/100
|
|-weather|none
|upkeep
|turn|27
|
|t:|1757932081
|move|p2a: Ogerpon|Ivy Cudgel|p1a: Droideka
|-damage|p1a: Droideka|0 fnt
|faint|p1a: Droideka
|-end|p1a: Droideka|Quark Drive|[silent]
|
|upkeep
|
|t:|1757932085
|switch|p1a: WingedRat|Pelipper, M|83/100
|-weather|RainDance|[from] ability: Drizzle|[of] p1a: WingedRat
|turn|28
|
|t:|1757932091
|-terastallize|p1a: WingedRat|Poison
|move|p2a: Ogerpon|Ivy Cudgel|p1a: WingedRat
|-resisted|p1a: WingedRat
|-damage|p1a: WingedRat|0 fnt
|faint|p1a: WingedRat
|
|-weather|RainDance|[upkeep]
|upkeep
|
|t:|1757932096
|switch|p1a: BigBird|Zapdos|81/100
|turn|29
|c|☆Fachemaispasfacho|gg
|inactive|Dismaqe has 120 seconds left.
|inactive|Dismaqe has 90 seconds left.
|inactive|Dismaqe has 60 seconds left.
|inactive|Dismaqe has 30 seconds left.
|
|t:|1757932223
|move|p2a: Ogerpon|Knock Off|p1a: BigBird
|-damage|p1a: BigBird|16/100
|-status|p2a: Ogerpon|par|[from] ability: Static|[of] p1a: BigBird
|-enditem|p1a: BigBird|Heavy-Duty Boots|[from] move: Knock Off|[of] p2a: Ogerpon
|move|p1a: BigBird|Hurricane|p2a: Ogerpon
|-supereffective|p2a: Ogerpon
|-damage|p2a: Ogerpon|0 fnt
|faint|p2a: Ogerpon
|detailschange|p2: Ogerpon|Ogerpon, F|[silent]
|
|win|Fachemaispasfacho
|raw|Fachemaispasfacho's rating: 1312 &rarr; <strong>1332</strong><br />(+20 for winning)
|raw|Dismaqe's rating: 1314 &rarr; <strong>1294</strong><br />(-20 for losing)
|c|☆Fachemaispasfacho|???
|l|☆Dismaqe
|player|p2|
|c|☆Fachemaispasfacho|Why not Ivy Cudgel?
|l|☆Fachemaispasfacho
|player|p1|
