|j|☆2dixjohnson
|j|☆mappy621
|t:|1757797626
|gametype|singles
|player|p1|2dixjohnson|bertha|1326
|player|p2|mappy621|2|1295
|gen|9
|tier|[Gen 9] OU
|rated|
|rule|HP Percentage Mod: HP is shown in percentages
|rule|Endless Battle Clause: Forcing endless battles is banned
|rule|Species Clause: Limit one of each Pokémon
|rule|OHKO Clause: OHKO moves are banned
|rule|Evasion Items Clause: Evasion items are banned
|rule|Evasion Moves Clause: Evasion moves are banned
|rule|Evasion Abilities Clause: Evasion abilities are banned
|rule|Sleep Moves Clause: Sleep-inducing moves are banned
|clearpoke
|poke|p1|Ogerpon-Wellspring, F|
|poke|p1|Cloyster, F|
|poke|p1|Ninetales-Alola, F|
|poke|p1|Polteageist|
|poke|p1|Iron Treads|
|poke|p1|Dragonite, F|
|poke|p2|Ninetales, M|
|poke|p2|Walking Wake|
|poke|p2|Great Tusk|
|poke|p2|Raging Bolt|
|poke|p2|Weezing-Galar, M|
|poke|p2|Rotom-Mow|
|teampreview
|inactive|Battle timer is ON: inactive players will automatically lose when time's up. (requested by 2dixjohnson)
|
|t:|1757797643
|teamsize|p1|6
|teamsize|p2|6
|start
|switch|p1a: Iron Treads|Iron Treads|100/100
|switch|p2a: Weezing|Weezing-Galar, M|100/100
|-ability|p2a: Weezing|Neutralizing Gas
|turn|1
|
|t:|1757797650
|-end|p2a: Weezing|ability: Neutralizing Gas
|switch|p2a: Rotom|Rotom-Mow|100/100
|-enditem|p1a: Iron Treads|Booster Energy
|-activate|p1a: Iron Treads|ability: Quark Drive|[fromitem]
|-start|p1a: Iron Treads|quarkdrivespe
|move|p1a: Iron Treads|Steel Beam|p2a: Rotom
|-resisted|p2a: Rotom
|-damage|p2a: Rotom|68/100
|-damage|p1a: Iron Treads|50/100|[from] steelbeam
|
|-heal|p2a: Rotom|74/100|[from] item: Leftovers
|upkeep
|turn|2
|
|t:|1757797670
|switch|p2a: Ninetales|Ninetales, M|100/100
|-weather|SunnyDay|[from] ability: Drought|[of] p2a: Ninetales
|move|p1a: Iron Treads|Stealth Rock|p2a: Ninetales
|-sidestart|p2: mappy621|move: Stealth Rock
|
|-weather|SunnyDay|[upkeep]
|upkeep
|turn|3
|
|t:|1757797680
|move|p1a: Iron Treads|Earth Power|p2a: Ninetales
|-supereffective|p2a: Ninetales
|-damage|p2a: Ninetales|40/100
|move|p2a: Ninetales|Solar Beam||[still]
|-prepare|p2a: Ninetales|Solar Beam
|-anim|p2a: Ninetales|Solar Beam|p1a: Iron Treads
|-damage|p1a: Iron Treads|17/100
|
|-weather|SunnyDay|[upkeep]
|upkeep
|turn|4
|
|t:|1757797687
|switch|p2a: Rotom|Rotom-Mow|74/100
|-damage|p2a: Rotom|61/100|[from] Stealth Rock
|move|p1a: Iron Treads|Steel Beam|p2a: Rotom
|-resisted|p2a: Rotom
|-damage|p2a: Rotom|26/100
|-damage|p1a: Iron Treads|0 fnt|[from] steelbeam
|faint|p1a: Iron Treads
|-end|p1a: Iron Treads|Quark Drive|[silent]
|
|-weather|SunnyDay|[upkeep]
|-heal|p2a: Rotom|32/100|[from] item: Leftovers
|upkeep
|
|t:|1757797697
|switch|p1a: Ninetales|Ninetales-Alola, F|100/100
|-weather|Snowscape|[from] ability: Snow Warning|[of] p1a: Ninetales
|turn|5
|
|t:|1757797704
|switch|p1a: Dragonite|Dragonite, F|100/100
|switch|p2a: Ninetales|Ninetales, M|40/100
|-damage|p2a: Ninetales|16/100|[from] Stealth Rock
|-weather|SunnyDay|[from] ability: Drought|[of] p2a: Ninetales
|
|-weather|SunnyDay|[upkeep]
|upkeep
|turn|6
|
|t:|1757797710
|switch|p2a: Weezing|Weezing-Galar, M|100/100
|-ability|p2a: Weezing|Neutralizing Gas
|move|p1a: Dragonite|Ice Spinner|p2a: Weezing
|-damage|p2a: Weezing|74/100
|
|-weather|SunnyDay|[upkeep]
|upkeep
|turn|7
|
|t:|1757797721
|move|p1a: Dragonite|Dragon Dance|p1a: Dragonite
|-boost|p1a: Dragonite|atk|1
|-boost|p1a: Dragonite|spe|1
|move|p2a: Weezing|Defog|p1a: Dragonite
|-unboost|p1a: Dragonite|evasion|1
|-sideend|p2: mappy621|Stealth Rock|[from] move: Defog|[of] p2a: Weezing
|
|-weather|SunnyDay|[upkeep]
|upkeep
|turn|8
|
|t:|1757797726
|move|p1a: Dragonite|Earthquake|p2a: Weezing
|-supereffective|p2a: Weezing
|-damage|p2a: Weezing|0 fnt
|faint|p2a: Weezing
|-end|p2a: Weezing|ability: Neutralizing Gas
|
|-weather|SunnyDay|[upkeep]
|upkeep
|
|t:|1757797734
|switch|p2a: Great Tusk|Great Tusk|100/100
|-activate|p2a: Great Tusk|ability: Protosynthesis
|-start|p2a: Great Tusk|protosynthesisspe
|turn|9
|
|t:|1757797743
|move|p2a: Great Tusk|Ice Spinner|p1a: Dragonite
|-supereffective|p1a: Dragonite
|-damage|p1a: Dragonite|34/100
|-damage|p2a: Great Tusk|91/100|[from] item: Life Orb
|move|p1a: Dragonite|Dragon Dance|p1a: Dragonite
|-boost|p1a: Dragonite|atk|1
|-boost|p1a: Dragonite|spe|1
|
|-weather|SunnyDay|[upkeep]
|upkeep
|turn|10
|
|t:|1757797750
|move|p1a: Dragonite|Ice Spinner|p2a: Great Tusk
|-supereffective|p2a: Great Tusk
|-damage|p2a: Great Tusk|17/100
|move|p2a: Great Tusk|Ice Spinner|p1a: Dragonite
|-supereffective|p1a: Dragonite
|-damage|p1a: Dragonite|0 fnt
|faint|p1a: Dragonite
|-damage|p2a: Great Tusk|7/100|[from] item: Life Orb
|
|-weather|SunnyDay|[upkeep]
|upkeep
|
|t:|1757797753
|switch|p1a: Ninetales|Ninetales-Alola, F|100/100
|-weather|Snowscape|[from] ability: Snow Warning|[of] p1a: Ninetales
|-end|p2a: Great Tusk|Protosynthesis
|turn|11
|
|t:|1757797757
|-end|p2a: Great Tusk|Protosynthesis|[silent]
|switch|p2a: Ninetales|Ninetales, M|16/100
|-weather|SunnyDay|[from] ability: Drought|[of] p2a: Ninetales
|move|p1a: Ninetales|Encore||[still]
|-fail|p1a: Ninetales
|
|-weather|SunnyDay|[upkeep]
|upkeep
|turn|12
|
|t:|1757797767
|switch|p2a: Walking Wake|Walking Wake|100/100
|-activate|p2a: Walking Wake|ability: Protosynthesis
|-start|p2a: Walking Wake|protosynthesisspa
|move|p1a: Ninetales|Moonblast|p2a: Walking Wake
|-supereffective|p2a: Walking Wake
|-damage|p2a: Walking Wake|8/100
|
|-weather|SunnyDay|[upkeep]
|upkeep
|turn|13
|
|t:|1757797785
|move|p1a: Ninetales|Moonblast|p2a: Walking Wake
|-supereffective|p2a: Walking Wake
|-damage|p2a: Walking Wake|0 fnt
|faint|p2a: Walking Wake
|-end|p2a: Walking Wake|Protosynthesis|[silent]
|
|-weather|SunnyDay|[upkeep]
|upkeep
|
|t:|1757797797
|switch|p2a: Great Tusk|Great Tusk|7/100
|-activate|p2a: Great Tusk|ability: Protosynthesis
|-start|p2a: Great Tusk|protosynthesisspe
|turn|14
|
|t:|1757797803
|switch|p1a: Cloyster|Cloyster, F|100/100
|move|p2a: Great Tusk|Earthquake|p1a: Cloyster
|-damage|p1a: Cloyster|55/100
|-damage|p2a: Great Tusk|0 fnt|[from] item: Life Orb
|faint|p2a: Great Tusk
|-end|p2a: Great Tusk|Protosynthesis|[silent]
|
|-weather|SunnyDay|[upkeep]
|upkeep
|
|t:|1757797809
|switch|p2a: Raging Bolt|Raging Bolt|100/100
|-activate|p2a: Raging Bolt|ability: Protosynthesis
|-start|p2a: Raging Bolt|protosynthesisspa
|turn|15
|
|t:|1757797811
|-terastallize|p2a: Raging Bolt|Fairy
|move|p1a: Cloyster|Icicle Spear|p2a: Raging Bolt
|-damage|p2a: Raging Bolt|88/100
|-damage|p2a: Raging Bolt|77/100
|-damage|p2a: Raging Bolt|65/100
|-damage|p2a: Raging Bolt|54/100
|-damage|p2a: Raging Bolt|42/100
|-hitcount|p2a: Raging Bolt|5
|move|p2a: Raging Bolt|Discharge|p1a: Cloyster
|-supereffective|p1a: Cloyster
|-damage|p1a: Cloyster|0 fnt
|faint|p1a: Cloyster
|
|-weather|SunnyDay|[upkeep]
|upkeep
|
|t:|1757797817
|switch|p1a: Ninetales|Ninetales-Alola, F|100/100
|-weather|Snowscape|[from] ability: Snow Warning|[of] p1a: Ninetales
|-end|p2a: Raging Bolt|Protosynthesis
|turn|16
|
|t:|1757797824
|move|p1a: Ninetales|Freeze-Dry|p2a: Raging Bolt
|-damage|p2a: Raging Bolt|26/100
|move|p2a: Raging Bolt|Discharge|p1a: Ninetales
|-damage|p1a: Ninetales|46/100
|
|-weather|Snowscape|[upkeep]
|upkeep
|turn|17
|
|t:|1757797829
|move|p1a: Ninetales|Aurora Veil|p1a: Ninetales
|-sidestart|p1: 2dixjohnson|move: Aurora Veil
|move|p2a: Raging Bolt|Discharge|p1a: Ninetales
|-damage|p1a: Ninetales|15/100
|
|-weather|Snowscape|[upkeep]
|upkeep
|turn|18
|
|t:|1757797835
|move|p2a: Raging Bolt|Thunderclap|p1a: Ninetales
|-damage|p1a: Ninetales|0 fnt
|faint|p1a: Ninetales
|
|-weather|Snowscape|[upkeep]
|upkeep
|
|t:|1757797838
|switch|p1a: Polteageist|Polteageist|100/100
|turn|19
|
|t:|1757797856
|move|p1a: Polteageist|Shadow Ball|p2a: Raging Bolt
|-damage|p2a: Raging Bolt|6/100
|move|p2a: Raging Bolt|Draco Meteor|p1a: Polteageist
|-damage|p1a: Polteageist|65/100
|-unboost|p2a: Raging Bolt|spa|2
|
|-weather|Snowscape|[upkeep]
|upkeep
|turn|20
|
|t:|1757797863
|-end|p2a: Raging Bolt|Protosynthesis|[silent]
|switch|p2a: Ninetales|Ninetales, M|16/100
|-weather|SunnyDay|[from] ability: Drought|[of] p2a: Ninetales
|move|p1a: Polteageist|Shadow Ball|p2a: Ninetales
|-damage|p2a: Ninetales|0 fnt
|faint|p2a: Ninetales
|
|-weather|SunnyDay|[upkeep]
|upkeep
|
|t:|1757797868
|switch|p2a: Raging Bolt|Raging Bolt, tera:Fairy|6/100
|-activate|p2a: Raging Bolt|ability: Protosynthesis
|-start|p2a: Raging Bolt|protosynthesisspa
|turn|21
|
|t:|1757797871
|move|p2a: Raging Bolt|Thunderclap||[still]
|-fail|p2a: Raging Bolt
|move|p1a: Polteageist|Strength Sap|p2a: Raging Bolt
|-unboost|p2a: Raging Bolt|atk|1
|-heal|p1a: Polteageist|100/100
|
|-weather|SunnyDay|[upkeep]
|upkeep
|turn|22
|
|t:|1757797879
|move|p1a: Polteageist|Shell Smash|p1a: Polteageist
|-unboost|p1a: Polteageist|def|1
|-unboost|p1a: Polteageist|spd|1
|-boost|p1a: Polteageist|atk|2
|-boost|p1a: Polteageist|spa|2
|-boost|p1a: Polteageist|spe|2
|-enditem|p1a: Polteageist|White Herb
|-clearnegativeboost|p1a: Polteageist|[silent]
|move|p2a: Raging Bolt|Discharge|p1a: Polteageist
|-damage|p1a: Polteageist|73/100
|-status|p1a: Polteageist|par
|
|-weather|SunnyDay|[upkeep]
|upkeep
|turn|23
|
|t:|1757797889
|-end|p2a: Raging Bolt|Protosynthesis|[silent]
|switch|p2a: Rotom|Rotom-Mow|32/100
|move|p1a: Polteageist|Shadow Ball|p2a: Rotom
|-damage|p2a: Rotom|0 fnt
|faint|p2a: Rotom
|
|-weather|SunnyDay|[upkeep]
|upkeep
|
|t:|1757797895
|switch|p2a: Raging Bolt|Raging Bolt, tera:Fairy|6/100
|-activate|p2a: Raging Bolt|ability: Protosynthesis
|-start|p2a: Raging Bolt|protosynthesisspa
|turn|24
|
|t:|1757797899
|move|p2a: Raging Bolt|Thunderclap|p1a: Polteageist
|-damage|p1a: Polteageist|47/100 par
|move|p1a: Polteageist|Shadow Ball|p2a: Raging Bolt
|-damage|p2a: Raging Bolt|0 fnt
|faint|p2a: Raging Bolt
|-end|p2a: Raging Bolt|Protosynthesis|[silent]
|
|win|2dixjohnson
|raw|2dixjohnson's rating: 1326 &rarr; <strong>1344</strong><br />(+18 for winning)
|raw|mappy621's rating: 1295 &rarr; <strong>1272</strong><br />(-23 for losing)
|l|☆mappy621
|player|p2|
|l|☆2dixjohnson
|player|p1|
