|j|☆bjtrbhgnhgv
|j|☆isaac_gam3r
|t:|1757911013
|gametype|singles
|player|p1|bjtrbhgnhgv|2|1594
|player|p2|isaac_gam3r|acetrainer-gen4dp|1479
|gen|9
|tier|[Gen 9] OU
|rated|
|rule|HP Percentage Mod: HP is shown in percentages
|rule|Endless Battle Clause: Forcing endless battles is banned
|rule|Species Clause: Limit one of each Pokémon
|rule|OHKO Clause: OHKO moves are banned
|rule|Evasion Items Clause: Evasion items are banned
|rule|Evasion Moves Clause: Evasion moves are banned
|rule|Evasion Abilities Clause: Evasion abilities are banned
|rule|Sleep Moves Clause: Sleep-inducing moves are banned
|clearpoke
|poke|p1|Cinderace, F|
|poke|p1|Gliscor, F|
|poke|p1|Magnezone|
|poke|p1|Zapdos|
|poke|p1|Quaquaval, M|
|poke|p1|Scizor, F|
|poke|p2|Garchomp, F|
|poke|p2|Raging Bolt|
|poke|p2|Primarina, M|
|poke|p2|Heatran, F|
|poke|p2|Weezing-Galar, M|
|poke|p2|Weavile, M|
|teampreview
|inactive|Battle timer is ON: inactive players will automatically lose when time's up. (requested by isaac_gam3r)
|
|t:|1757911020
|teamsize|p1|6
|teamsize|p2|6
|start
|switch|p1a: Cinderace|Cinderace, F|100/100
|switch|p2a: Primarina|Primarina, M|100/100
|turn|1
|
|t:|1757911029
|move|p2a: Primarina|Protect|p2a: Primarina
|-singleturn|p2a: Primarina|Protect
|move|p1a: Cinderace|U-turn|p2a: Primarina
|-start|p1a: Cinderace|typechange|Bug|[from] ability: Libero
|-activate|p2a: Primarina|move: Protect
|
|upkeep
|turn|2
|
|t:|1757911036
|move|p1a: Cinderace|U-turn|p2a: Primarina
|-resisted|p2a: Primarina
|-damage|p2a: Primarina|72/100
|
|t:|1757911044
|switch|p1a: Scizor|Scizor, F|100/100|[from] U-turn
|move|p2a: Primarina|Hyper Voice|p1a: Scizor
|-damage|p1a: Scizor|35/100
|
|-heal|p1a: Scizor|42/100|[from] item: Leftovers
|-heal|p2a: Primarina|79/100|[from] item: Leftovers
|upkeep
|turn|3
|
|t:|1757911052
|move|p1a: Scizor|Bullet Punch|p2a: Primarina
|-damage|p2a: Primarina|34/100
|move|p2a: Primarina|Hyper Voice|p1a: Scizor
|-damage|p1a: Scizor|0 fnt
|faint|p1a: Scizor
|
|-heal|p2a: Primarina|40/100|[from] item: Leftovers
|upkeep
|
|t:|1757911065
|switch|p1a: Zapdos|Zapdos|100/100
|turn|4
|
|t:|1757911072
|move|p2a: Primarina|Protect|p2a: Primarina
|-singleturn|p2a: Primarina|Protect
|move|p1a: Zapdos|Volt Switch|p2a: Primarina
|-activate|p2a: Primarina|move: Protect
|
|-heal|p2a: Primarina|46/100|[from] item: Leftovers
|upkeep
|turn|5
|
|t:|1757911076
|switch|p2a: Garchomp|Garchomp, F|100/100
|move|p1a: Zapdos|Hurricane|p2a: Garchomp
|-damage|p2a: Garchomp|36/100
|
|upkeep
|turn|6
|
|t:|1757911078
|move|p2a: Garchomp|Rock Slide|p1a: Zapdos|[miss]
|-miss|p2a: Garchomp|p1a: Zapdos
|move|p1a: Zapdos|Hurricane|p2a: Garchomp
|-damage|p2a: Garchomp|0 fnt
|faint|p2a: Garchomp
|
|upkeep
|
|t:|1757911081
|switch|p2a: Raging Bolt|Raging Bolt|100/100
|turn|7
|
|t:|1757911084
|move|p1a: Zapdos|Volt Switch|p2a: Raging Bolt
|-resisted|p2a: Raging Bolt
|-damage|p2a: Raging Bolt|93/100
|
|t:|1757911089
|switch|p1a: Magnezone|Magnezone|100/100|[from] Volt Switch
|move|p2a: Raging Bolt|Calm Mind|p2a: Raging Bolt
|-boost|p2a: Raging Bolt|spa|1
|-boost|p2a: Raging Bolt|spd|1
|
|-heal|p2a: Raging Bolt|99/100|[from] item: Leftovers
|upkeep
|turn|8
|
|t:|1757911095
|move|p2a: Raging Bolt|Thunderbolt|p1a: Magnezone
|-resisted|p1a: Magnezone
|-damage|p1a: Magnezone|55/100
|move|p1a: Magnezone|Steel Beam|p2a: Raging Bolt
|-resisted|p2a: Raging Bolt
|-crit|p2a: Raging Bolt
|-damage|p2a: Raging Bolt|6/100
|-damage|p1a: Magnezone|5/100|[from] steelbeam
|
|-heal|p2a: Raging Bolt|12/100|[from] item: Leftovers
|upkeep
|turn|9
|
|t:|1757911100
|move|p2a: Raging Bolt|Dragon Pulse|p1a: Magnezone
|-resisted|p1a: Magnezone
|-damage|p1a: Magnezone|0 fnt
|faint|p1a: Magnezone
|
|-heal|p2a: Raging Bolt|18/100|[from] item: Leftovers
|upkeep
|
|t:|1757911105
|switch|p1a: Quaquaval|Quaquaval, M|100/100
|turn|10
|
|t:|1757911108
|move|p1a: Quaquaval|Aqua Jet|p2a: Raging Bolt
|-resisted|p2a: Raging Bolt
|-damage|p2a: Raging Bolt|4/100
|move|p2a: Raging Bolt|Thunderclap||[still]
|-fail|p2a: Raging Bolt
|
|-heal|p2a: Raging Bolt|10/100|[from] item: Leftovers
|upkeep
|turn|11
|
|t:|1757911117
|-end|p2a: Raging Bolt|Protosynthesis|[silent]
|switch|p2a: Primarina|Primarina, M|46/100
|move|p1a: Quaquaval|Aqua Jet|p2a: Primarina
|-resisted|p2a: Primarina
|-damage|p2a: Primarina|26/100
|
|-heal|p2a: Primarina|32/100|[from] item: Leftovers
|upkeep
|turn|12
|
|t:|1757911123
|-terastallize|p1a: Quaquaval|Water
|move|p1a: Quaquaval|Aqua Jet|p2a: Primarina
|-resisted|p2a: Primarina
|-damage|p2a: Primarina|7/100
|move|p2a: Primarina|Draining Kiss|p1a: Quaquaval
|-damage|p1a: Quaquaval|62/100
|-heal|p2a: Primarina|31/100|[from] drain|[of] p1a: Quaquaval
|
|-heal|p2a: Primarina|37/100|[from] item: Leftovers
|upkeep
|turn|13
|
|t:|1757911127
|move|p2a: Primarina|Protect|p2a: Primarina
|-singleturn|p2a: Primarina|Protect
|move|p1a: Quaquaval|Aqua Jet|p2a: Primarina
|-activate|p2a: Primarina|move: Protect
|
|-heal|p2a: Primarina|43/100|[from] item: Leftovers
|upkeep
|turn|14
|
|t:|1757911130
|move|p1a: Quaquaval|Aqua Jet|p2a: Primarina
|-resisted|p2a: Primarina
|-damage|p2a: Primarina|17/100
|move|p2a: Primarina|Draining Kiss|p1a: Quaquaval
|-damage|p1a: Quaquaval|26/100
|-heal|p2a: Primarina|40/100|[from] drain|[of] p1a: Quaquaval
|
|-heal|p2a: Primarina|46/100|[from] item: Leftovers
|upkeep
|turn|15
|
|t:|1757911136
|switch|p1a: Zapdos|Zapdos|100/100
|move|p2a: Primarina|Draining Kiss|p1a: Zapdos
|-damage|p1a: Zapdos|72/100
|-heal|p2a: Primarina|68/100|[from] drain|[of] p1a: Zapdos
|
|-heal|p1a: Zapdos|78/100|[from] item: Leftovers
|-heal|p2a: Primarina|74/100|[from] item: Leftovers
|upkeep
|turn|16
|
|t:|1757911143
|move|p1a: Zapdos|Volt Switch|p2a: Primarina
|-supereffective|p2a: Primarina
|-damage|p2a: Primarina|8/100
|
|t:|1757911147
|switch|p1a: Gliscor|Gliscor, F|100/100|[from] Volt Switch
|move|p2a: Primarina|Calm Mind|p2a: Primarina
|-boost|p2a: Primarina|spa|1
|-boost|p2a: Primarina|spd|1
|
|-heal|p2a: Primarina|14/100|[from] item: Leftovers
|-status|p1a: Gliscor|tox|[from] item: Toxic Orb
|upkeep
|turn|17
|
|t:|1757911151
|move|p1a: Gliscor|Earthquake|p2a: Primarina
|-damage|p2a: Primarina|0 fnt
|faint|p2a: Primarina
|
|upkeep
|
|t:|1757911154
|switch|p2a: Weavile|Weavile, M|100/100
|-ability|p2a: Weavile|Pressure
|turn|18
|
|t:|1757911159
|move|p1a: Gliscor|Protect|p1a: Gliscor
|-singleturn|p1a: Gliscor|Protect
|move|p2a: Weavile|Knock Off|p1a: Gliscor
|-activate|p1a: Gliscor|move: Protect
|
|upkeep
|turn|19
|
|t:|1757911166
|move|p2a: Weavile|Triple Axel|p1a: Gliscor
|-supereffective|p1a: Gliscor
|-damage|p1a: Gliscor|70/100 tox
|-supereffective|p1a: Gliscor
|-damage|p1a: Gliscor|16/100 tox
|-supereffective|p1a: Gliscor
|-damage|p1a: Gliscor|0 fnt
|faint|p1a: Gliscor
|-hitcount|p1: Gliscor|3
|
|upkeep
|
|t:|1757911171
|switch|p1a: Cinderace|Cinderace, F|100/100
|turn|20
|
|t:|1757911175
|switch|p2a: Weezing|Weezing-Galar, M, shiny|100/100
|move|p1a: Cinderace|U-turn|p2a: Weezing
|-start|p1a: Cinderace|typechange|Bug|[from] ability: Libero
|-resisted|p2a: Weezing
|-damage|p2a: Weezing|92/100
|
|t:|1757911179
|switch|p1a: Zapdos|Zapdos|78/100|[from] U-turn
|
|-heal|p1a: Zapdos|85/100|[from] item: Leftovers
|-heal|p2a: Weezing|98/100|[from] item: Black Sludge
|upkeep
|turn|21
|
|t:|1757911182
|move|p1a: Zapdos|Hurricane|p2a: Weezing|[miss]
|-miss|p1a: Zapdos|p2a: Weezing
|move|p2a: Weezing|Will-O-Wisp|p1a: Zapdos
|-status|p1a: Zapdos|brn
|
|-heal|p1a: Zapdos|91/100 brn|[from] item: Leftovers
|-heal|p2a: Weezing|100/100|[from] item: Black Sludge
|-damage|p1a: Zapdos|85/100 brn|[from] brn
|upkeep
|turn|22
|
|t:|1757911184
|switch|p2a: Heatran|Heatran, F|100/100
|move|p1a: Zapdos|Hurricane|p2a: Heatran|[miss]
|-miss|p1a: Zapdos|p2a: Heatran
|
|-heal|p1a: Zapdos|91/100 brn|[from] item: Leftovers
|-damage|p1a: Zapdos|85/100 brn|[from] brn
|upkeep
|turn|23
|
|t:|1757911187
|move|p1a: Zapdos|Volt Switch|p2a: Heatran
|-damage|p2a: Heatran|80/100
|
|t:|1757911190
|switch|p1a: Cinderace|Cinderace, F|100/100|[from] Volt Switch
|move|p2a: Heatran|Lava Plume|p1a: Cinderace
|-resisted|p1a: Cinderace
|-damage|p1a: Cinderace|70/100
|
|upkeep
|turn|24
|
|t:|1757911196
|switch|p2a: Weezing|Weezing-Galar, M, shiny|100/100
|move|p1a: Cinderace|Sucker Punch||[still]
|-fail|p1a: Cinderace
|
|upkeep
|turn|25
|
|t:|1757911200
|switch|p1a: Zapdos|Zapdos|85/100 brn
|move|p2a: Weezing|Strange Steam|p1a: Zapdos
|-damage|p1a: Zapdos|56/100 brn
|
|-heal|p1a: Zapdos|62/100 brn|[from] item: Leftovers
|-damage|p1a: Zapdos|56/100 brn|[from] brn
|upkeep
|turn|26
|
|t:|1757911204
|switch|p2a: Heatran|Heatran, F|80/100
|move|p1a: Zapdos|Hurricane|p2a: Heatran
|-resisted|p2a: Heatran
|-crit|p2a: Heatran
|-damage|p2a: Heatran|53/100
|
|-heal|p1a: Zapdos|62/100 brn|[from] item: Leftovers
|-damage|p1a: Zapdos|56/100 brn|[from] brn
|upkeep
|turn|27
|
|t:|1757911209
|move|p1a: Zapdos|Roost|p1a: Zapdos
|-heal|p1a: Zapdos|100/100 brn
|-singleturn|p1a: Zapdos|move: Roost
|move|p2a: Heatran|Lava Plume|p1a: Zapdos
|-damage|p1a: Zapdos|56/100 brn
|
|-heal|p1a: Zapdos|62/100 brn|[from] item: Leftovers
|-damage|p1a: Zapdos|56/100 brn|[from] brn
|upkeep
|turn|28
|
|t:|1757911212
|move|p1a: Zapdos|Volt Switch|p2a: Heatran
|-damage|p2a: Heatran|30/100
|
|t:|1757911215
|switch|p1a: Cinderace|Cinderace, F|70/100|[from] Volt Switch
|move|p2a: Heatran|Earth Power|p1a: Cinderace
|-supereffective|p1a: Cinderace
|-crit|p1a: Cinderace
|-damage|p1a: Cinderace|0 fnt
|faint|p1a: Cinderace
|
|upkeep
|
|t:|1757911218
|switch|p1a: Quaquaval|Quaquaval, M, tera:Water|26/100
|turn|29
|
|t:|1757911223
|switch|p2a: Weezing|Weezing-Galar, M, shiny|100/100
|move|p1a: Quaquaval|Aqua Step|p2a: Weezing
|-damage|p2a: Weezing|42/100
|-boost|p1a: Quaquaval|spe|1
|
|-heal|p2a: Weezing|48/100|[from] item: Black Sludge
|upkeep
|turn|30
|
|t:|1757911226
|move|p1a: Quaquaval|Aqua Step|p2a: Weezing
|-damage|p2a: Weezing|0 fnt
|-boost|p1a: Quaquaval|spe|1
|faint|p2a: Weezing
|-ability|p1a: Quaquaval|Moxie|boost
|-boost|p1a: Quaquaval|atk|1
|
|upkeep
|
|t:|1757911229
|switch|p2a: Raging Bolt|Raging Bolt|10/100
|turn|31
|
|t:|1757911232
|switch|p1a: Zapdos|Zapdos|56/100 brn
|move|p2a: Raging Bolt|Thunderclap||[still]
|-fail|p2a: Raging Bolt
|
|-heal|p1a: Zapdos|62/100 brn|[from] item: Leftovers
|-heal|p2a: Raging Bolt|16/100|[from] item: Leftovers
|-damage|p1a: Zapdos|56/100 brn|[from] brn
|upkeep
|turn|32
|
|t:|1757911235
|-end|p2a: Raging Bolt|Protosynthesis|[silent]
|switch|p2a: Heatran|Heatran, F|30/100
|move|p1a: Zapdos|Hurricane|p2a: Heatran
|-resisted|p2a: Heatran
|-crit|p2a: Heatran
|-damage|p2a: Heatran|3/100
|
|-heal|p1a: Zapdos|62/100 brn|[from] item: Leftovers
|-damage|p1a: Zapdos|56/100 brn|[from] brn
|upkeep
|turn|33
|
|t:|1757911240
|move|p1a: Zapdos|Hurricane|p2a: Heatran
|-resisted|p2a: Heatran
|-damage|p2a: Heatran|0 fnt
|faint|p2a: Heatran
|
|-heal|p1a: Zapdos|62/100 brn|[from] item: Leftovers
|-damage|p1a: Zapdos|56/100 brn|[from] brn
|upkeep
|
|t:|1757911242
|switch|p2a: Weavile|Weavile, M|100/100
|-ability|p2a: Weavile|Pressure
|turn|34
|
|t:|1757911248
|move|p2a: Weavile|Triple Axel|p1a: Zapdos
|-supereffective|p1a: Zapdos
|-crit|p1a: Zapdos
|-damage|p1a: Zapdos|25/100 brn
|-status|p2a: Weavile|par|[from] ability: Static|[of] p1a: Zapdos
|-supereffective|p1a: Zapdos
|-damage|p1a: Zapdos|0 fnt
|faint|p1a: Zapdos
|-hitcount|p1: Zapdos|2
|
|upkeep
|
|t:|1757911250
|switch|p1a: Quaquaval|Quaquaval, M, tera:Water|26/100
|turn|35
|
|t:|1757911254
|move|p1a: Quaquaval|Aqua Jet|p2a: Weavile
|-damage|p2a: Weavile|24/100 par
|cant|p2a: Weavile|par
|
|upkeep
|turn|36
|
|t:|1757911259
|move|p1a: Quaquaval|Aqua Jet|p2a: Weavile
|-damage|p2a: Weavile|0 fnt
|faint|p2a: Weavile
|-ability|p1a: Quaquaval|Moxie|boost
|-boost|p1a: Quaquaval|atk|1
|
|upkeep
|
|t:|1757911260
|switch|p2a: Raging Bolt|Raging Bolt|16/100
|turn|37
|
|t:|1757911263
|move|p1a: Quaquaval|Aqua Jet|p2a: Raging Bolt
|-resisted|p2a: Raging Bolt
|-damage|p2a: Raging Bolt|0 fnt
|faint|p2a: Raging Bolt
|-end|p2a: Raging Bolt|Protosynthesis|[silent]
|
|win|bjtrbhgnhgv
|raw|bjtrbhgnhgv's rating: 1594 &rarr; <strong>1608</strong><br />(+14 for winning)
|raw|isaac_gam3r's rating: 1479 &rarr; <strong>1465</strong><br />(-14 for losing)
|l|☆isaac_gam3r
|player|p2|
