|j|☆iyasih
|j|☆levi6969
|t:|1757791806
|gametype|singles
|player|p1|iyasih|266|1297
|player|p2|levi6969|169|1233
|gen|9
|tier|[Gen 9] OU
|rated|
|rule|HP Percentage Mod: HP is shown in percentages
|rule|Endless Battle Clause: Forcing endless battles is banned
|rule|Species Clause: Limit one of each Pokémon
|rule|OHKO Clause: OHKO moves are banned
|rule|Evasion Items Clause: Evasion items are banned
|rule|Evasion Moves Clause: Evasion moves are banned
|rule|Evasion Abilities Clause: Evasion abilities are banned
|rule|Sleep Moves Clause: Sleep-inducing moves are banned
|clearpoke
|poke|p1|Comfey, F|
|poke|p1|Victreebel, F|
|poke|p1|Darkrai|
|poke|p1|Alomomola, F|
|poke|p1|Dragonite, M|
|poke|p1|Torkoal, F|
|poke|p2|Feraligatr, M|
|poke|p2|Skarmory, M|
|poke|p2|Gholdengo|
|poke|p2|Great Tusk|
|poke|p2|Iron Boulder|
|poke|p2|Comfey, M|
|teampreview
|inactive|Battle timer is ON: inactive players will automatically lose when time's up. (requested by levi6969)
|inactive|iyasih has 120 seconds left.
|
|t:|1757791854
|teamsize|p1|6
|teamsize|p2|6
|start
|switch|p1a: Torkoal|Torkoal, F|100/100
|switch|p2a: Skarmory|Skarmory, M|100/100
|-weather|SunnyDay|[from] ability: Drought|[of] p1a: Torkoal
|turn|1
|
|t:|1757791861
|move|p2a: Skarmory|Stealth Rock|p1a: Torkoal
|-sidestart|p1: iyasih|move: Stealth Rock
|move|p1a: Torkoal|Stealth Rock|p2a: Skarmory
|-sidestart|p2: levi6969|move: Stealth Rock
|
|-weather|SunnyDay|[upkeep]
|upkeep
|turn|2
|
|t:|1757791864
|move|p2a: Skarmory|Spikes|p1a: Torkoal
|-sidestart|p1: iyasih|Spikes
|move|p1a: Torkoal|Lava Plume|p2a: Skarmory
|-supereffective|p2a: Skarmory
|-ability|p2a: Skarmory|Sturdy
|-damage|p2a: Skarmory|1/100
|
|-weather|SunnyDay|[upkeep]
|upkeep
|turn|3
|-enditem|p2a: Skarmory|Custap Berry|[eat]
|-activate|p2a: Skarmory|item: Custap Berry|[consumed]
|
|t:|1757791878
|move|p2a: Skarmory|Brave Bird|p1a: Torkoal
|-damage|p1a: Torkoal|67/100
|-damage|p2a: Skarmory|0 fnt|[from] Recoil
|faint|p2a: Skarmory
|move|p1a: Torkoal|Rapid Spin|p2: Skarmory|[notarget]
|-fail|p1a: Torkoal
|
|-weather|SunnyDay|[upkeep]
|upkeep
|
|t:|1757791899
|switch|p2a: Iron Boulder|Iron Boulder|100/100
|-damage|p2a: Iron Boulder|88/100|[from] Stealth Rock
|-enditem|p2a: Iron Boulder|Booster Energy
|-activate|p2a: Iron Boulder|ability: Quark Drive|[fromitem]
|-start|p2a: Iron Boulder|quarkdrivespe
|turn|4
|
|t:|1757791911
|switch|p1a: Alomomola|Alomomola, F|100/100
|-damage|p1a: Alomomola|88/100|[from] Stealth Rock
|-damage|p1a: Alomomola|76/100|[from] Spikes
|move|p2a: Iron Boulder|Mighty Cleave|p1a: Alomomola
|-damage|p1a: Alomomola|39/100
|
|-weather|SunnyDay|[upkeep]
|upkeep
|turn|5
|
|t:|1757791919
|move|p2a: Iron Boulder|Substitute|p2a: Iron Boulder
|-start|p2a: Iron Boulder|Substitute
|-damage|p2a: Iron Boulder|63/100
|move|p1a: Alomomola|Flip Turn|p2a: Iron Boulder
|-supereffective|p2a: Iron Boulder
|-end|p2a: Iron Boulder|Substitute
|
|t:|1757791925
|switch|p1a: Victreebel|Victreebel, F|100/100|[from] Flip Turn
|-damage|p1a: Victreebel|88/100|[from] Stealth Rock
|-damage|p1a: Victreebel|76/100|[from] Spikes
|
|-weather|SunnyDay|[upkeep]
|upkeep
|turn|6
|
|t:|1757791933
|-terastallize|p2a: Iron Boulder|Flying
|-terastallize|p1a: Victreebel|Grass
|move|p2a: Iron Boulder|Mighty Cleave|p1a: Victreebel
|-damage|p1a: Victreebel|4/100
|move|p1a: Victreebel|Giga Drain|p2a: Iron Boulder
|-resisted|p2a: Iron Boulder
|-damage|p2a: Iron Boulder|48/100
|-heal|p1a: Victreebel|12/100|[from] drain|[of] p2a: Iron Boulder
|
|-weather|SunnyDay|[upkeep]
|upkeep
|turn|7
|
|t:|1757791945
|move|p2a: Iron Boulder|Mighty Cleave|p1a: Victreebel
|-damage|p1a: Victreebel|0 fnt
|faint|p1a: Victreebel
|
|-weather|SunnyDay|[upkeep]
|upkeep
|
|t:|1757791953
|switch|p1a: Comfey|Comfey, F|100/100
|-damage|p1a: Comfey|88/100|[from] Stealth Rock
|-damage|p1a: Comfey|75/100|[from] Spikes
|turn|8
|
|t:|1757791963
|-end|p2a: Iron Boulder|Quark Drive|[silent]
|switch|p2a: Gholdengo|Gholdengo|100/100
|-damage|p2a: Gholdengo|94/100|[from] Stealth Rock
|move|p1a: Comfey|Protect||[still]
|-fail|p1a: Comfey
|
|-weather|none
|-heal|p1a: Comfey|82/100|[from] item: Leftovers
|upkeep
|turn|9
|
|t:|1757791970
|move|p2a: Gholdengo|Trick|p1a: Comfey
|-activate|p2a: Gholdengo|move: Trick|[of] p1a: Comfey
|-item|p1a: Comfey|Choice Scarf|[from] move: Trick
|-item|p2a: Gholdengo|Leftovers|[from] move: Trick
|move|p1a: Comfey|Leech Seed|p2a: Gholdengo
|-immune|p2a: Gholdengo|[from] ability: Good as Gold
|
|-heal|p2a: Gholdengo|100/100|[from] item: Leftovers
|upkeep
|turn|10
|
|t:|1757791983
|switch|p1a: Darkrai|Darkrai|100/100
|-damage|p1a: Darkrai|88/100|[from] Stealth Rock
|-damage|p1a: Darkrai|76/100|[from] Spikes
|move|p2a: Gholdengo|Shadow Ball|p1a: Darkrai
|-resisted|p1a: Darkrai
|-damage|p1a: Darkrai|59/100
|
|upkeep
|turn|11
|
|t:|1757791989
|switch|p2a: Great Tusk|Great Tusk|100/100
|-damage|p2a: Great Tusk|98/100|[from] Stealth Rock
|move|p1a: Darkrai|Dark Pulse|p2a: Great Tusk
|-resisted|p2a: Great Tusk
|-damage|p2a: Great Tusk|72/100
|
|upkeep
|turn|12
|
|t:|1757792000
|move|p1a: Darkrai|Ice Beam|p2a: Great Tusk
|-supereffective|p2a: Great Tusk
|-damage|p2a: Great Tusk|0 fnt
|faint|p2a: Great Tusk
|-end|p2a: Great Tusk|Protosynthesis|[silent]
|
|upkeep
|
|t:|1757792014
|switch|p2a: Feraligatr|Feraligatr, M|100/100
|-damage|p2a: Feraligatr|88/100|[from] Stealth Rock
|turn|13
|
|t:|1757792020
|switch|p1a: Torkoal|Torkoal, F|67/100
|-damage|p1a: Torkoal|42/100|[from] Stealth Rock
|-damage|p1a: Torkoal|30/100|[from] Spikes
|-weather|SunnyDay|[from] ability: Drought|[of] p1a: Torkoal
|move|p2a: Feraligatr|Liquidation|p1a: Torkoal
|-supereffective|p1a: Torkoal
|-damage|p1a: Torkoal|0 fnt
|faint|p1a: Torkoal
|
|-weather|SunnyDay|[upkeep]
|upkeep
|
|t:|1757792049
|switch|p1a: Darkrai|Darkrai|59/100
|-damage|p1a: Darkrai|46/100|[from] Stealth Rock
|-damage|p1a: Darkrai|34/100|[from] Spikes
|turn|14
|
|t:|1757792062
|move|p1a: Darkrai|Dark Pulse|p2a: Feraligatr
|-damage|p2a: Feraligatr|31/100
|move|p2a: Feraligatr|Liquidation|p1a: Darkrai
|-damage|p1a: Darkrai|0 fnt
|faint|p1a: Darkrai
|
|-weather|SunnyDay|[upkeep]
|upkeep
|
|t:|1757792068
|switch|p1a: Dragonite|Dragonite, M|100/100
|-damage|p1a: Dragonite|76/100|[from] Stealth Rock
|turn|15
|
|t:|1757792074
|move|p1a: Dragonite|Extreme Speed|p2a: Feraligatr
|-damage|p2a: Feraligatr|0 fnt
|faint|p2a: Feraligatr
|
|-weather|SunnyDay|[upkeep]
|-heal|p1a: Dragonite|82/100|[from] item: Leftovers
|upkeep
|
|t:|1757792080
|switch|p2a: Comfey|Comfey, M, shiny|100/100
|-damage|p2a: Comfey|88/100|[from] Stealth Rock
|turn|16
|
|t:|1757792093
|move|p2a: Comfey|Draining Kiss|p1a: Dragonite
|-supereffective|p1a: Dragonite
|-damage|p1a: Dragonite|26/100
|-heal|p2a: Comfey|100/100|[from] drain|[of] p1a: Dragonite
|move|p1a: Dragonite|Earthquake|p2a: Comfey
|-damage|p2a: Comfey|53/100
|
|-weather|SunnyDay|[upkeep]
|-heal|p1a: Dragonite|32/100|[from] item: Leftovers
|upkeep
|turn|17
|
|t:|1757792102
|switch|p1a: Alomomola|Alomomola, F|73/100
|-damage|p1a: Alomomola|60/100|[from] Stealth Rock
|-damage|p1a: Alomomola|48/100|[from] Spikes
|move|p2a: Comfey|Draining Kiss|p1a: Alomomola
|-damage|p1a: Alomomola|26/100
|-heal|p2a: Comfey|82/100|[from] drain|[of] p1a: Alomomola
|
|-weather|SunnyDay|[upkeep]
|upkeep
|turn|18
|
|t:|1757792107
|move|p2a: Comfey|Calm Mind|p2a: Comfey
|-boost|p2a: Comfey|spa|1
|-boost|p2a: Comfey|spd|1
|move|p1a: Alomomola|Mirror Coat||[still]
|-fail|p1a: Alomomola
|
|-weather|SunnyDay|[upkeep]
|upkeep
|turn|19
|
|t:|1757792114
|move|p2a: Comfey|Calm Mind|p2a: Comfey
|-boost|p2a: Comfey|spa|1
|-boost|p2a: Comfey|spd|1
|move|p1a: Alomomola|Flip Turn|p2a: Comfey
|-damage|p2a: Comfey|68/100
|
|t:|1757792117
|switch|p1a: Comfey|Comfey, F|82/100|[from] Flip Turn
|-damage|p1a: Comfey|69/100|[from] Stealth Rock
|-damage|p1a: Comfey|57/100|[from] Spikes
|
|-weather|SunnyDay|[upkeep]
|upkeep
|turn|20
|
|t:|1757792124
|move|p2a: Comfey|Draining Kiss|p1a: Comfey
|-damage|p1a: Comfey|0 fnt
|-heal|p2a: Comfey|100/100|[from] drain|[of] p1a: Comfey
|faint|p1a: Comfey
|
|-weather|none
|upkeep
|
|t:|1757792127
|switch|p1a: Alomomola|Alomomola, F|59/100
|-damage|p1a: Alomomola|47/100|[from] Stealth Rock
|-damage|p1a: Alomomola|35/100|[from] Spikes
|turn|21
|-message|iyasih forfeited.
|
|win|levi6969
|raw|iyasih's rating: 1297 &rarr; <strong>1267</strong><br />(-30 for losing)
|raw|levi6969's rating: 1233 &rarr; <strong>1263</strong><br />(+30 for winning)
|l|☆iyasih
|player|p1|
|l|☆levi6969
|player|p2|
