|j|☆DeathWindXxX
|j|☆sihengthegreat
|t:|1757826845
|gametype|singles
|player|p1|DeathWindXxX|bede|1417
|player|p2|sihengthegreat|hooligans|1459
|gen|9
|tier|[Gen 9] OU
|rated|
|rule|HP Percentage Mod: HP is shown in percentages
|rule|Endless Battle Clause: Forcing endless battles is banned
|rule|Species Clause: Limit one of each Pokémon
|rule|OHKO Clause: OHKO moves are banned
|rule|Evasion Items Clause: Evasion items are banned
|rule|Evasion Moves Clause: Evasion moves are banned
|rule|Evasion Abilities Clause: Evasion abilities are banned
|rule|Sleep Moves Clause: Sleep-inducing moves are banned
|clearpoke
|poke|p1|Indeedee, M|
|poke|p1|Hatterene, F|
|poke|p1|Ursaluna, M|
|poke|p1|Iron Hands|
|poke|p1|Hoopa-Unbound|
|poke|p1|Mimikyu, F|
|poke|p2|Darkrai|
|poke|p2|Clefable, F|
|poke|p2|Slowking-Galar, M|
|poke|p2|Gholdengo|
|poke|p2|Samurott-Hisui, M|
|poke|p2|Enamorus, F|
|teampreview
|inactive|Battle timer is ON: inactive players will automatically lose when time's up. (requested by DeathWindXxX)
|
|t:|1757826873
|teamsize|p1|6
|teamsize|p2|6
|start
|switch|p1a: Mimi 🎭|Mimikyu, F|100/100
|switch|p2a: Gholdengo|Gholdengo|100/100
|turn|1
|
|t:|1757826880
|move|p2a: Gholdengo|Trick|p1a: Mimi 🎭
|-activate|p2a: Gholdengo|move: Trick|[of] p1a: Mimi 🎭
|-item|p1a: Mimi 🎭|Choice Scarf|[from] move: Trick
|-item|p2a: Gholdengo|Red Card|[from] move: Trick
|move|p1a: Mimi 🎭|Trick Room|p1a: Mimi 🎭
|-fieldstart|move: Trick Room|[of] p1a: Mimi 🎭
|
|upkeep
|turn|2
|
|t:|1757826890
|switch|p1a: LEBRON 🏀|Iron Hands, shiny|100/100
|-enditem|p1a: LEBRON 🏀|Booster Energy
|-activate|p1a: LEBRON 🏀|ability: Quark Drive|[fromitem]
|-start|p1a: LEBRON 🏀|quarkdriveatk
|move|p2a: Gholdengo|Make It Rain|p1a: LEBRON 🏀
|-resisted|p1a: LEBRON 🏀
|-damage|p1a: LEBRON 🏀|76/100
|-unboost|p2a: Gholdengo|spa|1
|
|upkeep
|turn|3
|
|t:|1757826908
|switch|p2a: Clefable|Clefable, F|100/100
|move|p1a: LEBRON 🏀|Supercell Slam|p2a: Clefable|[miss]
|-miss|p1a: LEBRON 🏀|p2a: Clefable
|-damage|p1a: LEBRON 🏀|26/100|[from] supercellslam
|
|upkeep
|turn|4
|
|t:|1757826916
|move|p1a: LEBRON 🏀|Heavy Slam|p2a: Clefable
|-supereffective|p2a: Clefable
|-damage|p2a: Clefable|5/100
|move|p2a: Clefable|Moonlight|p2a: Clefable
|-heal|p2a: Clefable|55/100
|
|-heal|p2a: Clefable|61/100|[from] item: Leftovers
|upkeep
|turn|5
|
|t:|1757826933
|move|p1a: LEBRON 🏀|Supercell Slam|p2a: Clefable
|-crit|p2a: Clefable
|-damage|p2a: Clefable|0 fnt
|faint|p2a: Clefable
|
|-fieldend|move: Trick Room
|upkeep
|
|t:|1757826942
|switch|p2a: Enamorus|Enamorus, F|100/100
|turn|6
|
|t:|1757826947
|move|p2a: Enamorus|Moonblast|p1a: LEBRON 🏀
|-supereffective|p1a: LEBRON 🏀
|-damage|p1a: LEBRON 🏀|0 fnt
|faint|p1a: LEBRON 🏀
|-end|p1a: LEBRON 🏀|Quark Drive|[silent]
|
|upkeep
|
|t:|1757826950
|switch|p1a: Mimi 🎭|Mimikyu, F|100/100
|turn|7
|
|t:|1757826955
|move|p2a: Enamorus|Moonblast|p1a: Mimi 🎭
|-activate|p1a: Mimi 🎭|ability: Disguise
|-damage|p1a: Mimi 🎭|100/100
|detailschange|p1a: Mimi 🎭|Mimikyu-Busted, F
|-damage|p1a: Mimi 🎭|88/100|[from] pokemon: Mimikyu-Busted
|move|p1a: Mimi 🎭|Trick Room|p1a: Mimi 🎭
|-fieldstart|move: Trick Room|[of] p1a: Mimi 🎭
|
|upkeep
|turn|8
|
|t:|1757826960
|switch|p1a: Blood & Honey 🍯|Ursaluna, M, shiny|100/100
|move|p2a: Enamorus|Moonblast|p1a: Blood & Honey 🍯
|-damage|p1a: Blood & Honey 🍯|59/100
|
|-status|p1a: Blood & Honey 🍯|brn|[from] item: Flame Orb
|upkeep
|turn|9
|
|t:|1757826971
|move|p1a: Blood & Honey 🍯|Supercell Slam|p2a: Enamorus
|-supereffective|p2a: Enamorus
|-damage|p2a: Enamorus|0 fnt
|faint|p2a: Enamorus
|
|-damage|p1a: Blood & Honey 🍯|53/100 brn|[from] brn
|upkeep
|
|t:|1757826980
|switch|p2a: Slowking|Slowking-Galar, M|100/100
|turn|10
|
|t:|1757826991
|move|p2a: Slowking|Future Sight|p1a: Blood & Honey 🍯
|-start|p2a: Slowking|move: Future Sight
|move|p1a: Blood & Honey 🍯|Headlong Rush|p2a: Slowking
|-supereffective|p2a: Slowking
|-damage|p2a: Slowking|0 fnt
|-unboost|p1a: Blood & Honey 🍯|def|1
|-unboost|p1a: Blood & Honey 🍯|spd|1
|faint|p2a: Slowking
|
|-damage|p1a: Blood & Honey 🍯|47/100 brn|[from] brn
|upkeep
|
|t:|1757826997
|switch|p2a: Samurott|Samurott-Hisui, M|100/100
|turn|11
|
|t:|1757827004
|move|p2a: Samurott|Aqua Jet|p1a: Blood & Honey 🍯
|-supereffective|p1a: Blood & Honey 🍯
|-damage|p1a: Blood & Honey 🍯|10/100 brn
|move|p1a: Blood & Honey 🍯|Facade|p2a: Samurott
|-damage|p2a: Samurott|0 fnt
|faint|p2a: Samurott
|
|-damage|p1a: Blood & Honey 🍯|4/100 brn|[from] brn
|-fieldend|move: Trick Room
|upkeep
|
|t:|1757827009
|switch|p2a: Darkrai|Darkrai|100/100
|turn|12
|-message|sihengthegreat forfeited.
|
|win|DeathWindXxX
|raw|DeathWindXxX's rating: 1417 &rarr; <strong>1438</strong><br />(+21 for winning)
|raw|sihengthegreat's rating: 1440 &rarr; <strong>1419</strong><br />(-21 for losing)
|l|☆sihengthegreat
|player|p2|
|l|☆DeathWindXxX
|player|p1|
