|j|☆capitolg
|j|☆LooksGoodToMe
|t:|1757909176
|gametype|singles
|player|p1|capitolg|bellelba|1199
|player|p2|LooksGoodToMe|169|1220
|gen|9
|tier|[Gen 9] OU
|rated|
|rule|HP Percentage Mod: HP is shown in percentages
|rule|Endless Battle Clause: Forcing endless battles is banned
|rule|Species Clause: Limit one of each Pokémon
|rule|OHKO Clause: OHKO moves are banned
|rule|Evasion Items Clause: Evasion items are banned
|rule|Evasion Moves Clause: Evasion moves are banned
|rule|Evasion Abilities Clause: Evasion abilities are banned
|rule|Sleep Moves Clause: Sleep-inducing moves are banned
|clearpoke
|poke|p1|Vikavolt, M|
|poke|p1|Articuno-Galar|
|poke|p1|Smeargle, M|
|poke|p1|Empoleon, M|
|poke|p1|Passimian, M|
|poke|p1|Dusknoir, F|
|poke|p2|Gholdengo|
|poke|p2|Primarina, F|
|poke|p2|Moltres|
|poke|p2|Ursaluna, M|
|poke|p2|Hydreigon, M|
|poke|p2|Toxtricity, F|
|teampreview
|inactive|Battle timer is ON: inactive players will automatically lose when time's up. (requested by LooksGoodToMe)
|
|t:|1757909186
|teamsize|p1|6
|teamsize|p2|6
|start
|switch|p1a: Vikavolt|Vikavolt, M|100/100
|switch|p2a: Ursaluna|Ursaluna, M|100/100
|turn|1
|c|☆LooksGoodToMe|hf
|
|t:|1757909195
|move|p2a: Ursaluna|Fire Punch|p1a: Vikavolt
|-supereffective|p1a: Vikavolt
|-damage|p1a: Vikavolt|44/100
|move|p1a: Vikavolt|Sticky Web|p2a: Ursaluna
|-sidestart|p2: LooksGoodToMe|move: Sticky Web
|
|-status|p2a: Ursaluna|brn|[from] item: Flame Orb
|upkeep
|turn|2
|
|t:|1757909205
|move|p2a: Ursaluna|Fire Punch|p1a: Vikavolt
|-supereffective|p1a: Vikavolt
|-damage|p1a: Vikavolt|0 fnt
|faint|p1a: Vikavolt
|
|-damage|p2a: Ursaluna|94/100 brn|[from] brn
|upkeep
|
|t:|1757909208
|switch|p1a: Smeargle|Smeargle, M|100/100
|turn|3
|
|t:|1757909217
|move|p2a: Ursaluna|Fire Punch|p1a: Smeargle
|-enditem|p1a: Smeargle|Focus Sash
|-damage|p1a: Smeargle|1/100
|move|p1a: Smeargle|Court Change|p1a: Smeargle
|-swapsideconditions
|-activate|p1a: Smeargle|move: Court Change
|
|-damage|p2a: Ursaluna|88/100 brn|[from] brn
|upkeep
|turn|4
|
|t:|1757909227
|move|p2a: Ursaluna|Trailblaze|p1a: Smeargle
|-damage|p1a: Smeargle|0 fnt
|-boost|p2a: Ursaluna|spe|1
|faint|p1a: Smeargle
|
|-damage|p2a: Ursaluna|82/100 brn|[from] brn
|upkeep
|
|t:|1757909255
|switch|p1a: Dusknoir|Dusknoir, F|100/100
|-activate|p1a: Dusknoir|move: Sticky Web
|-unboost|p1a: Dusknoir|spe|1
|-item|p2a: Ursaluna|Flame Orb|[from] ability: Frisk|[of] p1a: Dusknoir
|turn|5
|
|t:|1757909264
|move|p2a: Ursaluna|Trailblaze|p1a: Dusknoir
|-damage|p1a: Dusknoir|72/100
|-boost|p2a: Ursaluna|spe|1
|move|p1a: Dusknoir|Trick Room|p1a: Dusknoir
|-fieldstart|move: Trick Room|[of] p1a: Dusknoir
|
|-damage|p2a: Ursaluna|76/100 brn|[from] brn
|upkeep
|turn|6
|
|t:|1757909274
|move|p1a: Dusknoir|Earthquake|p2a: Ursaluna
|-damage|p2a: Ursaluna|52/100 brn
|move|p2a: Ursaluna|Earthquake|p1a: Dusknoir
|-damage|p1a: Dusknoir|0 fnt
|faint|p1a: Dusknoir
|
|-damage|p2a: Ursaluna|45/100 brn|[from] brn
|upkeep
|
|t:|1757909280
|switch|p1a: Empoleon|Empoleon, M|100/100
|-activate|p1a: Empoleon|move: Sticky Web
|-unboost|p1a: Empoleon|spe|1
|-ability|p1a: Empoleon|Competitive|boost
|-boost|p1a: Empoleon|spa|2
|turn|7
|
|t:|1757909289
|move|p1a: Empoleon|Surf|p2a: Ursaluna
|-supereffective|p2a: Ursaluna
|-damage|p2a: Ursaluna|0 fnt
|faint|p2a: Ursaluna
|
|upkeep
|
|t:|1757909299
|switch|p2a: Toxtricity|Toxtricity, F|100/100
|turn|8
|
|t:|1757909308
|move|p1a: Empoleon|Surf|p2a: Toxtricity
|-damage|p2a: Toxtricity|0 fnt
|faint|p2a: Toxtricity
|
|upkeep
|
|t:|1757909318
|switch|p2a: Primarina|Primarina, F|100/100
|turn|9
|
|t:|1757909327
|move|p1a: Empoleon|Air Slash|p2a: Primarina
|-damage|p2a: Primarina|58/100
|cant|p2a: Primarina|flinch
|
|-heal|p2a: Primarina|64/100|[from] item: Leftovers
|-fieldend|move: Trick Room
|upkeep
|turn|10
|
|t:|1757909337
|switch|p1a: Articuno|Articuno-Galar|100/100
|-activate|p1a: Articuno|move: Sticky Web
|-unboost|p1a: Articuno|spe|1
|-ability|p1a: Articuno|Competitive|boost
|-boost|p1a: Articuno|spa|2
|move|p2a: Primarina|Calm Mind|p2a: Primarina
|-boost|p2a: Primarina|spa|1
|-boost|p2a: Primarina|spd|1
|
|-heal|p2a: Primarina|70/100|[from] item: Leftovers
|upkeep
|turn|11
|
|t:|1757909346
|move|p2a: Primarina|Surf|p1a: Articuno
|-damage|p1a: Articuno|46/100
|move|p1a: Articuno|Trick Room|p1a: Articuno
|-fieldstart|move: Trick Room|[of] p1a: Articuno
|
|-heal|p2a: Primarina|76/100|[from] item: Leftovers
|upkeep
|turn|12
|
|t:|1757909355
|move|p1a: Articuno|Freezing Glare|p2a: Primarina
|-damage|p2a: Primarina|24/100
|move|p2a: Primarina|Surf|p1a: Articuno
|-damage|p1a: Articuno|0 fnt
|faint|p1a: Articuno
|
|-heal|p2a: Primarina|30/100|[from] item: Leftovers
|upkeep
|
|t:|1757909361
|switch|p1a: Passimian|Passimian, M|100/100
|-activate|p1a: Passimian|move: Sticky Web
|-unboost|p1a: Passimian|spe|1
|-ability|p1a: Passimian|Defiant|boost
|-boost|p1a: Passimian|atk|2
|turn|13
|
|t:|1757909371
|switch|p2a: Moltres|Moltres|100/100
|move|p1a: Passimian|Earthquake|p2a: Moltres
|-immune|p2a: Moltres
|
|upkeep
|turn|14
|
|t:|1757909381
|move|p1a: Passimian|Facade|p2a: Moltres
|-damage|p2a: Moltres|68/100
|-status|p1a: Passimian|brn|[from] ability: Flame Body|[of] p2a: Moltres
|move|p2a: Moltres|Flamethrower|p1a: Passimian
|-damage|p1a: Passimian|53/100 brn
|
|-damage|p1a: Passimian|47/100 brn|[from] brn
|upkeep
|-enditem|p1a: Passimian|Sitrus Berry|[eat]
|-heal|p1a: Passimian|72/100 brn|[from] item: Sitrus Berry
|turn|15
|
|t:|1757909391
|move|p1a: Passimian|Facade|p2a: Moltres
|-damage|p2a: Moltres|9/100
|move|p2a: Moltres|U-turn|p1a: Passimian
|-resisted|p1a: Passimian
|-damage|p1a: Passimian|65/100 brn
|
|t:|1757909399
|switch|p2a: Hydreigon|Hydreigon, M|100/100|[from] U-turn
|
|-damage|p1a: Passimian|59/100 brn|[from] brn
|-fieldend|move: Trick Room
|upkeep
|turn|16
|
|t:|1757909407
|move|p2a: Hydreigon|Earth Power|p1a: Passimian
|-damage|p1a: Passimian|0 fnt
|faint|p1a: Passimian
|
|upkeep
|
|t:|1757909410
|switch|p1a: Empoleon|Empoleon, M|100/100
|-activate|p1a: Empoleon|move: Sticky Web
|-unboost|p1a: Empoleon|spe|1
|-ability|p1a: Empoleon|Competitive|boost
|-boost|p1a: Empoleon|spa|2
|turn|17
|
|t:|1757909416
|-terastallize|p1a: Empoleon|Flying
|move|p2a: Hydreigon|Earth Power|p1a: Empoleon
|-immune|p1a: Empoleon
|move|p1a: Empoleon|Surf|p2a: Hydreigon
|-resisted|p2a: Hydreigon
|-damage|p2a: Hydreigon|58/100
|
|upkeep
|turn|18
|
|t:|1757909422
|switch|p2a: Moltres|Moltres|9/100
|move|p1a: Empoleon|Ice Beam|p2a: Moltres
|-damage|p2a: Moltres|0 fnt
|faint|p2a: Moltres
|
|upkeep
|
|t:|1757909427
|switch|p2a: Hydreigon|Hydreigon, M|58/100
|turn|19
|
|t:|1757909432
|move|p2a: Hydreigon|Dark Pulse|p1a: Empoleon
|-damage|p1a: Empoleon|59/100
|move|p1a: Empoleon|Ice Beam|p2a: Hydreigon
|-supereffective|p2a: Hydreigon
|-damage|p2a: Hydreigon|0 fnt
|faint|p2a: Hydreigon
|
|upkeep
|
|t:|1757909438
|switch|p2a: Primarina|Primarina, F|30/100
|turn|20
|
|t:|1757909442
|move|p2a: Primarina|Surf|p1a: Empoleon
|-damage|p1a: Empoleon|27/100
|move|p1a: Empoleon|Air Slash|p2a: Primarina
|-damage|p2a: Primarina|0 fnt
|faint|p2a: Primarina
|
|upkeep
|
|t:|1757909444
|switch|p2a: Gholdengo|Gholdengo|100/100
|turn|21
|
|t:|1757909446
|move|p2a: Gholdengo|Make It Rain|p1a: Empoleon
|-damage|p1a: Empoleon|0 fnt
|-unboost|p2a: Gholdengo|spa|1
|faint|p1a: Empoleon
|
|win|LooksGoodToMe
|raw|capitolg's rating: 1199 &rarr; <strong>1176</strong><br />(-23 for losing)
|raw|LooksGoodToMe's rating: 1220 &rarr; <strong>1243</strong><br />(+23 for winning)
|c|☆LooksGoodToMe|gg
|l|☆capitolg
|player|p1|
