|j|☆whipinbuli
|j|☆Crocodile E
|t:|1757862827
|gametype|singles
|player|p1|whipinbuli|169|1415
|player|p2|Crocodile E|pokemaniac|1389
|gen|9
|tier|[Gen 9] OU
|rated|
|rule|HP Percentage Mod: HP is shown in percentages
|rule|Endless Battle Clause: Forcing endless battles is banned
|rule|Species Clause: Limit one of each Pokémon
|rule|OHKO Clause: OHKO moves are banned
|rule|Evasion Items Clause: Evasion items are banned
|rule|Evasion Moves Clause: Evasion moves are banned
|rule|Evasion Abilities Clause: Evasion abilities are banned
|rule|Sleep Moves Clause: Sleep-inducing moves are banned
|clearpoke
|poke|p1|Rillaboom, M|
|poke|p1|Hydreigon, M|
|poke|p1|Jirachi|
|poke|p1|Alomomola, F|
|poke|p1|Cinderace, M|
|poke|p1|Great Tusk|
|poke|p2|Tyranitar, M|
|poke|p2|Excadrill, M|
|poke|p2|Keldeo-Resolute|
|poke|p2|Tornadus-Therian, M|
|poke|p2|Heatran, F|
|poke|p2|Hydrapple, M|
|teampreview
|
|t:|1757862848
|teamsize|p1|6
|teamsize|p2|6
|start
|switch|p1a: Hydreigon|Hydreigon, M|100/100
|switch|p2a: Tornadus|Tornadus-Therian, M|100/100
|turn|1
|
|t:|1757862862
|switch|p1a: Jirachi|Jirachi|100/100
|move|p2a: Tornadus|U-turn|p1a: Jirachi
|-damage|p1a: Jirachi|86/100
|
|t:|1757862867
|switch|p2a: Excadrill|Excadrill, M|100/100|[from] U-turn
|-item|p2a: Excadrill|Air Balloon
|
|upkeep
|turn|2
|
|t:|1757862873
|switch|p1a: Alomomola|Alomomola, F|100/100
|switch|p2a: Heatran|Heatran, F|100/100
|
|upkeep
|turn|3
|
|t:|1757862880
|switch|p2a: Hydrapple|Hydrapple, M|100/100
|move|p1a: Alomomola|Body Slam|p2a: Hydrapple
|-damage|p2a: Hydrapple|92/100
|-status|p2a: Hydrapple|par
|-damage|p1a: Alomomola|84/100|[from] item: Rocky Helmet|[of] p2a: Hydrapple
|
|upkeep
|turn|4
|
|t:|1757862887
|move|p1a: Alomomola|Flip Turn|p2a: Hydrapple
|-resisted|p2a: Hydrapple
|-damage|p2a: Hydrapple|89/100 par
|-damage|p1a: Alomomola|67/100|[from] item: Rocky Helmet|[of] p2a: Hydrapple
|inactive|Battle timer is ON: inactive players will automatically lose when time's up. (requested by Crocodile E)
|
|t:|1757862906
|switch|p1a: Jirachi|Jirachi|86/100|[from] Flip Turn
|move|p2a: Hydrapple|Nasty Plot|p2a: Hydrapple
|-boost|p2a: Hydrapple|spa|2
|
|upkeep
|turn|5
|
|t:|1757862909
|move|p1a: Jirachi|Encore|p2a: Hydrapple
|-start|p2a: Hydrapple|Encore
|cant|p2a: Hydrapple|par
|
|upkeep
|turn|6
|
|t:|1757862918
|switch|p1a: Cinderace|Cinderace, M|100/100
|switch|p2a: Heatran|Heatran, F|100/100
|
|upkeep
|turn|7
|
|t:|1757862924
|move|p1a: Cinderace|U-turn|p2a: Heatran
|-resisted|p2a: Heatran
|-damage|p2a: Heatran|97/100
|
|t:|1757862926
|switch|p1a: Alomomola|Alomomola, F|100/100|[from] U-turn
|move|p2a: Heatran|Earth Power|p1a: Alomomola
|-damage|p1a: Alomomola|87/100
|
|-heal|p2a: Heatran|100/100|[from] item: Leftovers
|upkeep
|turn|8
|
|t:|1757862934
|move|p2a: Heatran|Stealth Rock|p1a: Alomomola
|-sidestart|p1: whipinbuli|move: Stealth Rock
|move|p1a: Alomomola|Scald|p2a: Heatran
|-supereffective|p2a: Heatran
|-damage|p2a: Heatran|84/100
|
|-heal|p2a: Heatran|91/100|[from] item: Leftovers
|upkeep
|turn|9
|
|t:|1757862945
|switch|p2a: Hydrapple|Hydrapple, M|100/100 par
|move|p1a: Alomomola|Body Slam|p2a: Hydrapple
|-damage|p2a: Hydrapple|92/100 par
|-damage|p1a: Alomomola|71/100|[from] item: Rocky Helmet|[of] p2a: Hydrapple
|
|upkeep
|turn|10
|
|t:|1757862951
|switch|p1a: Jirachi|Jirachi|86/100
|-damage|p1a: Jirachi|80/100|[from] Stealth Rock
|move|p2a: Hydrapple|Earth Power|p1a: Jirachi
|-supereffective|p1a: Jirachi
|-damage|p1a: Jirachi|33/100
|
|upkeep
|turn|11
|
|t:|1757862960
|switch|p1a: Hydreigon|Hydreigon, M|100/100
|-damage|p1a: Hydreigon|88/100|[from] Stealth Rock
|move|p2a: Hydrapple|Fickle Beam|p1a: Hydreigon
|-supereffective|p1a: Hydreigon
|-damage|p1a: Hydreigon|18/100
|
|upkeep
|turn|12
|
|t:|1757862969
|switch|p2a: Heatran|Heatran, F|91/100
|move|p1a: Hydreigon|Dark Pulse|p2a: Heatran
|-damage|p2a: Heatran|53/100
|
|-heal|p2a: Heatran|59/100|[from] item: Leftovers
|upkeep
|turn|13
|
|t:|1757862977
|move|p1a: Hydreigon|Dark Pulse|p2a: Heatran
|-damage|p2a: Heatran|20/100
|cant|p2a: Heatran|flinch
|
|-heal|p2a: Heatran|27/100|[from] item: Leftovers
|upkeep
|turn|14
|
|t:|1757862997
|switch|p2a: Tyranitar|Tyranitar, M|100/100
|-weather|Sandstorm|[from] ability: Sand Stream|[of] p2a: Tyranitar
|move|p1a: Hydreigon|Dark Pulse|p2a: Tyranitar
|-resisted|p2a: Tyranitar
|-damage|p2a: Tyranitar|79/100
|
|-weather|Sandstorm|[upkeep]
|-damage|p1a: Hydreigon|12/100|[from] Sandstorm
|upkeep
|turn|15
|
|t:|1757863005
|switch|p1a: Great Tusk|Great Tusk|100/100
|-damage|p1a: Great Tusk|98/100|[from] Stealth Rock
|move|p2a: Tyranitar|Ice Punch|p1a: Great Tusk
|-supereffective|p1a: Great Tusk
|-damage|p1a: Great Tusk|43/100
|
|-weather|Sandstorm|[upkeep]
|-heal|p1a: Great Tusk|49/100|[from] item: Leftovers
|upkeep
|turn|16
|
|t:|1757863014
|move|p1a: Great Tusk|Rapid Spin|p2a: Tyranitar
|-resisted|p2a: Tyranitar
|-damage|p2a: Tyranitar|73/100
|-boost|p1a: Great Tusk|spe|1
|-sideend|p1: whipinbuli|Stealth Rock|[from] move: Rapid Spin|[of] p1a: Great Tusk
|move|p2a: Tyranitar|Ice Punch|p1a: Great Tusk
|-supereffective|p1a: Great Tusk
|-damage|p1a: Great Tusk|0 fnt
|faint|p1a: Great Tusk
|-end|p1a: Great Tusk|Protosynthesis|[silent]
|
|-weather|Sandstorm|[upkeep]
|upkeep
|
|t:|1757863022
|switch|p1a: Rillaboom|Rillaboom, M, shiny|100/100
|-fieldstart|move: Grassy Terrain|[from] ability: Grassy Surge|[of] p1a: Rillaboom
|turn|17
|
|t:|1757863026
|-terastallize|p2a: Tyranitar|Flying
|move|p1a: Rillaboom|U-turn|p2a: Tyranitar
|-resisted|p2a: Tyranitar
|-damage|p2a: Tyranitar|57/100
|
|t:|1757863033
|switch|p1a: Alomomola|Alomomola, F|100/100|[from] U-turn
|move|p2a: Tyranitar|Ice Punch|p1a: Alomomola
|-resisted|p1a: Alomomola
|-damage|p1a: Alomomola|87/100
|
|-weather|Sandstorm|[upkeep]
|-damage|p2a: Tyranitar|51/100|[from] Sandstorm
|-damage|p1a: Alomomola|80/100|[from] Sandstorm
|-heal|p1a: Alomomola|87/100|[from] Grassy Terrain
|upkeep
|turn|18
|
|t:|1757863037
|switch|p2a: Hydrapple|Hydrapple, M|100/100 par
|move|p1a: Alomomola|Flip Turn|p2a: Hydrapple
|-resisted|p2a: Hydrapple
|-damage|p2a: Hydrapple|98/100 par
|-damage|p1a: Alomomola|70/100|[from] item: Rocky Helmet|[of] p2a: Hydrapple
|
|t:|1757863041
|switch|p1a: Hydreigon|Hydreigon, M|12/100|[from] Flip Turn
|
|-weather|none
|-heal|p2a: Hydrapple|100/100 par|[from] Grassy Terrain
|upkeep
|turn|19
|
|t:|1757863046
|switch|p2a: Keldeo|Keldeo-Resolute|100/100
|move|p1a: Hydreigon|Dark Pulse|p2a: Keldeo
|-resisted|p2a: Keldeo
|-damage|p2a: Keldeo|63/100
|-ability|p2a: Keldeo|Justified|boost
|-boost|p2a: Keldeo|atk|1
|
|-heal|p2a: Keldeo|69/100|[from] Grassy Terrain
|upkeep
|turn|20
|
|t:|1757863054
|switch|p1a: Alomomola|Alomomola, F|100/100
|move|p2a: Keldeo|Secret Sword|p1a: Alomomola
|-damage|p1a: Alomomola|60/100
|
|-heal|p2a: Keldeo|75/100|[from] Grassy Terrain
|-heal|p1a: Alomomola|67/100|[from] Grassy Terrain
|upkeep
|turn|21
|
|t:|1757863058
|move|p2a: Keldeo|Secret Sword|p1a: Alomomola
|-damage|p1a: Alomomola|27/100
|move|p1a: Alomomola|Flip Turn|p2a: Keldeo
|-resisted|p2a: Keldeo
|-damage|p2a: Keldeo|66/100
|
|t:|1757863072
|switch|p1a: Rillaboom|Rillaboom, M, shiny|100/100|[from] Flip Turn
|
|-heal|p2a: Keldeo|72/100|[from] Grassy Terrain
|-fieldend|move: Grassy Terrain
|upkeep
|turn|22
|
|t:|1757863076
|switch|p2a: Tornadus|Tornadus-Therian, M|100/100
|move|p1a: Rillaboom|U-turn|p2a: Tornadus
|-resisted|p2a: Tornadus
|-damage|p2a: Tornadus|78/100
|
|t:|1757863081
|switch|p1a: Cinderace|Cinderace, M|100/100|[from] U-turn
|
|upkeep
|turn|23
|
|t:|1757863087
|move|p1a: Cinderace|Pyro Ball|p2a: Tornadus|[miss]
|-miss|p1a: Cinderace|p2a: Tornadus
|move|p2a: Tornadus|Bleakwind Storm|p1a: Cinderace
|-damage|p1a: Cinderace|55/100
|
|upkeep
|turn|24
|
|t:|1757863095
|move|p1a: Cinderace|Pyro Ball|p2a: Tornadus
|-damage|p2a: Tornadus|31/100
|move|p2a: Tornadus|Bleakwind Storm|p1a: Cinderace
|-damage|p1a: Cinderace|13/100
|
|upkeep
|turn|25
|
|t:|1757863100
|switch|p2a: Tyranitar|Tyranitar, M, tera:Flying|51/100
|-weather|Sandstorm|[from] ability: Sand Stream|[of] p2a: Tyranitar
|move|p1a: Cinderace|U-turn|p2a: Tyranitar
|-resisted|p2a: Tyranitar
|-damage|p2a: Tyranitar|41/100
|
|t:|1757863107
|switch|p1a: Alomomola|Alomomola, F|60/100|[from] U-turn
|
|-weather|Sandstorm|[upkeep]
|-damage|p2a: Tyranitar|35/100|[from] Sandstorm
|-damage|p1a: Alomomola|54/100|[from] Sandstorm
|upkeep
|turn|26
|
|t:|1757863110
|move|p2a: Tyranitar|Low Kick|p1a: Alomomola
|-damage|p1a: Alomomola|29/100
|move|p1a: Alomomola|Flip Turn|p2a: Tyranitar
|-damage|p2a: Tyranitar|19/100
|
|t:|1757863112
|switch|p1a: Cinderace|Cinderace, M|13/100|[from] Flip Turn
|
|-weather|Sandstorm|[upkeep]
|-damage|p1a: Cinderace|7/100|[from] Sandstorm
|-damage|p2a: Tyranitar|13/100|[from] Sandstorm
|upkeep
|turn|27
|
|t:|1757863119
|move|p1a: Cinderace|Pyro Ball|p2a: Tyranitar
|-damage|p2a: Tyranitar|0 fnt
|faint|p2a: Tyranitar
|
|-weather|Sandstorm|[upkeep]
|-damage|p1a: Cinderace|1/100|[from] Sandstorm
|upkeep
|
|t:|1757863122
|switch|p2a: Excadrill|Excadrill, M|100/100
|-item|p2a: Excadrill|Air Balloon
|turn|28
|
|t:|1757863127
|switch|p1a: Alomomola|Alomomola, F|62/100
|move|p2a: Excadrill|Rapid Spin|p1a: Alomomola
|-damage|p1a: Alomomola|50/100
|-boost|p2a: Excadrill|spe|1
|
|-weather|Sandstorm|[upkeep]
|-damage|p1a: Alomomola|44/100|[from] Sandstorm
|upkeep
|turn|29
|
|t:|1757863131
|move|p2a: Excadrill|Swords Dance|p2a: Excadrill
|-boost|p2a: Excadrill|atk|2
|move|p1a: Alomomola|Flip Turn|p2a: Excadrill
|-supereffective|p2a: Excadrill
|-damage|p2a: Excadrill|52/100
|-enditem|p2a: Excadrill|Air Balloon
|
|t:|1757863133
|switch|p1a: Rillaboom|Rillaboom, M, shiny|100/100|[from] Flip Turn
|-fieldstart|move: Grassy Terrain|[from] ability: Grassy Surge|[of] p1a: Rillaboom
|
|-weather|none
|-heal|p2a: Excadrill|58/100|[from] Grassy Terrain
|upkeep
|turn|30
|
|t:|1757863137
|move|p2a: Excadrill|Iron Head|p1a: Rillaboom
|-damage|p1a: Rillaboom|0 fnt
|faint|p1a: Rillaboom
|
|-heal|p2a: Excadrill|64/100|[from] Grassy Terrain
|upkeep
|
|t:|1757863142
|switch|p1a: Alomomola|Alomomola, F|77/100
|turn|31
|
|t:|1757863145
|move|p2a: Excadrill|Earthquake|p1a: Alomomola
|-damage|p1a: Alomomola|36/100
|move|p1a: Alomomola|Scald|p2a: Excadrill
|-supereffective|p2a: Excadrill
|-damage|p2a: Excadrill|25/100
|
|-heal|p2a: Excadrill|31/100|[from] Grassy Terrain
|-heal|p1a: Alomomola|42/100|[from] Grassy Terrain
|upkeep
|turn|32
|
|t:|1757863149
|-terastallize|p1a: Alomomola|Grass
|move|p2a: Excadrill|Earthquake|p1a: Alomomola
|-resisted|p1a: Alomomola
|-damage|p1a: Alomomola|24/100
|move|p1a: Alomomola|Scald|p2a: Excadrill
|-supereffective|p2a: Excadrill
|-damage|p2a: Excadrill|0 fnt
|faint|p2a: Excadrill
|
|-heal|p1a: Alomomola|30/100|[from] Grassy Terrain
|upkeep
|
|t:|1757863152
|switch|p2a: Tornadus|Tornadus-Therian, M|64/100
|turn|33
|
|t:|1757863157
|move|p2a: Tornadus|U-turn|p1a: Alomomola
|-supereffective|p1a: Alomomola
|-damage|p1a: Alomomola|12/100
|
|t:|1757863160
|switch|p2a: Heatran|Heatran, F|27/100|[from] U-turn
|move|p1a: Alomomola|Flip Turn|p2a: Heatran
|-supereffective|p2a: Heatran
|-damage|p2a: Heatran|0 fnt
|faint|p2a: Heatran
|
|t:|1757863168
|switch|p1a: Cinderace|Cinderace, M|1/100|[from] Flip Turn
|
|-heal|p1a: Cinderace|7/100|[from] Grassy Terrain
|-fieldend|move: Grassy Terrain
|upkeep
|
|t:|1757863171
|switch|p2a: Keldeo|Keldeo-Resolute|72/100
|turn|34
|
|t:|1757863175
|switch|p1a: Alomomola|Alomomola, F, tera:Grass|45/100
|move|p2a: Keldeo|Vacuum Wave|p1a: Alomomola
|-damage|p1a: Alomomola|27/100
|
|upkeep
|turn|35
|
|t:|1757863181
|switch|p2a: Tornadus|Tornadus-Therian, M|97/100
|move|p1a: Alomomola|Flip Turn|p2a: Tornadus
|-damage|p2a: Tornadus|79/100
|
|t:|1757863184
|switch|p1a: Cinderace|Cinderace, M|7/100|[from] Flip Turn
|
|upkeep
|turn|36
|
|t:|1757863186
|move|p1a: Cinderace|Pyro Ball|p2a: Tornadus
|-damage|p2a: Tornadus|1/100
|move|p2a: Tornadus|Bleakwind Storm|p1a: Cinderace
|-damage|p1a: Cinderace|0 fnt
|faint|p1a: Cinderace
|
|upkeep
|
|t:|1757863192
|switch|p1a: Alomomola|Alomomola, F, tera:Grass|61/100
|turn|37
|
|t:|1757863197
|move|p2a: Tornadus|Bleakwind Storm|p1a: Alomomola
|-supereffective|p1a: Alomomola
|-damage|p1a: Alomomola|16/100
|move|p1a: Alomomola|Flip Turn|p2a: Tornadus
|-damage|p2a: Tornadus|0 fnt
|faint|p2a: Tornadus
|
|t:|1757863202
|switch|p1a: Jirachi|Jirachi|33/100|[from] Flip Turn
|
|upkeep
|
|t:|1757863205
|switch|p2a: Keldeo|Keldeo-Resolute|72/100
|turn|38
|
|t:|1757863207
|move|p2a: Keldeo|Secret Sword|p1a: Jirachi
|-damage|p1a: Jirachi|0 fnt
|faint|p1a: Jirachi
|
|upkeep
|
|t:|1757863210
|switch|p1a: Alomomola|Alomomola, F, tera:Grass|49/100
|turn|39
|
|t:|1757863213
|move|p2a: Keldeo|Secret Sword|p1a: Alomomola
|-damage|p1a: Alomomola|5/100
|move|p1a: Alomomola|Mirror Coat|p2a: Keldeo
|-damage|p2a: Keldeo|0 fnt
|faint|p2a: Keldeo
|
|upkeep
|
|t:|1757863216
|switch|p2a: Hydrapple|Hydrapple, M|100/100 par
|turn|40
|
|t:|1757863227
|move|p1a: Alomomola|Scald|p2a: Hydrapple
|-resisted|p2a: Hydrapple
|-damage|p2a: Hydrapple|97/100 par
|move|p2a: Hydrapple|Fickle Beam|p1a: Alomomola
|-damage|p1a: Alomomola|0 fnt
|faint|p1a: Alomomola
|
|upkeep
|
|t:|1757863230
|switch|p1a: Hydreigon|Hydreigon, M|12/100
|turn|41
|c|☆whipinbuli|i think this was a good game
|c|☆whipinbuli|gg
|
|t:|1757863247
|move|p1a: Hydreigon|Draco Meteor|p2a: Hydrapple
|-supereffective|p2a: Hydrapple
|-crit|p2a: Hydrapple
|-damage|p2a: Hydrapple|0 fnt
|-unboost|p1a: Hydreigon|spa|2
|faint|p2a: Hydrapple
|
|win|whipinbuli
|raw|whipinbuli's rating: 1415 &rarr; <strong>1434</strong><br />(+19 for winning)
|raw|Crocodile E's rating: 1389 &rarr; <strong>1370</strong><br />(-19 for losing)
|l|☆Crocodile E
|player|p2|
