|j|‽oehtwashere
|j|☆Tigerballs
|t:|1757847793
|gametype|singles
|player|p1|oehtwashere|supernerd|1621
|player|p2|Tigerballs|swimmer-gen4dp|1722
|gen|9
|tier|[Gen 9] OU
|rated|
|rule|HP Percentage Mod: HP is shown in percentages
|rule|Endless Battle Clause: Forcing endless battles is banned
|rule|Species Clause: Limit one of each Pokémon
|rule|OHKO Clause: OHKO moves are banned
|rule|Evasion Items Clause: Evasion items are banned
|rule|Evasion Moves Clause: Evasion moves are banned
|rule|Evasion Abilities Clause: Evasion abilities are banned
|rule|Sleep Moves Clause: Sleep-inducing moves are banned
|clearpoke
|poke|p1|Raikou|
|poke|p1|Samurott-Hisui, F|
|poke|p1|Ting-Lu|
|poke|p1|Dragonite, F|
|poke|p1|Gholdengo|
|poke|p1|Clefable, F|
|poke|p2|Ninetales-Alola, M|
|poke|p2|Skeledirge, F|
|poke|p2|Okidogi, M|
|poke|p2|Vaporeon, F|
|poke|p2|Cresselia, F|
|poke|p2|Porygon2|
|teampreview
|inactive|Battle timer is ON: inactive players will automatically lose when time's up. (requested by oehtwashere)
|
|t:|1757847804
|teamsize|p1|6
|teamsize|p2|6
|start
|switch|p1a: Raikou|Raikou|100/100
|switch|p2a: Ninetales|Ninetales-Alola, M, shiny|100/100
|-ability|p1a: Raikou|Pressure
|-weather|Snowscape|[from] ability: Snow Warning|[of] p2a: Ninetales
|turn|1
|
|t:|1757847813
|move|p1a: Raikou|Volt Switch|p2a: Ninetales
|-damage|p2a: Ninetales|60/100
|
|t:|1757847816
|switch|p1a: Gholdengo|Gholdengo|100/100|[from] Volt Switch
|move|p2a: Ninetales|Blizzard|p1a: Gholdengo
|-resisted|p1a: Gholdengo
|-damage|p1a: Gholdengo|64/100
|
|-weather|Snowscape|[upkeep]
|upkeep
|turn|2
|
|t:|1757847826
|switch|p2a: Mermaid cat|Vaporeon, F|100/100
|move|p1a: Gholdengo|Shadow Ball|p2a: Mermaid cat
|-damage|p2a: Mermaid cat|80/100
|
|-weather|Snowscape|[upkeep]
|-heal|p2a: Mermaid cat|87/100|[from] item: Leftovers
|upkeep
|turn|3
|
|t:|1757847837
|move|p1a: Gholdengo|Nasty Plot|p1a: Gholdengo
|-boost|p1a: Gholdengo|spa|2
|move|p2a: Mermaid cat|Scald|p1a: Gholdengo
|-damage|p1a: Gholdengo|32/100
|
|-weather|Snowscape|[upkeep]
|-heal|p2a: Mermaid cat|93/100|[from] item: Leftovers
|upkeep
|turn|4
|
|t:|1757847845
|move|p1a: Gholdengo|Recover|p1a: Gholdengo
|-heal|p1a: Gholdengo|82/100
|move|p2a: Mermaid cat|Scald|p1a: Gholdengo
|-damage|p1a: Gholdengo|52/100
|-status|p1a: Gholdengo|brn
|
|-weather|Snowscape|[upkeep]
|-heal|p2a: Mermaid cat|99/100|[from] item: Leftovers
|-damage|p1a: Gholdengo|46/100 brn|[from] brn
|upkeep
|turn|5
|
|t:|1757847856
|move|p1a: Gholdengo|Recover|p1a: Gholdengo
|-heal|p1a: Gholdengo|96/100 brn
|move|p2a: Mermaid cat|Scald|p1a: Gholdengo
|-damage|p1a: Gholdengo|65/100 brn
|
|-weather|none
|-heal|p2a: Mermaid cat|100/100|[from] item: Leftovers
|-damage|p1a: Gholdengo|59/100 brn|[from] brn
|upkeep
|turn|6
|
|t:|1757847878
|switch|p2a: Nokia 3310|Porygon2|100/100
|-ability|p2a: Nokia 3310|Download|boost
|-boost|p2a: Nokia 3310|spa|1
|move|p1a: Gholdengo|Nasty Plot|p1a: Gholdengo
|-boost|p1a: Gholdengo|spa|2
|
|-damage|p1a: Gholdengo|52/100 brn|[from] brn
|upkeep
|turn|7
|
|t:|1757847887
|-terastallize|p2a: Nokia 3310|Ground
|move|p1a: Gholdengo|Make It Rain|p2a: Nokia 3310
|-damage|p2a: Nokia 3310|18/100
|-unboost|p1a: Gholdengo|spa|1
|move|p2a: Nokia 3310|Tera Blast|p1a: Gholdengo|[anim] Tera Blast Ground
|-supereffective|p1a: Gholdengo
|-damage|p1a: Gholdengo|0 fnt
|faint|p1a: Gholdengo
|
|upkeep
|
|t:|1757847893
|switch|p1a: Samurott|Samurott-Hisui, F|100/100
|turn|8
|
|t:|1757847902
|switch|p2a: Ninetales|Ninetales-Alola, M, shiny|60/100
|-weather|Snowscape|[from] ability: Snow Warning|[of] p2a: Ninetales
|move|p1a: Samurott|Ceaseless Edge|p2a: Ninetales
|-resisted|p2a: Ninetales
|-damage|p2a: Ninetales|37/100
|-sidestart|p2: Tigerballs|Spikes
|
|-weather|Snowscape|[upkeep]
|upkeep
|turn|9
|
|t:|1757847927
|switch|p1a: Raikou|Raikou|100/100
|-ability|p1a: Raikou|Pressure
|move|p2a: Ninetales|Moonblast|p1a: Raikou
|-damage|p1a: Raikou|38/100
|
|-weather|Snowscape|[upkeep]
|upkeep
|turn|10
|
|t:|1757847939
|switch|p2a: Nokia 3310|Porygon2, tera:Ground|18/100
|-damage|p2a: Nokia 3310|6/100|[from] Spikes
|-ability|p2a: Nokia 3310|Download|boost
|-boost|p2a: Nokia 3310|atk|1
|move|p1a: Raikou|Volt Switch|p2a: Nokia 3310
|-immune|p2a: Nokia 3310
|
|-weather|Snowscape|[upkeep]
|upkeep
|turn|11
|
|t:|1757847953
|move|p1a: Raikou|Aura Sphere|p2a: Nokia 3310
|-damage|p2a: Nokia 3310|0 fnt
|faint|p2a: Nokia 3310
|
|-weather|Snowscape|[upkeep]
|upkeep
|
|t:|1757847967
|switch|p2a: Cresselia|Cresselia, F|100/100
|turn|12
|
|t:|1757847970
|move|p2a: Cresselia|Trick|p1a: Raikou
|-activate|p2a: Cresselia|move: Trick|[of] p1a: Raikou
|-item|p1a: Raikou|Choice Scarf|[from] move: Trick
|-item|p2a: Cresselia|Heavy-Duty Boots|[from] move: Trick
|move|p1a: Raikou|Volt Switch|p2a: Cresselia
|-damage|p2a: Cresselia|76/100
|
|t:|1757847976
|switch|p1a: Samurott|Samurott-Hisui, F|100/100|[from] Volt Switch
|
|-weather|none
|upkeep
|turn|13
|
|t:|1757847983
|move|p1a: Samurott|Ceaseless Edge|p2a: Cresselia
|-supereffective|p2a: Cresselia
|-damage|p2a: Cresselia|9/100
|-sidestart|p2: Tigerballs|Spikes
|move|p2a: Cresselia|Lunar Dance|p2a: Cresselia
|faint|p2a: Cresselia
|
|upkeep
|
|t:|1757847991
|switch|p2a: Ninetales|Ninetales-Alola, M, shiny|37/100
|-heal|p2a: Ninetales|100/100|[from] move: Lunar Dance
|-damage|p2a: Ninetales|84/100|[from] Spikes
|-weather|Snowscape|[from] ability: Snow Warning|[of] p2a: Ninetales
|turn|14
|
|t:|1757848002
|switch|p1a: Clefable|Clefable, F|100/100
|move|p2a: Ninetales|Moonblast|p1a: Clefable
|-damage|p1a: Clefable|41/100
|
|-weather|Snowscape|[upkeep]
|-heal|p1a: Clefable|48/100|[from] item: Leftovers
|upkeep
|turn|15
|
|t:|1757848010
|move|p1a: Clefable|Protect|p1a: Clefable
|-singleturn|p1a: Clefable|Protect
|move|p2a: Ninetales|Moonblast|p1a: Clefable
|-activate|p1a: Clefable|move: Protect
|
|-weather|Snowscape|[upkeep]
|-heal|p1a: Clefable|54/100|[from] item: Leftovers
|upkeep
|turn|16
|
|t:|1757848018
|move|p1a: Clefable|Protect||[still]
|-fail|p1a: Clefable
|move|p2a: Ninetales|Moonblast|p1a: Clefable
|-damage|p1a: Clefable|0 fnt
|faint|p1a: Clefable
|
|-weather|Snowscape|[upkeep]
|upkeep
|
|t:|1757848025
|switch|p1a: Ting-Lu|Ting-Lu|100/100
|-ability|p1a: Ting-Lu|Vessel of Ruin
|turn|17
|
|t:|1757848030
|-terastallize|p1a: Ting-Lu|Poison
|move|p2a: Ninetales|Moonblast|p1a: Ting-Lu
|-resisted|p1a: Ting-Lu
|-damage|p1a: Ting-Lu|89/100
|-unboost|p1a: Ting-Lu|spa|1
|move|p1a: Ting-Lu|Stealth Rock|p2a: Ninetales
|-sidestart|p2: Tigerballs|move: Stealth Rock
|
|-weather|Snowscape|[upkeep]
|-heal|p1a: Ting-Lu|95/100|[from] item: Leftovers
|upkeep
|turn|18
|
|t:|1757848043
|switch|p2a: Skeledirge|Skeledirge, F|100/100
|-damage|p2a: Skeledirge|84/100|[from] Spikes
|-damage|p2a: Skeledirge|59/100|[from] Stealth Rock
|move|p1a: Ting-Lu|Earthquake|p2a: Skeledirge
|-supereffective|p2a: Skeledirge
|-damage|p2a: Skeledirge|15/100
|
|-weather|none
|-heal|p2a: Skeledirge|21/100|[from] item: Leftovers
|-heal|p1a: Ting-Lu|100/100|[from] item: Leftovers
|upkeep
|turn|19
|
|t:|1757848056
|switch|p1a: Raikou|Raikou|38/100
|-ability|p1a: Raikou|Pressure
|move|p2a: Skeledirge|Will-O-Wisp|p1a: Raikou
|-status|p1a: Raikou|brn
|
|-heal|p2a: Skeledirge|27/100|[from] item: Leftovers
|-damage|p1a: Raikou|32/100 brn|[from] brn
|upkeep
|turn|20
|
|t:|1757848067
|move|p1a: Raikou|Scald|p2a: Skeledirge
|-supereffective|p2a: Skeledirge
|-damage|p2a: Skeledirge|0 fnt
|faint|p2a: Skeledirge
|
|-damage|p1a: Raikou|26/100 brn|[from] brn
|upkeep
|
|t:|1757848081
|switch|p2a: Mermaid cat|Vaporeon, F|100/100
|-damage|p2a: Mermaid cat|84/100|[from] Spikes
|-damage|p2a: Mermaid cat|71/100|[from] Stealth Rock
|turn|21
|
|t:|1757848085
|switch|p1a: Samurott|Samurott-Hisui, F|100/100
|move|p2a: Mermaid cat|Wish|p2a: Mermaid cat
|
|-heal|p2a: Mermaid cat|78/100|[from] item: Leftovers
|upkeep
|turn|22
|
|t:|1757848092
|move|p1a: Samurott|Ceaseless Edge|p2a: Mermaid cat
|-damage|p2a: Mermaid cat|24/100
|-sidestart|p2: Tigerballs|Spikes
|move|p2a: Mermaid cat|Scald|p1a: Samurott
|-resisted|p1a: Samurott
|-damage|p1a: Samurott|77/100
|
|-heal|p2a: Mermaid cat|74/100|[from] move: Wish|[wisher] Mermaid cat
|-heal|p2a: Mermaid cat|80/100|[from] item: Leftovers
|upkeep
|turn|23
|
|t:|1757848103
|move|p1a: Samurott|Ceaseless Edge|p2a: Mermaid cat
|-damage|p2a: Mermaid cat|30/100
|move|p2a: Mermaid cat|Wish|p2a: Mermaid cat
|
|-heal|p2a: Mermaid cat|36/100|[from] item: Leftovers
|upkeep
|turn|24
|
|t:|1757848111
|switch|p2a: Ninetales|Ninetales-Alola, M, shiny|84/100
|-damage|p2a: Ninetales|59/100|[from] Spikes
|-damage|p2a: Ninetales|34/100|[from] Stealth Rock
|-weather|Snowscape|[from] ability: Snow Warning|[of] p2a: Ninetales
|move|p1a: Samurott|Ceaseless Edge|p2a: Ninetales
|-resisted|p2a: Ninetales
|-damage|p2a: Ninetales|13/100
|
|-weather|Snowscape|[upkeep]
|-heal|p2a: Ninetales|94/100|[from] move: Wish|[wisher] Mermaid cat
|upkeep
|turn|25
|
|t:|1757848124
|switch|p1a: Ting-Lu|Ting-Lu, tera:Poison|100/100
|-ability|p1a: Ting-Lu|Vessel of Ruin
|move|p2a: Ninetales|Blizzard|p1a: Ting-Lu
|-damage|p1a: Ting-Lu|73/100
|-status|p1a: Ting-Lu|frz
|
|-weather|Snowscape|[upkeep]
|-heal|p1a: Ting-Lu|79/100 frz|[from] item: Leftovers
|upkeep
|turn|26
|
|t:|1757848135
|move|p2a: Ninetales|Blizzard|p1a: Ting-Lu
|-damage|p1a: Ting-Lu|49/100 frz
|-curestatus|p1a: Ting-Lu|frz|[msg]
|move|p1a: Ting-Lu|Ruination|p2a: Ninetales
|-damage|p2a: Ninetales|47/100
|
|-weather|Snowscape|[upkeep]
|-heal|p1a: Ting-Lu|56/100|[from] item: Leftovers
|upkeep
|turn|27
|
|t:|1757848145
|move|p2a: Ninetales|Blizzard|p1a: Ting-Lu
|-damage|p1a: Ting-Lu|29/100
|move|p1a: Ting-Lu|Whirlwind|p2a: Ninetales
|drag|p2a: Grrrr|Okidogi, M|100/100
|-damage|p2a: Grrrr|75/100|[from] Spikes
|-damage|p2a: Grrrr|69/100|[from] Stealth Rock
|
|-weather|Snowscape|[upkeep]
|-heal|p2a: Grrrr|75/100|[from] item: Leftovers
|-heal|p1a: Ting-Lu|36/100|[from] item: Leftovers
|upkeep
|turn|28
|
|t:|1757848156
|move|p2a: Grrrr|Throat Chop|p1a: Ting-Lu
|-damage|p1a: Ting-Lu|23/100
|-start|p1a: Ting-Lu|Throat Chop|[silent]
|move|p1a: Ting-Lu|Earthquake|p2a: Grrrr
|-supereffective|p2a: Grrrr
|-damage|p2a: Grrrr|20/100
|
|-weather|none
|-heal|p2a: Grrrr|26/100|[from] item: Leftovers
|-heal|p1a: Ting-Lu|29/100|[from] item: Leftovers
|upkeep
|turn|29
|
|t:|1757848166
|move|p2a: Grrrr|Drain Punch|p1a: Ting-Lu
|-resisted|p1a: Ting-Lu
|-damage|p1a: Ting-Lu|20/100
|-heal|p2a: Grrrr|33/100|[from] drain|[of] p1a: Ting-Lu
|move|p1a: Ting-Lu|Earthquake|p2a: Grrrr
|-supereffective|p2a: Grrrr
|-damage|p2a: Grrrr|0 fnt
|faint|p2a: Grrrr
|
|-heal|p1a: Ting-Lu|26/100|[from] item: Leftovers
|-end|p1a: Ting-Lu|Throat Chop|[silent]
|upkeep
|
|t:|1757848178
|switch|p2a: Ninetales|Ninetales-Alola, M, shiny|47/100
|-damage|p2a: Ninetales|22/100|[from] Spikes
|-damage|p2a: Ninetales|0 fnt|[from] Stealth Rock
|faint|p2a: Ninetales
|-message|Tigerballs forfeited.
|
|win|oehtwashere
|raw|oehtwashere's rating: 1621 &rarr; <strong>1647</strong><br />(+26 for winning)
|raw|Tigerballs's rating: 1722 &rarr; <strong>1696</strong><br />(-26 for losing)
|l|☆Tigerballs
|player|p2|
