|j|☆SmoggyPoggy
|j|☆xiaojy
|t:|1757912483
|gametype|singles
|player|p1|SmoggyPoggy|rosa|1207
|player|p2|xiaojy|nate|1259
|gen|9
|tier|[Gen 9] OU
|rated|
|rule|HP Percentage Mod: HP is shown in percentages
|rule|Endless Battle Clause: Forcing endless battles is banned
|rule|Species Clause: Limit one of each Pokémon
|rule|OHKO Clause: OHKO moves are banned
|rule|Evasion Items Clause: Evasion items are banned
|rule|Evasion Moves Clause: Evasion moves are banned
|rule|Evasion Abilities Clause: Evasion abilities are banned
|rule|Sleep Moves Clause: Sleep-inducing moves are banned
|clearpoke
|poke|p1|Pincurchin, M|
|poke|p1|Iron Moth|
|poke|p1|Iron Leaves|
|poke|p1|Raging Bolt|
|poke|p1|Weezing-Galar, M|
|poke|p1|Ting-Lu|
|poke|p2|Iron Moth|
|poke|p2|Corviknight, M|
|poke|p2|Ogerpon-Wellspring, F|
|poke|p2|Pecharunt|
|poke|p2|Zamazenta-*|
|poke|p2|Primarina, F|
|teampreview
|inactive|Battle timer is ON: inactive players will automatically lose when time's up. (requested by SmoggyPoggy)
|
|t:|1757912510
|teamsize|p1|6
|teamsize|p2|6
|start
|switch|p1a: Pincurchin|Pincurchin, M|100/100
|switch|p2a: Iron Moth|Iron Moth, shiny|100/100
|-fieldstart|move: Electric Terrain|[from] ability: Electric Surge|[of] p1a: Pincurchin
|-activate|p2a: Iron Moth|ability: Quark Drive
|-start|p2a: Iron Moth|quarkdrivespa
|turn|1
|
|t:|1757912523
|move|p2a: Iron Moth|Fiery Dance|p1a: Pincurchin
|-damage|p1a: Pincurchin|19/100
|move|p1a: Pincurchin|Thunder Wave|p2a: Iron Moth|[miss]
|-miss|p1a: Pincurchin|p2a: Iron Moth
|
|upkeep
|turn|2
|
|t:|1757912531
|move|p2a: Iron Moth|Fiery Dance|p1a: Pincurchin
|-damage|p1a: Pincurchin|0 fnt
|-boost|p2a: Iron Moth|spa|1
|faint|p1a: Pincurchin
|
|upkeep
|
|t:|1757912534
|switch|p1a: Iron Leaves|Iron Leaves|100/100
|-activate|p1a: Iron Leaves|ability: Quark Drive
|-start|p1a: Iron Leaves|quarkdrivespe
|turn|3
|
|t:|1757912545
|-terastallize|p1a: Iron Leaves|Psychic
|move|p1a: Iron Leaves|Psyblade|p2a: Iron Moth
|-supereffective|p2a: Iron Moth
|-damage|p2a: Iron Moth|0 fnt
|faint|p2a: Iron Moth
|-end|p2a: Iron Moth|Quark Drive|[silent]
|
|upkeep
|
|t:|1757912565
|switch|p2a: Pecharunt|Pecharunt|100/100
|turn|4
|
|t:|1757912571
|move|p1a: Iron Leaves|Psyblade|p2a: Pecharunt
|-supereffective|p2a: Pecharunt
|-damage|p2a: Pecharunt|0 fnt
|faint|p2a: Pecharunt
|
|upkeep
|
|t:|1757912582
|switch|p2a: Corviknight|Corviknight, M, shiny|100/100
|turn|5
|l|☆SmoggyPoggy
|inactive|SmoggyPoggy disconnected and has a minute to reconnect!
|player|p1|
|j|☆SmoggyPoggy
|inactive|SmoggyPoggy reconnected and has 125 seconds left.
|player|p1|SmoggyPoggy|rosa|
|inactive|SmoggyPoggy has 120 seconds left.
|
|t:|1757912612
|move|p1a: Iron Leaves|Psyblade|p2a: Corviknight
|-resisted|p2a: Corviknight
|-damage|p2a: Corviknight|55/100
|move|p2a: Corviknight|Iron Defense|p2a: Corviknight
|-boost|p2a: Corviknight|def|2
|
|upkeep
|turn|6
|inactive|SmoggyPoggy has 120 seconds left.
|
|t:|1757912625
|-end|p1a: Iron Leaves|Quark Drive|[silent]
|switch|p1a: Weezing|Weezing-Galar, M|100/100
|move|p2a: Corviknight|Roost|p2a: Corviknight
|-heal|p2a: Corviknight|100/100
|-singleturn|p2a: Corviknight|move: Roost
|
|upkeep
|turn|7
|
|t:|1757912632
|switch|p2a: Primarina|Primarina, F, shiny|100/100
|move|p1a: Weezing|Will-O-Wisp|p2a: Primarina
|-status|p2a: Primarina|brn
|
|-damage|p2a: Primarina|95/100 brn|[from] brn
|upkeep
|turn|8
|inactive|SmoggyPoggy has 120 seconds left.
|
|t:|1757912655
|move|p2a: Primarina|Alluring Voice|p1a: Weezing
|-damage|p1a: Weezing|65/100
|-enditem|p2a: Primarina|Throat Spray
|-boost|p2a: Primarina|spa|1|[from] item: Throat Spray
|move|p1a: Weezing|Strange Steam|p2a: Primarina
|-damage|p2a: Primarina|67/100 brn
|
|-heal|p1a: Weezing|71/100|[from] item: Black Sludge
|-damage|p2a: Primarina|61/100 brn|[from] brn
|-fieldend|move: Electric Terrain
|upkeep
|turn|9
|inactive|SmoggyPoggy has 120 seconds left.
|inactive|SmoggyPoggy has 90 seconds left.
|inactive|xiaojy has 120 seconds left.
|
|t:|1757912714
|move|p2a: Primarina|Ice Beam|p1a: Weezing
|-damage|p1a: Weezing|29/100
|move|p1a: Weezing|Clear Smog|p2a: Primarina
|-supereffective|p2a: Primarina
|-damage|p2a: Primarina|33/100 brn
|-clearboost|p2a: Primarina
|
|-heal|p1a: Weezing|35/100|[from] item: Black Sludge
|-damage|p2a: Primarina|27/100 brn|[from] brn
|upkeep
|turn|10
|inactive|SmoggyPoggy has 60 seconds left.
|
|t:|1757912736
|move|p2a: Primarina|Ice Beam|p1a: Weezing
|-damage|p1a: Weezing|7/100
|move|p1a: Weezing|Strange Steam|p2a: Primarina
|-damage|p2a: Primarina|0 fnt
|faint|p2a: Primarina
|
|-heal|p1a: Weezing|13/100|[from] item: Black Sludge
|upkeep
|
|t:|1757912752
|switch|p2a: Zamazenta|Zamazenta, shiny|100/100
|-ability|p2a: Zamazenta|Dauntless Shield|boost
|-boost|p2a: Zamazenta|def|1
|turn|11
|
|t:|1757912769
|move|p2a: Zamazenta|Play Rough|p1a: Weezing
|-resisted|p1a: Weezing
|-damage|p1a: Weezing|0 fnt
|faint|p1a: Weezing
|
|upkeep
|l|☆SmoggyPoggy
|inactive|SmoggyPoggy disconnected and has a minute to reconnect!
|player|p1|
|j|☆SmoggyPoggy
|inactive|SmoggyPoggy reconnected and has 50 seconds left.
|player|p1|SmoggyPoggy|rosa|
|
|t:|1757912806
|switch|p1a: Iron Moth|Iron Moth|100/100
|-item|p1a: Iron Moth|Air Balloon
|turn|12
|
|t:|1757912814
|move|p2a: Zamazenta|Psychic Fangs|p1a: Iron Moth
|-supereffective|p1a: Iron Moth
|-damage|p1a: Iron Moth|13/100
|-enditem|p1a: Iron Moth|Air Balloon
|move|p1a: Iron Moth|Psychic|p2a: Zamazenta
|-supereffective|p2a: Zamazenta
|-damage|p2a: Zamazenta|42/100
|
|-heal|p2a: Zamazenta|48/100|[from] item: Leftovers
|upkeep
|turn|13
|
|t:|1757912825
|move|p2a: Zamazenta|Psychic Fangs|p1a: Iron Moth
|-supereffective|p1a: Iron Moth
|-damage|p1a: Iron Moth|0 fnt
|faint|p1a: Iron Moth
|-end|p1a: Iron Moth|Quark Drive|[silent]
|
|-heal|p2a: Zamazenta|54/100|[from] item: Leftovers
|upkeep
|inactive|SmoggyPoggy has 30 seconds left.
|
|t:|1757912847
|switch|p1a: Iron Leaves|Iron Leaves, tera:Psychic|100/100
|turn|14
|
|t:|1757912853
|move|p2a: Zamazenta|Crunch|p1a: Iron Leaves
|-supereffective|p1a: Iron Leaves
|-damage|p1a: Iron Leaves|36/100
|move|p1a: Iron Leaves|Psyblade|p2a: Zamazenta
|-supereffective|p2a: Zamazenta
|-damage|p2a: Zamazenta|0 fnt
|faint|p2a: Zamazenta
|
|upkeep
|
|t:|1757912859
|switch|p2a: Ogerpon|Ogerpon-Wellspring, F|100/100
|turn|15
|inactive|xiaojy has 120 seconds left.
|inactive|SmoggyPoggy has 30 seconds left.
|inactive|SmoggyPoggy has 20 seconds left.
|
|t:|1757912896
|-end|p1a: Iron Leaves|Quark Drive|[silent]
|switch|p1a: Ting-Lu|Ting-Lu|100/100
|-ability|p1a: Ting-Lu|Vessel of Ruin
|move|p2a: Ogerpon|Knock Off|p1a: Ting-Lu
|-resisted|p1a: Ting-Lu
|-damage|p1a: Ting-Lu|91/100
|-enditem|p1a: Ting-Lu|Leftovers|[from] move: Knock Off|[of] p2a: Ogerpon
|
|upkeep
|turn|16
|inactive|SmoggyPoggy has 30 seconds left this turn.
|inactive|xiaojy has 120 seconds left.
|
|t:|1757912912
|move|p2a: Ogerpon|Swords Dance|p2a: Ogerpon
|-boost|p2a: Ogerpon|atk|2
|move|p1a: Ting-Lu|Ruination|p2a: Ogerpon
|-damage|p2a: Ogerpon|51/100
|
|upkeep
|turn|17
|inactive|SmoggyPoggy has 30 seconds left.
|inactive|xiaojy has 120 seconds left.
|
|t:|1757912923
|move|p2a: Ogerpon|Horn Leech|p1a: Ting-Lu
|-supereffective|p1a: Ting-Lu
|-damage|p1a: Ting-Lu|2/100
|-heal|p2a: Ogerpon|100/100|[from] drain|[of] p1a: Ting-Lu
|move|p1a: Ting-Lu|Whirlwind|p2a: Ogerpon
|drag|p2a: Corviknight|Corviknight, M, shiny|100/100
|
|upkeep
|turn|18
|inactive|SmoggyPoggy has 30 seconds left.
|
|t:|1757912933
|move|p2a: Corviknight|Body Press|p1a: Ting-Lu
|-supereffective|p1a: Ting-Lu
|-damage|p1a: Ting-Lu|0 fnt
|faint|p1a: Ting-Lu
|
|upkeep
|
|t:|1757912937
|switch|p1a: Raging Bolt|Raging Bolt|100/100
|turn|19
|
|t:|1757912946
|-terastallize|p2a: Corviknight|Ground
|move|p1a: Raging Bolt|Calm Mind|p1a: Raging Bolt
|-boost|p1a: Raging Bolt|spa|1
|-boost|p1a: Raging Bolt|spd|1
|move|p2a: Corviknight|Iron Defense|p2a: Corviknight
|-boost|p2a: Corviknight|def|2
|
|upkeep
|turn|20
|
|t:|1757912956
|move|p1a: Raging Bolt|Calm Mind|p1a: Raging Bolt
|-boost|p1a: Raging Bolt|spa|1
|-boost|p1a: Raging Bolt|spd|1
|move|p2a: Corviknight|Iron Defense|p2a: Corviknight
|-boost|p2a: Corviknight|def|2
|
|upkeep
|turn|21
|
|t:|1757912966
|move|p1a: Raging Bolt|Draco Meteor|p2a: Corviknight
|-damage|p2a: Corviknight|0 fnt
|-unboost|p1a: Raging Bolt|spa|2
|faint|p2a: Corviknight
|
|upkeep
|
|t:|1757912971
|switch|p2a: Ogerpon|Ogerpon-Wellspring, F|100/100
|turn|22
|inactive|SmoggyPoggy has 60 seconds left.
|
|t:|1757912993
|move|p2a: Ogerpon|Knock Off|p1a: Raging Bolt
|-damage|p1a: Raging Bolt|68/100
|-enditem|p1a: Raging Bolt|Leftovers|[from] move: Knock Off|[of] p2a: Ogerpon
|move|p1a: Raging Bolt|Rising Voltage|p2a: Ogerpon
|-damage|p2a: Ogerpon|49/100
|
|upkeep
|turn|23
|
|t:|1757913004
|move|p2a: Ogerpon|Horn Leech|p1a: Raging Bolt
|-resisted|p1a: Raging Bolt
|-damage|p1a: Raging Bolt|50/100
|-heal|p2a: Ogerpon|63/100|[from] drain|[of] p1a: Raging Bolt
|move|p1a: Raging Bolt|Rising Voltage|p2a: Ogerpon
|-damage|p2a: Ogerpon|14/100
|
|upkeep
|turn|24
|
|t:|1757913012
|move|p1a: Raging Bolt|Thunderclap||[still]
|-fail|p1a: Raging Bolt
|move|p2a: Ogerpon|Swords Dance|p2a: Ogerpon
|-boost|p2a: Ogerpon|atk|2
|
|upkeep
|turn|25
|
|t:|1757913017
|move|p2a: Ogerpon|Swords Dance|p2a: Ogerpon
|-boost|p2a: Ogerpon|atk|2
|move|p1a: Raging Bolt|Rising Voltage|p2a: Ogerpon
|-damage|p2a: Ogerpon|0 fnt
|faint|p2a: Ogerpon
|
|win|SmoggyPoggy
|raw|SmoggyPoggy's rating: 1207 &rarr; <strong>1236</strong><br />(+29 for winning)
|raw|xiaojy's rating: 1259 &rarr; <strong>1230</strong><br />(-29 for losing)
|l|☆xiaojy
|player|p2|
|l|☆SmoggyPoggy
|player|p1|
