|j|☆sbob9638
|j|☆Kaolin19
|t:|1757924262
|gametype|singles
|player|p1|sbob9638|2|1185
|player|p2|Kaolin19|101|1215
|gen|9
|tier|[Gen 9] OU
|rated|
|rule|HP Percentage Mod: HP is shown in percentages
|rule|Endless Battle Clause: Forcing endless battles is banned
|rule|Species Clause: Limit one of each Pokémon
|rule|OHKO Clause: OHKO moves are banned
|rule|Evasion Items Clause: Evasion items are banned
|rule|Evasion Moves Clause: Evasion moves are banned
|rule|Evasion Abilities Clause: Evasion abilities are banned
|rule|Sleep Moves Clause: Sleep-inducing moves are banned
|clearpoke
|poke|p1|Glimmora, F|
|poke|p1|Greninja-*, M|
|poke|p1|Dragapult, F|
|poke|p1|Great Tusk|
|poke|p1|Appletun, F|
|poke|p1|Kingambit, F|
|poke|p2|Ribombee, M|
|poke|p2|Pecharunt|
|poke|p2|Landorus-Therian, M|
|poke|p2|Latios, M|
|poke|p2|Darkrai|
|poke|p2|Iron Hands|
|teampreview
|inactive|Battle timer is ON: inactive players will automatically lose when time's up. (requested by Kaolin19)
|
|t:|1757924287
|teamsize|p1|6
|teamsize|p2|6
|start
|switch|p1a: Glimmora|Glimmora, F|100/100
|switch|p2a: Ribombee|Ribombee, M|100/100
|turn|1
|
|t:|1757924299
|switch|p2a: Pecharunt|Pecharunt|100/100
|move|p1a: Glimmora|Stealth Rock|p2a: Pecharunt
|-sidestart|p2: Kaolin19|move: Stealth Rock
|
|upkeep
|turn|2
|
|t:|1757924313
|move|p2a: Pecharunt|Shadow Ball|p1a: Glimmora
|-damage|p1a: Glimmora|74/100
|move|p1a: Glimmora|Spikes|p2a: Pecharunt
|-sidestart|p2: Kaolin19|Spikes
|
|-heal|p1a: Glimmora|80/100|[from] item: Leftovers
|upkeep
|turn|3
|
|t:|1757924330
|switch|p2a: Latios|Latios, M|100/100
|-damage|p2a: Latios|88/100|[from] Stealth Rock
|move|p1a: Glimmora|Spikes|p2a: Latios
|-sidestart|p2: Kaolin19|Spikes
|
|-heal|p1a: Glimmora|86/100|[from] item: Leftovers
|upkeep
|turn|4
|
|t:|1757924338
|move|p2a: Latios|Luster Purge|p1a: Glimmora
|-supereffective|p1a: Glimmora
|-damage|p1a: Glimmora|0 fnt
|faint|p1a: Glimmora
|
|upkeep
|
|t:|1757924361
|switch|p1a: Greninja|Greninja, M|100/100
|turn|5
|
|t:|1757924370
|switch|p2a: Iron Hands|Iron Hands|100/100
|-damage|p2a: Iron Hands|94/100|[from] Stealth Rock
|-damage|p2a: Iron Hands|78/100|[from] Spikes
|move|p1a: Greninja|Ice Beam|p2a: Iron Hands
|-damage|p2a: Iron Hands|64/100
|-status|p2a: Iron Hands|frz
|
|upkeep
|turn|6
|
|t:|1757924389
|move|p1a: Greninja|Sludge Wave|p2a: Iron Hands
|-damage|p2a: Iron Hands|49/100 frz
|cant|p2a: Iron Hands|frz
|
|upkeep
|turn|7
|
|t:|1757924404
|switch|p1a: Appletun|Appletun, F|100/100
|cant|p2a: Iron Hands|frz
|
|upkeep
|turn|8
|
|t:|1757924414
|-end|p2a: Iron Hands|Quark Drive|[silent]
|switch|p2a: Latios|Latios, M|88/100
|-damage|p2a: Latios|76/100|[from] Stealth Rock
|move|p1a: Appletun|Leech Seed|p2a: Latios
|-start|p2a: Latios|move: Leech Seed
|
|-damage|p2a: Latios|64/100|[from] Leech Seed|[of] p1a: Appletun
|upkeep
|turn|9
|
|t:|1757924421
|move|p1a: Appletun|Protect|p1a: Appletun
|-singleturn|p1a: Appletun|Protect
|move|p2a: Latios|Draco Meteor|p1a: Appletun
|-activate|p1a: Appletun|move: Protect
|
|-damage|p2a: Latios|51/100|[from] Leech Seed|[of] p1a: Appletun
|upkeep
|turn|10
|
|t:|1757924432
|-terastallize|p1a: Appletun|Fairy
|move|p2a: Latios|Draco Meteor|p1a: Appletun
|-immune|p1a: Appletun
|move|p1a: Appletun|Apple Acid|p2a: Latios
|-resisted|p2a: Latios
|-damage|p2a: Latios|38/100
|-unboost|p2a: Latios|spd|1
|
|-damage|p2a: Latios|26/100|[from] Leech Seed|[of] p1a: Appletun
|upkeep
|turn|11
|
|t:|1757924442
|switch|p2a: Pecharunt|Pecharunt|100/100
|-damage|p2a: Pecharunt|88/100|[from] Stealth Rock
|-damage|p2a: Pecharunt|72/100|[from] Spikes
|move|p1a: Appletun|Leech Seed|p2a: Pecharunt
|-start|p2a: Pecharunt|move: Leech Seed
|
|-heal|p2a: Pecharunt|78/100|[from] item: Leftovers
|-damage|p2a: Pecharunt|65/100|[from] Leech Seed|[of] p1a: Appletun
|upkeep
|turn|12
|
|t:|1757924453
|move|p1a: Appletun|Protect|p1a: Appletun
|-singleturn|p1a: Appletun|Protect
|move|p2a: Pecharunt|Toxic|p1a: Appletun
|-activate|p1a: Appletun|move: Protect
|
|-heal|p2a: Pecharunt|71/100|[from] item: Leftovers
|-damage|p2a: Pecharunt|59/100|[from] Leech Seed|[of] p1a: Appletun
|upkeep
|turn|13
|
|t:|1757924469
|switch|p1a: Kingambit|Kingambit, F|100/100
|-activate|p1a: Kingambit|ability: Supreme Overlord
|-start|p1a: Kingambit|fallen1|[silent]
|move|p2a: Pecharunt|Recover|p2a: Pecharunt
|-heal|p2a: Pecharunt|100/100
|
|-damage|p2a: Pecharunt|88/100|[from] Leech Seed|[of] p1a: Kingambit
|upkeep
|turn|14
|-message|Kaolin19 forfeited.
|
|win|sbob9638
|raw|sbob9638's rating: 1185 &rarr; <strong>1212</strong><br />(+27 for winning)
|raw|Kaolin19's rating: 1215 &rarr; <strong>1188</strong><br />(-27 for losing)
|l|☆Kaolin19
|player|p2|
|l|☆sbob9638
|player|p1|
