|j|☆ayushfcb
|j|☆Brutalshaman
|t:|1757875083
|gametype|singles
|player|p1|ayushfcb|red-masters|1467
|player|p2|Brutalshaman|blackbelt-gen4dp|1488
|gen|9
|tier|[Gen 9] OU
|rated|
|rule|HP Percentage Mod: HP is shown in percentages
|rule|Endless Battle Clause: Forcing endless battles is banned
|rule|Species Clause: Limit one of each Pokémon
|rule|OHKO Clause: OHKO moves are banned
|rule|Evasion Items Clause: Evasion items are banned
|rule|Evasion Moves Clause: Evasion moves are banned
|rule|Evasion Abilities Clause: Evasion abilities are banned
|rule|Sleep Moves Clause: Sleep-inducing moves are banned
|clearpoke
|poke|p1|Raging Bolt|
|poke|p1|Iron Treads|
|poke|p1|Ting-Lu|
|poke|p1|Gholdengo|
|poke|p1|Zamazenta-*|
|poke|p1|Tornadus-Therian, M|
|poke|p2|Ninetales-Alola, F|
|poke|p2|Beartic, F|
|poke|p2|Kyurem|
|poke|p2|Moltres|
|poke|p2|Sandslash-Alola, F|
|poke|p2|Slowking-Galar, M|
|teampreview
|inactive|Battle timer is ON: inactive players will automatically lose when time's up. (requested by Brutalshaman)
|
|t:|1757875101
|teamsize|p1|6
|teamsize|p2|6
|start
|switch|p1a: Ting-Lu|Ting-Lu|100/100
|switch|p2a: Moltres|Moltres|100/100
|-ability|p1a: Ting-Lu|Vessel of Ruin
|turn|1
|
|t:|1757875106
|move|p2a: Moltres|U-turn|p1a: Ting-Lu
|-supereffective|p1a: Ting-Lu
|-damage|p1a: Ting-Lu|86/100
|-enditem|p1a: Ting-Lu|Weakness Policy
|-boost|p1a: Ting-Lu|atk|2|[from] item: Weakness Policy
|-boost|p1a: Ting-Lu|spa|2|[from] item: Weakness Policy
|
|t:|1757875110
|switch|p2a: Ninetales|Ninetales-Alola, F|100/100|[from] U-turn
|-weather|Snowscape|[from] ability: Snow Warning|[of] p2a: Ninetales
|move|p1a: Ting-Lu|Stealth Rock|p2a: Ninetales
|-sidestart|p2: Brutalshaman|move: Stealth Rock
|
|-weather|Snowscape|[upkeep]
|upkeep
|turn|2
|
|t:|1757875116
|move|p2a: Ninetales|Encore|p1a: Ting-Lu
|-start|p1a: Ting-Lu|Encore
|move|p1a: Ting-Lu|Stealth Rock||[still]
|-fail|p1a: Ting-Lu
|
|-weather|Snowscape|[upkeep]
|upkeep
|turn|3
|
|t:|1757875126
|switch|p1a: Raging Bolt|Raging Bolt|100/100
|-enditem|p1a: Raging Bolt|Booster Energy
|-activate|p1a: Raging Bolt|ability: Protosynthesis|[fromitem]
|-start|p1a: Raging Bolt|protosynthesisspa
|move|p2a: Ninetales|Aurora Veil|p2a: Ninetales
|-sidestart|p2: Brutalshaman|move: Aurora Veil
|
|-weather|Snowscape|[upkeep]
|upkeep
|turn|4
|
|t:|1757875137
|-terastallize|p1a: Raging Bolt|Fairy
|move|p2a: Ninetales|Blizzard|p1a: Raging Bolt
|-damage|p1a: Raging Bolt|67/100
|move|p1a: Raging Bolt|Calm Mind|p1a: Raging Bolt
|-boost|p1a: Raging Bolt|spa|1
|-boost|p1a: Raging Bolt|spd|1
|
|-weather|Snowscape|[upkeep]
|upkeep
|turn|5
|
|t:|1757875141
|move|p2a: Ninetales|Encore|p1a: Raging Bolt
|-start|p1a: Raging Bolt|Encore
|move|p1a: Raging Bolt|Calm Mind|p1a: Raging Bolt
|-boost|p1a: Raging Bolt|spa|1
|-boost|p1a: Raging Bolt|spd|1
|
|-weather|none
|upkeep
|turn|6
|
|t:|1757875151
|switch|p2a: Beartic|Beartic, F|100/100
|-damage|p2a: Beartic|75/100|[from] Stealth Rock
|move|p1a: Raging Bolt|Calm Mind|p1a: Raging Bolt
|-boost|p1a: Raging Bolt|spa|1
|-boost|p1a: Raging Bolt|spd|1
|
|upkeep
|turn|7
|
|t:|1757875156
|move|p2a: Beartic|Icicle Spear|p1a: Raging Bolt
|-damage|p1a: Raging Bolt|55/100
|-damage|p1a: Raging Bolt|43/100
|-crit|p1a: Raging Bolt
|-damage|p1a: Raging Bolt|28/100
|-damage|p1a: Raging Bolt|18/100
|-damage|p1a: Raging Bolt|6/100
|-hitcount|p1a: Raging Bolt|5
|move|p1a: Raging Bolt|Calm Mind|p1a: Raging Bolt
|-boost|p1a: Raging Bolt|spa|1
|-boost|p1a: Raging Bolt|spd|1
|
|-end|p1a: Raging Bolt|Encore
|upkeep
|turn|8
|
|t:|1757875163
|switch|p2a: Slowking|Slowking-Galar, M|100/100
|-damage|p2a: Slowking|88/100|[from] Stealth Rock
|move|p1a: Raging Bolt|Thunderbolt|p2a: Slowking
|-damage|p2a: Slowking|20/100
|
|upkeep
|turn|9
|inactive|Brutalshaman has 120 seconds left.
|
|t:|1757875195
|switch|p2a: Ninetales|Ninetales-Alola, F|100/100
|-damage|p2a: Ninetales|76/100|[from] Stealth Rock
|-weather|Snowscape|[from] ability: Snow Warning|[of] p2a: Ninetales
|move|p1a: Raging Bolt|Thunderbolt|p2a: Ninetales
|-damage|p2a: Ninetales|0 fnt
|faint|p2a: Ninetales
|
|-weather|Snowscape|[upkeep]
|upkeep
|inactive|Brutalshaman has 120 seconds left.
|
|t:|1757875210
|switch|p2a: Sandslash|Sandslash-Alola, F|100/100
|turn|10
|
|t:|1757875213
|move|p1a: Raging Bolt|Thunderclap|p2a: Sandslash
|-damage|p2a: Sandslash|0 fnt
|faint|p2a: Sandslash
|
|-weather|Snowscape|[upkeep]
|-sideend|p2: Brutalshaman|move: Aurora Veil
|upkeep
|
|t:|1757875215
|switch|p2a: Kyurem|Kyurem|100/100
|-damage|p2a: Kyurem|76/100|[from] Stealth Rock
|-ability|p2a: Kyurem|Pressure
|turn|11
|
|t:|1757875225
|move|p1a: Raging Bolt|Thunderclap|p2a: Kyurem
|-resisted|p2a: Kyurem
|-damage|p2a: Kyurem|0 fnt
|faint|p2a: Kyurem
|
|-weather|Snowscape|[upkeep]
|upkeep
|
|t:|1757875228
|switch|p2a: Slowking|Slowking-Galar, M|54/100
|-damage|p2a: Slowking|41/100|[from] Stealth Rock
|turn|12
|
|t:|1757875230
|move|p1a: Raging Bolt|Thunderbolt|p2a: Slowking
|-damage|p2a: Slowking|0 fnt
|faint|p2a: Slowking
|
|-weather|Snowscape|[upkeep]
|upkeep
|-message|Brutalshaman forfeited.
|
|win|ayushfcb
|raw|ayushfcb's rating: 1467 &rarr; <strong>1488</strong><br />(+21 for winning)
|raw|Brutalshaman's rating: 1488 &rarr; <strong>1467</strong><br />(-21 for losing)
|l|☆Brutalshaman
|player|p2|
|l|☆ayushfcb
|player|p1|
