|j|☆Mysterion-911
|j|☆tzhed
|t:|1757866241
|gametype|singles
|player|p1|Mysterion-911|lucas|1317
|player|p2|tzhed|169|1252
|gen|9
|tier|[Gen 9] OU
|rated|
|rule|HP Percentage Mod: HP is shown in percentages
|rule|Endless Battle Clause: Forcing endless battles is banned
|rule|Species Clause: Limit one of each Pokémon
|rule|OHKO Clause: OHKO moves are banned
|rule|Evasion Items Clause: Evasion items are banned
|rule|Evasion Moves Clause: Evasion moves are banned
|rule|Evasion Abilities Clause: Evasion abilities are banned
|rule|Sleep Moves Clause: Sleep-inducing moves are banned
|clearpoke
|poke|p1|Glimmora, F|
|poke|p1|Necrozma|
|poke|p1|Zamazenta-*|
|poke|p1|Dragonite, M|
|poke|p1|Primarina, F|
|poke|p1|Kingambit, M|
|poke|p2|Medicham, M|
|poke|p2|Iron Valiant|
|poke|p2|Ting-Lu|
|poke|p2|Lokix, F|
|poke|p2|Corviknight, F|
|poke|p2|Rotom-Wash|
|teampreview
|inactive|Battle timer is ON: inactive players will automatically lose when time's up. (requested by Mysterion-911)
|
|t:|1757866251
|teamsize|p1|6
|teamsize|p2|6
|start
|switch|p1a: Glimmora|Glimmora, F|100/100
|switch|p2a: Lokix|Lokix, F|100/100
|turn|1
|
|t:|1757866259
|switch|p2a: Rotom|Rotom-Wash|100/100
|move|p1a: Glimmora|Earth Power|p2a: Rotom
|-immune|p2a: Rotom|[from] ability: Levitate
|
|upkeep
|turn|2
|
|t:|1757866268
|move|p1a: Glimmora|Energy Ball|p2a: Rotom
|-supereffective|p2a: Rotom
|-damage|p2a: Rotom|49/100
|move|p2a: Rotom|Thunder Wave|p1a: Glimmora|[miss]
|-miss|p2a: Rotom|p1a: Glimmora
|
|-heal|p2a: Rotom|55/100|[from] item: Leftovers
|upkeep
|turn|3
|
|t:|1757866279
|move|p1a: Glimmora|Energy Ball|p2a: Rotom
|-supereffective|p2a: Rotom
|-damage|p2a: Rotom|5/100
|move|p2a: Rotom|Volt Switch|p1a: Glimmora
|-damage|p1a: Glimmora|70/100
|inactive|tzhed has 120 seconds left.
|
|t:|1757866316
|switch|p2a: Ting-Lu|Ting-Lu|100/100|[from] Volt Switch
|-ability|p2a: Ting-Lu|Vessel of Ruin
|
|upkeep
|turn|4
|
|t:|1757866327
|move|p1a: Glimmora|Energy Ball|p2a: Ting-Lu
|-supereffective|p2a: Ting-Lu
|-damage|p2a: Ting-Lu|74/100
|move|p2a: Ting-Lu|Earthquake|p1a: Glimmora
|-supereffective|p1a: Glimmora
|-damage|p1a: Glimmora|0 fnt
|-activate|p1a: Glimmora|ability: Toxic Debris
|-sidestart|p2: tzhed|move: Toxic Spikes
|faint|p1a: Glimmora
|
|-heal|p2a: Ting-Lu|80/100|[from] item: Leftovers
|upkeep
|
|t:|1757866339
|switch|p1a: Kingambit|Kingambit, M|100/100
|-activate|p1a: Kingambit|ability: Supreme Overlord
|-start|p1a: Kingambit|fallen1|[silent]
|turn|5
|
|t:|1757866344
|move|p1a: Kingambit|Low Kick|p2a: Ting-Lu
|-supereffective|p2a: Ting-Lu
|-damage|p2a: Ting-Lu|20/100
|move|p2a: Ting-Lu|Earthquake|p1a: Kingambit
|-supereffective|p1a: Kingambit
|-damage|p1a: Kingambit|50/100
|
|-heal|p2a: Ting-Lu|27/100|[from] item: Leftovers
|upkeep
|turn|6
|
|t:|1757866353
|move|p1a: Kingambit|Low Kick|p2a: Ting-Lu
|-supereffective|p2a: Ting-Lu
|-damage|p2a: Ting-Lu|0 fnt
|faint|p2a: Ting-Lu
|
|upkeep
|
|t:|1757866357
|switch|p2a: Corviknight|Corviknight, F|100/100
|-ability|p2a: Corviknight|Pressure
|turn|7
|
|t:|1757866362
|move|p2a: Corviknight|Body Press|p1a: Kingambit
|-supereffective|p1a: Kingambit
|-damage|p1a: Kingambit|0 fnt
|faint|p1a: Kingambit
|-end|p1a: Kingambit|fallen1|[silent]
|
|upkeep
|
|t:|1757866370
|switch|p1a: Necrozma|Necrozma|100/100
|turn|8
|
|t:|1757866375
|switch|p2a: Rotom|Rotom-Wash|5/100
|move|p1a: Necrozma|Calm Mind|p1a: Necrozma
|-boost|p1a: Necrozma|spa|1
|-boost|p1a: Necrozma|spd|1
|
|-heal|p2a: Rotom|11/100|[from] item: Leftovers
|upkeep
|turn|9
|
|t:|1757866391
|move|p1a: Necrozma|Photon Geyser|p2a: Rotom
|-damage|p2a: Rotom|0 fnt
|faint|p2a: Rotom
|
|upkeep
|
|t:|1757866420
|switch|p2a: Lokix|Lokix, F|100/100
|-status|p2a: Lokix|psn
|turn|10
|inactive|tzhed has 120 seconds left.
|
|t:|1757866457
|move|p2a: Lokix|U-turn|p1a: Necrozma
|-supereffective|p1a: Necrozma
|-damage|p1a: Necrozma|23/100
|inactive|tzhed has 90 seconds left.
|
|t:|1757866476
|switch|p2a: Medicham|Medicham, M|100/100|[from] U-turn
|-status|p2a: Medicham|psn
|move|p1a: Necrozma|Heat Wave|p2a: Medicham
|-damage|p2a: Medicham|31/100 psn
|
|-heal|p1a: Necrozma|29/100|[from] item: Leftovers
|-heal|p2a: Medicham|37/100 psn|[from] item: Leftovers
|-damage|p2a: Medicham|25/100 psn|[from] psn
|upkeep
|turn|11
|
|t:|1757866488
|move|p2a: Medicham|Fake Out|p1a: Necrozma
|-damage|p1a: Necrozma|11/100
|cant|p1a: Necrozma|flinch
|
|-heal|p1a: Necrozma|17/100|[from] item: Leftovers
|-heal|p2a: Medicham|31/100 psn|[from] item: Leftovers
|-damage|p2a: Medicham|18/100 psn|[from] psn
|upkeep
|turn|12
|
|t:|1757866498
|move|p1a: Necrozma|Photon Geyser|p2a: Medicham
|-damage|p2a: Medicham|0 fnt
|faint|p2a: Medicham
|
|-heal|p1a: Necrozma|23/100|[from] item: Leftovers
|upkeep
|
|t:|1757866501
|switch|p2a: Lokix|Lokix, F|100/100 psn
|turn|13
|
|t:|1757866522
|move|p2a: Lokix|U-turn|p1a: Necrozma
|-supereffective|p1a: Necrozma
|-damage|p1a: Necrozma|0 fnt
|faint|p1a: Necrozma
|inactive|tzhed has 90 seconds left.
|
|t:|1757866566
|switch|p2a: Iron Valiant|Iron Valiant|100/100|[from] U-turn
|-status|p2a: Iron Valiant|psn
|
|-damage|p2a: Iron Valiant|88/100 psn|[from] psn
|upkeep
|
|t:|1757866574
|switch|p1a: Dragonite|Dragonite, M|100/100
|turn|14
|inactive|tzhed has 90 seconds left.
|
|t:|1757866587
|-terastallize|p1a: Dragonite|Normal
|move|p2a: Iron Valiant|Moonblast|p1a: Dragonite
|-damage|p1a: Dragonite|62/100
|-unboost|p1a: Dragonite|spa|1
|move|p1a: Dragonite|Dragon Dance|p1a: Dragonite
|-boost|p1a: Dragonite|atk|1
|-boost|p1a: Dragonite|spe|1
|
|-heal|p1a: Dragonite|69/100|[from] item: Leftovers
|-damage|p2a: Iron Valiant|76/100 psn|[from] psn
|upkeep
|turn|15
|inactive|tzhed has 90 seconds left.
|inactive|Mysterion-911 has 120 seconds left.
|
|t:|1757866621
|move|p1a: Dragonite|Earthquake|p2a: Iron Valiant
|-damage|p2a: Iron Valiant|0 fnt
|faint|p2a: Iron Valiant
|-end|p2a: Iron Valiant|Quark Drive|[silent]
|
|-heal|p1a: Dragonite|75/100|[from] item: Leftovers
|upkeep
|inactive|tzhed has 60 seconds left.
|
|t:|1757866643
|switch|p2a: Corviknight|Corviknight, F|100/100
|-ability|p2a: Corviknight|Pressure
|turn|16
|
|t:|1757866650
|move|p1a: Dragonite|Dragon Dance|p1a: Dragonite
|-boost|p1a: Dragonite|atk|1
|-boost|p1a: Dragonite|spe|1
|move|p2a: Corviknight|Iron Defense|p2a: Corviknight
|-boost|p2a: Corviknight|def|2
|
|-heal|p1a: Dragonite|81/100|[from] item: Leftovers
|upkeep
|turn|17
|
|t:|1757866659
|move|p2a: Corviknight|Iron Defense|p2a: Corviknight
|-boost|p2a: Corviknight|def|2
|move|p1a: Dragonite|Dragon Tail|p2a: Corviknight
|-resisted|p2a: Corviknight
|-damage|p2a: Corviknight|93/100
|drag|p2a: Lokix|Lokix, F|100/100 psn
|
|-heal|p1a: Dragonite|87/100|[from] item: Leftovers
|-damage|p2a: Lokix|88/100 psn|[from] psn
|upkeep
|turn|18
|inactive|tzhed has 60 seconds left.
|
|t:|1757866679
|-terastallize|p2a: Lokix|Bug
|move|p2a: Lokix|First Impression|p1a: Dragonite
|-damage|p1a: Dragonite|0 fnt
|faint|p1a: Dragonite
|
|-damage|p2a: Lokix|76/100 psn|[from] psn
|upkeep
|
|t:|1757866688
|switch|p1a: Zamazenta|Zamazenta|100/100
|-ability|p1a: Zamazenta|Dauntless Shield|boost
|-boost|p1a: Zamazenta|def|1
|turn|19
|
|t:|1757866692
|switch|p2a: Corviknight|Corviknight, F|93/100
|-ability|p2a: Corviknight|Pressure
|move|p1a: Zamazenta|Iron Defense|p1a: Zamazenta
|-boost|p1a: Zamazenta|def|2
|
|-heal|p2a: Corviknight|99/100|[from] item: Leftovers
|upkeep
|turn|20
|
|t:|1757866701
|move|p1a: Zamazenta|Body Press|p2a: Corviknight
|-damage|p2a: Corviknight|41/100
|move|p2a: Corviknight|Iron Defense|p2a: Corviknight
|-boost|p2a: Corviknight|def|2
|
|-heal|p2a: Corviknight|47/100|[from] item: Leftovers
|upkeep
|turn|21
|
|t:|1757866710
|move|p1a: Zamazenta|Body Press|p2a: Corviknight
|-damage|p2a: Corviknight|18/100
|move|p2a: Corviknight|Roost|p2a: Corviknight
|-heal|p2a: Corviknight|68/100
|-singleturn|p2a: Corviknight|move: Roost
|
|-heal|p2a: Corviknight|74/100|[from] item: Leftovers
|upkeep
|turn|22
|
|t:|1757866719
|move|p1a: Zamazenta|Iron Defense|p1a: Zamazenta
|-boost|p1a: Zamazenta|def|2
|move|p2a: Corviknight|Iron Defense|p2a: Corviknight
|-boost|p2a: Corviknight|def|2
|
|-heal|p2a: Corviknight|80/100|[from] item: Leftovers
|upkeep
|turn|23
|
|t:|1757866726
|move|p1a: Zamazenta|Body Press|p2a: Corviknight
|-damage|p2a: Corviknight|55/100
|move|p2a: Corviknight|Iron Defense|p2a: Corviknight
|-boost|p2a: Corviknight|def|2
|
|-heal|p2a: Corviknight|61/100|[from] item: Leftovers
|upkeep
|turn|24
|
|t:|1757866736
|switch|p1a: Primarina|Primarina, F|100/100
|move|p2a: Corviknight|Roost|p2a: Corviknight
|-heal|p2a: Corviknight|100/100
|-singleturn|p2a: Corviknight|move: Roost
|
|upkeep
|turn|25
|
|t:|1757866746
|move|p2a: Corviknight|Body Press|p1a: Primarina
|-resisted|p1a: Primarina
|-damage|p1a: Primarina|34/100
|move|p1a: Primarina|Sparkling Aria|p2a: Corviknight
|-damage|p2a: Corviknight|27/100
|
|-heal|p2a: Corviknight|33/100|[from] item: Leftovers
|upkeep
|turn|26
|
|t:|1757866755
|move|p2a: Corviknight|Body Press|p1a: Primarina
|-resisted|p1a: Primarina
|-damage|p1a: Primarina|0 fnt
|faint|p1a: Primarina
|
|-heal|p2a: Corviknight|39/100|[from] item: Leftovers
|upkeep
|
|t:|1757866777
|switch|p1a: Zamazenta|Zamazenta|100/100
|turn|27
|inactive|tzhed has 120 seconds left.
|
|t:|1757866786
|move|p1a: Zamazenta|Iron Defense|p1a: Zamazenta
|-boost|p1a: Zamazenta|def|2
|move|p2a: Corviknight|Body Press|p1a: Zamazenta
|-damage|p1a: Zamazenta|60/100
|
|-heal|p1a: Zamazenta|66/100|[from] item: Leftovers
|-heal|p2a: Corviknight|45/100|[from] item: Leftovers
|upkeep
|turn|28
|
|t:|1757866793
|move|p1a: Zamazenta|Iron Defense|p1a: Zamazenta
|-boost|p1a: Zamazenta|def|2
|move|p2a: Corviknight|Body Press|p1a: Zamazenta
|-damage|p1a: Zamazenta|39/100
|
|-heal|p1a: Zamazenta|45/100|[from] item: Leftovers
|-heal|p2a: Corviknight|51/100|[from] item: Leftovers
|upkeep
|turn|29
|
|t:|1757866800
|move|p1a: Zamazenta|Body Press|p2a: Corviknight
|-damage|p2a: Corviknight|33/100
|move|p2a: Corviknight|Body Press|p1a: Zamazenta
|-damage|p1a: Zamazenta|18/100
|
|-heal|p1a: Zamazenta|24/100|[from] item: Leftovers
|-heal|p2a: Corviknight|39/100|[from] item: Leftovers
|upkeep
|turn|30
|
|t:|1757866807
|move|p1a: Zamazenta|Body Press|p2a: Corviknight
|-damage|p2a: Corviknight|21/100
|move|p2a: Corviknight|Body Press|p1a: Zamazenta
|-damage|p1a: Zamazenta|0 fnt
|faint|p1a: Zamazenta
|
|win|tzhed
|raw|Mysterion-911's rating: 1317 &rarr; <strong>1293</strong><br />(-24 for losing)
|raw|tzhed's rating: 1252 &rarr; <strong>1282</strong><br />(+30 for winning)
|c|☆tzhed|ff
|c|☆tzhed|gg
|l|☆tzhed
|player|p2|
|l|☆Mysterion-911
|player|p1|
