|j|☆whichjuanz
|j|☆dr dumpster
|t:|1757796198
|gametype|singles
|player|p1|whichjuanz|hiker-gen4|1302
|player|p2|dr dumpster|101|1250
|gen|9
|tier|[Gen 9] OU
|rated|
|rule|HP Percentage Mod: HP is shown in percentages
|rule|Endless Battle Clause: Forcing endless battles is banned
|rule|Species Clause: Limit one of each Pokémon
|rule|OHKO Clause: OHKO moves are banned
|rule|Evasion Items Clause: Evasion items are banned
|rule|Evasion Moves Clause: Evasion moves are banned
|rule|Evasion Abilities Clause: Evasion abilities are banned
|rule|Sleep Moves Clause: Sleep-inducing moves are banned
|clearpoke
|poke|p1|Slaking, F|
|poke|p1|Goodra-Hisui, F|
|poke|p1|Trevenant, M|
|poke|p1|Ceruledge, F|
|poke|p1|Alomomola, M|
|poke|p1|Golurk|
|poke|p2|Bronzong|
|poke|p2|Drifblim, F|
|poke|p2|Crawdaunt, F|
|poke|p2|Hitmonlee, M|
|poke|p2|Rotom-Mow|
|poke|p2|Rhyperior, M|
|teampreview
|inactive|Battle timer is ON: inactive players will automatically lose when time's up. (requested by whichjuanz)
|
|t:|1757796203
|teamsize|p1|6
|teamsize|p2|6
|start
|switch|p1a: Golurk|Golurk|100/100
|switch|p2a: Bronzong|Bronzong|100/100
|turn|1
|
|t:|1757796214
|move|p1a: Golurk|Dynamic Punch|p2a: Bronzong
|-damage|p2a: Bronzong|71/100
|-start|p2a: Bronzong|confusion
|-activate|p2a: Bronzong|confusion
|move|p2a: Bronzong|Stealth Rock|p1a: Golurk
|-sidestart|p1: whichjuanz|move: Stealth Rock
|
|upkeep
|turn|2
|
|t:|1757796227
|move|p1a: Golurk|Stealth Rock|p2a: Bronzong
|-sidestart|p2: dr dumpster|move: Stealth Rock
|-activate|p2a: Bronzong|confusion
|move|p2a: Bronzong|Trick|p1a: Golurk
|-activate|p2a: Bronzong|move: Trick|[of] p1a: Golurk
|-item|p1a: Golurk|Lagging Tail|[from] move: Trick
|-item|p2a: Bronzong|Focus Sash|[from] move: Trick
|
|upkeep
|turn|3
|
|t:|1757796236
|switch|p2a: Drifblim|Drifblim, F|100/100
|move|p1a: Golurk|Dynamic Punch|p2a: Drifblim
|-immune|p2a: Drifblim
|
|upkeep
|turn|4
|
|t:|1757796243
|move|p2a: Drifblim|Will-O-Wisp|p1a: Golurk
|-status|p1a: Golurk|brn
|move|p1a: Golurk|Stone Edge|p2a: Drifblim
|-supereffective|p2a: Drifblim
|-damage|p2a: Drifblim|50/100
|
|-damage|p1a: Golurk|95/100 brn|[from] brn
|upkeep
|turn|5
|
|t:|1757796251
|move|p2a: Drifblim|Strength Sap|p1a: Golurk
|-unboost|p1a: Golurk|atk|1
|-heal|p2a: Drifblim|100/100
|move|p1a: Golurk|Stone Edge|p2a: Drifblim
|-supereffective|p2a: Drifblim
|-damage|p2a: Drifblim|66/100
|
|-damage|p1a: Golurk|89/100 brn|[from] brn
|upkeep
|turn|6
|
|t:|1757796267
|switch|p2a: Bronzong|Bronzong|71/100
|-damage|p2a: Bronzong|65/100|[from] Stealth Rock
|move|p1a: Golurk|Stone Edge|p2a: Bronzong
|-resisted|p2a: Bronzong
|-damage|p2a: Bronzong|60/100
|
|-damage|p1a: Golurk|83/100 brn|[from] brn
|upkeep
|turn|7
|
|t:|1757796287
|move|p2a: Bronzong|Gyro Ball|p1a: Golurk
|-damage|p1a: Golurk|39/100 brn
|move|p1a: Golurk|Dynamic Punch|p2a: Bronzong
|-damage|p2a: Bronzong|50/100
|-start|p2a: Bronzong|confusion
|
|-damage|p1a: Golurk|33/100 brn|[from] brn
|upkeep
|turn|8
|
|t:|1757796302
|switch|p1a: Alomomola|Alomomola, M|100/100
|-damage|p1a: Alomomola|88/100|[from] Stealth Rock
|-activate|p2a: Bronzong|confusion
|move|p2a: Bronzong|Gyro Ball|p1a: Alomomola
|-resisted|p1a: Alomomola
|-crit|p1a: Alomomola
|-damage|p1a: Alomomola|77/100
|-damage|p2a: Bronzong|34/100|[from] item: Rocky Helmet|[of] p1a: Alomomola
|
|upkeep
|turn|9
|
|t:|1757796310
|move|p1a: Alomomola|Flip Turn|p2a: Bronzong
|-damage|p2a: Bronzong|22/100
|
|t:|1757796315
|switch|p1a: Golurk|Golurk|33/100 brn|[from] Flip Turn
|-damage|p1a: Golurk|27/100 brn|[from] Stealth Rock
|-activate|p2a: Bronzong|confusion
|move|p2a: Bronzong|Trick|p1a: Golurk
|-activate|p2a: Bronzong|move: Trick|[of] p1a: Golurk
|-item|p1a: Golurk|Focus Sash|[from] move: Trick
|-item|p2a: Bronzong|Lagging Tail|[from] move: Trick
|
|-damage|p1a: Golurk|21/100 brn|[from] brn
|upkeep
|turn|10
|
|t:|1757796322
|switch|p1a: Goodra|Goodra-Hisui, F|100/100
|-damage|p1a: Goodra|94/100|[from] Stealth Rock
|-activate|p2a: Bronzong|confusion
|move|p2a: Bronzong|Gyro Ball|p1a: Goodra
|-resisted|p1a: Goodra
|-damage|p1a: Goodra|82/100
|
|upkeep
|turn|11
|
|t:|1757796327
|move|p1a: Goodra|Flamethrower|p2a: Bronzong
|-supereffective|p2a: Bronzong
|-damage|p2a: Bronzong|0 fnt
|faint|p2a: Bronzong
|
|upkeep
|
|t:|1757796337
|switch|p2a: Drifblim|Drifblim, F|66/100
|turn|12
|
|t:|1757796343
|move|p2a: Drifblim|Defog|p1a: Goodra
|-unboost|p1a: Goodra|evasion|1
|-sideend|p1: whichjuanz|Stealth Rock|[from] move: Defog|[of] p2a: Drifblim
|-sideend|p2: dr dumpster|Stealth Rock|[from] move: Defog|[of] p2a: Drifblim
|move|p1a: Goodra|Thunderbolt|p2a: Drifblim
|-supereffective|p2a: Drifblim
|-crit|p2a: Drifblim
|-damage|p2a: Drifblim|0 fnt
|faint|p2a: Drifblim
|
|upkeep
|
|t:|1757796350
|switch|p2a: Rhyperior|Rhyperior, M|100/100
|turn|13
|
|t:|1757796367
|move|p2a: Rhyperior|Rock Polish|p2a: Rhyperior
|-boost|p2a: Rhyperior|spe|2
|move|p1a: Goodra|Surf|p2a: Rhyperior
|-supereffective|p2a: Rhyperior
|-damage|p2a: Rhyperior|0 fnt
|faint|p2a: Rhyperior
|
|upkeep
|
|t:|1757796394
|switch|p2a: Rotom|Rotom-Mow|100/100
|turn|14
|
|t:|1757796399
|move|p2a: Rotom|Thunder Wave|p1a: Goodra
|-status|p1a: Goodra|par
|move|p1a: Goodra|Ice Beam|p2a: Rotom
|-supereffective|p2a: Rotom
|-damage|p2a: Rotom|33/100
|
|-heal|p2a: Rotom|39/100|[from] item: Leftovers
|upkeep
|turn|15
|
|t:|1757796413
|move|p2a: Rotom|Pain Split|p1a: Goodra
|-sethp|p1a: Goodra|57/100 par|[from] move: Pain Split|[silent]
|-sethp|p2a: Rotom|69/100|[from] move: Pain Split
|move|p1a: Goodra|Ice Beam|p2a: Rotom
|-supereffective|p2a: Rotom
|-damage|p2a: Rotom|11/100
|-status|p2a: Rotom|frz
|
|-heal|p2a: Rotom|18/100 frz|[from] item: Leftovers
|upkeep
|turn|16
|
|t:|1757796419
|switch|p1a: Golurk|Golurk|21/100 brn
|-curestatus|p2a: Rotom|frz|[msg]
|move|p2a: Rotom|Pain Split|p1a: Golurk
|-sethp|p1a: Golurk|19/100 brn|[from] move: Pain Split|[silent]
|-sethp|p2a: Rotom|20/100|[from] move: Pain Split
|
|-heal|p2a: Rotom|26/100|[from] item: Leftovers
|-damage|p1a: Golurk|13/100 brn|[from] brn
|upkeep
|turn|17
|
|t:|1757796433
|move|p1a: Golurk|Dynamic Punch|p2a: Rotom
|-damage|p2a: Rotom|6/100
|-start|p2a: Rotom|confusion
|-activate|p2a: Rotom|confusion
|move|p2a: Rotom|Leaf Storm|p1a: Golurk
|-supereffective|p1a: Golurk
|-damage|p1a: Golurk|0 fnt
|-unboost|p2a: Rotom|spa|2
|faint|p1a: Golurk
|
|-heal|p2a: Rotom|12/100|[from] item: Leftovers
|upkeep
|
|t:|1757796441
|switch|p1a: Goodra|Goodra-Hisui, F|57/100 par
|turn|18
|
|t:|1757796443
|-end|p2a: Rotom|confusion
|move|p2a: Rotom|Leaf Storm|p1a: Goodra
|-ability|p1a: Goodra|Sap Sipper|boost
|-boost|p1a: Goodra|atk|1
|cant|p1a: Goodra|par
|
|-heal|p2a: Rotom|19/100|[from] item: Leftovers
|upkeep
|turn|19
|
|t:|1757796451
|move|p2a: Rotom|Discharge|p1a: Goodra
|-resisted|p1a: Goodra
|-damage|p1a: Goodra|54/100 par
|move|p1a: Goodra|Ice Beam|p2a: Rotom
|-supereffective|p2a: Rotom
|-damage|p2a: Rotom|0 fnt
|faint|p2a: Rotom
|
|upkeep
|
|t:|1757796453
|switch|p2a: Crawdaunt|Crawdaunt, F|100/100
|turn|20
|
|t:|1757796456
|move|p2a: Crawdaunt|Crabhammer|p1a: Goodra
|-resisted|p1a: Goodra
|-crit|p1a: Goodra
|-damage|p1a: Goodra|0 fnt
|faint|p1a: Goodra
|
|upkeep
|
|t:|1757796460
|switch|p1a: Alomomola|Alomomola, M|100/100
|turn|21
|
|t:|1757796464
|move|p1a: Alomomola|Flip Turn|p2a: Crawdaunt
|-resisted|p2a: Crawdaunt
|-crit|p2a: Crawdaunt
|-damage|p2a: Crawdaunt|88/100
|
|t:|1757796467
|switch|p1a: Slaking|Slaking, F|100/100|[from] Flip Turn
|move|p2a: Crawdaunt|Crabhammer|p1a: Slaking
|-damage|p1a: Slaking|11/100
|
|upkeep
|turn|22
|
|t:|1757796473
|move|p1a: Slaking|Double-Edge|p2a: Crawdaunt
|-damage|p2a: Crawdaunt|0 fnt
|faint|p2a: Crawdaunt
|-damage|p1a: Slaking|0 fnt|[from] Recoil
|faint|p1a: Slaking
|
|upkeep
|
|t:|1757796476
|switch|p1a: Trevenant|Trevenant, M|100/100
|switch|p2a: Hitmonlee|Hitmonlee, M|100/100
|turn|23
|
|t:|1757796486
|move|p2a: Hitmonlee|Blaze Kick|p1a: Trevenant
|-supereffective|p1a: Trevenant
|-damage|p1a: Trevenant|33/100
|-enditem|p1a: Trevenant|Sitrus Berry|[eat]
|-heal|p1a: Trevenant|58/100|[from] item: Sitrus Berry
|move|p1a: Trevenant|Will-O-Wisp|p2a: Hitmonlee
|-status|p2a: Hitmonlee|brn
|
|-damage|p2a: Hitmonlee|94/100 brn|[from] brn
|upkeep
|turn|24
|
|t:|1757796501
|move|p2a: Hitmonlee|Blaze Kick|p1a: Trevenant
|-supereffective|p1a: Trevenant
|-damage|p1a: Trevenant|22/100
|move|p1a: Trevenant|Leech Seed|p2a: Hitmonlee
|-start|p2a: Hitmonlee|move: Leech Seed
|
|-damage|p2a: Hitmonlee|82/100 brn|[from] Leech Seed|[of] p1a: Trevenant
|-heal|p1a: Trevenant|30/100|[silent]
|-damage|p2a: Hitmonlee|76/100 brn|[from] brn
|upkeep
|turn|25
|-message|dr dumpster forfeited.
|
|win|whichjuanz
|raw|whichjuanz's rating: 1302 &rarr; <strong>1319</strong><br />(+17 for winning)
|raw|dr dumpster's rating: 1250 &rarr; <strong>1229</strong><br />(-21 for losing)
|l|☆dr dumpster
|player|p2|
|l|☆whichjuanz
|player|p1|
