|j|☆fulkttd
|j|☆lati
|t:|1757948669
|gametype|singles
|player|p1|fulkttd|zinzolin|1453
|player|p2|lati|clown|1540
|gen|9
|tier|[Gen 9] OU
|rated|
|rule|HP Percentage Mod: HP is shown in percentages
|rule|Endless Battle Clause: Forcing endless battles is banned
|rule|Species Clause: Limit one of each Pokémon
|rule|OHKO Clause: OHKO moves are banned
|rule|Evasion Items Clause: Evasion items are banned
|rule|Evasion Moves Clause: Evasion moves are banned
|rule|Evasion Abilities Clause: Evasion abilities are banned
|rule|Sleep Moves Clause: Sleep-inducing moves are banned
|clearpoke
|poke|p1|Raging Bolt|
|poke|p1|Walking Wake|
|poke|p1|Iron Valiant|
|poke|p1|Meowscarada, F|
|poke|p1|Scizor, M|
|poke|p1|Okidogi, M|
|poke|p2|Primarina, F|
|poke|p2|Kyurem|
|poke|p2|Ting-Lu|
|poke|p2|Zapdos|
|poke|p2|Great Tusk|
|poke|p2|Zamazenta-*|
|teampreview
|inactive|Battle timer is ON: inactive players will automatically lose when time's up. (requested by fulkttd)
|
|t:|1757948698
|teamsize|p1|6
|teamsize|p2|6
|start
|switch|p1a: Raging Bolt|Raging Bolt|100/100
|switch|p2a: Primarina|Primarina, F|100/100
|turn|1
|
|t:|1757948708
|switch|p2a: Ting-Lu|Ting-Lu|100/100
|-ability|p2a: Ting-Lu|Vessel of Ruin
|move|p1a: Raging Bolt|Volt Switch|p2a: Ting-Lu
|-immune|p2a: Ting-Lu
|
|upkeep
|turn|2
|
|t:|1757948710
|move|p1a: Raging Bolt|Draco Meteor|p2a: Ting-Lu
|-damage|p2a: Ting-Lu|67/100
|-unboost|p1a: Raging Bolt|spa|2
|-enditem|p1a: Raging Bolt|Eject Pack
|
|t:|1757948715
|-end|p1a: Raging Bolt|Protosynthesis|[silent]
|switch|p1a: Okidogi|Okidogi, M|100/100
|move|p2a: Ting-Lu|Stealth Rock|p1a: Okidogi
|-sidestart|p1: fulkttd|move: Stealth Rock
|
|-heal|p2a: Ting-Lu|73/100|[from] item: Leftovers
|upkeep
|turn|3
|
|t:|1757948721
|move|p1a: Okidogi|Drain Punch|p2a: Ting-Lu
|-supereffective|p2a: Ting-Lu
|-damage|p2a: Ting-Lu|31/100
|-status|p2a: Ting-Lu|tox|[from] ability: Toxic Chain|[of] p1a: Okidogi
|move|p2a: Ting-Lu|Whirlwind|p1a: Okidogi
|drag|p1a: Meowscarada|Meowscarada, F|100/100
|-damage|p1a: Meowscarada|88/100|[from] Stealth Rock
|
|-heal|p2a: Ting-Lu|37/100 tox|[from] item: Leftovers
|-damage|p2a: Ting-Lu|31/100 tox|[from] psn
|upkeep
|turn|4
|
|t:|1757948729
|switch|p2a: Zapdos|Zapdos|100/100
|move|p1a: Meowscarada|Triple Axel|p2a: Zapdos
|-start|p1a: Meowscarada|typechange|Ice|[from] ability: Protean
|-supereffective|p2a: Zapdos
|-damage|p2a: Zapdos|87/100
|-supereffective|p2a: Zapdos
|-damage|p2a: Zapdos|59/100
|-status|p1a: Meowscarada|par|[from] ability: Static|[of] p2a: Zapdos
|-supereffective|p2a: Zapdos
|-damage|p2a: Zapdos|16/100
|-hitcount|p2a: Zapdos|3
|
|upkeep
|turn|5
|
|t:|1757948740
|move|p1a: Meowscarada|Triple Axel|p2a: Zapdos
|-supereffective|p2a: Zapdos
|-damage|p2a: Zapdos|1/100
|-supereffective|p2a: Zapdos
|-damage|p2a: Zapdos|0 fnt
|faint|p2a: Zapdos
|-hitcount|p2: Zapdos|2
|
|upkeep
|
|t:|1757948747
|switch|p2a: Kyurem|Kyurem|100/100
|-ability|p2a: Kyurem|Pressure
|turn|6
|
|t:|1757948753
|-terastallize|p2a: Kyurem|Ice
|move|p2a: Kyurem|Dragon Dance|p2a: Kyurem
|-boost|p2a: Kyurem|atk|1
|-boost|p2a: Kyurem|spe|1
|cant|p1a: Meowscarada|par
|
|upkeep
|turn|7
|
|t:|1757948757
|move|p2a: Kyurem|Icicle Spear|p1a: Meowscarada
|-resisted|p1a: Meowscarada
|-damage|p1a: Meowscarada|67/100 par
|-resisted|p1a: Meowscarada
|-damage|p1a: Meowscarada|47/100 par
|-resisted|p1a: Meowscarada
|-damage|p1a: Meowscarada|27/100 par
|-resisted|p1a: Meowscarada
|-damage|p1a: Meowscarada|5/100 par
|-resisted|p1a: Meowscarada
|-damage|p1a: Meowscarada|0 fnt
|faint|p1a: Meowscarada
|-hitcount|p1: Meowscarada|5
|
|upkeep
|
|t:|1757948761
|switch|p1a: Scizor|Scizor, M|100/100
|turn|8
|
|t:|1757948764
|switch|p2a: Zamazenta|Zamazenta|100/100
|-ability|p2a: Zamazenta|Dauntless Shield|boost
|-boost|p2a: Zamazenta|def|1
|move|p1a: Scizor|Bullet Punch|p2a: Zamazenta
|-damage|p2a: Zamazenta|79/100
|
|upkeep
|turn|9
|
|t:|1757948768
|switch|p1a: Okidogi|Okidogi, M|100/100
|-damage|p1a: Okidogi|94/100|[from] Stealth Rock
|move|p2a: Zamazenta|Close Combat|p1a: Okidogi
|-resisted|p1a: Okidogi
|-damage|p1a: Okidogi|72/100
|-unboost|p2a: Zamazenta|def|1
|-unboost|p2a: Zamazenta|spd|1
|
|-heal|p1a: Okidogi|78/100|[from] item: Leftovers
|upkeep
|turn|10
|
|t:|1757948774
|switch|p2a: Ting-Lu|Ting-Lu|31/100 tox
|-ability|p2a: Ting-Lu|Vessel of Ruin
|move|p1a: Okidogi|Gunk Shot|p2a: Ting-Lu
|-resisted|p2a: Ting-Lu
|-damage|p2a: Ting-Lu|13/100 tox
|
|-heal|p1a: Okidogi|84/100|[from] item: Leftovers
|-heal|p2a: Ting-Lu|19/100 tox|[from] item: Leftovers
|-damage|p2a: Ting-Lu|13/100 tox|[from] psn
|upkeep
|turn|11
|
|t:|1757948776
|move|p1a: Okidogi|Drain Punch|p2a: Ting-Lu
|-supereffective|p2a: Ting-Lu
|-damage|p2a: Ting-Lu|0 fnt
|-heal|p1a: Okidogi|92/100|[from] drain|[of] p2a: Ting-Lu
|faint|p2a: Ting-Lu
|
|-heal|p1a: Okidogi|98/100|[from] item: Leftovers
|upkeep
|
|t:|1757948779
|switch|p2a: Great Tusk|Great Tusk|100/100
|-enditem|p2a: Great Tusk|Booster Energy
|-activate|p2a: Great Tusk|ability: Protosynthesis|[fromitem]
|-start|p2a: Great Tusk|protosynthesisspe
|turn|12
|
|t:|1757948790
|switch|p1a: Scizor|Scizor, M|100/100
|move|p2a: Great Tusk|Bulk Up|p2a: Great Tusk
|-boost|p2a: Great Tusk|atk|1
|-boost|p2a: Great Tusk|def|1
|
|upkeep
|turn|13
|
|t:|1757948795
|move|p2a: Great Tusk|Bulk Up|p2a: Great Tusk
|-boost|p2a: Great Tusk|atk|1
|-boost|p2a: Great Tusk|def|1
|move|p1a: Scizor|Defog|p2a: Great Tusk
|-unboost|p2a: Great Tusk|evasion|1
|-sideend|p1: fulkttd|Stealth Rock|[from] move: Defog|[of] p1a: Scizor
|
|upkeep
|turn|14
|
|t:|1757948797
|move|p2a: Great Tusk|Rapid Spin|p1a: Scizor
|-resisted|p1a: Scizor
|-damage|p1a: Scizor|87/100
|-boost|p2a: Great Tusk|spe|1
|move|p1a: Scizor|U-turn|p2a: Great Tusk
|-resisted|p2a: Great Tusk
|-damage|p2a: Great Tusk|94/100
|
|t:|1757948800
|switch|p1a: Raging Bolt|Raging Bolt|100/100|[from] U-turn
|
|upkeep
|turn|15
|
|t:|1757948802
|-terastallize|p1a: Raging Bolt|Bug
|move|p2a: Great Tusk|Headlong Rush|p1a: Raging Bolt
|-resisted|p1a: Raging Bolt
|-damage|p1a: Raging Bolt|50/100
|-unboost|p2a: Great Tusk|def|1
|-unboost|p2a: Great Tusk|spd|1
|move|p1a: Raging Bolt|Draco Meteor|p2a: Great Tusk
|-damage|p2a: Great Tusk|0 fnt
|-unboost|p1a: Raging Bolt|spa|2
|faint|p2a: Great Tusk
|-end|p2a: Great Tusk|Protosynthesis|[silent]
|
|upkeep
|
|t:|1757948809
|switch|p2a: Kyurem|Kyurem, tera:Ice|100/100
|-ability|p2a: Kyurem|Pressure
|turn|16
|
|t:|1757948815
|-end|p1a: Raging Bolt|Protosynthesis|[silent]
|switch|p1a: Scizor|Scizor, M|87/100
|move|p2a: Kyurem|Icicle Spear|p1a: Scizor
|-resisted|p1a: Scizor
|-damage|p1a: Scizor|78/100
|-resisted|p1a: Scizor
|-damage|p1a: Scizor|69/100
|-resisted|p1a: Scizor
|-damage|p1a: Scizor|60/100
|-resisted|p1a: Scizor
|-damage|p1a: Scizor|51/100
|-hitcount|p1a: Scizor|4
|
|upkeep
|turn|17
|
|t:|1757948837
|move|p1a: Scizor|Bullet Punch|p2a: Kyurem
|-supereffective|p2a: Kyurem
|-damage|p2a: Kyurem|28/100
|move|p2a: Kyurem|Icicle Spear|p1a: Scizor
|-resisted|p1a: Scizor
|-damage|p1a: Scizor|43/100
|-resisted|p1a: Scizor
|-damage|p1a: Scizor|34/100
|-resisted|p1a: Scizor
|-damage|p1a: Scizor|25/100
|-resisted|p1a: Scizor
|-damage|p1a: Scizor|17/100
|-resisted|p1a: Scizor
|-damage|p1a: Scizor|7/100
|-hitcount|p1a: Scizor|5
|
|upkeep
|turn|18
|
|t:|1757948852
|switch|p2a: Zamazenta|Zamazenta|79/100
|move|p1a: Scizor|U-turn|p2a: Zamazenta
|-resisted|p2a: Zamazenta
|-damage|p2a: Zamazenta|62/100
|
|t:|1757948854
|switch|p1a: Okidogi|Okidogi, M|98/100|[from] U-turn
|
|-heal|p1a: Okidogi|100/100|[from] item: Leftovers
|upkeep
|turn|19
|
|t:|1757948859
|move|p2a: Zamazenta|Stone Edge|p1a: Okidogi
|-resisted|p1a: Okidogi
|-damage|p1a: Okidogi|88/100
|move|p1a: Okidogi|Drain Punch|p2a: Zamazenta
|-damage|p2a: Zamazenta|24/100
|-heal|p1a: Okidogi|100/100|[from] drain|[of] p2a: Zamazenta
|
|upkeep
|turn|20
|
|t:|1757948863
|move|p2a: Zamazenta|Stone Edge|p1a: Okidogi
|-resisted|p1a: Okidogi
|-crit|p1a: Okidogi
|-damage|p1a: Okidogi|82/100
|move|p1a: Okidogi|Drain Punch|p2a: Zamazenta
|-damage|p2a: Zamazenta|0 fnt
|-heal|p1a: Okidogi|92/100|[from] drain|[of] p2a: Zamazenta
|faint|p2a: Zamazenta
|
|-heal|p1a: Okidogi|98/100|[from] item: Leftovers
|upkeep
|
|t:|1757948865
|switch|p2a: Primarina|Primarina, F|100/100
|turn|21
|
|t:|1757948869
|move|p1a: Okidogi|Gunk Shot|p2a: Primarina
|-supereffective|p2a: Primarina
|-damage|p2a: Primarina|0 fnt
|faint|p2a: Primarina
|
|-heal|p1a: Okidogi|100/100|[from] item: Leftovers
|upkeep
|
|t:|1757948871
|switch|p2a: Kyurem|Kyurem, tera:Ice|28/100
|-ability|p2a: Kyurem|Pressure
|turn|22
|
|t:|1757948872
|move|p2a: Kyurem|Scale Shot|p1a: Okidogi
|-damage|p1a: Okidogi|90/100
|-damage|p1a: Okidogi|79/100
|-damage|p1a: Okidogi|68/100
|-damage|p1a: Okidogi|57/100
|-damage|p1a: Okidogi|46/100
|-hitcount|p1a: Okidogi|5
|-unboost|p2a: Kyurem|def|1
|-boost|p2a: Kyurem|spe|1
|move|p1a: Okidogi|Drain Punch|p2a: Kyurem
|-supereffective|p2a: Kyurem
|-damage|p2a: Kyurem|0 fnt
|-heal|p1a: Okidogi|61/100|[from] drain|[of] p2a: Kyurem
|faint|p2a: Kyurem
|
|win|fulkttd
|raw|fulkttd's rating: 1453 &rarr; <strong>1478</strong><br />(+25 for winning)
|raw|lati's rating: 1540 &rarr; <strong>1515</strong><br />(-25 for losing)
|l|☆lati
|player|p2|
|l|☆fulkttd
|player|p1|
