|j|☆craque of the ball
|j|☆JustHK
|t:|1757816132
|gametype|singles
|player|p1|craque of the ball|flint|
|player|p2|JustHK|clair|
|gen|9
|tier|[Gen 9] OU
|rule|HP Percentage Mod: HP is shown in percentages
|rule|Endless Battle Clause: Forcing endless battles is banned
|rule|Species Clause: Limit one of each Pokémon
|rule|OHKO Clause: OHKO moves are banned
|rule|Evasion Items Clause: Evasion items are banned
|rule|Evasion Moves Clause: Evasion moves are banned
|rule|Evasion Abilities Clause: Evasion abilities are banned
|rule|Sleep Moves Clause: Sleep-inducing moves are banned
|clearpoke
|poke|p1|Dragonite, M|
|poke|p1|Ting-Lu|
|poke|p1|Iron Moth|
|poke|p1|Iron Valiant|
|poke|p1|Kyurem|
|poke|p1|Gholdengo|
|poke|p2|Hydrapple, M|
|poke|p2|Tinkaton, F|
|poke|p2|Moltres|
|poke|p2|Rotom-Wash|
|poke|p2|Great Tusk|
|poke|p2|Darkrai|
|teampreview
|inactive|Battle timer is ON: inactive players will automatically lose when time's up. (requested by craque of the ball)
|
|t:|1757816161
|teamsize|p1|6
|teamsize|p2|6
|start
|switch|p1a: Gholdengo|Gholdengo|100/100
|switch|p2a: Tinkaton|Tinkaton, F|100/100
|-ability|p2a: Tinkaton|Mold Breaker
|turn|1
|j| kimerzi
|
|t:|1757816172
|move|p1a: Gholdengo|Trick|p2a: Tinkaton
|-activate|p1a: Gholdengo|move: Trick|[of] p2a: Tinkaton
|-item|p2a: Tinkaton|Choice Scarf|[from] move: Trick
|-item|p1a: Gholdengo|Leftovers|[from] move: Trick
|move|p2a: Tinkaton|Knock Off|p1a: Gholdengo
|-supereffective|p1a: Gholdengo
|-damage|p1a: Gholdengo|65/100
|-enditem|p1a: Gholdengo|Leftovers|[from] move: Knock Off|[of] p2a: Tinkaton
|
|upkeep
|turn|2
|
|t:|1757816182
|move|p2a: Tinkaton|Knock Off|p1a: Gholdengo
|-supereffective|p1a: Gholdengo
|-damage|p1a: Gholdengo|40/100
|move|p1a: Gholdengo|Make It Rain|p2a: Tinkaton
|-damage|p2a: Tinkaton|47/100
|-unboost|p1a: Gholdengo|spa|1
|
|upkeep
|turn|3
|l| kimerzi
|
|t:|1757816192
|switch|p1a: Iron Moth|Iron Moth|100/100
|-enditem|p1a: Iron Moth|Booster Energy
|-activate|p1a: Iron Moth|ability: Quark Drive|[fromitem]
|-start|p1a: Iron Moth|quarkdrivespe
|move|p2a: Tinkaton|Knock Off|p1a: Iron Moth
|-damage|p1a: Iron Moth|83/100
|
|upkeep
|turn|4
|j| Lunala Under used
|j| Nanandes
|
|t:|1757816202
|switch|p2a: Moltres|Moltres|100/100
|move|p1a: Iron Moth|Substitute|p1a: Iron Moth
|-start|p1a: Iron Moth|Substitute
|-damage|p1a: Iron Moth|58/100
|
|upkeep
|turn|5
|
|t:|1757816208
|move|p1a: Iron Moth|Sludge Wave|p2a: Moltres
|-damage|p2a: Moltres|68/100
|move|p2a: Moltres|U-turn|p1a: Iron Moth
|-resisted|p1a: Iron Moth
|-activate|p1a: Iron Moth|move: Substitute|[damage]
|
|t:|1757816213
|switch|p2a: Rotom|Rotom-Wash|100/100|[from] U-turn
|
|upkeep
|turn|6
|j| tryhardzineo
|
|t:|1757816218
|move|p1a: Iron Moth|Sludge Wave|p2a: Rotom
|-damage|p2a: Rotom|50/100
|move|p2a: Rotom|Volt Switch|p1a: Iron Moth
|-end|p1a: Iron Moth|Substitute
|l| tryhardzineo
|inactive|JustHK has 270 seconds left.
|
|t:|1757816256
|switch|p2a: Darkrai|Darkrai|100/100|[from] Volt Switch
|
|upkeep
|turn|7
|j| tryhardzineo
|
|t:|1757816266
|move|p1a: Iron Moth|Sludge Wave|p2a: Darkrai
|-damage|p2a: Darkrai|40/100
|move|p2a: Darkrai|Thunder Wave|p1a: Iron Moth
|-status|p1a: Iron Moth|par
|
|-heal|p2a: Darkrai|46/100|[from] item: Leftovers
|upkeep
|turn|8
|c|☆craque of the ball|Porra
|c|☆craque of the ball|Ia clicar subs
|c|☆craque of the ball|Kkkkkkkkkkkkk
|
|t:|1757816278
|switch|p2a: Tinkaton|Tinkaton, F|47/100
|-ability|p2a: Tinkaton|Mold Breaker
|move|p1a: Iron Moth|Sludge Wave|p2a: Tinkaton
|-immune|p2a: Tinkaton
|
|upkeep
|turn|9
|c| tryhardzineo|KKKKKKKKKKKKK
|c|☆craque of the ball|Cara
|c|☆craque of the ball|Q darkrai
|
|t:|1757816286
|move|p2a: Tinkaton|Gigaton Hammer|p1a: Iron Moth
|-resisted|p1a: Iron Moth
|-damage|p1a: Iron Moth|26/100 par
|cant|p1a: Iron Moth|par
|
|upkeep
|turn|10
|c|☆craque of the ball|É esse
|
|t:|1757816290
|-activate|p2a: Tinkaton|move: Struggle
|move|p2a: Tinkaton|Struggle|p1a: Iron Moth
|-damage|p1a: Iron Moth|13/100 par
|-damage|p2a: Tinkaton|22/100|[from] recoil
|move|p1a: Iron Moth|Fiery Dance|p2a: Tinkaton
|-supereffective|p2a: Tinkaton
|-damage|p2a: Tinkaton|0 fnt
|faint|p2a: Tinkaton
|
|upkeep
|
|t:|1757816295
|switch|p2a: Darkrai|Darkrai|46/100
|turn|11
|
|t:|1757816298
|move|p2a: Darkrai|Dark Pulse|p1a: Iron Moth
|-damage|p1a: Iron Moth|0 fnt
|faint|p1a: Iron Moth
|-end|p1a: Iron Moth|Quark Drive|[silent]
|
|-heal|p2a: Darkrai|52/100|[from] item: Leftovers
|upkeep
|c| tryhardzineo|Pqp
|l| tryhardzineo
|
|t:|1757816316
|switch|p1a: Iron Valiant|Iron Valiant|100/100
|-enditem|p1a: Iron Valiant|Booster Energy
|-activate|p1a: Iron Valiant|ability: Quark Drive|[fromitem]
|-start|p1a: Iron Valiant|quarkdrivespe
|turn|12
|c|☆JustHK|mono booster energy
|c|☆JustHK|wtf
|
|t:|1757816335
|switch|p2a: Rotom|Rotom-Wash|50/100
|move|p1a: Iron Valiant|Moonblast|p2a: Rotom
|-damage|p2a: Rotom|2/100
|
|upkeep
|turn|13
|
|t:|1757816356
|move|p1a: Iron Valiant|Knock Off|p2a: Rotom
|-damage|p2a: Rotom|0 fnt
|-damage|p1a: Iron Valiant|84/100|[from] item: Rocky Helmet|[of] p2a: Rotom
|-enditem|p2a: Rotom|Rocky Helmet|[from] move: Knock Off|[of] p1a: Iron Valiant
|faint|p2a: Rotom
|
|upkeep
|
|t:|1757816359
|switch|p2a: Moltres|Moltres|68/100
|turn|14
|
|t:|1757816364
|move|p1a: Iron Valiant|Knock Off|p2a: Moltres
|-damage|p2a: Moltres|38/100
|-status|p1a: Iron Valiant|brn|[from] ability: Flame Body|[of] p2a: Moltres
|-enditem|p2a: Moltres|Heavy-Duty Boots|[from] move: Knock Off|[of] p1a: Iron Valiant
|move|p2a: Moltres|Roost|p2a: Moltres
|-heal|p2a: Moltres|88/100
|-singleturn|p2a: Moltres|move: Roost
|
|-damage|p1a: Iron Valiant|78/100 brn|[from] brn
|upkeep
|turn|15
|
|t:|1757816373
|switch|p2a: Darkrai|Darkrai|52/100
|move|p1a: Iron Valiant|Encore||[still]
|-fail|p1a: Iron Valiant
|
|-heal|p2a: Darkrai|58/100|[from] item: Leftovers
|-damage|p1a: Iron Valiant|71/100 brn|[from] brn
|upkeep
|turn|16
|
|t:|1757816377
|switch|p2a: Moltres|Moltres|88/100
|move|p1a: Iron Valiant|Moonblast|p2a: Moltres
|-resisted|p2a: Moltres
|-damage|p2a: Moltres|72/100
|-unboost|p2a: Moltres|spa|1
|
|-damage|p1a: Iron Valiant|65/100 brn|[from] brn
|upkeep
|turn|17
|
|t:|1757816385
|move|p1a: Iron Valiant|Knock Off|p2a: Moltres
|-damage|p2a: Moltres|61/100
|move|p2a: Moltres|Flamethrower|p1a: Iron Valiant
|-damage|p1a: Iron Valiant|17/100 brn
|
|-damage|p1a: Iron Valiant|11/100 brn|[from] brn
|upkeep
|turn|18
|
|t:|1757816390
|move|p1a: Iron Valiant|Encore|p2a: Moltres
|-start|p2a: Moltres|Encore
|move|p2a: Moltres|Flamethrower|p1a: Iron Valiant
|-damage|p1a: Iron Valiant|0 fnt
|faint|p1a: Iron Valiant
|-end|p1a: Iron Valiant|Quark Drive|[silent]
|
|upkeep
|
|t:|1757816397
|switch|p1a: Kyurem|Kyurem|100/100
|-ability|p1a: Kyurem|Pressure
|turn|19
|
|t:|1757816406
|switch|p2a: Hydrapple|Hydrapple, M|100/100
|move|p1a: Kyurem|Dragon Dance|p1a: Kyurem
|-boost|p1a: Kyurem|atk|1
|-boost|p1a: Kyurem|spe|1
|
|upkeep
|turn|20
|
|t:|1757816428
|-terastallize|p1a: Kyurem|Fire
|-terastallize|p2a: Hydrapple|Fairy
|move|p1a: Kyurem|Dragon Dance|p1a: Kyurem
|-boost|p1a: Kyurem|atk|1
|-boost|p1a: Kyurem|spe|1
|move|p2a: Hydrapple|Fickle Beam|p1a: Kyurem
|-damage|p1a: Kyurem|58/100
|
|upkeep
|turn|21
|
|t:|1757816436
|move|p1a: Kyurem|Icicle Spear|p2a: Hydrapple
|-damage|p2a: Hydrapple|78/100
|-damage|p2a: Hydrapple|55/100
|-damage|p2a: Hydrapple|33/100
|-damage|p2a: Hydrapple|10/100
|-damage|p2a: Hydrapple|0 fnt
|faint|p2a: Hydrapple
|-hitcount|p2: Hydrapple|5
|
|upkeep
|c|☆craque of the ball|Loaded garante 5?
|c|☆craque of the ball|Pq se pudesse ser 4
|c|☆craque of the ball|Eu tinha chokado
|c|☆craque of the ball|K
|inactive|JustHK has 270 seconds left.
|c|☆JustHK|garantir n garante
|c|☆JustHK|fui moggado pelo majora
|c|☆JustHK|its over
|
|t:|1757816479
|switch|p2a: Great Tusk|Great Tusk|100/100
|turn|22
|
|t:|1757816482
|move|p1a: Kyurem|Icicle Spear|p2a: Great Tusk
|-supereffective|p2a: Great Tusk
|-damage|p2a: Great Tusk|61/100
|-supereffective|p2a: Great Tusk
|-damage|p2a: Great Tusk|22/100
|-supereffective|p2a: Great Tusk
|-damage|p2a: Great Tusk|0 fnt
|faint|p2a: Great Tusk
|-end|p2a: Great Tusk|Protosynthesis|[silent]
|-hitcount|p2: Great Tusk|3
|
|upkeep
|
|t:|1757816485
|switch|p2a: Moltres|Moltres|61/100
|turn|23
|
|t:|1757816487
|move|p1a: Kyurem|Icicle Spear|p2a: Moltres
|-damage|p2a: Moltres|33/100
|-damage|p2a: Moltres|7/100
|-damage|p2a: Moltres|0 fnt
|faint|p2a: Moltres
|-hitcount|p2: Moltres|3
|
|upkeep
|
|t:|1757816489
|switch|p2a: Darkrai|Darkrai|58/100
|turn|24
|
|t:|1757816491
|move|p1a: Kyurem|Icicle Spear|p2a: Darkrai
|-damage|p2a: Darkrai|22/100
|-damage|p2a: Darkrai|0 fnt
|faint|p2a: Darkrai
|-hitcount|p2: Darkrai|2
|
|win|craque of the ball
|l|☆JustHK
|player|p2|
|l| Lunala Under used
|l|☆craque of the ball
|player|p1|
|l| Nanandes
|j|☆craque of the ball
|player|p1|craque of the ball|flint|
