|j|☆mothyx
|j|☆Munch144447
|t:|1757940893
|gametype|singles
|player|p1|mothyx|skyla-masters|1204
|player|p2|Munch144447|1|1213
|gen|9
|tier|[Gen 9] OU
|rated|
|rule|HP Percentage Mod: HP is shown in percentages
|rule|Endless Battle Clause: Forcing endless battles is banned
|rule|Species Clause: Limit one of each Pokémon
|rule|OHKO Clause: OHKO moves are banned
|rule|Evasion Items Clause: Evasion items are banned
|rule|Evasion Moves Clause: Evasion moves are banned
|rule|Evasion Abilities Clause: Evasion abilities are banned
|rule|Sleep Moves Clause: Sleep-inducing moves are banned
|clearpoke
|poke|p1|Kyurem|
|poke|p1|Zamazenta-*|
|poke|p1|Toxapex, M|
|poke|p1|Ting-Lu|
|poke|p1|Corviknight, M|
|poke|p1|Weezing-Galar, M|
|poke|p2|Tropius, F|
|poke|p2|Espeon, M|
|poke|p2|Skuntank, F|
|poke|p2|Drednaw, F|
|poke|p2|Camerupt, M|
|poke|p2|Abomasnow, M|
|teampreview
|
|t:|1757940906
|teamsize|p1|6
|teamsize|p2|6
|start
|switch|p1a: The Tower|Ting-Lu|100/100
|switch|p2a: Skuntank|Skuntank, F|100/100
|-ability|p1a: The Tower|Vessel of Ruin
|turn|1
|
|t:|1757940914
|switch|p2a: Espeon|Espeon, M|100/100
|move|p1a: The Tower|Whirlwind|p2a: Espeon
|move|p2a: Espeon|Whirlwind|p1a: The Tower|[from] ability: Magic Bounce
|drag|p1a: The Fool|Weezing-Galar, M|100/100
|-ability|p1a: The Fool|Neutralizing Gas
|
|upkeep
|turn|2
|
|t:|1757940928
|-end|p1a: The Fool|ability: Neutralizing Gas
|switch|p1a: The Chariot|Corviknight, M, shiny|100/100
|-ability|p1a: The Chariot|Pressure
|move|p2a: Espeon|Psychic|p1a: The Chariot
|-resisted|p1a: The Chariot
|-damage|p1a: The Chariot|65/100
|
|upkeep
|turn|3
|
|t:|1757940938
|switch|p2a: Skuntank|Skuntank, F|100/100
|move|p1a: The Chariot|U-turn|p2a: Skuntank
|-damage|p2a: Skuntank|81/100
|
|t:|1757940945
|switch|p1a: The Tower|Ting-Lu|100/100|[from] U-turn
|-ability|p1a: The Tower|Vessel of Ruin
|
|upkeep
|turn|4
|
|t:|1757940951
|switch|p2a: Espeon|Espeon, M|100/100
|move|p1a: The Tower|Earthquake|p2a: Espeon
|-damage|p2a: Espeon|33/100
|
|upkeep
|turn|5
|
|t:|1757940955
|move|p2a: Espeon|Grass Knot|p1a: The Tower
|-supereffective|p1a: The Tower
|-damage|p1a: The Tower|47/100
|move|p1a: The Tower|Earthquake|p2a: Espeon
|-damage|p2a: Espeon|0 fnt
|faint|p2a: Espeon
|
|-heal|p1a: The Tower|53/100|[from] item: Leftovers
|upkeep
|
|t:|1757940960
|switch|p2a: Abomasnow|Abomasnow, M|100/100
|-weather|Snowscape|[from] ability: Snow Warning|[of] p2a: Abomasnow
|turn|6
|
|t:|1757940972
|switch|p1a: The Hermit|Toxapex, M, shiny|100/100
|move|p2a: Abomasnow|Aurora Veil|p2a: Abomasnow
|-sidestart|p2: Munch144447|move: Aurora Veil
|
|-weather|Snowscape|[upkeep]
|upkeep
|turn|7
|
|t:|1757940978
|switch|p2a: Skuntank|Skuntank, F|81/100
|move|p1a: The Hermit|Acid Spray|p2a: Skuntank
|-resisted|p2a: Skuntank
|-damage|p2a: Skuntank|76/100
|-unboost|p2a: Skuntank|spd|2
|
|-weather|Snowscape|[upkeep]
|upkeep
|turn|8
|
|t:|1757940983
|move|p2a: Skuntank|Knock Off|p1a: The Hermit
|-damage|p1a: The Hermit|61/100
|-enditem|p1a: The Hermit|Assault Vest|[from] move: Knock Off|[of] p2a: Skuntank
|-damage|p2a: Skuntank|66/100|[from] item: Life Orb
|move|p1a: The Hermit|Surf|p2a: Skuntank
|-damage|p2a: Skuntank|22/100
|
|-weather|Snowscape|[upkeep]
|upkeep
|turn|9
|
|t:|1757940990
|switch|p2a: Tropius|Tropius, F|100/100
|move|p1a: The Hermit|Surf|p2a: Tropius
|-resisted|p2a: Tropius
|-damage|p2a: Tropius|95/100
|
|-weather|Snowscape|[upkeep]
|upkeep
|turn|10
|
|t:|1757940994
|move|p2a: Tropius|Substitute|p2a: Tropius
|-start|p2a: Tropius|Substitute
|-damage|p2a: Tropius|70/100
|move|p1a: The Hermit|Acid Spray|p2a: Tropius
|-supereffective|p2a: Tropius
|-crit|p2a: Tropius
|-end|p2a: Tropius|Substitute
|
|-weather|none
|upkeep
|turn|11
|
|t:|1757940997
|move|p2a: Tropius|Leech Seed|p1a: The Hermit
|-start|p1a: The Hermit|move: Leech Seed
|move|p1a: The Hermit|Ice Beam|p2a: Tropius
|-supereffective|p2a: Tropius
|-damage|p2a: Tropius|44/100
|
|-damage|p1a: The Hermit|48/100|[from] Leech Seed|[of] p2a: Tropius
|-heal|p2a: Tropius|53/100|[silent]
|upkeep
|turn|12
|
|t:|1757941002
|move|p2a: Tropius|Substitute|p2a: Tropius
|-start|p2a: Tropius|Substitute
|-damage|p2a: Tropius|28/100
|move|p1a: The Hermit|Acid Spray|p2a: Tropius
|-supereffective|p2a: Tropius
|-activate|p2a: Tropius|move: Substitute|[damage]
|
|-damage|p1a: The Hermit|36/100|[from] Leech Seed|[of] p2a: Tropius
|-heal|p2a: Tropius|37/100|[silent]
|upkeep
|turn|13
|
|t:|1757941005
|move|p2a: Tropius|Substitute|p2a: Tropius
|-fail|p2a: Tropius|move: Substitute
|move|p1a: The Hermit|Acid Spray|p2a: Tropius
|-supereffective|p2a: Tropius
|-activate|p2a: Tropius|move: Substitute|[damage]
|
|-damage|p1a: The Hermit|24/100|[from] Leech Seed|[of] p2a: Tropius
|-heal|p2a: Tropius|46/100|[silent]
|-sideend|p2: Munch144447|move: Aurora Veil
|upkeep
|turn|14
|
|t:|1757941014
|switch|p1a: The Chariot|Corviknight, M, shiny|65/100
|-ability|p1a: The Chariot|Pressure
|move|p2a: Tropius|Substitute|p2a: Tropius
|-fail|p2a: Tropius|move: Substitute
|
|upkeep
|turn|15
|
|t:|1757941022
|move|p2a: Tropius|Leech Seed|p1a: The Chariot
|-start|p1a: The Chariot|move: Leech Seed
|move|p1a: The Chariot|Iron Defense|p1a: The Chariot
|-boost|p1a: The Chariot|def|2
|
|-damage|p1a: The Chariot|53/100|[from] Leech Seed|[of] p2a: Tropius
|-heal|p2a: Tropius|59/100|[silent]
|upkeep
|turn|16
|
|t:|1757941027
|move|p2a: Tropius|Substitute|p2a: Tropius
|-fail|p2a: Tropius|move: Substitute
|move|p1a: The Chariot|Roost|p1a: The Chariot
|-heal|p1a: The Chariot|100/100
|-singleturn|p1a: The Chariot|move: Roost
|
|-damage|p1a: The Chariot|88/100|[from] Leech Seed|[of] p2a: Tropius
|-heal|p2a: Tropius|71/100|[silent]
|upkeep
|turn|17
|
|t:|1757941034
|switch|p2a: Camerupt|Camerupt, M|100/100
|move|p1a: The Chariot|Brave Bird|p2a: Camerupt
|-damage|p2a: Camerupt|51/100
|-damage|p1a: The Chariot|74/100|[from] Recoil
|
|-damage|p1a: The Chariot|62/100|[from] Leech Seed|[of] p2a: Camerupt
|-heal|p2a: Camerupt|66/100|[silent]
|upkeep
|turn|18
|
|t:|1757941042
|-terastallize|p1a: The Chariot|Water
|move|p2a: Camerupt|Flamethrower|p1a: The Chariot
|-resisted|p1a: The Chariot
|-damage|p1a: The Chariot|45/100
|move|p1a: The Chariot|Brave Bird|p2a: Camerupt
|-damage|p2a: Camerupt|21/100
|-damage|p1a: The Chariot|32/100|[from] Recoil
|
|-damage|p1a: The Chariot|20/100|[from] Leech Seed|[of] p2a: Camerupt
|-heal|p2a: Camerupt|35/100|[silent]
|upkeep
|turn|19
|
|t:|1757941052
|move|p2a: Camerupt|Scorching Sands|p1a: The Chariot
|-damage|p1a: The Chariot|0 fnt
|faint|p1a: The Chariot
|
|upkeep
|
|t:|1757941057
|switch|p1a: Justice|Kyurem, shiny|100/100
|-ability|p1a: Justice|Pressure
|turn|20
|
|t:|1757941061
|move|p1a: Justice|Earth Power|p2a: Camerupt
|-supereffective|p2a: Camerupt
|-damage|p2a: Camerupt|0 fnt
|faint|p2a: Camerupt
|
|upkeep
|
|t:|1757941066
|switch|p2a: Abomasnow|Abomasnow, M|100/100
|-weather|Snowscape|[from] ability: Snow Warning|[of] p2a: Abomasnow
|turn|21
|
|t:|1757941074
|switch|p1a: The Fool|Weezing-Galar, M|100/100
|-ability|p1a: The Fool|Neutralizing Gas
|move|p2a: Abomasnow|Aurora Veil|p2a: Abomasnow
|-sidestart|p2: Munch144447|move: Aurora Veil
|
|-weather|Snowscape|[upkeep]
|upkeep
|turn|22
|
|t:|1757941079
|switch|p2a: Tropius|Tropius, F|71/100
|move|p1a: The Fool|Will-O-Wisp|p2a: Tropius|[miss]
|-miss|p1a: The Fool|p2a: Tropius
|
|-weather|Snowscape|[upkeep]
|upkeep
|turn|23
|
|t:|1757941090
|move|p1a: The Fool|Defog|p2a: Tropius
|-unboost|p2a: Tropius|evasion|1
|-sideend|p2: Munch144447|move: Aurora Veil
|move|p2a: Tropius|Substitute|p2a: Tropius
|-start|p2a: Tropius|Substitute
|-damage|p2a: Tropius|46/100
|
|-weather|Snowscape|[upkeep]
|upkeep
|turn|24
|
|t:|1757941105
|-end|p1a: The Fool|ability: Neutralizing Gas
|switch|p1a: Justice|Kyurem, shiny|100/100
|-ability|p1a: Justice|Pressure
|move|p2a: Tropius|Leech Seed|p1a: Justice
|-start|p1a: Justice|move: Leech Seed
|
|-weather|Snowscape|[upkeep]
|-damage|p1a: Justice|88/100|[from] Leech Seed|[of] p2a: Tropius
|-heal|p2a: Tropius|58/100|[silent]
|upkeep
|turn|25
|
|t:|1757941116
|move|p1a: Justice|Substitute|p1a: Justice
|-start|p1a: Justice|Substitute
|-damage|p1a: Justice|63/100
|move|p2a: Tropius|Substitute|p2a: Tropius
|-fail|p2a: Tropius|move: Substitute
|
|-weather|none
|-heal|p1a: Justice|69/100|[from] item: Leftovers
|-damage|p1a: Justice|57/100|[from] Leech Seed|[of] p2a: Tropius
|-heal|p2a: Tropius|71/100|[silent]
|upkeep
|turn|26
|
|t:|1757941121
|move|p1a: Justice|Freeze-Dry|p2a: Tropius
|-supereffective|p2a: Tropius
|-end|p2a: Tropius|Substitute
|move|p2a: Tropius|Substitute|p2a: Tropius
|-start|p2a: Tropius|Substitute
|-damage|p2a: Tropius|46/100
|
|-heal|p1a: Justice|63/100|[from] item: Leftovers
|-damage|p1a: Justice|51/100|[from] Leech Seed|[of] p2a: Tropius
|-heal|p2a: Tropius|58/100|[silent]
|upkeep
|turn|27
|
|t:|1757941125
|move|p1a: Justice|Freeze-Dry|p2a: Tropius
|-supereffective|p2a: Tropius
|-end|p2a: Tropius|Substitute
|move|p2a: Tropius|Substitute|p2a: Tropius
|-start|p2a: Tropius|Substitute
|-damage|p2a: Tropius|33/100
|
|-heal|p1a: Justice|57/100|[from] item: Leftovers
|-damage|p1a: Justice|45/100|[from] Leech Seed|[of] p2a: Tropius
|-heal|p2a: Tropius|46/100|[silent]
|upkeep
|turn|28
|
|t:|1757941129
|move|p1a: Justice|Freeze-Dry|p2a: Tropius
|-supereffective|p2a: Tropius
|-end|p2a: Tropius|Substitute
|move|p2a: Tropius|Substitute|p2a: Tropius
|-start|p2a: Tropius|Substitute
|-damage|p2a: Tropius|21/100
|-enditem|p2a: Tropius|Starf Berry|[eat]
|-boost|p2a: Tropius|atk|2|[from] item: Starf Berry
|
|-heal|p1a: Justice|51/100|[from] item: Leftovers
|-damage|p1a: Justice|39/100|[from] Leech Seed|[of] p2a: Tropius
|-heal|p2a: Tropius|33/100|[silent]
|upkeep
|turn|29
|
|t:|1757941138
|move|p1a: Justice|Freeze-Dry|p2a: Tropius
|-supereffective|p2a: Tropius
|-end|p2a: Tropius|Substitute
|move|p2a: Tropius|Substitute|p2a: Tropius
|-start|p2a: Tropius|Substitute
|-damage|p2a: Tropius|8/100
|
|-heal|p1a: Justice|45/100|[from] item: Leftovers
|-damage|p1a: Justice|32/100|[from] Leech Seed|[of] p2a: Tropius
|-heal|p2a: Tropius|21/100|[silent]
|-item|p2a: Tropius|Starf Berry|[from] ability: Harvest
|upkeep
|-enditem|p2a: Tropius|Starf Berry|[eat]
|-boost|p2a: Tropius|atk|2|[from] item: Starf Berry
|turn|30
|
|t:|1757941153
|move|p1a: Justice|Freeze-Dry|p2a: Tropius
|-supereffective|p2a: Tropius
|-end|p2a: Tropius|Substitute
|move|p2a: Tropius|Synthesis|p2a: Tropius
|-heal|p2a: Tropius|71/100
|
|-heal|p1a: Justice|39/100|[from] item: Leftovers
|-damage|p1a: Justice|26/100|[from] Leech Seed|[of] p2a: Tropius
|-heal|p2a: Tropius|83/100|[silent]
|-item|p2a: Tropius|Starf Berry|[from] ability: Harvest
|upkeep
|turn|31
|
|t:|1757941159
|switch|p2a: Abomasnow|Abomasnow, M|100/100
|-weather|Snowscape|[from] ability: Snow Warning|[of] p2a: Abomasnow
|move|p1a: Justice|Freeze-Dry|p2a: Abomasnow
|-damage|p2a: Abomasnow|65/100
|
|-weather|Snowscape|[upkeep]
|-heal|p1a: Justice|32/100|[from] item: Leftovers
|-damage|p1a: Justice|20/100|[from] Leech Seed|[of] p2a: Abomasnow
|-heal|p2a: Abomasnow|78/100|[silent]
|upkeep
|turn|32
|
|t:|1757941166
|switch|p1a: The Hermit|Toxapex, M, shiny|57/100
|move|p2a: Abomasnow|Aurora Veil|p2a: Abomasnow
|-sidestart|p2: Munch144447|move: Aurora Veil
|
|-weather|Snowscape|[upkeep]
|upkeep
|turn|33
|
|t:|1757941170
|move|p2a: Abomasnow|Leech Seed|p1a: The Hermit
|-start|p1a: The Hermit|move: Leech Seed
|move|p1a: The Hermit|Acid Spray|p2a: Abomasnow
|-supereffective|p2a: Abomasnow
|-damage|p2a: Abomasnow|65/100
|-unboost|p2a: Abomasnow|spd|2
|
|-weather|Snowscape|[upkeep]
|-damage|p1a: The Hermit|45/100|[from] Leech Seed|[of] p2a: Abomasnow
|-heal|p2a: Abomasnow|75/100|[silent]
|upkeep
|turn|34
|
|t:|1757941184
|switch|p2a: Drednaw|Drednaw, F|100/100
|switch|p1a: The Tower|Ting-Lu|53/100
|-ability|p1a: The Tower|Vessel of Ruin
|
|-weather|Snowscape|[upkeep]
|-heal|p1a: The Tower|60/100|[from] item: Leftovers
|upkeep
|turn|35
|
|t:|1757941187
|move|p2a: Drednaw|Shell Smash|p2a: Drednaw
|-unboost|p2a: Drednaw|def|1
|-unboost|p2a: Drednaw|spd|1
|-boost|p2a: Drednaw|atk|2
|-boost|p2a: Drednaw|spa|2
|-boost|p2a: Drednaw|spe|2
|-enditem|p2a: Drednaw|White Herb
|-clearnegativeboost|p2a: Drednaw|[silent]
|move|p1a: The Tower|Whirlwind|p2a: Drednaw
|drag|p2a: Skuntank|Skuntank, F|22/100
|
|-weather|none
|-heal|p1a: The Tower|66/100|[from] item: Leftovers
|upkeep
|turn|36
|
|t:|1757941193
|move|p2a: Skuntank|Gunk Shot|p1a: The Tower|[miss]
|-miss|p2a: Skuntank|p1a: The Tower
|move|p1a: The Tower|Earthquake|p2a: Skuntank
|-supereffective|p2a: Skuntank
|-damage|p2a: Skuntank|0 fnt
|faint|p2a: Skuntank
|
|-heal|p1a: The Tower|72/100|[from] item: Leftovers
|upkeep
|
|t:|1757941197
|switch|p2a: Tropius|Tropius, F|83/100
|turn|37
|
|t:|1757941200
|move|p2a: Tropius|Leech Seed|p1a: The Tower|[miss]
|-miss|p2a: Tropius|p1a: The Tower
|move|p1a: The Tower|Whirlwind|p2a: Tropius
|drag|p2a: Drednaw|Drednaw, F|100/100
|
|-heal|p1a: The Tower|78/100|[from] item: Leftovers
|upkeep
|turn|38
|
|t:|1757941203
|move|p2a: Drednaw|Liquidation|p1a: The Tower
|-supereffective|p1a: The Tower
|-damage|p1a: The Tower|30/100
|-unboost|p1a: The Tower|def|1
|move|p1a: The Tower|Earthquake|p2a: Drednaw
|-supereffective|p2a: Drednaw
|-damage|p2a: Drednaw|59/100
|
|-heal|p1a: The Tower|36/100|[from] item: Leftovers
|upkeep
|turn|39
|
|t:|1757941211
|move|p2a: Drednaw|Shell Smash|p2a: Drednaw
|-unboost|p2a: Drednaw|def|1
|-unboost|p2a: Drednaw|spd|1
|-boost|p2a: Drednaw|atk|2
|-boost|p2a: Drednaw|spa|2
|-boost|p2a: Drednaw|spe|2
|move|p1a: The Tower|Rest|p1a: The Tower
|-status|p1a: The Tower|slp|[from] move: Rest
|-heal|p1a: The Tower|100/100 slp|[silent]
|
|-sideend|p2: Munch144447|move: Aurora Veil
|upkeep
|turn|40
|
|t:|1757941214
|switch|p1a: The Fool|Weezing-Galar, M|100/100
|-ability|p1a: The Fool|Neutralizing Gas
|move|p2a: Drednaw|Liquidation|p1a: The Fool
|-damage|p1a: The Fool|45/100
|-unboost|p1a: The Fool|def|1
|
|upkeep
|turn|41
|
|t:|1757941222
|move|p2a: Drednaw|Liquidation|p1a: The Fool
|-damage|p1a: The Fool|0 fnt
|faint|p1a: The Fool
|-end|p1a: The Fool|ability: Neutralizing Gas
|
|upkeep
|
|t:|1757941224
|switch|p1a: Strength|Zamazenta|100/100
|-ability|p1a: Strength|Dauntless Shield|boost
|-boost|p1a: Strength|def|1
|turn|42
|
|t:|1757941233
|-terastallize|p2a: Drednaw|Water
|move|p2a: Drednaw|Liquidation|p1a: Strength
|-damage|p1a: Strength|23/100
|move|p1a: Strength|Close Combat|p2a: Drednaw
|-damage|p2a: Drednaw|0 fnt
|-unboost|p1a: Strength|def|1
|-unboost|p1a: Strength|spd|1
|faint|p2a: Drednaw
|
|upkeep
|
|t:|1757941239
|switch|p2a: Tropius|Tropius, F|83/100
|turn|43
|
|t:|1757941244
|switch|p1a: The Hermit|Toxapex, M, shiny|78/100
|move|p2a: Tropius|Leech Seed|p1a: The Hermit
|-start|p1a: The Hermit|move: Leech Seed
|
|-damage|p1a: The Hermit|66/100|[from] Leech Seed|[of] p2a: Tropius
|-heal|p2a: Tropius|93/100|[silent]
|upkeep
|turn|44
|
|t:|1757941251
|switch|p2a: Abomasnow|Abomasnow, M|75/100
|-weather|Snowscape|[from] ability: Snow Warning|[of] p2a: Abomasnow
|move|p1a: The Hermit|Acid Spray|p2a: Abomasnow
|-supereffective|p2a: Abomasnow
|-damage|p2a: Abomasnow|45/100
|-unboost|p2a: Abomasnow|spd|2
|
|-weather|Snowscape|[upkeep]
|-damage|p1a: The Hermit|54/100|[from] Leech Seed|[of] p2a: Abomasnow
|-heal|p2a: Abomasnow|55/100|[silent]
|upkeep
|turn|45
|
|t:|1757941253
|move|p2a: Abomasnow|Aurora Veil|p2a: Abomasnow
|-sidestart|p2: Munch144447|move: Aurora Veil
|move|p1a: The Hermit|Acid Spray|p2a: Abomasnow
|-supereffective|p2a: Abomasnow
|-damage|p2a: Abomasnow|29/100
|-unboost|p2a: Abomasnow|spd|2
|
|-weather|Snowscape|[upkeep]
|-damage|p1a: The Hermit|42/100|[from] Leech Seed|[of] p2a: Abomasnow
|-heal|p2a: Abomasnow|39/100|[silent]
|upkeep
|turn|46
|
|t:|1757941255
|move|p2a: Abomasnow|Giga Drain|p1a: The Hermit
|-damage|p1a: The Hermit|19/100
|-heal|p2a: Abomasnow|48/100|[from] drain|[of] p1a: The Hermit
|move|p1a: The Hermit|Acid Spray|p2a: Abomasnow
|-supereffective|p2a: Abomasnow
|-damage|p2a: Abomasnow|5/100
|-unboost|p2a: Abomasnow|spd|2
|
|-weather|Snowscape|[upkeep]
|-damage|p1a: The Hermit|7/100|[from] Leech Seed|[of] p2a: Abomasnow
|-heal|p2a: Abomasnow|15/100|[silent]
|upkeep
|turn|47
|
|t:|1757941259
|switch|p1a: The Tower|Ting-Lu|100/100 slp
|-ability|p1a: The Tower|Vessel of Ruin
|move|p2a: Abomasnow|Leech Seed|p1a: The Tower
|-start|p1a: The Tower|move: Leech Seed
|
|-weather|Snowscape|[upkeep]
|-damage|p1a: The Tower|88/100 slp|[from] Leech Seed|[of] p2a: Abomasnow
|-heal|p2a: Abomasnow|31/100|[silent]
|upkeep
|turn|48
|
|t:|1757941264
|switch|p1a: The Hermit|Toxapex, M, shiny|40/100
|move|p2a: Abomasnow|Giga Drain|p1a: The Hermit
|-damage|p1a: The Hermit|18/100
|-heal|p2a: Abomasnow|40/100|[from] drain|[of] p1a: The Hermit
|
|-weather|none
|upkeep
|turn|49
|
|t:|1757941268
|switch|p1a: The Tower|Ting-Lu|88/100 slp
|-ability|p1a: The Tower|Vessel of Ruin
|move|p2a: Abomasnow|Giga Drain|p1a: The Tower
|-supereffective|p1a: The Tower
|-damage|p1a: The Tower|65/100 slp
|-heal|p2a: Abomasnow|55/100|[from] drain|[of] p1a: The Tower
|
|-heal|p1a: The Tower|72/100 slp|[from] item: Leftovers
|upkeep
|turn|50
|
|t:|1757941274
|move|p2a: Abomasnow|Leech Seed|p1a: The Tower
|-start|p1a: The Tower|move: Leech Seed
|cant|p1a: The Tower|slp
|
|-heal|p1a: The Tower|78/100 slp|[from] item: Leftovers
|-damage|p1a: The Tower|65/100 slp|[from] Leech Seed|[of] p2a: Abomasnow
|-heal|p2a: Abomasnow|72/100|[silent]
|upkeep
|turn|51
|
|t:|1757941278
|switch|p2a: Tropius|Tropius, F|93/100
|cant|p1a: The Tower|slp
|
|-heal|p1a: The Tower|72/100 slp|[from] item: Leftovers
|-damage|p1a: The Tower|59/100 slp|[from] Leech Seed|[of] p2a: Tropius
|-heal|p2a: Tropius|100/100|[silent]
|upkeep
|turn|52
|
|t:|1757941282
|move|p2a: Tropius|Giga Drain|p1a: The Tower
|-supereffective|p1a: The Tower
|-damage|p1a: The Tower|40/100 slp
|-curestatus|p1a: The Tower|slp|[msg]
|move|p1a: The Tower|Whirlwind|p2a: Tropius
|drag|p2a: Abomasnow|Abomasnow, M|72/100
|-weather|Snowscape|[from] ability: Snow Warning|[of] p2a: Abomasnow
|
|-weather|Snowscape|[upkeep]
|-heal|p1a: The Tower|47/100|[from] item: Leftovers
|-damage|p1a: The Tower|34/100|[from] Leech Seed|[of] p2a: Abomasnow
|-heal|p2a: Abomasnow|88/100|[silent]
|-sideend|p2: Munch144447|move: Aurora Veil
|upkeep
|turn|53
|
|t:|1757941290
|switch|p1a: Justice|Kyurem, shiny|20/100
|-ability|p1a: Justice|Pressure
|move|p2a: Abomasnow|Blizzard|p1a: Justice
|-damage|p1a: Justice|0 fnt
|faint|p1a: Justice
|
|-weather|Snowscape|[upkeep]
|upkeep
|
|t:|1757941297
|switch|p1a: Strength|Zamazenta|23/100
|turn|54
|
|t:|1757941301
|move|p1a: Strength|Close Combat|p2a: Abomasnow
|-supereffective|p2a: Abomasnow
|-damage|p2a: Abomasnow|0 fnt
|-unboost|p1a: Strength|def|1
|-unboost|p1a: Strength|spd|1
|faint|p2a: Abomasnow
|
|-weather|Snowscape|[upkeep]
|upkeep
|
|t:|1757941304
|switch|p2a: Tropius|Tropius, F|100/100
|turn|55
|
|t:|1757941310
|move|p1a: Strength|Close Combat|p2a: Tropius
|-resisted|p2a: Tropius
|-damage|p2a: Tropius|60/100
|-unboost|p1a: Strength|def|1
|-unboost|p1a: Strength|spd|1
|move|p2a: Tropius|Giga Drain|p1a: Strength
|-damage|p1a: Strength|0 fnt
|-heal|p2a: Tropius|69/100|[from] drain|[of] p1a: Strength
|faint|p1a: Strength
|
|-weather|Snowscape|[upkeep]
|upkeep
|
|t:|1757941319
|switch|p1a: The Hermit|Toxapex, M, shiny|52/100
|turn|56
|
|t:|1757941322
|move|p2a: Tropius|Substitute|p2a: Tropius
|-start|p2a: Tropius|Substitute
|-damage|p2a: Tropius|44/100
|move|p1a: The Hermit|Acid Spray|p2a: Tropius
|-supereffective|p2a: Tropius
|-activate|p2a: Tropius|move: Substitute|[damage]
|
|-weather|none
|upkeep
|turn|57
|
|t:|1757941324
|move|p2a: Tropius|Leech Seed|p1a: The Hermit
|-start|p1a: The Hermit|move: Leech Seed
|move|p1a: The Hermit|Acid Spray|p2a: Tropius
|-supereffective|p2a: Tropius
|-end|p2a: Tropius|Substitute
|
|-damage|p1a: The Hermit|39/100|[from] Leech Seed|[of] p2a: Tropius
|-heal|p2a: Tropius|53/100|[silent]
|upkeep
|turn|58
|
|t:|1757941328
|move|p2a: Tropius|Substitute|p2a: Tropius
|-start|p2a: Tropius|Substitute
|-damage|p2a: Tropius|28/100
|move|p1a: The Hermit|Acid Spray|p2a: Tropius
|-supereffective|p2a: Tropius
|-activate|p2a: Tropius|move: Substitute|[damage]
|
|-damage|p1a: The Hermit|27/100|[from] Leech Seed|[of] p2a: Tropius
|-heal|p2a: Tropius|38/100|[silent]
|upkeep
|turn|59
|
|t:|1757941332
|switch|p1a: The Tower|Ting-Lu|34/100
|-ability|p1a: The Tower|Vessel of Ruin
|move|p2a: Tropius|Giga Drain|p1a: The Tower
|-supereffective|p1a: The Tower
|-damage|p1a: The Tower|18/100
|-heal|p2a: Tropius|48/100|[from] drain|[of] p1a: The Tower
|
|-heal|p1a: The Tower|24/100|[from] item: Leftovers
|upkeep
|turn|60
|
|t:|1757941338
|move|p2a: Tropius|Leech Seed|p1a: The Tower
|-start|p1a: The Tower|move: Leech Seed
|move|p1a: The Tower|Rest|p1a: The Tower
|-status|p1a: The Tower|slp|[from] move: Rest
|-heal|p1a: The Tower|100/100 slp|[silent]
|
|-damage|p1a: The Tower|88/100 slp|[from] Leech Seed|[of] p2a: Tropius
|-heal|p2a: Tropius|64/100|[silent]
|upkeep
|turn|61
|
|t:|1757941347
|switch|p1a: The Hermit|Toxapex, M, shiny|61/100
|move|p2a: Tropius|Giga Drain|p1a: The Hermit
|-damage|p1a: The Hermit|43/100
|-heal|p2a: Tropius|71/100|[from] drain|[of] p1a: The Hermit
|
|upkeep
|turn|62
|
|t:|1757941352
|switch|p1a: The Tower|Ting-Lu|88/100 slp
|-ability|p1a: The Tower|Vessel of Ruin
|move|p2a: Tropius|Giga Drain|p1a: The Tower
|-supereffective|p1a: The Tower
|-crit|p1a: The Tower
|-damage|p1a: The Tower|61/100 slp
|-heal|p2a: Tropius|88/100|[from] drain|[of] p1a: The Tower
|
|-heal|p1a: The Tower|67/100 slp|[from] item: Leftovers
|upkeep
|turn|63
|
|t:|1757941362
|move|p2a: Tropius|Giga Drain|p1a: The Tower
|-supereffective|p1a: The Tower
|-damage|p1a: The Tower|51/100 slp
|-heal|p2a: Tropius|98/100|[from] drain|[of] p1a: The Tower
|cant|p1a: The Tower|slp
|
|-heal|p1a: The Tower|58/100 slp|[from] item: Leftovers
|upkeep
|turn|64
|
|t:|1757941366
|move|p2a: Tropius|Leech Seed|p1a: The Tower
|-start|p1a: The Tower|move: Leech Seed
|cant|p1a: The Tower|slp
|
|-heal|p1a: The Tower|64/100 slp|[from] item: Leftovers
|-damage|p1a: The Tower|51/100 slp|[from] Leech Seed|[of] p2a: Tropius
|-heal|p2a: Tropius|100/100|[silent]
|upkeep
|turn|65
|
|t:|1757941371
|move|p2a: Tropius|Giga Drain|p1a: The Tower
|-supereffective|p1a: The Tower
|-damage|p1a: The Tower|36/100 slp
|-curestatus|p1a: The Tower|slp|[msg]
|move|p1a: The Tower|Earthquake|p2a: Tropius
|-immune|p2a: Tropius
|
|-heal|p1a: The Tower|42/100|[from] item: Leftovers
|-damage|p1a: The Tower|30/100|[from] Leech Seed|[of] p2a: Tropius
|upkeep
|turn|66
|
|t:|1757941376
|move|p2a: Tropius|Giga Drain|p1a: The Tower
|-supereffective|p1a: The Tower
|-damage|p1a: The Tower|12/100
|move|p1a: The Tower|Rest|p1a: The Tower
|-status|p1a: The Tower|slp|[from] move: Rest
|-heal|p1a: The Tower|100/100 slp|[silent]
|
|-damage|p1a: The Tower|88/100 slp|[from] Leech Seed|[of] p2a: Tropius
|upkeep
|turn|67
|
|t:|1757941388
|switch|p1a: The Hermit|Toxapex, M, shiny|76/100
|move|p2a: Tropius|Giga Drain|p1a: The Hermit
|-damage|p1a: The Hermit|58/100
|
|upkeep
|turn|68
|
|t:|1757941395
|move|p2a: Tropius|Leech Seed|p1a: The Hermit
|-start|p1a: The Hermit|move: Leech Seed
|move|p1a: The Hermit|Acid Spray|p2a: Tropius
|-supereffective|p2a: Tropius
|-end|p2a: Tropius|Substitute
|
|-damage|p1a: The Hermit|46/100|[from] Leech Seed|[of] p2a: Tropius
|upkeep
|turn|69
|
|t:|1757941401
|switch|p1a: The Tower|Ting-Lu|88/100 slp
|-ability|p1a: The Tower|Vessel of Ruin
|move|p2a: Tropius|Giga Drain|p1a: The Tower
|-supereffective|p1a: The Tower
|-damage|p1a: The Tower|72/100 slp
|
|-heal|p1a: The Tower|78/100 slp|[from] item: Leftovers
|upkeep
|turn|70
|
|t:|1757941413
|move|p2a: Tropius|Leech Seed|p1a: The Tower
|-start|p1a: The Tower|move: Leech Seed
|cant|p1a: The Tower|slp
|
|-heal|p1a: The Tower|84/100 slp|[from] item: Leftovers
|-damage|p1a: The Tower|72/100 slp|[from] Leech Seed|[of] p2a: Tropius
|upkeep
|turn|71
|
|t:|1757941418
|move|p2a: Tropius|Synthesis|p2a: Tropius
|-fail|p2a: Tropius|heal
|cant|p1a: The Tower|slp
|
|-heal|p1a: The Tower|78/100 slp|[from] item: Leftovers
|-damage|p1a: The Tower|65/100 slp|[from] Leech Seed|[of] p2a: Tropius
|upkeep
|turn|72
|
|t:|1757941422
|move|p2a: Tropius|Synthesis|p2a: Tropius
|-fail|p2a: Tropius|heal
|-curestatus|p1a: The Tower|slp|[msg]
|move|p1a: The Tower|Earthquake|p2a: Tropius
|-immune|p2a: Tropius
|
|-heal|p1a: The Tower|72/100|[from] item: Leftovers
|-damage|p1a: The Tower|59/100|[from] Leech Seed|[of] p2a: Tropius
|upkeep
|turn|73
|
|t:|1757941426
|move|p2a: Tropius|Synthesis|p2a: Tropius
|-fail|p2a: Tropius|heal
|move|p1a: The Tower|Earthquake|p2a: Tropius
|-immune|p2a: Tropius
|
|-heal|p1a: The Tower|65/100|[from] item: Leftovers
|-damage|p1a: The Tower|53/100|[from] Leech Seed|[of] p2a: Tropius
|upkeep
|turn|74
|
|t:|1757941430
|move|p2a: Tropius|Synthesis|p2a: Tropius
|-fail|p2a: Tropius|heal
|move|p1a: The Tower|Whirlwind||[still]
|-fail|p1a: The Tower
|
|-heal|p1a: The Tower|59/100|[from] item: Leftovers
|-damage|p1a: The Tower|47/100|[from] Leech Seed|[of] p2a: Tropius
|upkeep
|turn|75
|
|t:|1757941434
|move|p2a: Tropius|Synthesis|p2a: Tropius
|-fail|p2a: Tropius|heal
|move|p1a: The Tower|Rest|p1a: The Tower
|-status|p1a: The Tower|slp|[from] move: Rest
|-heal|p1a: The Tower|100/100 slp|[silent]
|
|-damage|p1a: The Tower|88/100 slp|[from] Leech Seed|[of] p2a: Tropius
|upkeep
|turn|76
|
|t:|1757941451
|move|p2a: Tropius|Giga Drain|p1a: The Tower
|-supereffective|p1a: The Tower
|-damage|p1a: The Tower|70/100 slp
|cant|p1a: The Tower|slp
|
|-heal|p1a: The Tower|76/100 slp|[from] item: Leftovers
|-damage|p1a: The Tower|64/100 slp|[from] Leech Seed|[of] p2a: Tropius
|upkeep
|turn|77
|
|t:|1757941453
|move|p2a: Tropius|Giga Drain|p1a: The Tower
|-supereffective|p1a: The Tower
|-damage|p1a: The Tower|47/100 slp
|cant|p1a: The Tower|slp
|
|-heal|p1a: The Tower|54/100 slp|[from] item: Leftovers
|-damage|p1a: The Tower|41/100 slp|[from] Leech Seed|[of] p2a: Tropius
|upkeep
|turn|78
|
|t:|1757941456
|switch|p1a: The Hermit|Toxapex, M, shiny|79/100
|move|p2a: Tropius|Giga Drain|p1a: The Hermit
|-damage|p1a: The Hermit|61/100
|
|upkeep
|turn|79
|
|t:|1757941461
|switch|p1a: The Tower|Ting-Lu|41/100 slp
|-ability|p1a: The Tower|Vessel of Ruin
|move|p2a: Tropius|Leech Seed|p1a: The Tower
|-start|p1a: The Tower|move: Leech Seed
|
|-heal|p1a: The Tower|47/100 slp|[from] item: Leftovers
|-damage|p1a: The Tower|35/100 slp|[from] Leech Seed|[of] p2a: Tropius
|upkeep
|turn|80
|
|t:|1757941468
|move|p2a: Tropius|Giga Drain|p1a: The Tower
|-supereffective|p1a: The Tower
|-damage|p1a: The Tower|19/100 slp
|-curestatus|p1a: The Tower|slp|[msg]
|move|p1a: The Tower|Rest|p1a: The Tower
|-status|p1a: The Tower|slp|[from] move: Rest
|-heal|p1a: The Tower|100/100 slp|[silent]
|
|-damage|p1a: The Tower|88/100 slp|[from] Leech Seed|[of] p2a: Tropius
|upkeep
|turn|81
|inactive|Battle timer is ON: inactive players will automatically lose when time's up. (requested by mothyx)
|inactive|Munch144447 has 120 seconds left.
|inactive|Munch144447 has 90 seconds left.
|inactive|Munch144447 has 60 seconds left.
|inactive|Munch144447 has 30 seconds left.
|inactive|Munch144447 has 20 seconds left.
|inactive|Munch144447 has 15 seconds left.
|inactive|Munch144447 has 10 seconds left.
|inactive|Munch144447 has 5 seconds left.
|-message|Munch144447 lost due to inactivity.
|
|win|mothyx
|raw|mothyx's rating: 1204 &rarr; <strong>1230</strong><br />(+26 for winning)
|raw|Munch144447's rating: 1213 &rarr; <strong>1187</strong><br />(-26 for losing)
