|j|☆ImNotSureAnymore
|j|☆Mahp860226
|t:|1757904179
|gametype|singles
|player|p1|ImNotSureAnymore|psychicf-gen4|1134
|player|p2|Mahp860226|1|1125
|gen|9
|tier|[Gen 9] OU
|rated|
|rule|HP Percentage Mod: HP is shown in percentages
|rule|Endless Battle Clause: Forcing endless battles is banned
|rule|Species Clause: Limit one of each Pokémon
|rule|OHKO Clause: OHKO moves are banned
|rule|Evasion Items Clause: Evasion items are banned
|rule|Evasion Moves Clause: Evasion moves are banned
|rule|Evasion Abilities Clause: Evasion abilities are banned
|rule|Sleep Moves Clause: Sleep-inducing moves are banned
|clearpoke
|poke|p1|Hatterene, F|
|poke|p1|Alomomola, M|
|poke|p1|Slowking-Galar, M|
|poke|p1|Crocalor, F|
|poke|p1|Bellossom, F|
|poke|p1|Komala, M|
|poke|p2|Mimikyu, F|
|poke|p2|Corviknight, M|
|poke|p2|Lokix, F|
|poke|p2|Heatran, M|
|poke|p2|Flygon, M|
|poke|p2|Clodsire, M|
|teampreview
|
|t:|1757904188
|teamsize|p1|6
|teamsize|p2|6
|start
|switch|p1a: Crocalor|Crocalor, F|100/100
|switch|p2a: Lokix|Lokix, F|100/100
|turn|1
|
|t:|1757904194
|move|p2a: Lokix|Knock Off|p1a: Crocalor
|-damage|p1a: Crocalor|67/100
|-enditem|p1a: Crocalor|Eviolite|[from] move: Knock Off|[of] p2a: Lokix
|move|p1a: Crocalor|Will-O-Wisp|p2a: Lokix
|-status|p2a: Lokix|brn
|
|-damage|p2a: Lokix|95/100 brn|[from] brn
|upkeep
|turn|2
|
|t:|1757904206
|move|p2a: Lokix|U-turn|p1a: Crocalor
|-resisted|p1a: Crocalor
|-damage|p1a: Crocalor|48/100
|
|t:|1757904209
|switch|p2a: Heatran|Heatran, M|100/100|[from] U-turn
|move|p1a: Crocalor|Slack Off|p1a: Crocalor
|-heal|p1a: Crocalor|98/100
|
|upkeep
|turn|3
|
|t:|1757904220
|move|p2a: Heatran|Earth Power|p1a: Crocalor
|-supereffective|p1a: Crocalor
|-damage|p1a: Crocalor|32/100
|-unboost|p1a: Crocalor|spd|1
|move|p1a: Crocalor|Roar|p2a: Heatran
|drag|p2a: Clodsire|Clodsire, M|100/100
|
|upkeep
|turn|4
|
|t:|1757904230
|switch|p1a: Komala|Komala, M|100/100
|-ability|p1a: Komala|Comatose
|move|p2a: Clodsire|Toxic Spikes|p1a: Komala
|-sidestart|p1: ImNotSureAnymore|move: Toxic Spikes
|
|upkeep
|turn|5
|
|t:|1757904239
|move|p1a: Komala|Super Fang|p2a: Clodsire
|-damage|p2a: Clodsire|50/100
|move|p2a: Clodsire|Poison Jab|p1a: Komala
|-damage|p1a: Komala|68/100
|
|-heal|p1a: Komala|74/100|[from] item: Leftovers
|-heal|p2a: Clodsire|57/100|[from] item: Black Sludge
|upkeep
|turn|6
|
|t:|1757904249
|move|p1a: Komala|Super Fang|p2a: Clodsire
|-damage|p2a: Clodsire|29/100
|move|p2a: Clodsire|Recover|p2a: Clodsire
|-heal|p2a: Clodsire|79/100
|
|-heal|p1a: Komala|80/100|[from] item: Leftovers
|-heal|p2a: Clodsire|85/100|[from] item: Black Sludge
|upkeep
|turn|7
|
|t:|1757904260
|move|p1a: Komala|Rapid Spin|p2a: Clodsire
|-damage|p2a: Clodsire|65/100
|-boost|p1a: Komala|spe|1
|-sideend|p1: ImNotSureAnymore|Toxic Spikes|[from] move: Rapid Spin|[of] p1a: Komala
|move|p2a: Clodsire|Poison Jab|p1a: Komala
|-damage|p1a: Komala|48/100
|
|-heal|p1a: Komala|53/100|[from] item: Leftovers
|-heal|p2a: Clodsire|71/100|[from] item: Black Sludge
|upkeep
|turn|8
|
|t:|1757904271
|move|p1a: Komala|Wish|p1a: Komala
|move|p2a: Clodsire|Poison Jab|p1a: Komala
|-damage|p1a: Komala|23/100
|
|-heal|p1a: Komala|29/100|[from] item: Leftovers
|-heal|p2a: Clodsire|77/100|[from] item: Black Sludge
|upkeep
|turn|9
|
|t:|1757904279
|move|p1a: Komala|Protect|p1a: Komala
|-singleturn|p1a: Komala|Protect
|move|p2a: Clodsire|Poison Jab|p1a: Komala
|-activate|p1a: Komala|move: Protect
|
|-heal|p1a: Komala|79/100|[from] move: Wish|[wisher] Komala
|-heal|p1a: Komala|85/100|[from] item: Leftovers
|-heal|p2a: Clodsire|84/100|[from] item: Black Sludge
|upkeep
|turn|10
|
|t:|1757904291
|switch|p1a: Hatterene|Hatterene, F|100/100
|move|p2a: Clodsire|Poison Jab|p1a: Hatterene
|-supereffective|p1a: Hatterene
|-damage|p1a: Hatterene|68/100
|
|-heal|p1a: Hatterene|74/100|[from] item: Leftovers
|-heal|p2a: Clodsire|90/100|[from] item: Black Sludge
|upkeep
|turn|11
|
|t:|1757904302
|move|p1a: Hatterene|Psychic|p2a: Clodsire
|-supereffective|p2a: Clodsire
|-damage|p2a: Clodsire|49/100
|-unboost|p2a: Clodsire|spd|1
|move|p2a: Clodsire|Poison Jab|p1a: Hatterene
|-supereffective|p1a: Hatterene
|-damage|p1a: Hatterene|37/100
|
|-heal|p1a: Hatterene|43/100|[from] item: Leftovers
|-heal|p2a: Clodsire|55/100|[from] item: Black Sludge
|upkeep
|turn|12
|
|t:|1757904317
|switch|p2a: Heatran|Heatran, M|100/100
|move|p1a: Hatterene|Psychic|p2a: Heatran
|-resisted|p2a: Heatran
|-damage|p2a: Heatran|90/100
|-unboost|p2a: Heatran|spd|1
|
|-heal|p1a: Hatterene|49/100|[from] item: Leftovers
|upkeep
|turn|13
|
|t:|1757904327
|switch|p1a: Alomomola|Alomomola, M|100/100
|move|p2a: Heatran|Flash Cannon|p1a: Alomomola
|-resisted|p1a: Alomomola
|-damage|p1a: Alomomola|73/100
|
|-heal|p1a: Alomomola|79/100|[from] item: Leftovers
|upkeep
|turn|14
|
|t:|1757904343
|switch|p2a: Lokix|Lokix, F|95/100 brn
|move|p1a: Alomomola|Wish|p1a: Alomomola
|
|-heal|p1a: Alomomola|85/100|[from] item: Leftovers
|-damage|p2a: Lokix|89/100 brn|[from] brn
|upkeep
|turn|15
|
|t:|1757904351
|move|p2a: Lokix|Knock Off|p1a: Alomomola
|-damage|p1a: Alomomola|74/100
|-enditem|p1a: Alomomola|Leftovers|[from] move: Knock Off|[of] p2a: Lokix
|move|p1a: Alomomola|Flip Turn|p2a: Lokix
|-damage|p2a: Lokix|66/100 brn
|
|t:|1757904359
|switch|p1a: Crocalor|Crocalor, F|32/100|[from] Flip Turn
|
|-heal|p1a: Crocalor|100/100|[from] move: Wish|[wisher] Alomomola
|-damage|p2a: Lokix|60/100 brn|[from] brn
|upkeep
|turn|16
|
|t:|1757904368
|move|p2a: Lokix|Knock Off|p1a: Crocalor
|-damage|p1a: Crocalor|84/100
|move|p1a: Crocalor|Flamethrower|p2a: Lokix
|-supereffective|p2a: Lokix
|-damage|p2a: Lokix|0 fnt
|faint|p2a: Lokix
|
|upkeep
|
|t:|1757904376
|switch|p2a: Heatran|Heatran, M|90/100
|turn|17
|
|t:|1757904384
|switch|p1a: Alomomola|Alomomola, M|74/100
|move|p2a: Heatran|Dragon Pulse|p1a: Alomomola
|-crit|p1a: Alomomola
|-damage|p1a: Alomomola|19/100
|
|upkeep
|turn|18
|
|t:|1757904392
|switch|p1a: Slowking|Slowking-Galar, M|100/100
|move|p2a: Heatran|Flash Cannon|p1a: Slowking
|-crit|p1a: Slowking
|-damage|p1a: Slowking|58/100
|
|upkeep
|turn|19
|
|t:|1757904422
|move|p2a: Heatran|Earth Power|p1a: Slowking
|-supereffective|p1a: Slowking
|-damage|p1a: Slowking|17/100
|-prepare|p1a: Slowking|Chilly Reception|[premajor]
|move|p1a: Slowking|Chilly Reception|p1a: Slowking
|-weather|Snowscape
|
|t:|1757904426
|switch|p1a: Komala|Komala, M|85/100|[from] Chilly Reception
|-ability|p1a: Komala|Comatose
|
|-weather|Snowscape|[upkeep]
|-heal|p1a: Komala|91/100|[from] item: Leftovers
|upkeep
|turn|20
|
|t:|1757904436
|switch|p2a: Mimikyu|Mimikyu, F|100/100
|move|p1a: Komala|Super Fang|p2a: Mimikyu
|-immune|p2a: Mimikyu
|
|-weather|Snowscape|[upkeep]
|-heal|p1a: Komala|97/100|[from] item: Leftovers
|upkeep
|turn|21
|
|t:|1757904445
|switch|p1a: Crocalor|Crocalor, F|84/100
|move|p2a: Mimikyu|Swords Dance|p2a: Mimikyu
|-boost|p2a: Mimikyu|atk|2
|
|-weather|Snowscape|[upkeep]
|upkeep
|turn|22
|
|t:|1757904456
|move|p2a: Mimikyu|Swords Dance|p2a: Mimikyu
|-boost|p2a: Mimikyu|atk|2
|move|p1a: Crocalor|Will-O-Wisp|p2a: Mimikyu
|-status|p2a: Mimikyu|brn
|
|-weather|Snowscape|[upkeep]
|-damage|p2a: Mimikyu|95/100 brn|[from] brn
|upkeep
|turn|23
|
|t:|1757904465
|move|p2a: Mimikyu|Swords Dance|p2a: Mimikyu
|-boost|p2a: Mimikyu|atk|2
|move|p1a: Crocalor|Roar|p2a: Mimikyu
|drag|p2a: Corviknight|Corviknight, M|100/100
|
|-weather|none
|upkeep
|turn|24
|
|t:|1757904475
|switch|p2a: Flygon|Flygon, M|100/100
|move|p1a: Crocalor|Will-O-Wisp|p2a: Flygon
|-status|p2a: Flygon|brn
|
|-damage|p2a: Flygon|95/100 brn|[from] brn
|upkeep
|turn|25
|
|t:|1757904489
|switch|p1a: Bellossom|Bellossom, F|100/100
|move|p2a: Flygon|Earthquake|p1a: Bellossom
|-resisted|p1a: Bellossom
|-damage|p1a: Bellossom|92/100
|
|-damage|p2a: Flygon|89/100 brn|[from] brn
|upkeep
|turn|26
|
|t:|1757904498
|switch|p2a: Heatran|Heatran, M|90/100
|move|p1a: Bellossom|Leech Seed|p2a: Heatran
|-start|p2a: Heatran|move: Leech Seed
|
|-damage|p2a: Heatran|77/100|[from] Leech Seed|[of] p1a: Bellossom
|-heal|p1a: Bellossom|100/100|[silent]
|upkeep
|turn|27
|
|t:|1757904507
|switch|p1a: Komala|Komala, M|97/100
|-ability|p1a: Komala|Comatose
|move|p2a: Heatran|Lava Plume|p1a: Komala
|-damage|p1a: Komala|60/100
|
|-heal|p1a: Komala|66/100|[from] item: Leftovers
|-damage|p2a: Heatran|65/100|[from] Leech Seed|[of] p1a: Komala
|-heal|p1a: Komala|81/100|[silent]
|upkeep
|turn|28
|
|t:|1757904524
|switch|p2a: Corviknight|Corviknight, M|100/100
|move|p1a: Komala|Super Fang|p2a: Corviknight
|-damage|p2a: Corviknight|50/100
|-damage|p1a: Komala|64/100|[from] item: Rocky Helmet|[of] p2a: Corviknight
|
|-heal|p1a: Komala|70/100|[from] item: Leftovers
|upkeep
|turn|29
|
|t:|1757904534
|move|p2a: Corviknight|Roost|p2a: Corviknight
|-heal|p2a: Corviknight|100/100
|-singleturn|p2a: Corviknight|move: Roost
|move|p1a: Komala|Wish|p1a: Komala
|
|-heal|p1a: Komala|76/100|[from] item: Leftovers
|upkeep
|turn|30
|
|t:|1757904550
|switch|p2a: Heatran|Heatran, M|65/100
|switch|p1a: Alomomola|Alomomola, M|19/100
|
|-heal|p1a: Alomomola|50/100|[from] move: Wish|[wisher] Komala
|upkeep
|turn|31
|
|t:|1757904563
|move|p2a: Heatran|Earth Power|p1a: Alomomola
|-damage|p1a: Alomomola|9/100
|move|p1a: Alomomola|Wish|p1a: Alomomola
|
|upkeep
|turn|32
|
|t:|1757904570
|move|p1a: Alomomola|Protect|p1a: Alomomola
|-singleturn|p1a: Alomomola|Protect
|move|p2a: Heatran|Earth Power|p1a: Alomomola
|-activate|p1a: Alomomola|move: Protect
|
|-heal|p1a: Alomomola|59/100|[from] move: Wish|[wisher] Alomomola
|upkeep
|turn|33
|
|t:|1757904584
|switch|p2a: Clodsire|Clodsire, M|55/100
|move|p1a: Alomomola|Wish|p1a: Alomomola
|
|-heal|p2a: Clodsire|61/100|[from] item: Black Sludge
|upkeep
|turn|34
|
|t:|1757904594
|move|p1a: Alomomola|Protect|p1a: Alomomola
|-singleturn|p1a: Alomomola|Protect
|move|p2a: Clodsire|Recover|p2a: Clodsire
|-heal|p2a: Clodsire|100/100
|
|-heal|p1a: Alomomola|100/100|[from] move: Wish|[wisher] Alomomola
|upkeep
|turn|35
|
|t:|1757904603
|move|p1a: Alomomola|Wish|p1a: Alomomola
|move|p2a: Clodsire|Poison Jab|p1a: Alomomola
|-damage|p1a: Alomomola|88/100
|
|upkeep
|turn|36
|
|t:|1757904609
|switch|p1a: Slowking|Slowking-Galar, M|50/100
|move|p2a: Clodsire|Toxic Spikes|p1a: Slowking
|-sidestart|p1: ImNotSureAnymore|move: Toxic Spikes
|
|-heal|p1a: Slowking|100/100|[from] move: Wish|[wisher] Alomomola
|upkeep
|turn|37
|
|t:|1757904619
|switch|p2a: Heatran|Heatran, M|65/100
|move|p1a: Slowking|Future Sight|p2a: Heatran
|-start|p1a: Slowking|move: Future Sight
|
|upkeep
|turn|38
|
|t:|1757904628
|move|p2a: Heatran|Dragon Pulse|p1a: Slowking
|-damage|p1a: Slowking|81/100
|-prepare|p1a: Slowking|Chilly Reception|[premajor]
|move|p1a: Slowking|Chilly Reception|p1a: Slowking
|-weather|Snowscape
|
|t:|1757904630
|switch|p1a: Komala|Komala, M|76/100|[from] Chilly Reception
|-ability|p1a: Komala|Comatose
|
|-weather|Snowscape|[upkeep]
|-heal|p1a: Komala|82/100|[from] item: Leftovers
|upkeep
|turn|39
|
|t:|1757904647
|switch|p2a: Mimikyu|Mimikyu, F|95/100 brn
|move|p1a: Komala|Rapid Spin|p2a: Mimikyu
|-immune|p2a: Mimikyu
|
|-weather|Snowscape|[upkeep]
|-end|p2a: Mimikyu|move: Future Sight
|-activate|p2a: Mimikyu|ability: Disguise
|-damage|p2a: Mimikyu|95/100 brn
|detailschange|p2a: Mimikyu|Mimikyu-Busted, F
|-damage|p2a: Mimikyu|82/100 brn|[from] pokemon: Mimikyu-Busted
|-heal|p1a: Komala|88/100|[from] item: Leftovers
|-damage|p2a: Mimikyu|76/100 brn|[from] brn
|upkeep
|turn|40
|
|t:|1757904662
|move|p2a: Mimikyu|Drain Punch|p1a: Komala
|-supereffective|p1a: Komala
|-damage|p1a: Komala|48/100
|-heal|p2a: Mimikyu|100/100 brn|[from] drain|[of] p1a: Komala
|-damage|p2a: Mimikyu|91/100 brn|[from] item: Life Orb
|move|p1a: Komala|Wish|p1a: Komala
|
|-weather|Snowscape|[upkeep]
|-heal|p1a: Komala|54/100|[from] item: Leftovers
|-damage|p2a: Mimikyu|85/100 brn|[from] brn
|upkeep
|turn|41
|
|t:|1757904676
|move|p1a: Komala|Protect|p1a: Komala
|-singleturn|p1a: Komala|Protect
|move|p2a: Mimikyu|Drain Punch|p1a: Komala
|-activate|p1a: Komala|move: Protect
|
|-weather|Snowscape|[upkeep]
|-heal|p1a: Komala|100/100|[from] move: Wish|[wisher] Komala
|-damage|p2a: Mimikyu|79/100 brn|[from] brn
|upkeep
|turn|42
|
|t:|1757904687
|switch|p1a: Slowking|Slowking-Galar, M|100/100
|-sideend|p1: ImNotSureAnymore|move: Toxic Spikes|[of] p1a: Slowking
|move|p2a: Mimikyu|Shadow Sneak|p1a: Slowking
|-supereffective|p1a: Slowking
|-damage|p1a: Slowking|79/100
|-damage|p2a: Mimikyu|69/100 brn|[from] item: Life Orb
|
|-weather|none
|-damage|p2a: Mimikyu|63/100 brn|[from] brn
|upkeep
|turn|43
|
|t:|1757904699
|switch|p2a: Flygon|Flygon, M|89/100 brn
|switch|p1a: Bellossom|Bellossom, F|100/100
|
|-damage|p2a: Flygon|83/100 brn|[from] brn
|upkeep
|turn|44
|
|t:|1757904709
|move|p2a: Flygon|U-turn|p1a: Bellossom
|-supereffective|p1a: Bellossom
|-damage|p1a: Bellossom|86/100
|
|t:|1757904713
|switch|p2a: Clodsire|Clodsire, M|100/100|[from] U-turn
|move|p1a: Bellossom|Leech Seed|p2a: Clodsire
|-start|p2a: Clodsire|move: Leech Seed
|
|-damage|p2a: Clodsire|88/100|[from] Leech Seed|[of] p1a: Bellossom
|-heal|p1a: Bellossom|100/100|[silent]
|upkeep
|turn|45
|
|t:|1757904723
|switch|p1a: Hatterene|Hatterene, F|49/100
|move|p2a: Clodsire|Poison Jab|p1a: Hatterene
|-supereffective|p1a: Hatterene
|-damage|p1a: Hatterene|12/100
|-status|p1a: Hatterene|psn
|
|-heal|p1a: Hatterene|17/100 psn|[from] item: Leftovers
|-heal|p2a: Clodsire|94/100|[from] item: Black Sludge
|-damage|p2a: Clodsire|82/100|[from] Leech Seed|[of] p1a: Hatterene
|-heal|p1a: Hatterene|36/100 psn|[silent]
|-damage|p1a: Hatterene|23/100 psn|[from] psn
|upkeep
|turn|46
|
|t:|1757904741
|move|p1a: Hatterene|Pain Split|p2a: Clodsire
|-sethp|p2a: Clodsire|49/100|[from] move: Pain Split|[silent]
|-sethp|p1a: Hatterene|71/100 psn|[from] move: Pain Split
|move|p2a: Clodsire|Poison Jab|p1a: Hatterene
|-supereffective|p1a: Hatterene
|-damage|p1a: Hatterene|37/100 psn
|
|-heal|p1a: Hatterene|43/100 psn|[from] item: Leftovers
|-heal|p2a: Clodsire|55/100|[from] item: Black Sludge
|-damage|p2a: Clodsire|43/100|[from] Leech Seed|[of] p1a: Hatterene
|-heal|p1a: Hatterene|62/100 psn|[silent]
|-damage|p1a: Hatterene|49/100 psn|[from] psn
|upkeep
|turn|47
|
|t:|1757904754
|switch|p1a: Alomomola|Alomomola, M|88/100
|switch|p2a: Heatran|Heatran, M|65/100
|
|upkeep
|turn|48
|
|t:|1757904762
|move|p2a: Heatran|Dragon Pulse|p1a: Alomomola
|-damage|p1a: Alomomola|52/100
|move|p1a: Alomomola|Scald|p2a: Heatran
|-supereffective|p2a: Heatran
|-damage|p2a: Heatran|51/100
|
|upkeep
|turn|49
|
|t:|1757904781
|switch|p2a: Clodsire|Clodsire, M|43/100
|move|p1a: Alomomola|Wish|p1a: Alomomola
|
|-heal|p2a: Clodsire|49/100|[from] item: Black Sludge
|upkeep
|turn|50
|
|t:|1757904788
|move|p1a: Alomomola|Protect|p1a: Alomomola
|-singleturn|p1a: Alomomola|Protect
|move|p2a: Clodsire|Recover|p2a: Clodsire
|-heal|p2a: Clodsire|99/100
|
|-heal|p1a: Alomomola|100/100|[from] move: Wish|[wisher] Alomomola
|-heal|p2a: Clodsire|100/100|[from] item: Black Sludge
|upkeep
|turn|51
|
|t:|1757904800
|move|p1a: Alomomola|Flip Turn|p2a: Clodsire
|-supereffective|p2a: Clodsire
|-damage|p2a: Clodsire|67/100
|
|t:|1757904806
|switch|p1a: Slowking|Slowking-Galar, M|100/100|[from] Flip Turn
|move|p2a: Clodsire|Toxic Spikes|p1a: Slowking
|-sidestart|p1: ImNotSureAnymore|move: Toxic Spikes
|
|-heal|p2a: Clodsire|73/100|[from] item: Black Sludge
|upkeep
|turn|52
|
|t:|1757904819
|switch|p2a: Mimikyu|Mimikyu-Busted, F|63/100 brn
|move|p1a: Slowking|Future Sight|p2a: Mimikyu
|-start|p1a: Slowking|move: Future Sight
|
|-damage|p2a: Mimikyu|57/100 brn|[from] brn
|upkeep
|turn|53
|
|t:|1757904830
|switch|p1a: Komala|Komala, M|100/100
|-ability|p1a: Komala|Comatose
|move|p2a: Mimikyu|Drain Punch|p1a: Komala
|-supereffective|p1a: Komala
|-damage|p1a: Komala|65/100
|-heal|p2a: Mimikyu|80/100 brn|[from] drain|[of] p1a: Komala
|-damage|p2a: Mimikyu|70/100 brn|[from] item: Life Orb
|
|-heal|p1a: Komala|71/100|[from] item: Leftovers
|-damage|p2a: Mimikyu|64/100 brn|[from] brn
|upkeep
|turn|54
|
|t:|1757904846
|switch|p1a: Slowking|Slowking-Galar, M|100/100
|-sideend|p1: ImNotSureAnymore|move: Toxic Spikes|[of] p1a: Slowking
|move|p2a: Mimikyu|Drain Punch|p1a: Slowking
|-resisted|p1a: Slowking
|-damage|p1a: Slowking|97/100
|-heal|p2a: Mimikyu|67/100 brn|[from] drain|[of] p1a: Slowking
|-damage|p2a: Mimikyu|57/100 brn|[from] item: Life Orb
|
|-end|p2a: Mimikyu|move: Future Sight
|-damage|p2a: Mimikyu|0 fnt
|faint|p2a: Mimikyu
|upkeep
|
|t:|1757904859
|switch|p2a: Heatran|Heatran, M|51/100
|turn|55
|
|t:|1757904868
|switch|p1a: Bellossom|Bellossom, F|100/100
|move|p2a: Heatran|Earth Power|p1a: Bellossom
|-resisted|p1a: Bellossom
|-damage|p1a: Bellossom|83/100
|
|upkeep
|turn|56
|
|t:|1757904876
|switch|p1a: Alomomola|Alomomola, M|100/100
|move|p2a: Heatran|Lava Plume|p1a: Alomomola
|-resisted|p1a: Alomomola
|-damage|p1a: Alomomola|75/100
|
|upkeep
|turn|57
|
|t:|1757904894
|move|p2a: Heatran|Dragon Pulse|p1a: Alomomola
|-damage|p1a: Alomomola|36/100
|move|p1a: Alomomola|Scald|p2a: Heatran
|-supereffective|p2a: Heatran
|-damage|p2a: Heatran|35/100
|
|upkeep
|turn|58
|
|t:|1757904936
|switch|p1a: Komala|Komala, M|71/100
|-ability|p1a: Komala|Comatose
|move|p2a: Heatran|Dragon Pulse|p1a: Komala
|-damage|p1a: Komala|45/100
|
|-heal|p1a: Komala|51/100|[from] item: Leftovers
|upkeep
|turn|59
|
|t:|1757904957
|move|p1a: Komala|Protect|p1a: Komala
|-singleturn|p1a: Komala|Protect
|move|p2a: Heatran|Lava Plume|p1a: Komala
|-activate|p1a: Komala|move: Protect
|
|-heal|p1a: Komala|57/100|[from] item: Leftovers
|upkeep
|turn|60
|
|t:|1757904966
|move|p2a: Heatran|Earth Power|p1a: Komala
|-crit|p1a: Komala
|-damage|p1a: Komala|15/100
|-unboost|p1a: Komala|spd|1
|move|p1a: Komala|Wish|p1a: Komala
|
|-heal|p1a: Komala|21/100|[from] item: Leftovers
|upkeep
|turn|61
|
|t:|1757904978
|switch|p2a: Flygon|Flygon, M|83/100 brn
|switch|p1a: Alomomola|Alomomola, M|36/100
|
|-heal|p1a: Alomomola|68/100|[from] move: Wish|[wisher] Komala
|-damage|p2a: Flygon|77/100 brn|[from] brn
|upkeep
|turn|62
|
|t:|1757904989
|move|p2a: Flygon|U-turn|p1a: Alomomola
|-damage|p1a: Alomomola|62/100
|
|t:|1757904993
|switch|p2a: Clodsire|Clodsire, M|73/100|[from] U-turn
|move|p1a: Alomomola|Wish|p1a: Alomomola
|
|-heal|p2a: Clodsire|79/100|[from] item: Black Sludge
|upkeep
|turn|63
|
|t:|1757905002
|move|p1a: Alomomola|Flip Turn|p2a: Clodsire
|-supereffective|p2a: Clodsire
|-damage|p2a: Clodsire|48/100
|
|t:|1757905005
|switch|p1a: Komala|Komala, M|21/100|[from] Flip Turn
|-ability|p1a: Komala|Comatose
|move|p2a: Clodsire|Poison Jab|p1a: Komala
|-damage|p1a: Komala|0 fnt
|faint|p1a: Komala
|
|-heal|p2a: Clodsire|55/100|[from] item: Black Sludge
|upkeep
|
|t:|1757905014
|switch|p1a: Alomomola|Alomomola, M|62/100
|turn|64
|
|t:|1757905018
|move|p1a: Alomomola|Scald|p2a: Clodsire
|-supereffective|p2a: Clodsire
|-damage|p2a: Clodsire|41/100
|-status|p2a: Clodsire|brn
|move|p2a: Clodsire|Recover|p2a: Clodsire
|-heal|p2a: Clodsire|91/100 brn
|
|-heal|p2a: Clodsire|97/100 brn|[from] item: Black Sludge
|-damage|p2a: Clodsire|91/100 brn|[from] brn
|upkeep
|turn|65
|
|t:|1757905032
|move|p1a: Alomomola|Wish|p1a: Alomomola
|move|p2a: Clodsire|Toxic Spikes|p1a: Alomomola
|-sidestart|p1: ImNotSureAnymore|move: Toxic Spikes
|
|-heal|p2a: Clodsire|97/100 brn|[from] item: Black Sludge
|-damage|p2a: Clodsire|91/100 brn|[from] brn
|upkeep
|turn|66
|
|t:|1757905046
|switch|p2a: Flygon|Flygon, M|77/100 brn
|move|p1a: Alomomola|Flip Turn|p2a: Flygon
|-damage|p2a: Flygon|55/100 brn
|
|t:|1757905047
|switch|p1a: Hatterene|Hatterene, F|49/100 psn|[from] Flip Turn
|
|-heal|p1a: Hatterene|100/100 psn|[from] move: Wish|[wisher] Alomomola
|-damage|p1a: Hatterene|88/100 psn|[from] psn
|-damage|p2a: Flygon|50/100 brn|[from] brn
|upkeep
|turn|67
|
|t:|1757905064
|move|p2a: Flygon|Earthquake|p1a: Hatterene
|-damage|p1a: Hatterene|68/100 psn
|move|p1a: Hatterene|Draining Kiss|p2a: Flygon
|-supereffective|p2a: Flygon
|-damage|p2a: Flygon|0 fnt
|-heal|p1a: Hatterene|100/100 psn|[from] drain|[of] p2a: Flygon
|faint|p2a: Flygon
|
|-damage|p1a: Hatterene|88/100 psn|[from] psn
|upkeep
|
|t:|1757905075
|switch|p2a: Heatran|Heatran, M|35/100
|turn|68
|
|t:|1757905079
|switch|p1a: Slowking|Slowking-Galar, M|100/100
|-sideend|p1: ImNotSureAnymore|move: Toxic Spikes|[of] p1a: Slowking
|move|p2a: Heatran|Earth Power|p1a: Slowking
|-supereffective|p1a: Slowking
|-damage|p1a: Slowking|62/100
|
|upkeep
|turn|69
|
|t:|1757905087
|switch|p1a: Bellossom|Bellossom, F|83/100
|move|p2a: Heatran|Lava Plume|p1a: Bellossom
|-supereffective|p1a: Bellossom
|-damage|p1a: Bellossom|0 fnt
|faint|p1a: Bellossom
|
|upkeep
|
|t:|1757905095
|switch|p1a: Alomomola|Alomomola, M|62/100
|turn|70
|
|t:|1757905101
|switch|p2a: Corviknight|Corviknight, M|100/100
|move|p1a: Alomomola|Wish|p1a: Alomomola
|
|upkeep
|turn|71
|
|t:|1757905110
|move|p2a: Corviknight|Body Press|p1a: Alomomola
|-damage|p1a: Alomomola|49/100
|move|p1a: Alomomola|Scald|p2a: Corviknight
|-damage|p2a: Corviknight|86/100
|
|-heal|p1a: Alomomola|99/100|[from] move: Wish|[wisher] Alomomola
|upkeep
|turn|72
|
|t:|1757905122
|move|p2a: Corviknight|U-turn|p1a: Alomomola
|-damage|p1a: Alomomola|91/100
|
|t:|1757905127
|switch|p2a: Clodsire|Clodsire, M|91/100 brn|[from] U-turn
|move|p1a: Alomomola|Scald|p2a: Clodsire
|-supereffective|p2a: Clodsire
|-damage|p2a: Clodsire|77/100 brn
|
|-heal|p2a: Clodsire|83/100 brn|[from] item: Black Sludge
|-damage|p2a: Clodsire|77/100 brn|[from] brn
|upkeep
|turn|73
|
|t:|1757905139
|move|p1a: Alomomola|Scald|p2a: Clodsire
|-supereffective|p2a: Clodsire
|-damage|p2a: Clodsire|61/100 brn
|move|p2a: Clodsire|Poison Jab|p1a: Alomomola
|-damage|p1a: Alomomola|85/100
|
|-heal|p2a: Clodsire|67/100 brn|[from] item: Black Sludge
|-damage|p2a: Clodsire|61/100 brn|[from] brn
|upkeep
|turn|74
|
|t:|1757905149
|move|p1a: Alomomola|Flip Turn|p2a: Clodsire
|-supereffective|p2a: Clodsire
|-damage|p2a: Clodsire|29/100 brn
|
|t:|1757905151
|switch|p1a: Slowking|Slowking-Galar, M|96/100|[from] Flip Turn
|move|p2a: Clodsire|Poison Jab|p1a: Slowking
|-resisted|p1a: Slowking
|-damage|p1a: Slowking|90/100
|
|-heal|p2a: Clodsire|35/100 brn|[from] item: Black Sludge
|-damage|p2a: Clodsire|29/100 brn|[from] brn
|upkeep
|turn|75
|
|t:|1757905162
|move|p1a: Slowking|Future Sight|p2a: Clodsire
|-start|p1a: Slowking|move: Future Sight
|move|p2a: Clodsire|Recover|p2a: Clodsire
|-heal|p2a: Clodsire|79/100 brn
|
|-heal|p2a: Clodsire|85/100 brn|[from] item: Black Sludge
|-damage|p2a: Clodsire|79/100 brn|[from] brn
|upkeep
|turn|76
|
|t:|1757905172
|switch|p1a: Crocalor|Crocalor, F|84/100
|move|p2a: Clodsire|Toxic Spikes|p1a: Crocalor
|-sidestart|p1: ImNotSureAnymore|move: Toxic Spikes
|
|-heal|p2a: Clodsire|85/100 brn|[from] item: Black Sludge
|-damage|p2a: Clodsire|79/100 brn|[from] brn
|upkeep
|turn|77
|
|t:|1757905181
|switch|p1a: Slowking|Slowking-Galar, M|100/100
|-sideend|p1: ImNotSureAnymore|move: Toxic Spikes|[of] p1a: Slowking
|switch|p2a: Heatran|Heatran, M|35/100
|
|-end|p2a: Heatran|move: Future Sight
|-resisted|p2a: Heatran
|-damage|p2a: Heatran|23/100
|upkeep
|turn|78
|
|t:|1757905197
|move|p2a: Heatran|Earth Power|p1a: Slowking
|-supereffective|p1a: Slowking
|-damage|p1a: Slowking|59/100
|-prepare|p1a: Slowking|Chilly Reception|[premajor]
|move|p1a: Slowking|Chilly Reception|p1a: Slowking
|-weather|Snowscape
|
|t:|1757905208
|switch|p1a: Alomomola|Alomomola, M|85/100|[from] Chilly Reception
|
|-weather|Snowscape|[upkeep]
|upkeep
|turn|79
|
|t:|1757905214
|switch|p2a: Corviknight|Corviknight, M|86/100
|move|p1a: Alomomola|Scald|p2a: Corviknight
|-damage|p2a: Corviknight|73/100
|-status|p2a: Corviknight|brn
|
|-weather|Snowscape|[upkeep]
|-damage|p2a: Corviknight|67/100 brn|[from] brn
|upkeep
|turn|80
|
|t:|1757905227
|move|p2a: Corviknight|U-turn|p1a: Alomomola
|-crit|p1a: Alomomola
|-damage|p1a: Alomomola|79/100
|
|t:|1757905231
|switch|p2a: Clodsire|Clodsire, M|79/100 brn|[from] U-turn
|move|p1a: Alomomola|Flip Turn|p2a: Clodsire
|-supereffective|p2a: Clodsire
|-damage|p2a: Clodsire|46/100 brn
|
|t:|1757905234
|switch|p1a: Slowking|Slowking-Galar, M|93/100|[from] Flip Turn
|
|-weather|Snowscape|[upkeep]
|-heal|p2a: Clodsire|52/100 brn|[from] item: Black Sludge
|-damage|p2a: Clodsire|46/100 brn|[from] brn
|upkeep
|turn|81
|
|t:|1757905245
|move|p1a: Slowking|Future Sight|p2a: Clodsire
|-start|p1a: Slowking|move: Future Sight
|move|p2a: Clodsire|Recover|p2a: Clodsire
|-heal|p2a: Clodsire|96/100 brn
|
|-weather|Snowscape|[upkeep]
|-heal|p2a: Clodsire|100/100 brn|[from] item: Black Sludge
|-damage|p2a: Clodsire|94/100 brn|[from] brn
|upkeep
|turn|82
|
|t:|1757905254
|switch|p1a: Hatterene|Hatterene, F|88/100 psn
|move|p2a: Clodsire|Poison Jab|p1a: Hatterene
|-supereffective|p1a: Hatterene
|-damage|p1a: Hatterene|70/100 psn
|
|-weather|none
|-heal|p1a: Hatterene|76/100 psn|[from] item: Leftovers
|-heal|p2a: Clodsire|100/100 brn|[from] item: Black Sludge
|-damage|p1a: Hatterene|64/100 psn|[from] psn
|-damage|p2a: Clodsire|94/100 brn|[from] brn
|upkeep
|turn|83
|
|t:|1757905269
|move|p1a: Hatterene|Pain Split|p2a: Clodsire
|-sethp|p2a: Clodsire|69/100 brn|[from] move: Pain Split|[silent]
|-sethp|p1a: Hatterene|100/100 psn|[from] move: Pain Split
|move|p2a: Clodsire|Recover|p2a: Clodsire
|-heal|p2a: Clodsire|100/100 brn
|
|-end|p2a: Clodsire|move: Future Sight
|-supereffective|p2a: Clodsire
|-damage|p2a: Clodsire|54/100 brn
|-heal|p2a: Clodsire|60/100 brn|[from] item: Black Sludge
|-damage|p1a: Hatterene|88/100 psn|[from] psn
|-damage|p2a: Clodsire|54/100 brn|[from] brn
|upkeep
|turn|84
|
|t:|1757905282
|move|p1a: Hatterene|Psychic|p2a: Clodsire
|-supereffective|p2a: Clodsire
|-damage|p2a: Clodsire|13/100 brn
|-unboost|p2a: Clodsire|spd|1
|move|p2a: Clodsire|Recover|p2a: Clodsire
|-heal|p2a: Clodsire|63/100 brn
|
|-heal|p1a: Hatterene|94/100 psn|[from] item: Leftovers
|-heal|p2a: Clodsire|69/100 brn|[from] item: Black Sludge
|-damage|p1a: Hatterene|82/100 psn|[from] psn
|-damage|p2a: Clodsire|63/100 brn|[from] brn
|upkeep
|turn|85
|
|t:|1757905298
|switch|p2a: Heatran|Heatran, M|23/100
|move|p1a: Hatterene|Psychic|p2a: Heatran
|-resisted|p2a: Heatran
|-damage|p2a: Heatran|12/100
|
|-heal|p1a: Hatterene|88/100 psn|[from] item: Leftovers
|-damage|p1a: Hatterene|76/100 psn|[from] psn
|upkeep
|turn|86
|
|t:|1757905309
|switch|p1a: Slowking|Slowking-Galar, M|100/100
|move|p2a: Heatran|Flash Cannon|p1a: Slowking
|-damage|p1a: Slowking|75/100
|
|upkeep
|turn|87
|
|t:|1757905320
|move|p2a: Heatran|Earth Power|p1a: Slowking
|-supereffective|p1a: Slowking
|-damage|p1a: Slowking|35/100
|move|p1a: Slowking|Future Sight|p2a: Heatran
|-start|p1a: Slowking|move: Future Sight
|
|upkeep
|turn|88
|
|t:|1757905328
|switch|p1a: Hatterene|Hatterene, F|76/100 psn
|move|p2a: Heatran|Earth Power|p1a: Hatterene
|-damage|p1a: Hatterene|39/100 psn
|
|-heal|p1a: Hatterene|45/100 psn|[from] item: Leftovers
|-damage|p1a: Hatterene|33/100 psn|[from] psn
|upkeep
|turn|89
|
|t:|1757905337
|switch|p1a: Alomomola|Alomomola, M|79/100
|move|p2a: Heatran|Flash Cannon|p1a: Alomomola
|-resisted|p1a: Alomomola
|-damage|p1a: Alomomola|52/100
|
|-end|p2a: Heatran|move: Future Sight
|-resisted|p2a: Heatran
|-damage|p2a: Heatran|0 fnt
|faint|p2a: Heatran
|upkeep
|
|t:|1757905347
|switch|p2a: Clodsire|Clodsire, M|63/100 brn
|turn|90
|
|t:|1757905352
|move|p1a: Alomomola|Wish|p1a: Alomomola
|move|p2a: Clodsire|Poison Jab|p1a: Alomomola
|-crit|p1a: Alomomola
|-damage|p1a: Alomomola|43/100
|-status|p1a: Alomomola|psn
|
|-heal|p2a: Clodsire|69/100 brn|[from] item: Black Sludge
|-damage|p1a: Alomomola|31/100 psn|[from] psn
|-damage|p2a: Clodsire|63/100 brn|[from] brn
|upkeep
|turn|91
|
|t:|1757905366
|move|p1a: Alomomola|Scald|p2a: Clodsire
|-supereffective|p2a: Clodsire
|-damage|p2a: Clodsire|49/100 brn
|move|p2a: Clodsire|Poison Jab|p1a: Alomomola
|-damage|p1a: Alomomola|25/100 psn
|
|-heal|p1a: Alomomola|75/100 psn|[from] move: Wish|[wisher] Alomomola
|-heal|p2a: Clodsire|55/100 brn|[from] item: Black Sludge
|-damage|p1a: Alomomola|62/100 psn|[from] psn
|-damage|p2a: Clodsire|49/100 brn|[from] brn
|upkeep
|turn|92
|-message|Mahp860226 forfeited.
|
|win|ImNotSureAnymore
|raw|ImNotSureAnymore's rating: 1134 &rarr; <strong>1158</strong><br />(+24 for winning)
|raw|Mahp860226's rating: 1125 &rarr; <strong>1101</strong><br />(-24 for losing)
|l|☆Mahp860226
|player|p2|
|l|☆ImNotSureAnymore
|player|p1|
