|j|☆YourFriendSanti
|j|☆teshissb
|t:|1757914727
|gametype|singles
|player|p1|YourFriendSanti|hilbert-wonderlauncher|1146
|player|p2|teshissb|266|1227
|gen|9
|tier|[Gen 9] OU
|rated|
|rule|HP Percentage Mod: HP is shown in percentages
|rule|Endless Battle Clause: Forcing endless battles is banned
|rule|Species Clause: Limit one of each Pokémon
|rule|OHKO Clause: OHKO moves are banned
|rule|Evasion Items Clause: Evasion items are banned
|rule|Evasion Moves Clause: Evasion moves are banned
|rule|Evasion Abilities Clause: Evasion abilities are banned
|rule|Sleep Moves Clause: Sleep-inducing moves are banned
|clearpoke
|poke|p1|Revavroom, F|
|poke|p1|Lokix, M|
|poke|p1|Ninetales-Alola, F|
|poke|p1|Skeledirge, M|
|poke|p1|Iron Hands|
|poke|p1|Cinccino, M|
|poke|p2|Kingambit, F|
|poke|p2|Great Tusk|
|poke|p2|Hatterene, F|
|poke|p2|Ting-Lu|
|poke|p2|Gholdengo|
|poke|p2|Iron Valiant|
|teampreview
|inactive|Battle timer is ON: inactive players will automatically lose when time's up. (requested by teshissb)
|
|t:|1757914746
|teamsize|p1|6
|teamsize|p2|6
|start
|switch|p1a: Iron Hands|Iron Hands|100/100
|switch|p2a: Gholdengo|Gholdengo|100/100
|turn|1
|
|t:|1757914757
|move|p2a: Gholdengo|Hex|p1a: Iron Hands
|-damage|p1a: Iron Hands|81/100
|move|p1a: Iron Hands|Supercell Slam|p2a: Gholdengo|[miss]
|-miss|p1a: Iron Hands|p2a: Gholdengo
|-damage|p1a: Iron Hands|31/100|[from] supercellslam
|
|upkeep
|turn|2
|
|t:|1757914772
|-end|p1a: Iron Hands|Quark Drive|[silent]
|switch|p1a: Cinccino|Cinccino, M|100/100
|move|p2a: Gholdengo|Make It Rain|p1a: Cinccino
|-damage|p1a: Cinccino|0 fnt
|-unboost|p2a: Gholdengo|spa|1
|faint|p1a: Cinccino
|
|upkeep
|
|t:|1757914783
|switch|p1a: Asgore's Truck|Revavroom, F|100/100
|-item|p1a: Asgore's Truck|Air Balloon
|turn|3
|
|t:|1757914792
|switch|p2a: Ting-Lu|Ting-Lu|100/100
|-ability|p2a: Ting-Lu|Vessel of Ruin
|move|p1a: Asgore's Truck|Shift Gear|p1a: Asgore's Truck
|-boost|p1a: Asgore's Truck|spe|2
|-boost|p1a: Asgore's Truck|atk|1
|
|upkeep
|turn|4
|
|t:|1757914800
|move|p1a: Asgore's Truck|Shift Gear|p1a: Asgore's Truck
|-boost|p1a: Asgore's Truck|spe|2
|-boost|p1a: Asgore's Truck|atk|1
|move|p2a: Ting-Lu|Whirlwind|p1a: Asgore's Truck
|drag|p1a: Iron Hands|Iron Hands|31/100
|
|upkeep
|turn|5
|
|t:|1757914807
|move|p1a: Iron Hands|Drain Punch|p2a: Ting-Lu
|-supereffective|p2a: Ting-Lu
|-damage|p2a: Ting-Lu|67/100
|-heal|p1a: Iron Hands|47/100|[from] drain|[of] p2a: Ting-Lu
|move|p2a: Ting-Lu|Stealth Rock|p1a: Iron Hands
|-sidestart|p1: YourFriendSanti|move: Stealth Rock
|
|-heal|p2a: Ting-Lu|74/100|[from] item: Leftovers
|upkeep
|turn|6
|
|t:|1757914817
|switch|p2a: Hatterene|Hatterene, F|100/100
|move|p1a: Iron Hands|Drain Punch|p2a: Hatterene
|-resisted|p2a: Hatterene
|-damage|p2a: Hatterene|92/100
|-heal|p1a: Iron Hands|50/100|[from] drain|[of] p2a: Hatterene
|
|-heal|p2a: Hatterene|98/100|[from] item: Leftovers
|upkeep
|turn|7
|
|t:|1757914837
|-end|p1a: Iron Hands|Quark Drive|[silent]
|switch|p1a: Skeledirge|Skeledirge, M|100/100
|move|p2a: Hatterene|Psyshock|p1a: Skeledirge
|-damage|p1a: Skeledirge|71/100
|
|-heal|p2a: Hatterene|100/100|[from] item: Leftovers
|upkeep
|turn|8
|
|t:|1757914844
|move|p1a: Skeledirge|Will-O-Wisp|p2a: Hatterene
|move|p2a: Hatterene|Will-O-Wisp|p1a: Skeledirge|[from] ability: Magic Bounce
|-immune|p1a: Skeledirge
|move|p2a: Hatterene|Nuzzle|p1a: Skeledirge
|-damage|p1a: Skeledirge|68/100
|-status|p1a: Skeledirge|par
|
|upkeep
|turn|9
|-message|YourFriendSanti forfeited.
|
|win|teshissb
|raw|YourFriendSanti's rating: 1146 &rarr; <strong>1127</strong><br />(-19 for losing)
|raw|teshissb's rating: 1227 &rarr; <strong>1246</strong><br />(+19 for winning)
|l|☆YourFriendSanti
|player|p1|
|l|☆teshissb
|player|p2|
