|j|☆Mahp860226
|j|☆nuonuozi
|t:|1757908988
|gametype|singles
|player|p1|Mahp860226|1|1125
|player|p2|nuonuozi|lass-gen4dp|1162
|gen|9
|tier|[Gen 9] OU
|rated|
|rule|HP Percentage Mod: HP is shown in percentages
|rule|Endless Battle Clause: Forcing endless battles is banned
|rule|Species Clause: Limit one of each Pokémon
|rule|OHKO Clause: OHKO moves are banned
|rule|Evasion Items Clause: Evasion items are banned
|rule|Evasion Moves Clause: Evasion moves are banned
|rule|Evasion Abilities Clause: Evasion abilities are banned
|rule|Sleep Moves Clause: Sleep-inducing moves are banned
|clearpoke
|poke|p1|Mimikyu, F|
|poke|p1|Corviknight, M|
|poke|p1|Lokix, F|
|poke|p1|Heatran, F|
|poke|p1|Flygon, F|
|poke|p1|Clodsire, F|
|poke|p2|Greninja-*, M|
|poke|p2|Gliscor, F|
|poke|p2|Gholdengo|
|poke|p2|Kyurem|
|poke|p2|Iron Valiant|
|poke|p2|Blaziken, M|
|teampreview
|
|t:|1757909002
|teamsize|p1|6
|teamsize|p2|6
|start
|switch|p1a: Lokix|Lokix, F|100/100
|switch|p2a: 土地蝎|Gliscor, F|100/100
|turn|1
|
|t:|1757909009
|move|p2a: 土地蝎|Protect|p2a: 土地蝎
|-singleturn|p2a: 土地蝎|Protect
|move|p1a: Lokix|Knock Off|p2a: 土地蝎
|-activate|p2a: 土地蝎|move: Protect
|
|-status|p2a: 土地蝎|tox|[from] item: Toxic Orb
|upkeep
|turn|2
|
|t:|1757909018
|move|p1a: Lokix|U-turn|p2a: 土地蝎
|-resisted|p2a: 土地蝎
|-damage|p2a: 土地蝎|78/100 tox
|
|t:|1757909025
|switch|p1a: Corviknight|Corviknight, M|100/100|[from] U-turn
|move|p2a: 土地蝎|Stealth Rock|p1a: Corviknight
|-sidestart|p1: Mahp860226|move: Stealth Rock
|
|-heal|p2a: 土地蝎|90/100 tox|[from] ability: Poison Heal
|upkeep
|turn|3
|
|t:|1757909035
|move|p2a: 土地蝎|Protect|p2a: 土地蝎
|-singleturn|p2a: 土地蝎|Protect
|move|p1a: Corviknight|Defog|p2a: 土地蝎
|-activate|p2a: 土地蝎|move: Protect
|
|-heal|p2a: 土地蝎|100/100 tox|[from] ability: Poison Heal
|upkeep
|turn|4
|
|t:|1757909045
|switch|p2a: 金色圆柱体|Gholdengo, shiny|100/100
|move|p1a: Corviknight|Defog|p2a: 金色圆柱体
|-immune|p2a: 金色圆柱体|[from] ability: Good as Gold
|
|upkeep
|turn|5
|
|t:|1757909054
|switch|p1a: Heatran|Heatran, F|100/100
|-damage|p1a: Heatran|88/100|[from] Stealth Rock
|move|p2a: 金色圆柱体|Nasty Plot|p2a: 金色圆柱体
|-boost|p2a: 金色圆柱体|spa|2
|
|upkeep
|turn|6
|
|t:|1757909065
|switch|p2a: 土地蝎|Gliscor, F|100/100 tox
|move|p1a: Heatran|Lava Plume|p2a: 土地蝎
|-crit|p2a: 土地蝎
|-damage|p2a: 土地蝎|11/100 tox
|
|-heal|p2a: 土地蝎|23/100 tox|[from] ability: Poison Heal
|upkeep
|turn|7
|
|t:|1757909080
|move|p2a: 土地蝎|Protect|p2a: 土地蝎
|-singleturn|p2a: 土地蝎|Protect
|move|p1a: Heatran|Lava Plume|p2a: 土地蝎
|-activate|p2a: 土地蝎|move: Protect
|
|-heal|p2a: 土地蝎|36/100 tox|[from] ability: Poison Heal
|upkeep
|turn|8
|
|t:|1757909092
|move|p2a: 土地蝎|Earthquake|p1a: Heatran
|-supereffective|p1a: Heatran
|-damage|p1a: Heatran|0 fnt
|faint|p1a: Heatran
|
|-heal|p2a: 土地蝎|48/100 tox|[from] ability: Poison Heal
|upkeep
|
|t:|1757909109
|switch|p1a: Lokix|Lokix, F|100/100
|-damage|p1a: Lokix|75/100|[from] Stealth Rock
|turn|9
|
|t:|1757909114
|move|p2a: 土地蝎|Protect|p2a: 土地蝎
|-singleturn|p2a: 土地蝎|Protect
|move|p1a: Lokix|First Impression|p2a: 土地蝎
|-activate|p2a: 土地蝎|move: Protect
|
|-heal|p2a: 土地蝎|61/100 tox|[from] ability: Poison Heal
|upkeep
|turn|10
|
|t:|1757909128
|switch|p2a: 坤哥|Blaziken, M, shiny|100/100
|move|p1a: Lokix|Knock Off|p2a: 坤哥
|-resisted|p2a: 坤哥
|-damage|p2a: 坤哥|30/100
|-enditem|p2a: 坤哥|Focus Sash|[from] move: Knock Off|[of] p1a: Lokix
|
|upkeep
|turn|11
|
|t:|1757909140
|move|p2a: 坤哥|Protect|p2a: 坤哥
|-singleturn|p2a: 坤哥|Protect
|move|p1a: Lokix|Axe Kick|p2a: 坤哥
|-activate|p2a: 坤哥|move: Protect
|-damage|p1a: Lokix|25/100|[from] highjumpkick
|
|-ability|p2a: 坤哥|Speed Boost|boost
|-boost|p2a: 坤哥|spe|1
|upkeep
|turn|12
|
|t:|1757909153
|switch|p1a: Flygon|Flygon, F|100/100
|-damage|p1a: Flygon|95/100|[from] Stealth Rock
|move|p2a: 坤哥|Blaze Kick|p1a: Flygon
|-resisted|p1a: Flygon
|-damage|p1a: Flygon|61/100
|
|-ability|p2a: 坤哥|Speed Boost|boost
|-boost|p2a: 坤哥|spe|1
|upkeep
|turn|13
|
|t:|1757909170
|move|p2a: 坤哥|Close Combat|p1a: Flygon
|-damage|p1a: Flygon|0 fnt
|-unboost|p2a: 坤哥|def|1
|-unboost|p2a: 坤哥|spd|1
|faint|p1a: Flygon
|
|-ability|p2a: 坤哥|Speed Boost|boost
|-boost|p2a: 坤哥|spe|1
|upkeep
|
|t:|1757909179
|switch|p1a: Clodsire|Clodsire, F|100/100
|-damage|p1a: Clodsire|94/100|[from] Stealth Rock
|turn|14
|
|t:|1757909185
|switch|p2a: 土地蝎|Gliscor, F|61/100 tox
|move|p1a: Clodsire|Poison Jab|p2a: 土地蝎
|-resisted|p2a: 土地蝎
|-damage|p2a: 土地蝎|52/100 tox
|
|-heal|p1a: Clodsire|100/100|[from] item: Black Sludge
|-heal|p2a: 土地蝎|65/100 tox|[from] ability: Poison Heal
|upkeep
|turn|15
|
|t:|1757909204
|switch|p2a: 我释放忍术！|Greninja, M|100/100
|move|p1a: Clodsire|Toxic Spikes|p2a: 我释放忍术！
|-sidestart|p2: nuonuozi|move: Toxic Spikes
|
|upkeep
|turn|16
|
|t:|1757909213
|move|p2a: 我释放忍术！|Surf|p1a: Clodsire
|-start|p2a: 我释放忍术！|typechange|Water|[from] ability: Protean
|-supereffective|p1a: Clodsire
|-damage|p1a: Clodsire|26/100
|move|p1a: Clodsire|Poison Jab|p2a: 我释放忍术！
|-damage|p2a: 我释放忍术！|63/100
|
|-heal|p1a: Clodsire|33/100|[from] item: Black Sludge
|upkeep
|turn|17
|
|t:|1757909228
|move|p2a: 我释放忍术！|Surf|p1a: Clodsire
|-supereffective|p1a: Clodsire
|-damage|p1a: Clodsire|0 fnt
|faint|p1a: Clodsire
|
|upkeep
|
|t:|1757909233
|switch|p1a: Lokix|Lokix, F|25/100
|-damage|p1a: Lokix|0 fnt|[from] Stealth Rock
|faint|p1a: Lokix
|
|t:|1757909274
|switch|p1a: Mimikyu|Mimikyu, F|100/100
|-damage|p1a: Mimikyu|88/100|[from] Stealth Rock
|turn|18
|
|t:|1757909284
|move|p2a: 我释放忍术！|Surf|p1a: Mimikyu
|-activate|p1a: Mimikyu|ability: Disguise
|-damage|p1a: Mimikyu|88/100
|detailschange|p1a: Mimikyu|Mimikyu-Busted, F
|-damage|p1a: Mimikyu|76/100|[from] pokemon: Mimikyu-Busted
|move|p1a: Mimikyu|Swords Dance|p1a: Mimikyu
|-boost|p1a: Mimikyu|atk|2
|
|upkeep
|turn|19
|
|t:|1757909310
|move|p1a: Mimikyu|Shadow Sneak|p2a: 我释放忍术！
|-damage|p2a: 我释放忍术！|0 fnt
|faint|p2a: 我释放忍术！
|-damage|p1a: Mimikyu|66/100|[from] item: Life Orb
|
|upkeep
|
|t:|1757909330
|switch|p2a: 沙奈朵|Iron Valiant|100/100
|-status|p2a: 沙奈朵|psn
|-enditem|p2a: 沙奈朵|Booster Energy
|-activate|p2a: 沙奈朵|ability: Quark Drive|[fromitem]
|-start|p2a: 沙奈朵|quarkdrivespe
|turn|20
|
|t:|1757909343
|move|p2a: 沙奈朵|Shadow Ball|p1a: Mimikyu
|-supereffective|p1a: Mimikyu
|-damage|p1a: Mimikyu|2/100
|-unboost|p1a: Mimikyu|spd|1
|move|p1a: Mimikyu|Play Rough|p2a: 沙奈朵
|-supereffective|p2a: 沙奈朵
|-damage|p2a: 沙奈朵|0 fnt
|faint|p2a: 沙奈朵
|-end|p2a: 沙奈朵|Quark Drive|[silent]
|-damage|p1a: Mimikyu|0 fnt|[from] item: Life Orb
|faint|p1a: Mimikyu
|
|upkeep
|
|t:|1757909360
|switch|p2a: 金色圆柱体|Gholdengo, shiny|100/100
|switch|p1a: Corviknight|Corviknight, M|100/100
|-damage|p1a: Corviknight|88/100|[from] Stealth Rock
|turn|21
|inactive|Battle timer is ON: inactive players will automatically lose when time's up. (requested by nuonuozi)
|inactive|Mahp860226 has 120 seconds left.
|inactive|Mahp860226 has 90 seconds left.
|inactive|Mahp860226 has 60 seconds left.
|inactive|Mahp860226 has 30 seconds left.
|inactive|Mahp860226 has 20 seconds left.
|inactive|Mahp860226 has 15 seconds left.
|inactive|Mahp860226 has 10 seconds left.
|inactive|Mahp860226 has 5 seconds left.
|-message|Mahp860226 lost due to inactivity.
|
|win|nuonuozi
|raw|Mahp860226's rating: 1125 &rarr; <strong>1103</strong><br />(-22 for losing)
|raw|nuonuozi's rating: 1162 &rarr; <strong>1184</strong><br />(+22 for winning)
