|j|☆Calyrex1234
|j|☆sky_1312331
|t:|1757824824
|gametype|singles
|player|p1|Calyrex1234|1|1210
|player|p2|sky_1312331|1|1152
|gen|9
|tier|[Gen 9] OU
|rated|
|rule|HP Percentage Mod: HP is shown in percentages
|rule|Endless Battle Clause: Forcing endless battles is banned
|rule|Species Clause: Limit one of each Pokémon
|rule|OHKO Clause: OHKO moves are banned
|rule|Evasion Items Clause: Evasion items are banned
|rule|Evasion Moves Clause: Evasion moves are banned
|rule|Evasion Abilities Clause: Evasion abilities are banned
|rule|Sleep Moves Clause: Sleep-inducing moves are banned
|clearpoke
|poke|p1|Glimmora, M|
|poke|p1|Landorus-Therian, M|
|poke|p1|Kyurem|
|poke|p1|Gholdengo|
|poke|p1|Kingambit, M|
|poke|p1|Great Tusk|
|poke|p2|Iron Treads|
|poke|p2|Entei|
|poke|p2|Primarina, M|
|poke|p2|Raging Bolt|
|poke|p2|Iron Boulder|
|poke|p2|Clawitzer, F|
|teampreview
|inactive|Battle timer is ON: inactive players will automatically lose when time's up. (requested by Calyrex1234)
|
|t:|1757824829
|teamsize|p1|6
|teamsize|p2|6
|start
|switch|p1a: Glimmora|Glimmora, M|100/100
|switch|p2a: robo donphan|Iron Treads, shiny|100/100
|turn|1
|
|t:|1757824837
|move|p2a: robo donphan|Earthquake|p1a: Glimmora
|-supereffective|p1a: Glimmora
|-enditem|p1a: Glimmora|Focus Sash
|-damage|p1a: Glimmora|1/100
|move|p1a: Glimmora|Toxic|p2a: robo donphan
|-status|p2a: robo donphan|tox
|
|-damage|p2a: robo donphan|94/100 tox|[from] psn
|upkeep
|turn|2
|
|t:|1757824848
|switch|p1a: Landorus|Landorus-Therian, M|100/100
|-ability|p1a: Landorus|Intimidate|boost
|-unboost|p2a: robo donphan|atk|1
|move|p2a: robo donphan|Rapid Spin|p1a: Landorus
|-damage|p1a: Landorus|89/100
|-boost|p2a: robo donphan|spe|1
|
|-heal|p2a: robo donphan|100/100 tox|[from] item: Leftovers
|-heal|p1a: Landorus|95/100|[from] item: Leftovers
|-damage|p2a: robo donphan|88/100 tox|[from] psn
|upkeep
|turn|3
|
|t:|1757824861
|move|p2a: robo donphan|Stealth Rock|p1a: Landorus
|-sidestart|p1: Calyrex1234|move: Stealth Rock
|move|p1a: Landorus|Earthquake|p2a: robo donphan
|-supereffective|p2a: robo donphan
|-damage|p2a: robo donphan|0 fnt
|faint|p2a: robo donphan
|-end|p2a: robo donphan|Quark Drive|[silent]
|
|-heal|p1a: Landorus|100/100|[from] item: Leftovers
|upkeep
|
|t:|1757824868
|switch|p2a: volcano summoner|Entei, shiny|100/100
|turn|4
|
|t:|1757824878
|move|p2a: volcano summoner|Sacred Fire|p1a: Landorus
|-damage|p1a: Landorus|14/100
|-status|p1a: Landorus|brn
|move|p1a: Landorus|U-turn|p2a: volcano summoner
|-resisted|p2a: volcano summoner
|-damage|p2a: volcano summoner|93/100
|
|t:|1757824885
|switch|p1a: Great Tusk|Great Tusk|100/100|[from] U-turn
|-damage|p1a: Great Tusk|98/100|[from] Stealth Rock
|-enditem|p1a: Great Tusk|Booster Energy
|-activate|p1a: Great Tusk|ability: Protosynthesis|[fromitem]
|-start|p1a: Great Tusk|protosynthesisatk
|
|upkeep
|turn|5
|
|t:|1757824893
|-terastallize|p2a: volcano summoner|Fire
|move|p2a: volcano summoner|Sacred Fire|p1a: Great Tusk
|-damage|p1a: Great Tusk|33/100
|move|p1a: Great Tusk|Rapid Spin|p2a: volcano summoner
|-damage|p2a: volcano summoner|67/100
|-boost|p1a: Great Tusk|spe|1
|-sideend|p1: Calyrex1234|Stealth Rock|[from] move: Rapid Spin|[of] p1a: Great Tusk
|
|upkeep
|turn|6
|
|t:|1757824903
|move|p1a: Great Tusk|Earthquake|p2a: volcano summoner
|-supereffective|p2a: volcano summoner
|-damage|p2a: volcano summoner|0 fnt
|faint|p2a: volcano summoner
|
|upkeep
|
|t:|1757824909
|switch|p2a: righty|Clawitzer, F, shiny|100/100
|turn|7
|
|t:|1757824914
|move|p1a: Great Tusk|Close Combat|p2a: righty
|-damage|p2a: righty|7/100
|-unboost|p1a: Great Tusk|def|1
|-unboost|p1a: Great Tusk|spd|1
|move|p2a: righty|Surf|p1a: Great Tusk
|-supereffective|p1a: Great Tusk
|-damage|p1a: Great Tusk|0 fnt
|faint|p1a: Great Tusk
|-end|p1a: Great Tusk|Protosynthesis|[silent]
|
|upkeep
|
|t:|1757824922
|switch|p1a: Landorus|Landorus-Therian, M|14/100 brn
|-ability|p1a: Landorus|Intimidate|boost
|-unboost|p2a: righty|atk|1
|turn|8
|
|t:|1757824931
|move|p1a: Landorus|U-turn|p2a: righty
|-damage|p2a: righty|0 fnt
|faint|p2a: righty
|
|t:|1757824935
|switch|p1a: Glimmora|Glimmora, M|1/100|[from] U-turn
|
|upkeep
|
|t:|1757824941
|switch|p2a: princess|Primarina, M, shiny|100/100
|turn|9
|
|t:|1757824945
|move|p1a: Glimmora|Stealth Rock|p2a: princess
|-sidestart|p2: sky_1312331|move: Stealth Rock
|move|p2a: princess|Surf|p1a: Glimmora
|-supereffective|p1a: Glimmora
|-damage|p1a: Glimmora|0 fnt
|faint|p1a: Glimmora
|
|upkeep
|
|t:|1757824955
|switch|p1a: Gholdengo|Gholdengo|100/100
|turn|10
|
|t:|1757824961
|move|p1a: Gholdengo|Shadow Ball|p2a: princess
|-damage|p2a: princess|63/100
|move|p2a: princess|Surf|p1a: Gholdengo
|-damage|p1a: Gholdengo|27/100
|
|-heal|p1a: Gholdengo|33/100|[from] item: Leftovers
|upkeep
|turn|11
|
|t:|1757824970
|switch|p1a: Kyurem|Kyurem|100/100
|-ability|p1a: Kyurem|Pressure
|move|p2a: princess|Surf|p1a: Kyurem
|-resisted|p1a: Kyurem
|-damage|p1a: Kyurem|64/100
|
|-heal|p1a: Kyurem|70/100|[from] item: Leftovers
|upkeep
|turn|12
|
|t:|1757824981
|switch|p2a: roballion|Iron Boulder|100/100
|-damage|p2a: roballion|88/100|[from] Stealth Rock
|move|p1a: Kyurem|Freeze-Dry|p2a: roballion
|-damage|p2a: roballion|51/100
|
|-heal|p1a: Kyurem|76/100|[from] item: Leftovers
|upkeep
|turn|13
|
|t:|1757824993
|switch|p1a: Kingambit|Kingambit, M|100/100
|-activate|p1a: Kingambit|ability: Supreme Overlord
|-start|p1a: Kingambit|fallen2|[silent]
|move|p2a: roballion|Mighty Cleave|p1a: Kingambit
|-resisted|p1a: Kingambit
|-damage|p1a: Kingambit|78/100
|-damage|p2a: roballion|41/100|[from] item: Life Orb
|
|upkeep
|turn|14
|
|t:|1757825004
|-end|p2a: roballion|Quark Drive|[silent]
|switch|p2a: raging neck|Raging Bolt|100/100
|-damage|p2a: raging neck|88/100|[from] Stealth Rock
|-enditem|p2a: raging neck|Booster Energy
|-activate|p2a: raging neck|ability: Protosynthesis|[fromitem]
|-start|p2a: raging neck|protosynthesisspa
|move|p1a: Kingambit|Kowtow Cleave|p2a: raging neck
|-damage|p2a: raging neck|26/100
|-damage|p1a: Kingambit|68/100|[from] item: Life Orb
|
|upkeep
|turn|15
|
|t:|1757825016
|move|p2a: raging neck|Calm Mind|p2a: raging neck
|-boost|p2a: raging neck|spa|1
|-boost|p2a: raging neck|spd|1
|move|p1a: Kingambit|Kowtow Cleave|p2a: raging neck
|-damage|p2a: raging neck|0 fnt
|faint|p2a: raging neck
|-end|p2a: raging neck|Protosynthesis|[silent]
|-damage|p1a: Kingambit|58/100|[from] item: Life Orb
|
|upkeep
|
|t:|1757825024
|switch|p2a: roballion|Iron Boulder|41/100
|-damage|p2a: roballion|28/100|[from] Stealth Rock
|turn|16
|
|t:|1757825029
|move|p1a: Kingambit|Sucker Punch|p2a: roballion
|-supereffective|p2a: roballion
|-damage|p2a: roballion|0 fnt
|faint|p2a: roballion
|-end|p2a: roballion|Quark Drive|[silent]
|-damage|p1a: Kingambit|48/100|[from] item: Life Orb
|
|upkeep
|
|t:|1757825043
|switch|p2a: princess|Primarina, M, shiny|63/100
|-damage|p2a: princess|51/100|[from] Stealth Rock
|turn|17
|
|t:|1757825051
|move|p2a: princess|Moonblast|p1a: Kingambit
|-damage|p1a: Kingambit|0 fnt
|faint|p1a: Kingambit
|-end|p1a: Kingambit|fallen2|[silent]
|
|upkeep
|
|t:|1757825056
|switch|p1a: Kyurem|Kyurem|76/100
|-ability|p1a: Kyurem|Pressure
|turn|18
|
|t:|1757825060
|move|p1a: Kyurem|Freeze-Dry|p2a: princess
|-supereffective|p2a: princess
|-damage|p2a: princess|0 fnt
|faint|p2a: princess
|
|win|Calyrex1234
|raw|Calyrex1234's rating: 1210 &rarr; <strong>1231</strong><br />(+21 for winning)
|raw|sky_1312331's rating: 1152 &rarr; <strong>1131</strong><br />(-21 for losing)
|l|☆sky_1312331
|player|p2|
|l|☆Calyrex1234
|player|p1|
