|j|☆dilike
|j|☆Vichox250816
|t:|1757825292
|gametype|singles
|player|p1|dilike|pokekid|1394
|player|p2|Vichox250816|fantina|1418
|gen|9
|tier|[Gen 9] OU
|rated|
|rule|HP Percentage Mod: HP is shown in percentages
|rule|Endless Battle Clause: Forcing endless battles is banned
|rule|Species Clause: Limit one of each Pokémon
|rule|OHKO Clause: OHKO moves are banned
|rule|Evasion Items Clause: Evasion items are banned
|rule|Evasion Moves Clause: Evasion moves are banned
|rule|Evasion Abilities Clause: Evasion abilities are banned
|rule|Sleep Moves Clause: Sleep-inducing moves are banned
|clearpoke
|poke|p1|Alomomola, F|
|poke|p1|Cinderace, F|
|poke|p1|Iron Valiant|
|poke|p1|Slowking-Galar, F|
|poke|p1|Landorus-Therian, M|
|poke|p1|Chesnaught, F|
|poke|p2|Glimmora, M|
|poke|p2|Zamazenta-*|
|poke|p2|Latias, F|
|poke|p2|Gholdengo|
|poke|p2|Dragonite, F|
|poke|p2|Weavile, F|
|teampreview
|inactive|Battle timer is ON: inactive players will automatically lose when time's up. (requested by dilike)
|
|t:|1757825305
|teamsize|p1|6
|teamsize|p2|6
|start
|switch|p1a: Landorus|Landorus-Therian, M|100/100
|switch|p2a: Weavile|Weavile, F, shiny|100/100
|-ability|p1a: Landorus|Intimidate|boost
|-unboost|p2a: Weavile|atk|1
|turn|1
|
|t:|1757825311
|move|p1a: Landorus|U-turn|p2a: Weavile
|-supereffective|p2a: Weavile
|-damage|p2a: Weavile|5/100
|
|t:|1757825314
|switch|p1a: Chesnaught|Chesnaught, F|100/100|[from] U-turn
|move|p2a: Weavile|Triple Axel|p1a: Chesnaught
|-supereffective|p1a: Chesnaught
|-damage|p1a: Chesnaught|90/100
|-damage|p2a: Weavile|0 fnt|[from] item: Rocky Helmet|[of] p1a: Chesnaught
|faint|p2a: Weavile
|-hitcount|p1a: Chesnaught|1
|
|upkeep
|
|t:|1757825329
|switch|p2a: Latias|Latias, F, shiny|100/100
|turn|2
|
|t:|1757825339
|switch|p1a: Alomomola|Alomomola, F|100/100
|move|p2a: Latias|Agility|p2a: Latias
|-boost|p2a: Latias|spe|2
|
|upkeep
|turn|3
|
|t:|1757825349
|move|p2a: Latias|Calm Mind|p2a: Latias
|-boost|p2a: Latias|spa|1
|-boost|p2a: Latias|spd|1
|move|p1a: Alomomola|Mirror Coat||[still]
|-fail|p1a: Alomomola
|
|upkeep
|turn|4
|
|t:|1757825354
|move|p2a: Latias|Calm Mind|p2a: Latias
|-boost|p2a: Latias|spa|1
|-boost|p2a: Latias|spd|1
|move|p1a: Alomomola|Play Rough|p2a: Latias
|-supereffective|p2a: Latias
|-damage|p2a: Latias|72/100
|
|-heal|p2a: Latias|78/100|[from] item: Leftovers
|upkeep
|turn|5
|
|t:|1757825364
|move|p2a: Latias|Calm Mind|p2a: Latias
|-boost|p2a: Latias|spa|1
|-boost|p2a: Latias|spd|1
|move|p1a: Alomomola|Flip Turn|p2a: Latias
|-resisted|p2a: Latias
|-damage|p2a: Latias|71/100
|
|t:|1757825367
|switch|p1a: Landorus|Landorus-Therian, M|100/100|[from] Flip Turn
|-ability|p1a: Landorus|Intimidate|boost
|-unboost|p2a: Latias|atk|1
|
|-heal|p2a: Latias|77/100|[from] item: Leftovers
|upkeep
|turn|6
|
|t:|1757825383
|-terastallize|p2a: Latias|Fairy
|move|p2a: Latias|Draining Kiss|p1a: Landorus
|-damage|p1a: Landorus|14/100
|-heal|p2a: Latias|100/100|[from] drain|[of] p1a: Landorus
|move|p1a: Landorus|U-turn|p2a: Latias
|-resisted|p2a: Latias
|-damage|p2a: Latias|89/100
|
|t:|1757825391
|switch|p1a: Slowking|Slowking-Galar, F|100/100|[from] U-turn
|
|-heal|p2a: Latias|95/100|[from] item: Leftovers
|upkeep
|turn|7
|
|t:|1757825396
|move|p2a: Latias|Stored Power|p1a: Slowking
|-damage|p1a: Slowking|0 fnt
|faint|p1a: Slowking
|
|-heal|p2a: Latias|100/100|[from] item: Leftovers
|upkeep
|-message|dilike forfeited.
|
|win|Vichox250816
|raw|dilike's rating: 1394 &rarr; <strong>1375</strong><br />(-19 for losing)
|raw|Vichox250816's rating: 1418 &rarr; <strong>1437</strong><br />(+19 for winning)
|l|☆dilike
|player|p1|
|l|☆Vichox250816
|player|p2|
