|j|☆Pokemon of Color
|j|☆trrzno2
|t:|1757943050
|gametype|singles
|player|p1|Pokemon of Color|2|1512
|player|p2|trrzno2|artist|1517
|gen|9
|tier|[Gen 9] OU
|rated|
|rule|HP Percentage Mod: HP is shown in percentages
|rule|Endless Battle Clause: Forcing endless battles is banned
|rule|Species Clause: Limit one of each Pokémon
|rule|OHKO Clause: OHKO moves are banned
|rule|Evasion Items Clause: Evasion items are banned
|rule|Evasion Moves Clause: Evasion moves are banned
|rule|Evasion Abilities Clause: Evasion abilities are banned
|rule|Sleep Moves Clause: Sleep-inducing moves are banned
|clearpoke
|poke|p1|Noivern, M|
|poke|p1|Great Tusk|
|poke|p1|Ceruledge, M|
|poke|p1|Articuno-Galar|
|poke|p1|Goodra-Hisui, F|
|poke|p1|Cloyster, F|
|poke|p2|Scizor, F|
|poke|p2|Ogerpon-Wellspring, F|
|poke|p2|Garganacl, F|
|poke|p2|Darkrai|
|poke|p2|Zapdos|
|poke|p2|Cinderace, F|
|teampreview
|inactive|Battle timer is ON: inactive players will automatically lose when time's up. (requested by trrzno2)
|
|t:|1757943072
|teamsize|p1|6
|teamsize|p2|6
|start
|switch|p1a: Noivern|Noivern, M|100/100
|switch|p2a: Zapdos|Zapdos|100/100
|turn|1
|
|t:|1757943081
|move|p1a: Noivern|Boomburst|p2a: Zapdos
|-damage|p2a: Zapdos|60/100
|-enditem|p1a: Noivern|Throat Spray
|-boost|p1a: Noivern|spa|1|[from] item: Throat Spray
|move|p2a: Zapdos|Thunder Wave|p1a: Noivern
|-status|p1a: Noivern|par
|
|upkeep
|turn|2
|
|t:|1757943090
|move|p2a: Zapdos|Volt Switch|p1a: Noivern
|-damage|p1a: Noivern|62/100 par
|
|t:|1757943095
|switch|p2a: Garganacl|Garganacl, F|100/100|[from] Volt Switch
|move|p1a: Noivern|Boomburst|p2a: Garganacl
|-resisted|p2a: Garganacl
|-damage|p2a: Garganacl|78/100
|
|-heal|p2a: Garganacl|85/100|[from] item: Leftovers
|upkeep
|turn|3
|
|t:|1757943105
|move|p1a: Noivern|Psychic Noise|p2a: Garganacl
|-damage|p2a: Garganacl|62/100
|-start|p2a: Garganacl|move: Heal Block
|move|p2a: Garganacl|Salt Cure|p1a: Noivern
|-supereffective|p1a: Noivern
|-damage|p1a: Noivern|27/100 par
|-start|p1a: Noivern|Salt Cure
|
|-damage|p1a: Noivern|15/100 par|[from] Salt Cure
|upkeep
|turn|4
|
|t:|1757943118
|move|p2a: Garganacl|Protect|p2a: Garganacl
|-singleturn|p2a: Garganacl|Protect
|move|p1a: Noivern|Psychic Noise|p2a: Garganacl
|-activate|p2a: Garganacl|move: Protect
|
|-damage|p1a: Noivern|2/100 par|[from] Salt Cure
|-end|p2a: Garganacl|move: Heal Block
|upkeep
|turn|5
|
|t:|1757943135
|move|p2a: Garganacl|Protect||[still]
|-fail|p2a: Garganacl
|move|p1a: Noivern|Psychic Noise|p2a: Garganacl
|-damage|p2a: Garganacl|39/100
|-start|p2a: Garganacl|move: Heal Block
|
|-damage|p1a: Noivern|0 fnt|[from] Salt Cure
|faint|p1a: Noivern
|upkeep
|
|t:|1757943159
|switch|p1a: Articuno|Articuno-Galar|100/100
|turn|6
|
|t:|1757943166
|move|p1a: Articuno|Calm Mind|p1a: Articuno
|-boost|p1a: Articuno|spa|1
|-boost|p1a: Articuno|spd|1
|move|p2a: Garganacl|Salt Cure|p1a: Articuno
|-supereffective|p1a: Articuno
|-damage|p1a: Articuno|80/100
|-start|p1a: Articuno|Salt Cure
|-enditem|p1a: Articuno|Weakness Policy
|-boost|p1a: Articuno|atk|2|[from] item: Weakness Policy
|-boost|p1a: Articuno|spa|2|[from] item: Weakness Policy
|
|-damage|p1a: Articuno|68/100|[from] Salt Cure
|-end|p2a: Garganacl|move: Heal Block
|upkeep
|turn|7
|
|t:|1757943180
|move|p1a: Articuno|Agility|p1a: Articuno
|-boost|p1a: Articuno|spe|2
|move|p2a: Garganacl|Recover|p2a: Garganacl
|-heal|p2a: Garganacl|89/100
|
|-heal|p2a: Garganacl|96/100|[from] item: Leftovers
|-damage|p1a: Articuno|55/100|[from] Salt Cure
|upkeep
|turn|8
|
|t:|1757943196
|move|p2a: Garganacl|Protect|p2a: Garganacl
|-singleturn|p2a: Garganacl|Protect
|move|p1a: Articuno|Stored Power|p2a: Garganacl
|-activate|p2a: Garganacl|move: Protect
|
|-heal|p2a: Garganacl|100/100|[from] item: Leftovers
|-damage|p1a: Articuno|43/100|[from] Salt Cure
|upkeep
|turn|9
|
|t:|1757943205
|move|p1a: Articuno|Stored Power|p2a: Garganacl
|-damage|p2a: Garganacl|0 fnt
|faint|p2a: Garganacl
|
|-damage|p1a: Articuno|30/100|[from] Salt Cure
|upkeep
|
|t:|1757943210
|switch|p2a: Scizor|Scizor, F|100/100
|turn|10
|
|t:|1757943216
|move|p2a: Scizor|Bullet Punch|p1a: Articuno
|-damage|p1a: Articuno|0 fnt
|faint|p1a: Articuno
|-damage|p2a: Scizor|91/100|[from] item: Life Orb
|
|upkeep
|
|t:|1757943223
|switch|p1a: Ceruledge|Ceruledge, M|100/100
|turn|11
|
|t:|1757943249
|move|p2a: Scizor|Bullet Punch|p1a: Ceruledge
|-resisted|p1a: Ceruledge
|-damage|p1a: Ceruledge|76/100
|-ability|p1a: Ceruledge|Weak Armor|boost
|-unboost|p1a: Ceruledge|def|1
|-boost|p1a: Ceruledge|spe|2
|-damage|p2a: Scizor|81/100|[from] item: Life Orb
|move|p1a: Ceruledge|Bitter Blade|p2a: Scizor
|-supereffective|p2a: Scizor
|-damage|p2a: Scizor|0 fnt
|-heal|p1a: Ceruledge|100/100|[from] drain|[of] p2a: Scizor
|faint|p2a: Scizor
|
|upkeep
|
|t:|1757943258
|switch|p2a: Darkrai|Darkrai|100/100
|turn|12
|
|t:|1757943270
|move|p2a: Darkrai|Trick|p1a: Ceruledge
|-activate|p2a: Darkrai|move: Trick|[of] p1a: Ceruledge
|-item|p1a: Ceruledge|Choice Scarf|[from] move: Trick
|-item|p2a: Darkrai|Focus Sash|[from] move: Trick
|move|p1a: Ceruledge|Swords Dance|p1a: Ceruledge
|-boost|p1a: Ceruledge|atk|2
|
|upkeep
|turn|13
|
|t:|1757943285
|switch|p1a: Great Tusk|Great Tusk|100/100
|move|p2a: Darkrai|Dark Pulse|p1a: Great Tusk
|-resisted|p1a: Great Tusk
|-damage|p1a: Great Tusk|82/100
|
|upkeep
|turn|14
|
|t:|1757943293
|move|p2a: Darkrai|Ice Beam|p1a: Great Tusk
|-supereffective|p1a: Great Tusk
|-damage|p1a: Great Tusk|22/100
|move|p1a: Great Tusk|Rapid Spin|p2a: Darkrai
|-damage|p2a: Darkrai|76/100
|-boost|p1a: Great Tusk|spe|1
|
|upkeep
|turn|15
|
|t:|1757943301
|move|p1a: Great Tusk|Brick Break|p2a: Darkrai
|-supereffective|p2a: Darkrai
|-damage|p2a: Darkrai|0 fnt
|faint|p2a: Darkrai
|
|upkeep
|
|t:|1757943314
|switch|p2a: Ogerpon|Ogerpon-Wellspring, F|100/100
|turn|16
|
|t:|1757943322
|move|p1a: Great Tusk|Brick Break|p2a: Ogerpon
|-damage|p2a: Ogerpon|59/100
|move|p2a: Ogerpon|Horn Leech|p1a: Great Tusk
|-supereffective|p1a: Great Tusk
|-damage|p1a: Great Tusk|0 fnt
|-heal|p2a: Ogerpon|71/100|[from] drain|[of] p1a: Great Tusk
|faint|p1a: Great Tusk
|-end|p1a: Great Tusk|Protosynthesis|[silent]
|
|upkeep
|
|t:|1757943336
|switch|p1a: Ceruledge|Ceruledge, M|100/100
|turn|17
|
|t:|1757943347
|move|p1a: Ceruledge|Bitter Blade|p2a: Ogerpon
|-damage|p2a: Ogerpon|19/100
|move|p2a: Ogerpon|Ivy Cudgel|p1a: Ceruledge|[anim] Ivy Cudgel Water
|-supereffective|p1a: Ceruledge
|-damage|p1a: Ceruledge|0 fnt
|faint|p1a: Ceruledge
|
|upkeep
|
|t:|1757943361
|switch|p1a: Cloyster|Cloyster, F|100/100
|turn|18
|
|t:|1757943376
|-terastallize|p1a: Cloyster|Electric
|move|p2a: Ogerpon|Horn Leech|p1a: Cloyster
|-damage|p1a: Cloyster|70/100
|-heal|p2a: Ogerpon|31/100|[from] drain|[of] p1a: Cloyster
|move|p1a: Cloyster|Shell Smash|p1a: Cloyster
|-unboost|p1a: Cloyster|def|1
|-unboost|p1a: Cloyster|spd|1
|-boost|p1a: Cloyster|atk|2
|-boost|p1a: Cloyster|spa|2
|-boost|p1a: Cloyster|spe|2
|-enditem|p1a: Cloyster|White Herb
|-clearnegativeboost|p1a: Cloyster|[silent]
|
|upkeep
|turn|19
|
|t:|1757943391
|move|p1a: Cloyster|Icicle Spear|p2a: Ogerpon
|-damage|p2a: Ogerpon|7/100
|-damage|p2a: Ogerpon|0 fnt
|faint|p2a: Ogerpon
|-hitcount|p2: Ogerpon|2
|
|upkeep
|
|t:|1757943404
|switch|p2a: Cinderace|Cinderace, F|100/100
|turn|20
|
|t:|1757943413
|move|p2a: Cinderace|Sucker Punch|p1a: Cloyster
|-start|p2a: Cinderace|typechange|Dark|[from] ability: Libero
|-damage|p1a: Cloyster|44/100
|move|p1a: Cloyster|Liquidation|p2a: Cinderace
|-damage|p2a: Cinderace|0 fnt
|faint|p2a: Cinderace
|
|upkeep
|
|t:|1757943417
|switch|p2a: Zapdos|Zapdos|60/100
|turn|21
|
|t:|1757943424
|-terastallize|p2a: Zapdos|Steel
|move|p1a: Cloyster|Icicle Spear|p2a: Zapdos
|-resisted|p2a: Zapdos
|-damage|p2a: Zapdos|52/100
|-resisted|p2a: Zapdos
|-damage|p2a: Zapdos|44/100
|-resisted|p2a: Zapdos
|-damage|p2a: Zapdos|36/100
|-resisted|p2a: Zapdos
|-damage|p2a: Zapdos|27/100
|-resisted|p2a: Zapdos
|-damage|p2a: Zapdos|18/100
|-hitcount|p2a: Zapdos|5
|move|p2a: Zapdos|Hurricane|p1a: Cloyster|[miss]
|-miss|p2a: Zapdos|p1a: Cloyster
|
|upkeep
|turn|22
|
|t:|1757943439
|move|p1a: Cloyster|Tera Blast|p2a: Zapdos|[anim] Tera Blast Electric
|-damage|p2a: Zapdos|0 fnt
|faint|p2a: Zapdos
|
|win|Pokemon of Color
|raw|Pokemon of Color's rating: 1512 &rarr; <strong>1532</strong><br />(+20 for winning)
|raw|trrzno2's rating: 1517 &rarr; <strong>1497</strong><br />(-20 for losing)
|l|☆trrzno2
|player|p2|
|l|☆Pokemon of Color
|player|p1|
