|j|☆3idk
|j|☆boundbythetusklow
|t:|1757962307
|gametype|singles
|player|p1|3idk|lusamine-masters|1671
|player|p2|boundbythetusklow|galacticgruntf|1716
|gen|9
|tier|[Gen 9] OU
|rated|
|rule|HP Percentage Mod: HP is shown in percentages
|rule|Endless Battle Clause: Forcing endless battles is banned
|rule|Species Clause: Limit one of each Pokémon
|rule|OHKO Clause: OHKO moves are banned
|rule|Evasion Items Clause: Evasion items are banned
|rule|Evasion Moves Clause: Evasion moves are banned
|rule|Evasion Abilities Clause: Evasion abilities are banned
|rule|Sleep Moves Clause: Sleep-inducing moves are banned
|clearpoke
|poke|p1|Indeedee, M|
|poke|p1|Hatterene, F|
|poke|p1|Ursaluna, F|
|poke|p1|Iron Hands|
|poke|p1|Hoopa-Unbound|
|poke|p1|Mimikyu, F|
|poke|p2|Hatterene, F|
|poke|p2|Hoopa-Unbound|
|poke|p2|Darkrai|
|poke|p2|Slowking-Galar, M|
|poke|p2|Iron Hands|
|poke|p2|Cinderace, F|
|teampreview
|inactive|Battle timer is ON: inactive players will automatically lose when time's up. (requested by 3idk)
|
|t:|1757962324
|teamsize|p1|6
|teamsize|p2|6
|start
|switch|p1a: LEBRON|Iron Hands, shiny|100/100
|switch|p2a: RXKHands|Iron Hands|100/100
|-enditem|p1a: LEBRON|Booster Energy
|-activate|p1a: LEBRON|ability: Quark Drive|[fromitem]
|-start|p1a: LEBRON|quarkdriveatk
|-enditem|p2a: RXKHands|Booster Energy
|-activate|p2a: RXKHands|ability: Quark Drive|[fromitem]
|-start|p2a: RXKHands|quarkdriveatk
|turn|1
|
|t:|1757962327
|move|p1a: LEBRON|Close Combat|p2a: RXKHands
|-damage|p2a: RXKHands|33/100
|-unboost|p1a: LEBRON|def|1
|-unboost|p1a: LEBRON|spd|1
|move|p2a: RXKHands|Earthquake|p1a: LEBRON
|-supereffective|p1a: LEBRON
|-damage|p1a: LEBRON|0 fnt
|faint|p1a: LEBRON
|-end|p1a: LEBRON|Quark Drive|[silent]
|
|upkeep
|
|t:|1757962334
|switch|p1a: Subaru|Indeedee, M, shiny|100/100
|-fieldstart|move: Psychic Terrain|[from] ability: Psychic Surge|[of] p1a: Subaru
|turn|2
|
|t:|1757962337
|-end|p2a: RXKHands|Quark Drive|[silent]
|switch|p2a: Rip Screw|Darkrai, shiny|100/100
|move|p1a: Subaru|Expanding Force|p2a: Rip Screw
|-immune|p2a: Rip Screw
|
|upkeep
|turn|3
|
|t:|1757962341
|switch|p1a: King Von|Hoopa-Unbound|100/100
|-enditem|p1a: King Von|Psychic Seed
|-boost|p1a: King Von|spd|1|[from] item: Psychic Seed
|move|p2a: Rip Screw|Dark Pulse|p1a: King Von
|-damage|p1a: King Von|70/100
|-damage|p2a: Rip Screw|91/100|[from] item: Life Orb
|
|upkeep
|turn|4
|
|t:|1757962352
|switch|p2a: Hoopa-Tiji|Hoopa-Unbound|100/100
|move|p1a: King Von|Trick Room|p1a: King Von
|-fieldstart|move: Trick Room|[of] p1a: King Von
|
|upkeep
|turn|5
|
|t:|1757962356
|move|p1a: King Von|Hyperspace Fury|p2a: Hoopa-Tiji
|-damage|p2a: Hoopa-Tiji|38/100
|-unboost|p1a: King Von|def|1
|-item|p1a: King Von|Tanga Berry|[from] ability: Magician|[of] p2a: Hoopa-Tiji
|move|p2a: Hoopa-Tiji|Knock Off|p1a: King Von
|-damage|p1a: King Von|0 fnt
|-enditem|p1a: King Von|Tanga Berry|[from] move: Knock Off|[of] p2a: Hoopa-Tiji
|faint|p1a: King Von
|
|upkeep
|
|t:|1757962364
|switch|p1a: Crashout YN|Ursaluna, F, shiny|100/100
|turn|6
|
|t:|1757962368
|move|p1a: Crashout YN|Supercell Slam|p2a: Hoopa-Tiji|[miss]
|-miss|p1a: Crashout YN|p2a: Hoopa-Tiji
|-damage|p1a: Crashout YN|51/100|[from] supercellslam
|move|p2a: Hoopa-Tiji|Knock Off|p1a: Crashout YN
|-crit|p1a: Crashout YN
|-damage|p1a: Crashout YN|0 fnt
|-enditem|p1a: Crashout YN|Flame Orb|[from] move: Knock Off|[of] p2a: Hoopa-Tiji
|faint|p1a: Crashout YN
|
|upkeep
|-message|3idk forfeited.
|
|win|boundbythetusklow
|raw|3idk's rating: 1671 &rarr; <strong>1654</strong><br />(-17 for losing)
|raw|boundbythetusklow's rating: 1716 &rarr; <strong>1733</strong><br />(+17 for winning)
|l|☆3idk
|player|p1|
