|j|☆Lulleydon
|j|‽harc
|t:|1757841839
|gametype|singles
|player|p1|Lulleydon|1|1326
|player|p2|harc|lady|1296
|gen|9
|tier|[Gen 9] OU
|rated|
|rule|HP Percentage Mod: HP is shown in percentages
|rule|Endless Battle Clause: Forcing endless battles is banned
|rule|Species Clause: Limit one of each Pokémon
|rule|OHKO Clause: OHKO moves are banned
|rule|Evasion Items Clause: Evasion items are banned
|rule|Evasion Moves Clause: Evasion moves are banned
|rule|Evasion Abilities Clause: Evasion abilities are banned
|rule|Sleep Moves Clause: Sleep-inducing moves are banned
|clearpoke
|poke|p1|Garganacl, M|
|poke|p1|Hippowdon, M|
|poke|p1|Houndstone, M|
|poke|p1|Corviknight, M|
|poke|p1|Exeggutor-Alola, M|
|poke|p1|Reuniclus, M|
|poke|p2|Dachsbun, F|
|poke|p2|Dondozo, F|
|poke|p2|Corviknight, F|
|poke|p2|Goodra, F|
|poke|p2|Reuniclus, M|
|poke|p2|Oricorio-Pom-Pom, F|
|teampreview
|inactive|Battle timer is ON: inactive players will automatically lose when time's up. (requested by Lulleydon)
|
|t:|1757841871
|teamsize|p1|6
|teamsize|p2|6
|start
|switch|p1a: Hippowdon|Hippowdon, M, shiny|100/100
|switch|p2a: Reuniclus|Reuniclus, M|100/100
|-weather|Sandstorm|[from] ability: Sand Stream|[of] p1a: Hippowdon
|turn|1
|
|t:|1757841895
|switch|p1a: Reuniclus|Reuniclus, M, shiny|100/100
|move|p2a: Reuniclus|Calm Mind|p2a: Reuniclus
|-boost|p2a: Reuniclus|spa|1
|-boost|p2a: Reuniclus|spd|1
|
|-weather|Sandstorm|[upkeep]
|upkeep
|turn|2
|
|t:|1757841907
|move|p1a: Reuniclus|Trick|p2a: Reuniclus
|-activate|p1a: Reuniclus|move: Trick|[of] p2a: Reuniclus
|-item|p2a: Reuniclus|Choice Specs|[from] move: Trick
|-item|p1a: Reuniclus|Leftovers|[from] move: Trick
|move|p2a: Reuniclus|Shadow Ball|p1a: Reuniclus
|-supereffective|p1a: Reuniclus
|-damage|p1a: Reuniclus|36/100
|
|-weather|Sandstorm|[upkeep]
|-heal|p1a: Reuniclus|42/100|[from] item: Leftovers
|upkeep
|turn|3
|
|t:|1757841921
|switch|p1a: Garganacl|Garganacl, M, shiny|100/100
|move|p2a: Reuniclus|Shadow Ball|p1a: Garganacl
|-crit|p1a: Garganacl
|-damage|p1a: Garganacl|83/100
|-unboost|p1a: Garganacl|spd|1
|
|-weather|Sandstorm|[upkeep]
|-heal|p1a: Garganacl|89/100|[from] item: Leftovers
|upkeep
|turn|4
|
|t:|1757841932
|move|p1a: Garganacl|Salt Cure|p2a: Reuniclus
|-crit|p2a: Reuniclus
|-damage|p2a: Reuniclus|87/100
|-start|p2a: Reuniclus|Salt Cure
|move|p2a: Reuniclus|Shadow Ball|p1a: Garganacl
|-damage|p1a: Garganacl|74/100
|
|-weather|Sandstorm|[upkeep]
|-heal|p1a: Garganacl|80/100|[from] item: Leftovers
|upkeep
|turn|5
|
|t:|1757841951
|move|p1a: Garganacl|Curse|p1a: Garganacl
|-unboost|p1a: Garganacl|spe|1
|-boost|p1a: Garganacl|atk|1
|-boost|p1a: Garganacl|def|1
|move|p2a: Reuniclus|Shadow Ball|p1a: Garganacl
|-damage|p1a: Garganacl|65/100
|-unboost|p1a: Garganacl|spd|1
|
|-weather|Sandstorm|[upkeep]
|-heal|p1a: Garganacl|71/100|[from] item: Leftovers
|upkeep
|turn|6
|
|t:|1757841963
|move|p2a: Reuniclus|Shadow Ball|p1a: Garganacl
|-damage|p1a: Garganacl|50/100
|move|p1a: Garganacl|Salt Cure|p2a: Reuniclus
|-damage|p2a: Reuniclus|73/100
|
|-weather|Sandstorm|[upkeep]
|-heal|p1a: Garganacl|57/100|[from] item: Leftovers
|upkeep
|turn|7
|
|t:|1757841972
|move|p2a: Reuniclus|Shadow Ball|p1a: Garganacl
|-damage|p1a: Garganacl|36/100
|move|p1a: Garganacl|Recover|p1a: Garganacl
|-heal|p1a: Garganacl|86/100
|
|-weather|Sandstorm|[upkeep]
|-heal|p1a: Garganacl|93/100|[from] item: Leftovers
|upkeep
|turn|8
|
|t:|1757841981
|move|p2a: Reuniclus|Shadow Ball|p1a: Garganacl
|-damage|p1a: Garganacl|70/100
|move|p1a: Garganacl|Salt Cure|p2a: Reuniclus
|-damage|p2a: Reuniclus|58/100
|
|-weather|none
|-heal|p1a: Garganacl|76/100|[from] item: Leftovers
|upkeep
|turn|9
|
|t:|1757841990
|move|p2a: Reuniclus|Shadow Ball|p1a: Garganacl
|-damage|p1a: Garganacl|45/100
|move|p1a: Garganacl|Recover|p1a: Garganacl
|-heal|p1a: Garganacl|95/100
|
|-heal|p1a: Garganacl|100/100|[from] item: Leftovers
|upkeep
|turn|10
|
|t:|1757841999
|move|p2a: Reuniclus|Shadow Ball|p1a: Garganacl
|-damage|p1a: Garganacl|66/100
|move|p1a: Garganacl|Salt Cure|p2a: Reuniclus
|-damage|p2a: Reuniclus|43/100
|
|-heal|p1a: Garganacl|72/100|[from] item: Leftovers
|upkeep
|turn|11
|
|t:|1757842008
|move|p2a: Reuniclus|Shadow Ball|p1a: Garganacl
|-damage|p1a: Garganacl|40/100
|-unboost|p1a: Garganacl|spd|1
|move|p1a: Garganacl|Recover|p1a: Garganacl
|-heal|p1a: Garganacl|90/100
|
|-heal|p1a: Garganacl|97/100|[from] item: Leftovers
|upkeep
|turn|12
|
|t:|1757842017
|switch|p1a: Reuniclus|Reuniclus, M, shiny|42/100
|move|p2a: Reuniclus|Shadow Ball|p1a: Reuniclus
|-supereffective|p1a: Reuniclus
|-damage|p1a: Reuniclus|0 fnt
|faint|p1a: Reuniclus
|
|upkeep
|
|t:|1757842023
|switch|p1a: Hippowdon|Hippowdon, M, shiny|100/100
|-weather|Sandstorm|[from] ability: Sand Stream|[of] p1a: Hippowdon
|turn|13
|
|t:|1757842029
|switch|p1a: Garganacl|Garganacl, M, shiny|97/100
|move|p2a: Reuniclus|Shadow Ball|p1a: Garganacl
|-damage|p1a: Garganacl|85/100
|
|-weather|Sandstorm|[upkeep]
|-heal|p1a: Garganacl|91/100|[from] item: Leftovers
|upkeep
|turn|14
|
|t:|1757842039
|switch|p2a: Dachsbun|Dachsbun, F|100/100
|move|p1a: Garganacl|Curse|p1a: Garganacl
|-unboost|p1a: Garganacl|spe|1
|-boost|p1a: Garganacl|atk|1
|-boost|p1a: Garganacl|def|1
|
|-weather|Sandstorm|[upkeep]
|-damage|p2a: Dachsbun|95/100|[from] Sandstorm
|-heal|p2a: Dachsbun|100/100|[from] item: Leftovers
|-heal|p1a: Garganacl|97/100|[from] item: Leftovers
|upkeep
|turn|15
|
|t:|1757842068
|move|p2a: Dachsbun|Wish|p2a: Dachsbun
|move|p1a: Garganacl|Salt Cure|p2a: Dachsbun
|-damage|p2a: Dachsbun|85/100
|-start|p2a: Dachsbun|Salt Cure
|
|-weather|Sandstorm|[upkeep]
|-damage|p2a: Dachsbun|79/100|[from] Sandstorm
|-heal|p2a: Dachsbun|85/100|[from] item: Leftovers
|-heal|p1a: Garganacl|100/100|[from] item: Leftovers
|-damage|p2a: Dachsbun|73/100|[from] Salt Cure
|upkeep
|turn|16
|
|t:|1757842082
|switch|p2a: Reuniclus|Reuniclus, M|43/100
|move|p1a: Garganacl|Curse|p1a: Garganacl
|-unboost|p1a: Garganacl|spe|1
|-boost|p1a: Garganacl|atk|1
|-boost|p1a: Garganacl|def|1
|
|-weather|Sandstorm|[upkeep]
|-heal|p2a: Reuniclus|80/100|[from] move: Wish|[wisher] Dachsbun
|upkeep
|turn|17
|
|t:|1757842096
|switch|p2a: Dondozo|Dondozo, F|100/100
|move|p1a: Garganacl|Earthquake|p2a: Dondozo
|-damage|p2a: Dondozo|90/100
|
|-weather|Sandstorm|[upkeep]
|-damage|p2a: Dondozo|84/100|[from] Sandstorm
|-heal|p2a: Dondozo|90/100|[from] item: Leftovers
|upkeep
|turn|18
|
|t:|1757842107
|move|p2a: Dondozo|Liquidation|p1a: Garganacl
|-supereffective|p1a: Garganacl
|-damage|p1a: Garganacl|60/100
|move|p1a: Garganacl|Salt Cure|p2a: Dondozo
|-damage|p2a: Dondozo|84/100
|-start|p2a: Dondozo|Salt Cure
|
|-weather|Sandstorm|[upkeep]
|-damage|p2a: Dondozo|78/100|[from] Sandstorm
|-heal|p2a: Dondozo|84/100|[from] item: Leftovers
|-heal|p1a: Garganacl|67/100|[from] item: Leftovers
|-damage|p2a: Dondozo|59/100|[from] Salt Cure
|upkeep
|turn|19
|
|t:|1757842119
|switch|p1a: Exeggutor|Exeggutor-Alola, M, shiny|100/100
|-item|p2a: Dondozo|Leftovers|[from] ability: Frisk|[of] p1a: Exeggutor
|move|p2a: Dondozo|Liquidation|p1a: Exeggutor
|-resisted|p1a: Exeggutor
|-crit|p1a: Exeggutor
|-damage|p1a: Exeggutor|93/100
|
|-weather|Sandstorm|[upkeep]
|-damage|p1a: Exeggutor|87/100|[from] Sandstorm
|-damage|p2a: Dondozo|53/100|[from] Sandstorm
|-heal|p2a: Dondozo|59/100|[from] item: Leftovers
|-damage|p2a: Dondozo|34/100|[from] Salt Cure
|upkeep
|turn|20
|
|t:|1757842134
|switch|p2a: Corviknight|Corviknight, F|100/100
|move|p1a: Exeggutor|Leech Seed|p2a: Corviknight
|-start|p2a: Corviknight|move: Leech Seed
|
|-weather|none
|-damage|p2a: Corviknight|88/100|[from] Leech Seed|[of] p1a: Exeggutor
|-heal|p1a: Exeggutor|99/100|[silent]
|upkeep
|turn|21
|
|t:|1757842147
|switch|p2a: Dachsbun|Dachsbun, F|73/100
|move|p1a: Exeggutor|Flamethrower|p2a: Dachsbun
|-ability|p2a: Dachsbun|Well-Baked Body|boost
|-boost|p2a: Dachsbun|def|2
|
|-heal|p2a: Dachsbun|79/100|[from] item: Leftovers
|upkeep
|turn|22
|
|t:|1757842159
|move|p2a: Dachsbun|Alluring Voice|p1a: Exeggutor
|-supereffective|p1a: Exeggutor
|-damage|p1a: Exeggutor|65/100
|move|p1a: Exeggutor|Leech Seed|p2a: Dachsbun
|-start|p2a: Dachsbun|move: Leech Seed
|
|-heal|p2a: Dachsbun|85/100|[from] item: Leftovers
|-damage|p2a: Dachsbun|73/100|[from] Leech Seed|[of] p1a: Exeggutor
|-heal|p1a: Exeggutor|75/100|[silent]
|upkeep
|turn|23
|
|t:|1757842173
|move|p2a: Dachsbun|Wish|p2a: Dachsbun
|move|p1a: Exeggutor|Giga Drain|p2a: Dachsbun
|-damage|p2a: Dachsbun|30/100
|-heal|p1a: Exeggutor|92/100|[from] drain|[of] p2a: Dachsbun
|
|-heal|p2a: Dachsbun|36/100|[from] item: Leftovers
|-damage|p2a: Dachsbun|24/100|[from] Leech Seed|[of] p1a: Exeggutor
|-heal|p1a: Exeggutor|100/100|[silent]
|upkeep
|turn|24
|
|t:|1757842184
|move|p2a: Dachsbun|Protect|p2a: Dachsbun
|-singleturn|p2a: Dachsbun|Protect
|move|p1a: Exeggutor|Giga Drain|p2a: Dachsbun
|-activate|p2a: Dachsbun|move: Protect
|
|-heal|p2a: Dachsbun|74/100|[from] move: Wish|[wisher] Dachsbun
|-heal|p2a: Dachsbun|80/100|[from] item: Leftovers
|-damage|p2a: Dachsbun|67/100|[from] Leech Seed|[of] p1a: Exeggutor
|upkeep
|turn|25
|
|t:|1757842196
|-terastallize|p2a: Dachsbun|Steel
|move|p2a: Dachsbun|Wish|p2a: Dachsbun
|move|p1a: Exeggutor|Giga Drain|p2a: Dachsbun
|-resisted|p2a: Dachsbun
|-damage|p2a: Dachsbun|47/100
|
|-heal|p2a: Dachsbun|53/100|[from] item: Leftovers
|-damage|p2a: Dachsbun|41/100|[from] Leech Seed|[of] p1a: Exeggutor
|upkeep
|turn|26
|
|t:|1757842206
|move|p2a: Dachsbun|Body Press|p1a: Exeggutor
|-damage|p1a: Exeggutor|61/100
|move|p1a: Exeggutor|Calm Mind|p1a: Exeggutor
|-boost|p1a: Exeggutor|spa|1
|-boost|p1a: Exeggutor|spd|1
|
|-heal|p2a: Dachsbun|91/100|[from] move: Wish|[wisher] Dachsbun
|-heal|p2a: Dachsbun|97/100|[from] item: Leftovers
|-damage|p2a: Dachsbun|84/100|[from] Leech Seed|[of] p1a: Exeggutor
|-heal|p1a: Exeggutor|71/100|[silent]
|upkeep
|turn|27
|
|t:|1757842225
|move|p2a: Dachsbun|Wish|p2a: Dachsbun
|move|p1a: Exeggutor|Giga Drain|p2a: Dachsbun
|-resisted|p2a: Dachsbun
|-damage|p2a: Dachsbun|55/100
|-heal|p1a: Exeggutor|83/100|[from] drain|[of] p2a: Dachsbun
|
|-heal|p2a: Dachsbun|61/100|[from] item: Leftovers
|-damage|p2a: Dachsbun|49/100|[from] Leech Seed|[of] p1a: Exeggutor
|-heal|p1a: Exeggutor|93/100|[silent]
|upkeep
|turn|28
|
|t:|1757842241
|switch|p2a: Dondozo|Dondozo, F|34/100
|switch|p1a: Houndstone|Houndstone, M, shiny|100/100
|
|-heal|p2a: Dondozo|66/100|[from] move: Wish|[wisher] Dachsbun
|-heal|p2a: Dondozo|72/100|[from] item: Leftovers
|upkeep
|turn|29
|
|t:|1757842252
|switch|p2a: Dachsbun|Dachsbun, F, tera:Steel|49/100
|move|p1a: Houndstone|Trick|p2a: Dachsbun
|-activate|p1a: Houndstone|move: Trick|[of] p2a: Dachsbun
|-item|p2a: Dachsbun|Choice Band|[from] move: Trick
|-item|p1a: Houndstone|Leftovers|[from] move: Trick
|
|upkeep
|turn|30
|
|t:|1757842260
|move|p1a: Houndstone|Will-O-Wisp|p2a: Dachsbun
|-ability|p2a: Dachsbun|Well-Baked Body|boost
|-boost|p2a: Dachsbun|def|2
|move|p2a: Dachsbun|Wish|p2a: Dachsbun
|
|upkeep
|turn|31
|
|t:|1757842274
|switch|p2a: Reuniclus|Reuniclus, M|80/100
|move|p1a: Houndstone|Will-O-Wisp|p2a: Reuniclus|[miss]
|-miss|p1a: Houndstone|p2a: Reuniclus
|
|-heal|p2a: Reuniclus|100/100|[from] move: Wish|[wisher] Dachsbun
|upkeep
|turn|32
|
|t:|1757842287
|switch|p1a: Corviknight|Corviknight, M, shiny|100/100
|-ability|p1a: Corviknight|Pressure
|move|p2a: Reuniclus|Calm Mind|p2a: Reuniclus
|-boost|p2a: Reuniclus|spa|1
|-boost|p2a: Reuniclus|spd|1
|
|upkeep
|turn|33
|
|t:|1757842296
|switch|p2a: Corviknight|Corviknight, F|88/100
|move|p1a: Corviknight|Bulk Up|p1a: Corviknight
|-boost|p1a: Corviknight|atk|1
|-boost|p1a: Corviknight|def|1
|
|-heal|p2a: Corviknight|94/100|[from] item: Leftovers
|upkeep
|turn|34
|
|t:|1757842309
|switch|p2a: Dachsbun|Dachsbun, F, tera:Steel|49/100
|move|p1a: Corviknight|Bulk Up|p1a: Corviknight
|-boost|p1a: Corviknight|atk|1
|-boost|p1a: Corviknight|def|1
|
|upkeep
|turn|35
|
|t:|1757842322
|move|p2a: Dachsbun|Wish|p2a: Dachsbun
|move|p1a: Corviknight|Bulk Up|p1a: Corviknight
|-boost|p1a: Corviknight|atk|1
|-boost|p1a: Corviknight|def|1
|
|upkeep
|turn|36
|
|t:|1757842330
|switch|p2a: Dondozo|Dondozo, F|72/100
|move|p1a: Corviknight|Bulk Up|p1a: Corviknight
|-boost|p1a: Corviknight|atk|1
|-boost|p1a: Corviknight|def|1
|
|-heal|p2a: Dondozo|100/100|[from] move: Wish|[wisher] Dachsbun
|upkeep
|turn|37
|
|t:|1757842342
|move|p1a: Corviknight|Bulk Up|p1a: Corviknight
|-boost|p1a: Corviknight|atk|1
|-boost|p1a: Corviknight|def|1
|move|p2a: Dondozo|Curse|p2a: Dondozo
|-unboost|p2a: Dondozo|spe|1
|-boost|p2a: Dondozo|atk|1
|-boost|p2a: Dondozo|def|1
|
|upkeep
|turn|38
|
|t:|1757842350
|move|p1a: Corviknight|Power Trip|p2a: Dondozo
|-damage|p2a: Dondozo|88/100
|move|p2a: Dondozo|Curse|p2a: Dondozo
|-unboost|p2a: Dondozo|spe|1
|-boost|p2a: Dondozo|atk|1
|-boost|p2a: Dondozo|def|1
|
|-heal|p2a: Dondozo|94/100|[from] item: Leftovers
|upkeep
|turn|39
|-message|Lulleydon forfeited.
|
|win|harc
|raw|Lulleydon's rating: 1326 &rarr; <strong>1304</strong><br />(-22 for losing)
|raw|harc's rating: 1296 &rarr; <strong>1323</strong><br />(+27 for winning)
|l|☆Lulleydon
|player|p1|
|l|‽harc
|player|p2|
