|j|☆cr aries
|j|‽oehtwashere
|t:|1757856602
|gametype|singles
|player|p1|cr aries|169|1757
|player|p2|oehtwashere|supernerd|1729
|gen|9
|tier|[Gen 9] OU
|rated|
|rule|HP Percentage Mod: HP is shown in percentages
|rule|Endless Battle Clause: Forcing endless battles is banned
|rule|Species Clause: Limit one of each Pokémon
|rule|OHKO Clause: OHKO moves are banned
|rule|Evasion Items Clause: Evasion items are banned
|rule|Evasion Moves Clause: Evasion moves are banned
|rule|Evasion Abilities Clause: Evasion abilities are banned
|rule|Sleep Moves Clause: Sleep-inducing moves are banned
|clearpoke
|poke|p1|Weavile, M|
|poke|p1|Gholdengo|
|poke|p1|Slowking-Galar, M|
|poke|p1|Corviknight, M|
|poke|p1|Sandy Shocks|
|poke|p1|Heatran, F|
|poke|p2|Raikou|
|poke|p2|Samurott-Hisui, F|
|poke|p2|Gliscor, F|
|poke|p2|Slowking-Galar, F|
|poke|p2|Corviknight, F|
|poke|p2|Dragapult, F|
|teampreview
|inactive|Battle timer is ON: inactive players will automatically lose when time's up. (requested by oehtwashere)
|inactive|cr aries has 120 seconds left.
|
|t:|1757856646
|teamsize|p1|6
|teamsize|p2|6
|start
|switch|p1a: Corviknight|Corviknight, M|100/100
|switch|p2a: Dragapult|Dragapult, F|100/100
|-ability|p1a: Corviknight|Pressure
|turn|1
|
|t:|1757856652
|switch|p1a: Heatran|Heatran, F|100/100
|move|p2a: Dragapult|U-turn|p1a: Heatran
|-resisted|p1a: Heatran
|-damage|p1a: Heatran|97/100
|
|t:|1757856654
|switch|p2a: Samurott|Samurott-Hisui, F|100/100|[from] U-turn
|
|-heal|p1a: Heatran|100/100|[from] item: Leftovers
|upkeep
|turn|2
|
|t:|1757856661
|switch|p1a: Corviknight|Corviknight, M|100/100
|-ability|p1a: Corviknight|Pressure
|move|p2a: Samurott|Ceaseless Edge|p1a: Corviknight
|-damage|p1a: Corviknight|74/100
|-damage|p2a: Samurott|84/100|[from] item: Rocky Helmet|[of] p1a: Corviknight
|-sidestart|p1: cr aries|Spikes
|
|upkeep
|turn|3
|
|t:|1757856665
|switch|p2a: Gliscor|Gliscor, F|100/100
|move|p1a: Corviknight|Roost|p1a: Corviknight
|-heal|p1a: Corviknight|100/100
|-singleturn|p1a: Corviknight|move: Roost
|
|-status|p2a: Gliscor|tox|[from] item: Toxic Orb
|upkeep
|turn|4
|
|t:|1757856668
|move|p2a: Gliscor|Knock Off|p1a: Corviknight
|-damage|p1a: Corviknight|88/100
|-damage|p2a: Gliscor|84/100 tox|[from] item: Rocky Helmet|[of] p1a: Corviknight
|-enditem|p1a: Corviknight|Rocky Helmet|[from] move: Knock Off|[of] p2a: Gliscor
|move|p1a: Corviknight|Defog|p2a: Gliscor
|-unboost|p2a: Gliscor|evasion|1
|-sideend|p1: cr aries|Spikes|[from] move: Defog|[of] p1a: Corviknight
|
|-heal|p2a: Gliscor|97/100 tox|[from] ability: Poison Heal
|upkeep
|turn|5
|
|t:|1757856671
|move|p2a: Gliscor|Stealth Rock|p1a: Corviknight
|-sidestart|p1: cr aries|move: Stealth Rock
|move|p1a: Corviknight|U-turn|p2a: Gliscor
|-resisted|p2a: Gliscor
|-damage|p2a: Gliscor|91/100 tox
|
|t:|1757856674
|switch|p1a: Weavile|Weavile, M|100/100|[from] U-turn
|
|-heal|p2a: Gliscor|100/100 tox|[from] ability: Poison Heal
|upkeep
|turn|6
|
|t:|1757856678
|switch|p2a: Corviknight|Corviknight, F|100/100
|-ability|p2a: Corviknight|Pressure
|move|p1a: Weavile|Knock Off|p2a: Corviknight
|-damage|p2a: Corviknight|69/100
|-damage|p1a: Weavile|84/100|[from] item: Rocky Helmet|[of] p2a: Corviknight
|-enditem|p2a: Corviknight|Rocky Helmet|[from] move: Knock Off|[of] p1a: Weavile
|
|upkeep
|turn|7
|
|t:|1757856687
|switch|p1a: Corviknight|Corviknight, M|88/100
|-damage|p1a: Corviknight|75/100|[from] Stealth Rock
|-ability|p1a: Corviknight|Pressure
|move|p2a: Corviknight|Roost|p2a: Corviknight
|-heal|p2a: Corviknight|100/100
|-singleturn|p2a: Corviknight|move: Roost
|
|upkeep
|turn|8
|
|t:|1757856690
|move|p2a: Corviknight|U-turn|p1a: Corviknight
|-resisted|p1a: Corviknight
|-damage|p1a: Corviknight|73/100
|
|t:|1757856696
|switch|p2a: Raikou|Raikou|100/100|[from] U-turn
|-ability|p2a: Raikou|Pressure
|move|p1a: Corviknight|Defog|p2a: Raikou
|-unboost|p2a: Raikou|evasion|1
|-sideend|p1: cr aries|Stealth Rock|[from] move: Defog|[of] p1a: Corviknight
|
|upkeep
|turn|9
|
|t:|1757856700
|switch|p1a: Slowking|Slowking-Galar, M|100/100
|move|p2a: Raikou|Scald|p1a: Slowking
|-damage|p1a: Slowking|87/100
|-status|p1a: Slowking|brn
|
|-damage|p1a: Slowking|80/100 brn|[from] brn
|upkeep
|turn|10
|
|t:|1757856705
|move|p2a: Raikou|Volt Switch|p1a: Slowking
|-damage|p1a: Slowking|60/100 brn
|
|t:|1757856710
|switch|p2a: Corviknight|Corviknight, F|100/100|[from] Volt Switch
|-ability|p2a: Corviknight|Pressure
|move|p1a: Slowking|Toxic Spikes|p2a: Corviknight
|-sidestart|p2: oehtwashere|move: Toxic Spikes
|
|-damage|p1a: Slowking|54/100 brn|[from] brn
|upkeep
|turn|11
|
|t:|1757856715
|move|p2a: Corviknight|U-turn|p1a: Slowking
|-damage|p1a: Slowking|39/100 brn
|
|t:|1757856719
|switch|p2a: Dragapult|Dragapult, F|100/100|[from] U-turn
|-prepare|p1a: Slowking|Chilly Reception|[premajor]
|move|p1a: Slowking|Chilly Reception|p1a: Slowking
|-weather|Snowscape
|
|t:|1757856726
|switch|p1a: Heatran|Heatran, F|100/100|[from] Chilly Reception
|
|-weather|Snowscape|[upkeep]
|upkeep
|turn|12
|
|t:|1757856728
|move|p2a: Dragapult|U-turn|p1a: Heatran
|-resisted|p1a: Heatran
|-damage|p1a: Heatran|98/100
|
|t:|1757856730
|switch|p2a: Gliscor|Gliscor, F|100/100 tox|[from] U-turn
|move|p1a: Heatran|Magma Storm|p2a: Gliscor
|-damage|p2a: Gliscor|61/100 tox
|-activate|p2a: Gliscor|move: Magma Storm|[of] p1a: Heatran
|
|-weather|Snowscape|[upkeep]
|-heal|p1a: Heatran|100/100|[from] item: Leftovers
|-heal|p2a: Gliscor|74/100 tox|[from] ability: Poison Heal
|-damage|p2a: Gliscor|61/100 tox|[from] move: Magma Storm|[partiallytrapped]
|upkeep
|turn|13
|
|t:|1757856752
|switch|p1a: Corviknight|Corviknight, M|73/100
|-ability|p1a: Corviknight|Pressure
|move|p2a: Gliscor|Protect||[still]
|-fail|p2a: Gliscor
|
|-weather|Snowscape|[upkeep]
|-heal|p2a: Gliscor|74/100 tox|[from] ability: Poison Heal
|-end|p2a: Gliscor|Magma Storm|[partiallytrapped]|[silent]
|upkeep
|turn|14
|
|t:|1757856756
|move|p2a: Gliscor|Stealth Rock|p1a: Corviknight
|-sidestart|p1: cr aries|move: Stealth Rock
|move|p1a: Corviknight|U-turn|p2a: Gliscor
|-resisted|p2a: Gliscor
|-damage|p2a: Gliscor|68/100 tox
|j| wgw2333
|
|t:|1757856762
|switch|p1a: Gholdengo|Gholdengo|100/100|[from] U-turn
|-damage|p1a: Gholdengo|94/100|[from] Stealth Rock
|
|-weather|Snowscape|[upkeep]
|-heal|p2a: Gliscor|81/100 tox|[from] ability: Poison Heal
|upkeep
|turn|15
|
|t:|1757856767
|switch|p1a: Corviknight|Corviknight, M|73/100
|-damage|p1a: Corviknight|61/100|[from] Stealth Rock
|-ability|p1a: Corviknight|Pressure
|move|p2a: Gliscor|Protect||[still]
|-fail|p2a: Gliscor
|
|-weather|none
|-heal|p2a: Gliscor|93/100 tox|[from] ability: Poison Heal
|upkeep
|turn|16
|
|t:|1757856771
|move|p2a: Gliscor|Knock Off|p1a: Corviknight
|-damage|p1a: Corviknight|52/100
|move|p1a: Corviknight|Roost|p1a: Corviknight
|-heal|p1a: Corviknight|100/100
|-singleturn|p1a: Corviknight|move: Roost
|
|-heal|p2a: Gliscor|100/100 tox|[from] ability: Poison Heal
|upkeep
|turn|17
|
|t:|1757856776
|move|p2a: Gliscor|Knock Off|p1a: Corviknight
|-damage|p1a: Corviknight|92/100
|move|p1a: Corviknight|Defog|p2a: Gliscor
|-unboost|p2a: Gliscor|evasion|1
|-sideend|p2: oehtwashere|Toxic Spikes|[from] move: Defog|[of] p1a: Corviknight
|-sideend|p1: cr aries|Stealth Rock|[from] move: Defog|[of] p1a: Corviknight
|
|upkeep
|turn|18
|
|t:|1757856779
|move|p2a: Gliscor|Stealth Rock|p1a: Corviknight
|-sidestart|p1: cr aries|move: Stealth Rock
|move|p1a: Corviknight|Brave Bird|p2a: Gliscor
|-damage|p2a: Gliscor|70/100 tox
|-damage|p1a: Corviknight|83/100|[from] Recoil
|
|-heal|p2a: Gliscor|82/100 tox|[from] ability: Poison Heal
|upkeep
|turn|19
|
|t:|1757856787
|move|p2a: Gliscor|Knock Off|p1a: Corviknight
|-damage|p1a: Corviknight|74/100
|move|p1a: Corviknight|Defog|p2a: Gliscor
|-unboost|p2a: Gliscor|evasion|1
|-sideend|p1: cr aries|Stealth Rock|[from] move: Defog|[of] p1a: Corviknight
|
|-heal|p2a: Gliscor|95/100 tox|[from] ability: Poison Heal
|upkeep
|turn|20
|
|t:|1757856796
|move|p2a: Gliscor|Stealth Rock|p1a: Corviknight
|-sidestart|p1: cr aries|move: Stealth Rock
|move|p1a: Corviknight|U-turn|p2a: Gliscor
|-resisted|p2a: Gliscor
|-damage|p2a: Gliscor|89/100 tox
|
|t:|1757856799
|switch|p1a: Weavile|Weavile, M|84/100|[from] U-turn
|
|-heal|p2a: Gliscor|100/100 tox|[from] ability: Poison Heal
|upkeep
|turn|21
|
|t:|1757856803
|switch|p2a: Corviknight|Corviknight, F|100/100
|-ability|p2a: Corviknight|Pressure
|move|p1a: Weavile|Triple Axel|p2a: Corviknight
|-damage|p2a: Corviknight|94/100
|-hitcount|p2a: Corviknight|1
|
|upkeep
|turn|22
|
|t:|1757856806
|switch|p1a: Corviknight|Corviknight, M|74/100
|-damage|p1a: Corviknight|62/100|[from] Stealth Rock
|-ability|p1a: Corviknight|Pressure
|move|p2a: Corviknight|U-turn|p1a: Corviknight
|-resisted|p1a: Corviknight
|-damage|p1a: Corviknight|60/100
|
|t:|1757856809
|switch|p2a: Raikou|Raikou|100/100|[from] U-turn
|-ability|p2a: Raikou|Pressure
|
|upkeep
|turn|23
|
|t:|1757856812
|switch|p1a: Slowking|Slowking-Galar, M|72/100 brn
|move|p2a: Raikou|Volt Switch|p1a: Slowking
|-damage|p1a: Slowking|53/100 brn
|
|t:|1757856827
|switch|p2a: Samurott|Samurott-Hisui, F|84/100|[from] Volt Switch
|
|-damage|p1a: Slowking|47/100 brn|[from] brn
|upkeep
|turn|24
|
|t:|1757856831
|switch|p1a: Heatran|Heatran, F|100/100
|-damage|p1a: Heatran|88/100|[from] Stealth Rock
|move|p2a: Samurott|Ceaseless Edge|p1a: Heatran
|-damage|p1a: Heatran|62/100
|-sidestart|p1: cr aries|Spikes
|
|-heal|p1a: Heatran|68/100|[from] item: Leftovers
|upkeep
|turn|25
|
|t:|1757856861
|move|p1a: Heatran|Protect|p1a: Heatran
|-singleturn|p1a: Heatran|Protect
|move|p2a: Samurott|Flip Turn|p1a: Heatran
|-activate|p1a: Heatran|move: Protect
|
|-heal|p1a: Heatran|75/100|[from] item: Leftovers
|upkeep
|turn|26
|
|t:|1757856867
|move|p2a: Samurott|Flip Turn|p1a: Heatran
|-supereffective|p1a: Heatran
|-crit|p1a: Heatran
|-damage|p1a: Heatran|21/100
|
|t:|1757856874
|switch|p2a: Slowking|Slowking-Galar, F|100/100|[from] Flip Turn
|move|p1a: Heatran|Magma Storm|p2a: Slowking|[miss]
|-miss|p1a: Heatran|p2a: Slowking
|
|-heal|p1a: Heatran|27/100|[from] item: Leftovers
|upkeep
|turn|27
|
|t:|1757856878
|move|p1a: Heatran|Taunt|p2a: Slowking
|-start|p2a: Slowking|move: Taunt
|-prepare|p2a: Slowking|Chilly Reception|[premajor]
|cant|p2a: Slowking|move: Taunt|Chilly Reception
|
|-heal|p1a: Heatran|34/100|[from] item: Leftovers
|upkeep
|turn|28
|
|t:|1757856882
|switch|p2a: Samurott|Samurott-Hisui, F|84/100
|move|p1a: Heatran|Magma Storm|p2a: Samurott
|-resisted|p2a: Samurott
|-damage|p2a: Samurott|49/100
|-activate|p2a: Samurott|move: Magma Storm|[of] p1a: Heatran
|
|-heal|p1a: Heatran|40/100|[from] item: Leftovers
|-damage|p2a: Samurott|37/100|[from] move: Magma Storm|[partiallytrapped]
|upkeep
|turn|29
|
|t:|1757856886
|move|p1a: Heatran|Protect|p1a: Heatran
|-singleturn|p1a: Heatran|Protect
|move|p2a: Samurott|Razor Shell|p1a: Heatran
|-activate|p1a: Heatran|move: Protect
|
|-heal|p1a: Heatran|46/100|[from] item: Leftovers
|-damage|p2a: Samurott|24/100|[from] move: Magma Storm|[partiallytrapped]
|upkeep
|turn|30
|
|t:|1757856895
|move|p2a: Samurott|Razor Shell|p1a: Heatran
|-supereffective|p1a: Heatran
|-damage|p1a: Heatran|0 fnt
|faint|p1a: Heatran
|
|-end|p2a: Samurott|Magma Storm|[partiallytrapped]|[silent]
|upkeep
|
|t:|1757856898
|switch|p1a: Corviknight|Corviknight, M|60/100
|-damage|p1a: Corviknight|47/100|[from] Stealth Rock
|-ability|p1a: Corviknight|Pressure
|turn|31
|
|t:|1757856903
|move|p2a: Samurott|Razor Shell|p1a: Corviknight
|-damage|p1a: Corviknight|17/100
|-unboost|p1a: Corviknight|def|1
|move|p1a: Corviknight|Defog|p2a: Samurott
|-unboost|p2a: Samurott|evasion|1
|-sideend|p1: cr aries|Spikes|[from] move: Defog|[of] p1a: Corviknight
|-sideend|p1: cr aries|Stealth Rock|[from] move: Defog|[of] p1a: Corviknight
|
|upkeep
|turn|32
|
|t:|1757856907
|move|p2a: Samurott|Ceaseless Edge|p1a: Corviknight
|-damage|p1a: Corviknight|0 fnt
|-sidestart|p1: cr aries|Spikes
|faint|p1a: Corviknight
|
|upkeep
|
|t:|1757856914
|switch|p1a: Weavile|Weavile, M|84/100
|turn|33
|
|t:|1757856919
|switch|p2a: Corviknight|Corviknight, F|94/100
|-ability|p2a: Corviknight|Pressure
|move|p1a: Weavile|Knock Off|p2a: Corviknight
|-damage|p2a: Corviknight|74/100
|
|upkeep
|turn|34
|
|t:|1757856925
|move|p1a: Weavile|Triple Axel|p2a: Corviknight|[miss]
|-miss|p1a: Weavile|p2a: Corviknight
|move|p2a: Corviknight|Roost|p2a: Corviknight
|-heal|p2a: Corviknight|100/100
|-singleturn|p2a: Corviknight|move: Roost
|
|upkeep
|turn|35
|
|t:|1757856929
|move|p1a: Weavile|Triple Axel|p2a: Corviknight|[miss]
|-miss|p1a: Weavile|p2a: Corviknight
|move|p2a: Corviknight|Body Press|p1a: Weavile
|-supereffective|p1a: Weavile
|-damage|p1a: Weavile|0 fnt
|faint|p1a: Weavile
|
|upkeep
|
|t:|1757856940
|switch|p1a: Gholdengo|Gholdengo|94/100
|-damage|p1a: Gholdengo|82/100|[from] Spikes
|turn|36
|
|t:|1757856947
|move|p1a: Gholdengo|Nasty Plot|p1a: Gholdengo
|-boost|p1a: Gholdengo|spa|2
|move|p2a: Corviknight|U-turn|p1a: Gholdengo
|-resisted|p1a: Gholdengo
|-crit|p1a: Gholdengo
|-damage|p1a: Gholdengo|78/100
|
|t:|1757856951
|switch|p2a: Samurott|Samurott-Hisui, F|24/100|[from] U-turn
|
|upkeep
|turn|37
|
|t:|1757856958
|-terastallize|p1a: Gholdengo|Fighting
|move|p2a: Samurott|Ceaseless Edge|p1a: Gholdengo|[miss]
|-miss|p2a: Samurott|p1a: Gholdengo
|move|p1a: Gholdengo|Recover|p1a: Gholdengo
|-heal|p1a: Gholdengo|100/100
|
|upkeep
|turn|38
|
|t:|1757856968
|move|p2a: Samurott|Razor Shell|p1a: Gholdengo
|-damage|p1a: Gholdengo|69/100
|move|p1a: Gholdengo|Tera Blast|p2a: Samurott|[anim] Tera Blast Fighting
|-supereffective|p2a: Samurott
|-damage|p2a: Samurott|0 fnt
|faint|p2a: Samurott
|
|upkeep
|
|t:|1757856981
|switch|p2a: Slowking|Slowking-Galar, F|100/100
|turn|39
|
|t:|1757856985
|-terastallize|p2a: Slowking|Water
|move|p1a: Gholdengo|Shadow Ball|p2a: Slowking
|-damage|p2a: Slowking|56/100
|move|p2a: Slowking|Psychic Noise|p1a: Gholdengo
|-supereffective|p1a: Gholdengo
|-damage|p1a: Gholdengo|16/100
|
|upkeep
|turn|40
|
|t:|1757857002
|switch|p1a: Slowking|Slowking-Galar, M|80/100 brn
|move|p2a: Slowking|Psychic Noise|p1a: Slowking
|-damage|p1a: Slowking|62/100 brn
|-start|p1a: Slowking|move: Heal Block
|
|-damage|p1a: Slowking|56/100 brn|[from] brn
|upkeep
|turn|41
|
|t:|1757857006
|move|p1a: Slowking|Future Sight|p2a: Slowking
|-start|p1a: Slowking|move: Future Sight
|move|p2a: Slowking|Future Sight|p1a: Slowking
|-start|p2a: Slowking|move: Future Sight
|
|-damage|p1a: Slowking|50/100 brn|[from] brn
|-end|p1a: Slowking|move: Heal Block
|upkeep
|turn|42
|
|t:|1757857010
|move|p1a: Slowking|Sludge Bomb|p2a: Slowking
|-damage|p2a: Slowking|37/100
|-status|p2a: Slowking|psn
|-prepare|p2a: Slowking|Chilly Reception|[premajor]
|move|p2a: Slowking|Chilly Reception|p2a: Slowking
|-weather|Snowscape
|
|t:|1757857015
|switch|p2a: Gliscor|Gliscor, F|100/100 tox|[from] Chilly Reception
|
|-weather|Snowscape|[upkeep]
|-damage|p1a: Slowking|44/100 brn|[from] brn
|upkeep
|turn|43
|
|t:|1757857018
|move|p2a: Gliscor|Stealth Rock|p1a: Slowking
|-sidestart|p1: cr aries|move: Stealth Rock
|-prepare|p1a: Slowking|Chilly Reception|[premajor]
|move|p1a: Slowking|Chilly Reception|p1a: Slowking
|
|t:|1757857022
|switch|p1a: Gholdengo|Gholdengo, tera:Fighting|16/100|[from] Chilly Reception
|-damage|p1a: Gholdengo|4/100|[from] Spikes
|-damage|p1a: Gholdengo|0 fnt|[from] Stealth Rock
|faint|p1a: Gholdengo
|
|-weather|Snowscape|[upkeep]
|-end|p2a: Gliscor|move: Future Sight
|-damage|p2a: Gliscor|58/100 tox
|-hint|Future Sight did not hit because the target is fainted.
|-heal|p2a: Gliscor|71/100 tox|[from] ability: Poison Heal
|upkeep
|
|t:|1757857025
|switch|p1a: Slowking|Slowking-Galar, M|77/100 brn
|turn|44
|-message|cr aries forfeited.
|
|win|oehtwashere
|raw|cr aries's rating: 1757 &rarr; <strong>1735</strong><br />(-22 for losing)
|raw|oehtwashere's rating: 1729 &rarr; <strong>1751</strong><br />(+22 for winning)
|l|☆cr aries
|player|p1|
