|j|☆YT-Cyber-DJ
|j|☆Liveds19
|t:|1757958858
|gametype|singles
|player|p1|YT-Cyber-DJ|gambler|1468
|player|p2|Liveds19|linebacker|1549
|gen|9
|tier|[Gen 9] OU
|rated|
|rule|HP Percentage Mod: HP is shown in percentages
|rule|Endless Battle Clause: Forcing endless battles is banned
|rule|Species Clause: Limit one of each Pokémon
|rule|OHKO Clause: OHKO moves are banned
|rule|Evasion Items Clause: Evasion items are banned
|rule|Evasion Moves Clause: Evasion moves are banned
|rule|Evasion Abilities Clause: Evasion abilities are banned
|rule|Sleep Moves Clause: Sleep-inducing moves are banned
|clearpoke
|poke|p1|Iron Crown|
|poke|p1|Meowscarada, F|
|poke|p1|Great Tusk|
|poke|p1|Pecharunt|
|poke|p1|Ting-Lu|
|poke|p1|Iron Valiant|
|poke|p2|Sandy Shocks|
|poke|p2|Great Tusk|
|poke|p2|Corviknight, F|
|poke|p2|Slowking-Galar, M|
|poke|p2|Ogerpon-Wellspring, F|
|poke|p2|Iron Moth|
|teampreview
|inactive|Battle timer is ON: inactive players will automatically lose when time's up. (requested by YT-Cyber-DJ)
|inactive|Liveds19 also wants the timer to be on.
|
|t:|1757958877
|teamsize|p1|6
|teamsize|p2|6
|start
|switch|p1a: Bowler Hat Guy|Ting-Lu|100/100
|switch|p2a: Corviknight|Corviknight, F|100/100
|-ability|p2a: Corviknight|Pressure
|-ability|p1a: Bowler Hat Guy|Vessel of Ruin
|turn|1
|
|t:|1757958885
|move|p2a: Corviknight|Body Press|p1a: Bowler Hat Guy
|-supereffective|p1a: Bowler Hat Guy
|-crit|p1a: Bowler Hat Guy
|-damage|p1a: Bowler Hat Guy|59/100
|move|p1a: Bowler Hat Guy|Stealth Rock|p2a: Corviknight
|-sidestart|p2: Liveds19|move: Stealth Rock
|
|-heal|p1a: Bowler Hat Guy|65/100|[from] item: Leftovers
|upkeep
|turn|2
|
|t:|1757958892
|switch|p1a: Perchance|Pecharunt|100/100
|move|p2a: Corviknight|U-turn|p1a: Perchance
|-resisted|p1a: Perchance
|-damage|p1a: Perchance|99/100
|
|t:|1757958899
|switch|p2a: Slowking|Slowking-Galar, M|100/100|[from] U-turn
|
|upkeep
|turn|3
|
|t:|1757958903
|move|p1a: Perchance|Parting Shot|p2a: Slowking
|-unboost|p2a: Slowking|atk|1
|-unboost|p2a: Slowking|spa|1
|
|t:|1757958905
|switch|p1a: Iron Frown|Iron Crown|100/100|[from] Parting Shot
|move|p2a: Slowking|Future Sight|p1a: Iron Frown
|-start|p2a: Slowking|move: Future Sight
|
|upkeep
|turn|4
|
|t:|1757958913
|move|p1a: Iron Frown|Tachyon Cutter|p2a: Slowking
|-damage|p2a: Slowking|78/100
|-damage|p2a: Slowking|55/100
|-hitcount|p2a: Slowking|2
|-prepare|p2a: Slowking|Chilly Reception|[premajor]
|move|p2a: Slowking|Chilly Reception|p2a: Slowking
|-weather|Snowscape
|
|t:|1757958925
|switch|p2a: Ogerpon|Ogerpon-Wellspring, F|100/100|[from] Chilly Reception
|-damage|p2a: Ogerpon|88/100|[from] Stealth Rock
|
|-weather|Snowscape|[upkeep]
|upkeep
|turn|5
|
|t:|1757958932
|-end|p1a: Iron Frown|Quark Drive|[silent]
|switch|p1a: Here Critty Critty|Meowscarada, F|100/100
|move|p2a: Ogerpon|Play Rough|p1a: Here Critty Critty|[miss]
|-miss|p2a: Ogerpon|p1a: Here Critty Critty
|
|-weather|Snowscape|[upkeep]
|-end|p1a: Here Critty Critty|move: Future Sight
|-immune|p1a: Here Critty Critty
|upkeep
|turn|6
|
|t:|1757958950
|switch|p2a: Corviknight|Corviknight, F|100/100
|-damage|p2a: Corviknight|88/100|[from] Stealth Rock
|-ability|p2a: Corviknight|Pressure
|move|p1a: Here Critty Critty|Knock Off|p2a: Corviknight
|-start|p1a: Here Critty Critty|typechange|Dark|[from] ability: Protean
|-damage|p2a: Corviknight|47/100
|-damage|p1a: Here Critty Critty|84/100|[from] item: Rocky Helmet|[of] p2a: Corviknight
|-enditem|p2a: Corviknight|Rocky Helmet|[from] move: Knock Off|[of] p1a: Here Critty Critty
|
|-weather|Snowscape|[upkeep]
|upkeep
|turn|7
|
|t:|1757958962
|switch|p1a: Iron Frown|Iron Crown|100/100
|move|p2a: Corviknight|Roost|p2a: Corviknight
|-heal|p2a: Corviknight|97/100
|-singleturn|p2a: Corviknight|move: Roost
|
|-weather|Snowscape|[upkeep]
|upkeep
|turn|8
|
|t:|1757958968
|switch|p2a: Sandy Shocks|Sandy Shocks|100/100
|-damage|p2a: Sandy Shocks|94/100|[from] Stealth Rock
|move|p1a: Iron Frown|Tachyon Cutter|p2a: Sandy Shocks
|-resisted|p2a: Sandy Shocks
|-damage|p2a: Sandy Shocks|71/100
|-resisted|p2a: Sandy Shocks
|-damage|p2a: Sandy Shocks|49/100
|-hitcount|p2a: Sandy Shocks|2
|
|-weather|none
|upkeep
|turn|9
|
|t:|1757958974
|move|p2a: Sandy Shocks|Earth Power|p1a: Iron Frown
|-supereffective|p1a: Iron Frown
|-damage|p1a: Iron Frown|18/100
|move|p1a: Iron Frown|Tachyon Cutter|p2a: Sandy Shocks
|-resisted|p2a: Sandy Shocks
|-damage|p2a: Sandy Shocks|24/100
|-resisted|p2a: Sandy Shocks
|-damage|p2a: Sandy Shocks|1/100
|-hitcount|p2a: Sandy Shocks|2
|
|upkeep
|turn|10
|
|t:|1757958985
|move|p2a: Sandy Shocks|Earth Power|p1a: Iron Frown
|-supereffective|p1a: Iron Frown
|-damage|p1a: Iron Frown|0 fnt
|faint|p1a: Iron Frown
|-end|p1a: Iron Frown|Quark Drive|[silent]
|
|upkeep
|
|t:|1757958995
|switch|p1a: Here Critty Critty|Meowscarada, F|84/100
|turn|11
|
|t:|1757959004
|-end|p2a: Sandy Shocks|Protosynthesis|[silent]
|switch|p2a: Corviknight|Corviknight, F|97/100
|-damage|p2a: Corviknight|85/100|[from] Stealth Rock
|-ability|p2a: Corviknight|Pressure
|move|p1a: Here Critty Critty|Knock Off|p2a: Corviknight
|-start|p1a: Here Critty Critty|typechange|Dark|[from] ability: Protean
|-crit|p2a: Corviknight
|-damage|p2a: Corviknight|43/100
|
|upkeep
|turn|12
|
|t:|1757959010
|switch|p1a: Bowler Hat Guy|Ting-Lu|65/100
|-ability|p1a: Bowler Hat Guy|Vessel of Ruin
|move|p2a: Corviknight|Roost|p2a: Corviknight
|-heal|p2a: Corviknight|93/100
|-singleturn|p2a: Corviknight|move: Roost
|
|-heal|p1a: Bowler Hat Guy|72/100|[from] item: Leftovers
|upkeep
|turn|13
|
|t:|1757959017
|switch|p1a: Perchance|Pecharunt|99/100
|move|p2a: Corviknight|Body Press|p1a: Perchance
|-immune|p1a: Perchance
|
|upkeep
|turn|14
|
|t:|1757959023
|move|p1a: Perchance|Hex|p2a: Corviknight
|-damage|p2a: Corviknight|73/100
|move|p2a: Corviknight|U-turn|p1a: Perchance
|-resisted|p1a: Perchance
|-damage|p1a: Perchance|97/100
|
|t:|1757959031
|switch|p2a: Iron Moth|Iron Moth|100/100|[from] U-turn
|-damage|p2a: Iron Moth|76/100|[from] Stealth Rock
|-enditem|p2a: Iron Moth|Booster Energy
|-activate|p2a: Iron Moth|ability: Quark Drive|[fromitem]
|-start|p2a: Iron Moth|quarkdrivespe
|
|upkeep
|turn|15
|
|t:|1757959039
|switch|p1a: Bowler Hat Guy|Ting-Lu|72/100
|-ability|p1a: Bowler Hat Guy|Vessel of Ruin
|move|p2a: Iron Moth|Substitute|p2a: Iron Moth
|-start|p2a: Iron Moth|Substitute
|-damage|p2a: Iron Moth|51/100
|
|-heal|p1a: Bowler Hat Guy|78/100|[from] item: Leftovers
|upkeep
|turn|16
|
|t:|1757959046
|move|p2a: Iron Moth|Dazzling Gleam|p1a: Bowler Hat Guy
|-supereffective|p1a: Bowler Hat Guy
|-damage|p1a: Bowler Hat Guy|56/100
|move|p1a: Bowler Hat Guy|Whirlwind|p2a: Iron Moth
|-end|p2a: Iron Moth|Quark Drive|[silent]
|drag|p2a: Great Tusk|Great Tusk|100/100
|
|-heal|p1a: Bowler Hat Guy|62/100|[from] item: Leftovers
|upkeep
|turn|17
|
|t:|1757959053
|switch|p1a: Triborg|Iron Valiant, shiny|100/100
|-enditem|p1a: Triborg|Booster Energy
|-activate|p1a: Triborg|ability: Quark Drive|[fromitem]
|-start|p1a: Triborg|quarkdrivespe
|move|p2a: Great Tusk|Earthquake|p1a: Triborg
|-damage|p1a: Triborg|36/100
|
|upkeep
|turn|18
|
|t:|1757959061
|-end|p2a: Great Tusk|Protosynthesis|[silent]
|switch|p2a: Sandy Shocks|Sandy Shocks|1/100
|-damage|p2a: Sandy Shocks|0 fnt|[from] Stealth Rock
|faint|p2a: Sandy Shocks
|-end|p2a: Sandy Shocks|Protosynthesis|[silent]
|move|p1a: Triborg|Knock Off|p2: Sandy Shocks|[notarget]
|-fail|p1a: Triborg
|
|upkeep
|
|t:|1757959074
|switch|p2a: Slowking|Slowking-Galar, M|88/100
|turn|19
|
|t:|1757959081
|-end|p1a: Triborg|Quark Drive|[silent]
|switch|p1a: Bowler Hat Guy|Ting-Lu|62/100
|-ability|p1a: Bowler Hat Guy|Vessel of Ruin
|-terastallize|p2a: Slowking|Water
|move|p2a: Slowking|Thunder Wave|p1a: Bowler Hat Guy
|-immune|p1a: Bowler Hat Guy
|
|-heal|p1a: Bowler Hat Guy|68/100|[from] item: Leftovers
|upkeep
|turn|20
|
|t:|1757959088
|move|p1a: Bowler Hat Guy|Earthquake|p2a: Slowking
|-damage|p2a: Slowking|53/100
|move|p2a: Slowking|Future Sight|p1a: Bowler Hat Guy
|-start|p2a: Slowking|move: Future Sight
|
|-heal|p1a: Bowler Hat Guy|74/100|[from] item: Leftovers
|upkeep
|turn|21
|
|t:|1757959093
|-prepare|p2a: Slowking|Chilly Reception|[premajor]
|move|p2a: Slowking|Chilly Reception|p2a: Slowking
|-weather|Snowscape
|
|t:|1757959110
|switch|p2a: Iron Moth|Iron Moth|51/100|[from] Chilly Reception
|-damage|p2a: Iron Moth|26/100|[from] Stealth Rock
|move|p1a: Bowler Hat Guy|Whirlwind|p2a: Iron Moth
|-end|p2a: Iron Moth|Quark Drive|[silent]
|drag|p2a: Slowking|Slowking-Galar, M, tera:Water|86/100
|
|-weather|Snowscape|[upkeep]
|-heal|p1a: Bowler Hat Guy|81/100|[from] item: Leftovers
|upkeep
|turn|22
|
|t:|1757959126
|move|p2a: Slowking|Sludge Bomb|p1a: Bowler Hat Guy
|-resisted|p1a: Bowler Hat Guy
|-damage|p1a: Bowler Hat Guy|74/100
|move|p1a: Bowler Hat Guy|Whirlwind|p2a: Slowking
|drag|p2a: Corviknight|Corviknight, F|73/100
|-damage|p2a: Corviknight|60/100|[from] Stealth Rock
|-ability|p2a: Corviknight|Pressure
|
|-weather|Snowscape|[upkeep]
|-end|p1a: Bowler Hat Guy|move: Future Sight
|-immune|p1a: Bowler Hat Guy
|-heal|p1a: Bowler Hat Guy|80/100|[from] item: Leftovers
|upkeep
|turn|23
|
|t:|1757959132
|switch|p1a: Triborg|Iron Valiant, shiny|36/100
|move|p2a: Corviknight|U-turn|p1a: Triborg
|-resisted|p1a: Triborg
|-damage|p1a: Triborg|31/100
|
|t:|1757959135
|switch|p2a: Slowking|Slowking-Galar, M, tera:Water|100/100|[from] U-turn
|
|-weather|Snowscape|[upkeep]
|upkeep
|turn|24
|
|t:|1757959142
|-end|p1a: Triborg|Quark Drive|[silent]
|switch|p1a: Perchance|Pecharunt|97/100
|move|p2a: Slowking|Thunder Wave|p1a: Perchance
|-status|p1a: Perchance|par
|
|-weather|Snowscape|[upkeep]
|upkeep
|turn|25
|
|t:|1757959147
|move|p1a: Perchance|Malignant Chain|p2a: Slowking
|-damage|p2a: Slowking|83/100
|move|p2a: Slowking|Future Sight|p1a: Perchance
|-start|p2a: Slowking|move: Future Sight
|
|-weather|none
|upkeep
|turn|26
|
|t:|1757959152
|move|p1a: Perchance|Parting Shot|p2a: Slowking
|-unboost|p2a: Slowking|atk|1
|-unboost|p2a: Slowking|spa|1
|
|t:|1757959158
|switch|p1a: Here Critty Critty|Meowscarada, F|84/100|[from] Parting Shot
|-prepare|p2a: Slowking|Chilly Reception|[premajor]
|move|p2a: Slowking|Chilly Reception|p2a: Slowking
|-weather|Snowscape
|
|t:|1757959160
|switch|p2a: Corviknight|Corviknight, F|60/100|[from] Chilly Reception
|-damage|p2a: Corviknight|48/100|[from] Stealth Rock
|-ability|p2a: Corviknight|Pressure
|
|-weather|Snowscape|[upkeep]
|upkeep
|turn|27
|
|t:|1757959180
|move|p1a: Here Critty Critty|U-turn|p2a: Corviknight
|-start|p1a: Here Critty Critty|typechange|Bug|[from] ability: Protean
|-resisted|p2a: Corviknight
|-damage|p2a: Corviknight|41/100
|
|t:|1757959182
|switch|p1a: Bowler Hat Guy|Ting-Lu|80/100|[from] U-turn
|-ability|p1a: Bowler Hat Guy|Vessel of Ruin
|move|p2a: Corviknight|Body Press|p1a: Bowler Hat Guy
|-supereffective|p1a: Bowler Hat Guy
|-damage|p1a: Bowler Hat Guy|50/100
|
|-weather|Snowscape|[upkeep]
|-end|p1a: Bowler Hat Guy|move: Future Sight
|-immune|p1a: Bowler Hat Guy
|-heal|p1a: Bowler Hat Guy|56/100|[from] item: Leftovers
|upkeep
|turn|28
|
|t:|1757959185
|move|p2a: Corviknight|Roost|p2a: Corviknight
|-heal|p2a: Corviknight|91/100
|-singleturn|p2a: Corviknight|move: Roost
|move|p1a: Bowler Hat Guy|Earthquake|p2a: Corviknight
|-supereffective|p2a: Corviknight
|-damage|p2a: Corviknight|47/100
|
|-weather|Snowscape|[upkeep]
|-heal|p1a: Bowler Hat Guy|63/100|[from] item: Leftovers
|upkeep
|turn|29
|
|t:|1757959191
|switch|p1a: Triborg|Iron Valiant, shiny|31/100
|move|p2a: Corviknight|Roost|p2a: Corviknight
|-heal|p2a: Corviknight|97/100
|-singleturn|p2a: Corviknight|move: Roost
|
|-weather|Snowscape|[upkeep]
|upkeep
|turn|30
|
|t:|1757959198
|switch|p2a: Slowking|Slowking-Galar, M, tera:Water|100/100
|move|p1a: Triborg|Knock Off|p2a: Slowking
|-damage|p2a: Slowking|70/100
|-enditem|p2a: Slowking|Heavy-Duty Boots|[from] move: Knock Off|[of] p1a: Triborg
|
|-weather|none
|upkeep
|turn|31
|
|t:|1757959221
|-end|p1a: Triborg|Quark Drive|[silent]
|switch|p1a: Perchance|Pecharunt|97/100 par
|move|p2a: Slowking|Future Sight|p1a: Perchance
|-start|p2a: Slowking|move: Future Sight
|
|upkeep
|turn|32
|
|t:|1757959230
|switch|p2a: Corviknight|Corviknight, F|97/100
|-damage|p2a: Corviknight|84/100|[from] Stealth Rock
|-ability|p2a: Corviknight|Pressure
|cant|p1a: Perchance|par
|
|upkeep
|turn|33
|
|t:|1757959235
|move|p2a: Corviknight|U-turn|p1a: Perchance
|-resisted|p1a: Perchance
|-damage|p1a: Perchance|96/100 par
|
|t:|1757959242
|switch|p2a: Slowking|Slowking-Galar, M, tera:Water|100/100|[from] U-turn
|-damage|p2a: Slowking|88/100|[from] Stealth Rock
|move|p1a: Perchance|Parting Shot|p2a: Slowking
|-unboost|p2a: Slowking|atk|1
|-unboost|p2a: Slowking|spa|1
|
|t:|1757959249
|switch|p1a: Here Critty Critty|Meowscarada, F|84/100|[from] Parting Shot
|
|-end|p1a: Here Critty Critty|move: Future Sight
|-immune|p1a: Here Critty Critty
|upkeep
|turn|34
|
|t:|1757959259
|switch|p2a: Corviknight|Corviknight, F|84/100
|-damage|p2a: Corviknight|72/100|[from] Stealth Rock
|-ability|p2a: Corviknight|Pressure
|move|p1a: Here Critty Critty|Flower Trick|p2a: Corviknight
|-start|p1a: Here Critty Critty|typechange|Grass|[from] ability: Protean
|-resisted|p2a: Corviknight
|-crit|p2a: Corviknight
|-damage|p2a: Corviknight|62/100
|
|upkeep
|turn|35
|
|t:|1757959263
|switch|p1a: Triborg|Iron Valiant, shiny|31/100
|move|p2a: Corviknight|U-turn|p1a: Triborg
|-resisted|p1a: Triborg
|-damage|p1a: Triborg|26/100
|
|t:|1757959267
|switch|p2a: Slowking|Slowking-Galar, M, tera:Water|100/100|[from] U-turn
|-damage|p2a: Slowking|88/100|[from] Stealth Rock
|
|upkeep
|turn|36
|
|t:|1757959283
|-end|p1a: Triborg|Quark Drive|[silent]
|switch|p1a: Bowler Hat Guy|Ting-Lu|63/100
|-ability|p1a: Bowler Hat Guy|Vessel of Ruin
|move|p2a: Slowking|Future Sight|p1a: Bowler Hat Guy
|-start|p2a: Slowking|move: Future Sight
|
|-heal|p1a: Bowler Hat Guy|69/100|[from] item: Leftovers
|upkeep
|turn|37
|
|t:|1757959290
|move|p1a: Bowler Hat Guy|Ruination|p2a: Slowking
|-damage|p2a: Slowking|44/100
|move|p2a: Slowking|Sludge Bomb|p1a: Bowler Hat Guy
|-resisted|p1a: Bowler Hat Guy
|-damage|p1a: Bowler Hat Guy|61/100
|
|-heal|p1a: Bowler Hat Guy|68/100|[from] item: Leftovers
|upkeep
|turn|38
|
|t:|1757959296
|switch|p2a: Corviknight|Corviknight, F|62/100
|-damage|p2a: Corviknight|49/100|[from] Stealth Rock
|-ability|p2a: Corviknight|Pressure
|move|p1a: Bowler Hat Guy|Whirlwind|p2a: Corviknight
|drag|p2a: Slowking|Slowking-Galar, M, tera:Water|78/100
|-damage|p2a: Slowking|65/100|[from] Stealth Rock
|
|-end|p1a: Bowler Hat Guy|move: Future Sight
|-immune|p1a: Bowler Hat Guy
|-heal|p1a: Bowler Hat Guy|74/100|[from] item: Leftovers
|upkeep
|turn|39
|
|t:|1757959307
|switch|p1a: Here Critty Critty|Meowscarada, F|84/100
|-prepare|p2a: Slowking|Chilly Reception|[premajor]
|move|p2a: Slowking|Chilly Reception|p2a: Slowking
|-weather|Snowscape
|
|t:|1757959316
|switch|p2a: Great Tusk|Great Tusk|100/100|[from] Chilly Reception
|
|-weather|Snowscape|[upkeep]
|upkeep
|turn|40
|
|t:|1757959328
|move|p1a: Here Critty Critty|Triple Axel|p2a: Great Tusk
|-start|p1a: Here Critty Critty|typechange|Ice|[from] ability: Protean
|-supereffective|p2a: Great Tusk
|-damage|p2a: Great Tusk|79/100
|-supereffective|p2a: Great Tusk
|-damage|p2a: Great Tusk|39/100
|-supereffective|p2a: Great Tusk
|-damage|p2a: Great Tusk|0 fnt
|faint|p2a: Great Tusk
|-end|p2a: Great Tusk|Protosynthesis|[silent]
|-hitcount|p2: Great Tusk|3
|
|-weather|Snowscape|[upkeep]
|upkeep
|
|t:|1757959336
|switch|p2a: Slowking|Slowking-Galar, M, tera:Water|98/100
|-damage|p2a: Slowking|86/100|[from] Stealth Rock
|turn|41
|
|t:|1757959342
|switch|p1a: Perchance|Pecharunt|96/100 par
|move|p2a: Slowking|Future Sight|p1a: Perchance
|-start|p2a: Slowking|move: Future Sight
|
|-weather|Snowscape|[upkeep]
|upkeep
|turn|42
|
|t:|1757959349
|switch|p1a: Here Critty Critty|Meowscarada, F|84/100
|-prepare|p2a: Slowking|Chilly Reception|[premajor]
|move|p2a: Slowking|Chilly Reception|p2a: Slowking
|
|t:|1757959353
|switch|p2a: Corviknight|Corviknight, F|49/100|[from] Chilly Reception
|-damage|p2a: Corviknight|37/100|[from] Stealth Rock
|-ability|p2a: Corviknight|Pressure
|
|-weather|Snowscape|[upkeep]
|upkeep
|turn|43
|
|t:|1757959356
|move|p1a: Here Critty Critty|Knock Off|p2a: Corviknight
|-start|p1a: Here Critty Critty|typechange|Dark|[from] ability: Protean
|-damage|p2a: Corviknight|8/100
|move|p2a: Corviknight|Body Press|p1a: Here Critty Critty
|-supereffective|p1a: Here Critty Critty
|-damage|p1a: Here Critty Critty|8/100
|
|-weather|none
|-end|p1a: Here Critty Critty|move: Future Sight
|-immune|p1a: Here Critty Critty
|upkeep
|turn|44
|-message|Liveds19 forfeited.
|
|win|YT-Cyber-DJ
|raw|YT-Cyber-DJ's rating: 1446 &rarr; <strong>1472</strong><br />(+26 for winning)
|raw|Liveds19's rating: 1549 &rarr; <strong>1523</strong><br />(-26 for losing)
|l|☆Liveds19
|player|p2|
