|j|☆eucalipto69!
|j|☆TheGrustler
|t:|1757828919
|gametype|singles
|player|p1|eucalipto69!|266|1408
|player|p2|TheGrustler|169|1349
|gen|9
|tier|[Gen 9] OU
|rated|
|rule|HP Percentage Mod: HP is shown in percentages
|rule|Endless Battle Clause: Forcing endless battles is banned
|rule|Species Clause: Limit one of each Pokémon
|rule|OHKO Clause: OHKO moves are banned
|rule|Evasion Items Clause: Evasion items are banned
|rule|Evasion Moves Clause: Evasion moves are banned
|rule|Evasion Abilities Clause: Evasion abilities are banned
|rule|Sleep Moves Clause: Sleep-inducing moves are banned
|clearpoke
|poke|p1|Ceruledge, M|
|poke|p1|Torkoal, F|
|poke|p1|Walking Wake|
|poke|p1|Hoopa-Unbound|
|poke|p1|Landorus-Therian, M|
|poke|p1|Venusaur, F|
|poke|p2|Porygon-Z|
|poke|p2|Zamazenta-*|
|poke|p2|Pecharunt|
|poke|p2|Iron Treads|
|poke|p2|Alomomola, M|
|poke|p2|Dragonite, F|
|teampreview
|inactive|Battle timer is ON: inactive players will automatically lose when time's up. (requested by TheGrustler)
|
|t:|1757828927
|teamsize|p1|6
|teamsize|p2|6
|start
|switch|p1a: Hoopa|Hoopa-Unbound|100/100
|switch|p2a: Porygon-Z|Porygon-Z|100/100
|-ability|p2a: Porygon-Z|Download|boost
|-boost|p2a: Porygon-Z|atk|1
|turn|1
|
|t:|1757828950
|switch|p2a: Alomomola|Alomomola, M|100/100
|move|p1a: Hoopa|Knock Off|p2a: Alomomola
|-damage|p2a: Alomomola|59/100
|-enditem|p2a: Alomomola|Assault Vest|[from] move: Knock Off|[of] p1a: Hoopa
|
|upkeep
|turn|2
|
|t:|1757828957
|move|p1a: Hoopa|Thunderbolt|p2a: Alomomola
|-supereffective|p2a: Alomomola
|-damage|p2a: Alomomola|8/100
|move|p2a: Alomomola|Flip Turn|p1a: Hoopa
|-damage|p1a: Hoopa|68/100
|
|t:|1757828962
|switch|p2a: Zamazenta|Zamazenta|100/100|[from] Flip Turn
|-ability|p2a: Zamazenta|Dauntless Shield|boost
|-boost|p2a: Zamazenta|def|1
|
|upkeep
|turn|3
|
|t:|1757828966
|-terastallize|p1a: Hoopa|Ghost
|move|p2a: Zamazenta|Close Combat|p1a: Hoopa
|-immune|p1a: Hoopa
|move|p1a: Hoopa|Psychic|p2a: Zamazenta
|-supereffective|p2a: Zamazenta
|-damage|p2a: Zamazenta|1/100
|
|upkeep
|turn|4
|
|t:|1757828974
|move|p2a: Zamazenta|Crunch|p1a: Hoopa
|-supereffective|p1a: Hoopa
|-damage|p1a: Hoopa|0 fnt
|faint|p1a: Hoopa
|
|upkeep
|
|t:|1757828979
|switch|p1a: Ceruledge|Ceruledge, M|100/100
|turn|5
|
|t:|1757828987
|switch|p2a: Porygon-Z|Porygon-Z|100/100
|-ability|p2a: Porygon-Z|Download|boost
|-boost|p2a: Porygon-Z|atk|1
|move|p1a: Ceruledge|Bitter Blade|p2a: Porygon-Z
|-damage|p2a: Porygon-Z|30/100
|
|upkeep
|turn|6
|
|t:|1757828991
|move|p1a: Ceruledge|Bitter Blade|p2a: Porygon-Z
|-damage|p2a: Porygon-Z|0 fnt
|faint|p2a: Porygon-Z
|
|upkeep
|
|t:|1757829011
|switch|p2a: Pecharunt|Pecharunt|100/100
|turn|7
|
|t:|1757829015
|switch|p1a: Landorus|Landorus-Therian, M|100/100
|-ability|p1a: Landorus|Intimidate|boost
|-unboost|p2a: Pecharunt|atk|1
|move|p2a: Pecharunt|Parting Shot|p1a: Landorus
|-unboost|p1a: Landorus|atk|1
|-unboost|p1a: Landorus|spa|1
|
|t:|1757829019
|switch|p2a: Dragonite|Dragonite, F|100/100|[from] Parting Shot
|
|upkeep
|turn|8
|
|t:|1757829025
|move|p1a: Landorus|Taunt|p2a: Dragonite
|-start|p2a: Dragonite|move: Taunt
|cant|p2a: Dragonite|move: Taunt|Dragon Dance
|
|upkeep
|turn|9
|-message|TheGrustler forfeited.
|
|win|eucalipto69!
|raw|eucalipto69!'s rating: 1408 &rarr; <strong>1425</strong><br />(+17 for winning)
|raw|TheGrustler's rating: 1349 &rarr; <strong>1332</strong><br />(-17 for losing)
|l|☆TheGrustler
|player|p2|
|l|☆eucalipto69!
|player|p1|
