|j|☆KalebsShizz
|j|☆ake 475
|t:|1757873582
|gametype|singles
|player|p1|KalebsShizz|n|1121
|player|p2|ake 475|cynthia|1090
|gen|9
|tier|[Gen 9] OU
|rated|
|rule|HP Percentage Mod: HP is shown in percentages
|rule|Endless Battle Clause: Forcing endless battles is banned
|rule|Species Clause: Limit one of each Pokémon
|rule|OHKO Clause: OHKO moves are banned
|rule|Evasion Items Clause: Evasion items are banned
|rule|Evasion Moves Clause: Evasion moves are banned
|rule|Evasion Abilities Clause: Evasion abilities are banned
|rule|Sleep Moves Clause: Sleep-inducing moves are banned
|clearpoke
|poke|p1|Mightyena, M|
|poke|p1|Spidops, F|
|poke|p1|Hatterene, F|
|poke|p1|Toxtricity, F|
|poke|p1|Rhydon, F|
|poke|p1|Volcanion|
|poke|p2|Weavile, M|
|poke|p2|Gallade, M|
|poke|p2|Staraptor, M|
|poke|p2|Excadrill, M|
|poke|p2|Garchomp, M|
|poke|p2|Gyarados, F|
|teampreview
|
|t:|1757873598
|teamsize|p1|6
|teamsize|p2|6
|start
|switch|p1a: Spidops|Spidops, F|100/100
|switch|p2a: Excadrill|Excadrill, M|100/100
|-ability|p2a: Excadrill|Mold Breaker
|turn|1
|
|t:|1757873606
|move|p2a: Excadrill|Stealth Rock|p1a: Spidops
|-sidestart|p1: KalebsShizz|move: Stealth Rock
|move|p1a: Spidops|Sticky Web|p2a: Excadrill
|-sidestart|p2: ake 475|move: Sticky Web
|
|upkeep
|turn|2
|
|t:|1757873613
|move|p2a: Excadrill|Earthquake|p1a: Spidops
|-resisted|p1a: Spidops
|-damage|p1a: Spidops|72/100
|-enditem|p1a: Spidops|Red Card|[of] p2a: Excadrill
|drag|p2a: Weavile|Weavile, M|100/100
|-activate|p2a: Weavile|move: Sticky Web
|-unboost|p2a: Weavile|spe|1
|-ability|p2a: Weavile|Pressure
|move|p1a: Spidops|Sticky Web||[still]
|-fail|p1a: Spidops
|
|upkeep
|turn|3
|
|t:|1757873625
|move|p2a: Weavile|Knock Off|p1a: Spidops
|-damage|p1a: Spidops|28/100
|-damage|p2a: Weavile|91/100|[from] item: Life Orb
|move|p1a: Spidops|Spikes|p2a: Weavile
|-sidestart|p2: ake 475|Spikes
|
|upkeep
|turn|4
|
|t:|1757873633
|switch|p2a: Excadrill|Excadrill, M|100/100
|-activate|p2a: Excadrill|move: Sticky Web
|-unboost|p2a: Excadrill|spe|1
|-damage|p2a: Excadrill|88/100|[from] Spikes
|-ability|p2a: Excadrill|Mold Breaker
|move|p1a: Spidops|Spikes|p2a: Excadrill
|-sidestart|p2: ake 475|Spikes
|
|upkeep
|turn|5
|
|t:|1757873643
|-terastallize|p1a: Spidops|Ghost
|move|p2a: Excadrill|Rapid Spin|p1a: Spidops
|-immune|p1a: Spidops
|move|p1a: Spidops|Circle Throw|p2a: Excadrill
|-supereffective|p2a: Excadrill
|-damage|p2a: Excadrill|44/100
|-damage|p1a: Spidops|11/100|[from] item: Rocky Helmet|[of] p2a: Excadrill
|drag|p2a: Weavile|Weavile, M|91/100
|-activate|p2a: Weavile|move: Sticky Web
|-unboost|p2a: Weavile|spe|1
|-damage|p2a: Weavile|74/100|[from] Spikes
|-ability|p2a: Weavile|Pressure
|
|upkeep
|turn|6
|
|t:|1757873657
|move|p2a: Weavile|Knock Off|p1a: Spidops
|-supereffective|p1a: Spidops
|-damage|p1a: Spidops|0 fnt
|faint|p1a: Spidops
|-damage|p2a: Weavile|64/100|[from] item: Life Orb
|
|upkeep
|
|t:|1757873674
|switch|p1a: Toxtricity|Toxtricity, F|100/100
|-damage|p1a: Toxtricity|88/100|[from] Stealth Rock
|turn|7
|
|t:|1757873681
|move|p1a: Toxtricity|Shift Gear|p1a: Toxtricity
|-boost|p1a: Toxtricity|spe|2
|-boost|p1a: Toxtricity|atk|1
|move|p2a: Weavile|Ice Spinner|p1a: Toxtricity
|-damage|p1a: Toxtricity|11/100
|-damage|p2a: Weavile|54/100|[from] item: Life Orb
|
|upkeep
|turn|8
|
|t:|1757873689
|move|p1a: Toxtricity|Boomburst|p2a: Weavile
|-damage|p2a: Weavile|0 fnt
|faint|p2a: Weavile
|-enditem|p1a: Toxtricity|Throat Spray
|-boost|p1a: Toxtricity|spa|1|[from] item: Throat Spray
|
|upkeep
|
|t:|1757873696
|switch|p2a: Staraptor|Staraptor, M|100/100
|-ability|p2a: Staraptor|Intimidate|boost
|-unboost|p1a: Toxtricity|atk|1
|turn|9
|
|t:|1757873702
|move|p2a: Staraptor|Quick Attack|p1a: Toxtricity
|-damage|p1a: Toxtricity|0 fnt
|faint|p1a: Toxtricity
|
|upkeep
|
|t:|1757873706
|switch|p1a: Rhydon|Rhydon, F|100/100
|-damage|p1a: Rhydon|94/100|[from] Stealth Rock
|turn|10
|
|t:|1757873710
|switch|p2a: Gyarados|Gyarados, F|100/100
|move|p1a: Rhydon|Stone Edge|p2a: Gyarados
|-supereffective|p2a: Gyarados
|-damage|p2a: Gyarados|0 fnt
|faint|p2a: Gyarados
|
|upkeep
|-message|ake 475 forfeited.
|
|win|KalebsShizz
|raw|KalebsShizz's rating: 1121 &rarr; <strong>1144</strong><br />(+23 for winning)
|raw|ake 475's rating: 1090 &rarr; <strong>1069</strong><br />(-21 for losing)
|l|☆ake 475
|player|p2|
|l|☆KalebsShizz
|player|p1|
