|j|☆lucashwin196
|j|☆monkeyooooooo
|t:|1757915974
|gametype|singles
|player|p1|lucashwin196|blue|1611
|player|p2|monkeyooooooo|swimmerf-gen4|1550
|gen|9
|tier|[Gen 9] OU
|rated|
|rule|HP Percentage Mod: HP is shown in percentages
|rule|Endless Battle Clause: Forcing endless battles is banned
|rule|Species Clause: Limit one of each Pokémon
|rule|OHKO Clause: OHKO moves are banned
|rule|Evasion Items Clause: Evasion items are banned
|rule|Evasion Moves Clause: Evasion moves are banned
|rule|Evasion Abilities Clause: Evasion abilities are banned
|rule|Sleep Moves Clause: Sleep-inducing moves are banned
|clearpoke
|poke|p1|Great Tusk|
|poke|p1|Slowking-Galar, F|
|poke|p1|Alomomola, M|
|poke|p1|Kingambit, F|
|poke|p1|Dragapult, M|
|poke|p1|Dragonite, F|
|poke|p2|Ogerpon-Wellspring, F|
|poke|p2|Alomomola, M|
|poke|p2|Darkrai|
|poke|p2|Iron Treads|
|poke|p2|Slowking-Galar, M|
|poke|p2|Zapdos-Galar|
|teampreview
|inactive|Battle timer is ON: inactive players will automatically lose when time's up. (requested by lucashwin196)
|
|t:|1757916002
|teamsize|p1|6
|teamsize|p2|6
|start
|switch|p1a: Dragapult|Dragapult, M|100/100
|switch|p2a: Darkrai|Darkrai, shiny|100/100
|turn|1
|
|t:|1757916005
|move|p2a: Darkrai|Dark Pulse|p1a: Dragapult
|-supereffective|p1a: Dragapult
|-damage|p1a: Dragapult|0 fnt
|faint|p1a: Dragapult
|
|upkeep
|
|t:|1757916014
|switch|p1a: Kingambit|Kingambit, F|100/100
|-activate|p1a: Kingambit|ability: Supreme Overlord
|-start|p1a: Kingambit|fallen1|[silent]
|turn|2
|
|t:|1757916022
|switch|p2a: Zapdos|Zapdos-Galar, shiny|100/100
|move|p1a: Kingambit|Swords Dance|p1a: Kingambit
|-boost|p1a: Kingambit|atk|2
|
|upkeep
|turn|3
|
|t:|1757916026
|-end|p1a: Kingambit|fallen1|[silent]
|switch|p1a: Alomomola|Alomomola, M|100/100
|move|p2a: Zapdos|Thunderous Kick|p1a: Alomomola
|-damage|p1a: Alomomola|62/100
|-unboost|p1a: Alomomola|def|1
|
|upkeep
|turn|4
|
|t:|1757916032
|switch|p1a: Slowking|Slowking-Galar, F|100/100
|move|p2a: Zapdos|Thunderous Kick|p1a: Slowking
|-resisted|p1a: Slowking
|-damage|p1a: Slowking|82/100
|-unboost|p1a: Slowking|def|1
|
|upkeep
|turn|5
|
|t:|1757916037
|switch|p2a: Slowking|Slowking-Galar, M, shiny|100/100
|move|p1a: Slowking|Future Sight|p2a: Slowking
|-start|p1a: Slowking|move: Future Sight
|
|upkeep
|turn|6
|
|t:|1757916042
|move|p2a: Slowking|Psychic Noise|p1a: Slowking
|-damage|p1a: Slowking|61/100
|-start|p1a: Slowking|move: Heal Block
|move|p1a: Slowking|Thunder Wave|p2a: Slowking
|-status|p2a: Slowking|par
|
|upkeep
|turn|7
|
|t:|1757916045
|-prepare|p1a: Slowking|Chilly Reception|[premajor]
|move|p1a: Slowking|Chilly Reception|p1a: Slowking
|-weather|Snowscape
|
|t:|1757916050
|switch|p1a: Kingambit|Kingambit, F|100/100|[from] Chilly Reception
|-activate|p1a: Kingambit|ability: Supreme Overlord
|-start|p1a: Kingambit|fallen1|[silent]
|move|p2a: Slowking|Flamethrower|p1a: Kingambit
|-supereffective|p1a: Kingambit
|-damage|p1a: Kingambit|38/100
|
|-weather|Snowscape|[upkeep]
|-end|p2a: Slowking|move: Future Sight
|-damage|p2a: Slowking|81/100 par
|-heal|p1a: Kingambit|44/100|[from] item: Leftovers
|upkeep
|turn|8
|
|t:|1757916058
|-end|p1a: Kingambit|fallen1|[silent]
|switch|p1a: Alomomola|Alomomola, M|95/100
|switch|p2a: Zapdos|Zapdos-Galar, shiny|100/100
|
|-weather|Snowscape|[upkeep]
|upkeep
|turn|9
|
|t:|1757916065
|switch|p2a: Ogerpon|Ogerpon-Wellspring, F|100/100
|move|p1a: Alomomola|Wish|p1a: Alomomola
|
|-weather|Snowscape|[upkeep]
|upkeep
|turn|10
|
|t:|1757916071
|switch|p1a: Dragonite|Dragonite, F|100/100
|move|p2a: Ogerpon|Swords Dance|p2a: Ogerpon
|-boost|p2a: Ogerpon|atk|2
|
|-weather|Snowscape|[upkeep]
|upkeep
|turn|11
|
|t:|1757916076
|-terastallize|p1a: Dragonite|Normal
|move|p1a: Dragonite|Extreme Speed|p2a: Ogerpon
|-damage|p2a: Ogerpon|2/100
|move|p2a: Ogerpon|Ivy Cudgel|p1a: Dragonite|[anim] Ivy Cudgel Water
|-damage|p1a: Dragonite|30/100
|
|-weather|none
|upkeep
|turn|12
|
|t:|1757916083
|switch|p2a: Alomomola|Alomomola, M, shiny|100/100
|move|p1a: Dragonite|Extreme Speed|p2a: Alomomola
|-damage|p2a: Alomomola|65/100
|-damage|p1a: Dragonite|14/100|[from] item: Rocky Helmet|[of] p2a: Alomomola
|
|upkeep
|turn|13
|
|t:|1757916090
|switch|p1a: Alomomola|Alomomola, M|100/100
|move|p2a: Alomomola|Flip Turn|p1a: Alomomola
|-resisted|p1a: Alomomola
|-damage|p1a: Alomomola|96/100
|
|t:|1757916094
|switch|p2a: Ogerpon|Ogerpon-Wellspring, F|2/100|[from] Flip Turn
|
|upkeep
|turn|14
|
|t:|1757916107
|switch|p1a: Great Tusk|Great Tusk|100/100
|move|p2a: Ogerpon|Horn Leech|p1a: Great Tusk
|-supereffective|p1a: Great Tusk
|-damage|p1a: Great Tusk|34/100
|-heal|p2a: Ogerpon|50/100|[from] drain|[of] p1a: Great Tusk
|-damage|p2a: Ogerpon|34/100|[from] item: Rocky Helmet|[of] p1a: Great Tusk
|
|upkeep
|turn|15
|
|t:|1757916111
|move|p2a: Ogerpon|Horn Leech|p1a: Great Tusk
|-supereffective|p1a: Great Tusk
|-damage|p1a: Great Tusk|0 fnt
|-heal|p2a: Ogerpon|58/100|[from] drain|[of] p1a: Great Tusk
|-damage|p2a: Ogerpon|41/100|[from] item: Rocky Helmet|[of] p1a: Great Tusk
|faint|p1a: Great Tusk
|-end|p1a: Great Tusk|Protosynthesis|[silent]
|
|upkeep
|
|t:|1757916112
|switch|p1a: Dragonite|Dragonite, F, tera:Normal|14/100
|turn|16
|
|t:|1757916115
|switch|p2a: Alomomola|Alomomola, M, shiny|99/100
|move|p1a: Dragonite|Earthquake|p2a: Alomomola
|-damage|p2a: Alomomola|68/100
|
|upkeep
|turn|17
|
|t:|1757916123
|switch|p1a: Slowking|Slowking-Galar, F|94/100
|move|p2a: Alomomola|Flip Turn|p1a: Slowking
|-damage|p1a: Slowking|77/100
|-message|lucashwin196 forfeited.
|
|win|monkeyooooooo
|raw|lucashwin196's rating: 1611 &rarr; <strong>1588</strong><br />(-23 for losing)
|raw|monkeyooooooo's rating: 1550 &rarr; <strong>1573</strong><br />(+23 for winning)
|l|☆lucashwin196
|player|p1|
|l|☆monkeyooooooo
|player|p2|
