|j|☆VoltFromWarframe
|j|☆Montagesq
|t:|1757848061
|gametype|singles
|player|p1|VoltFromWarframe|ingo|1135
|player|p2|Montagesq|101|1183
|gen|9
|tier|[Gen 9] OU
|rated|
|rule|HP Percentage Mod: HP is shown in percentages
|rule|Endless Battle Clause: Forcing endless battles is banned
|rule|Species Clause: Limit one of each Pokémon
|rule|OHKO Clause: OHKO moves are banned
|rule|Evasion Items Clause: Evasion items are banned
|rule|Evasion Moves Clause: Evasion moves are banned
|rule|Evasion Abilities Clause: Evasion abilities are banned
|rule|Sleep Moves Clause: Sleep-inducing moves are banned
|clearpoke
|poke|p1|Ambipom, M|
|poke|p1|Tatsugiri-Stretchy, F|
|poke|p1|Hoopa|
|poke|p1|Pawmot, F|
|poke|p1|Coalossal, M|
|poke|p1|Toxtricity-Low-Key, F|
|poke|p2|Deoxys-Defense|
|poke|p2|Corviknight, M|
|poke|p2|Alomomola, F|
|poke|p2|Tentacruel, F|
|poke|p2|Moltres|
|poke|p2|Pawmot, M|
|teampreview
|inactive|Battle timer is ON: inactive players will automatically lose when time's up. (requested by VoltFromWarframe)
|
|t:|1757848076
|teamsize|p1|6
|teamsize|p2|6
|start
|switch|p1a: Ambipom|Ambipom, M, shiny|100/100
|switch|p2a: Deoxys|Deoxys-Defense|100/100
|-ability|p2a: Deoxys|Pressure
|turn|1
|
|t:|1757848083
|switch|p2a: Corviknight|Corviknight, M|100/100
|-ability|p2a: Corviknight|Pressure
|move|p1a: Ambipom|Fling|p2a: Corviknight
|-damage|p2a: Corviknight|93/100
|-enditem|p1a: Ambipom|Toxic Orb|[from] move: Fling
|
|upkeep
|turn|2
|
|t:|1757848103
|switch|p1a: Coalossal|Coalossal, M|100/100
|-item|p1a: Coalossal|Air Balloon
|move|p2a: Corviknight|Body Press|p1a: Coalossal
|-supereffective|p1a: Coalossal
|-damage|p1a: Coalossal|74/100
|-enditem|p1a: Coalossal|Air Balloon
|
|upkeep
|turn|3
|
|t:|1757848121
|switch|p2a: Deoxys|Deoxys-Defense|100/100
|-ability|p2a: Deoxys|Pressure
|move|p1a: Coalossal|Rock Tomb|p2a: Deoxys
|-damage|p2a: Deoxys|89/100
|-unboost|p2a: Deoxys|spe|1
|
|upkeep
|turn|4
|
|t:|1757848128
|move|p2a: Deoxys|Trick|p1a: Coalossal
|-activate|p2a: Deoxys|move: Trick|[of] p1a: Coalossal
|-item|p1a: Coalossal|Choice Scarf|[from] move: Trick
|-enditem|p2a: Deoxys|Choice Scarf|[silent]|[from] move: Trick
|move|p1a: Coalossal|Stealth Rock|p2a: Deoxys
|-sidestart|p2: Montagesq|move: Stealth Rock
|
|upkeep
|turn|5
|
|t:|1757848135
|switch|p1a: Hoopa|Hoopa|100/100
|move|p2a: Deoxys|Thunder Wave|p1a: Hoopa
|-status|p1a: Hoopa|par
|
|upkeep
|turn|6
|
|t:|1757848153
|move|p1a: Hoopa|Shadow Ball|p2a: Deoxys
|-supereffective|p2a: Deoxys
|-damage|p2a: Deoxys|38/100
|move|p2a: Deoxys|Night Shade|p1a: Hoopa
|-damage|p1a: Hoopa|67/100 par
|
|upkeep
|turn|7
|
|t:|1757848164
|switch|p2a: Tentacruel|Tentacruel, F|100/100
|-damage|p2a: Tentacruel|88/100|[from] Stealth Rock
|cant|p1a: Hoopa|par
|
|-heal|p2a: Tentacruel|94/100|[from] item: Black Sludge
|upkeep
|turn|8
|-message|VoltFromWarframe forfeited.
|
|win|Montagesq
|raw|VoltFromWarframe's rating: 1135 &rarr; <strong>1113</strong><br />(-22 for losing)
|raw|Montagesq's rating: 1183 &rarr; <strong>1205</strong><br />(+22 for winning)
|l|☆VoltFromWarframe
|player|p1|
|l|☆Montagesq
|player|p2|
