|j|☆peleg_r
|j|☆bzjsksjsj我是
|t:|1757938061
|gametype|singles
|player|p1|peleg_r|harlequin|1091
|player|p2|bzjsksjsj我是|170|1050
|gen|9
|tier|[Gen 9] OU
|rated|
|rule|HP Percentage Mod: HP is shown in percentages
|rule|Endless Battle Clause: Forcing endless battles is banned
|rule|Species Clause: Limit one of each Pokémon
|rule|OHKO Clause: OHKO moves are banned
|rule|Evasion Items Clause: Evasion items are banned
|rule|Evasion Moves Clause: Evasion moves are banned
|rule|Evasion Abilities Clause: Evasion abilities are banned
|rule|Sleep Moves Clause: Sleep-inducing moves are banned
|clearpoke
|poke|p1|Ting-Lu|
|poke|p1|Enamorus, F|
|poke|p1|Slowking-Galar, F|
|poke|p1|Iron Moth|
|poke|p1|Ogerpon-Wellspring, F|
|poke|p1|Raging Bolt|
|poke|p2|Heatran, F|
|poke|p2|Weezing, F|
|poke|p2|Quagsire, M|
|poke|p2|Rotom-Wash|
|poke|p2|Skarmory, F|
|poke|p2|Chansey, F|
|teampreview
|
|t:|1757938068
|teamsize|p1|6
|teamsize|p2|6
|start
|switch|p1a: Enamorus|Enamorus, F, shiny|100/100
|switch|p2a: f的小弟|Skarmory, F|100/100
|turn|1
|
|t:|1757938076
|-terastallize|p1a: Enamorus|Stellar
|move|p1a: Enamorus|Tera Blast|p2a: f的小弟|[anim] Tera Blast Stellar
|-damage|p2a: f的小弟|34/100
|-boost|p1a: Enamorus|atk|1
|-boost|p1a: Enamorus|spa|1
|move|p2a: f的小弟|Spikes|p1a: Enamorus
|-sidestart|p1: peleg_r|Spikes
|
|-heal|p2a: f的小弟|40/100|[from] item: Leftovers
|upkeep
|turn|2
|
|t:|1757938089
|switch|p2a: f的保镖|Chansey, F|100/100
|move|p1a: Enamorus|Tera Blast|p2a: f的保镖|[anim] Tera Blast Stellar
|-damage|p2a: f的保镖|81/100
|-boost|p1a: Enamorus|atk|1
|-boost|p1a: Enamorus|spa|1
|
|upkeep
|turn|3
|
|t:|1757938104
|switch|p1a: Ting-Lu|Ting-Lu|100/100
|-damage|p1a: Ting-Lu|88/100|[from] Spikes
|-ability|p1a: Ting-Lu|Vessel of Ruin
|move|p2a: f的保镖|Ice Beam|p1a: Ting-Lu
|-supereffective|p1a: Ting-Lu
|-damage|p1a: Ting-Lu|77/100
|
|upkeep
|turn|4
|
|t:|1757938117
|switch|p2a: SSR训练师f的拳套|Heatran, F, shiny|100/100
|move|p1a: Ting-Lu|Body Press|p2a: SSR训练师f的拳套
|-supereffective|p2a: SSR训练师f的拳套
|-damage|p2a: SSR训练师f的拳套|46/100
|
|upkeep
|turn|5
|
|t:|1757938127
|switch|p2a: SSR训练师f的护甲|Quagsire, M|100/100
|move|p1a: Ting-Lu|Body Press|p2a: SSR训练师f的护甲
|-damage|p2a: SSR训练师f的护甲|71/100
|
|-heal|p2a: SSR训练师f的护甲|77/100|[from] item: Leftovers
|upkeep
|turn|6
|
|t:|1757938139
|move|p2a: SSR训练师f的护甲|Ice Beam|p1a: Ting-Lu
|-supereffective|p1a: Ting-Lu
|-damage|p1a: Ting-Lu|60/100
|move|p1a: Ting-Lu|Whirlwind|p2a: SSR训练师f的护甲
|drag|p2a: SSR训练师f的拳套|Heatran, F, shiny|46/100
|
|upkeep
|turn|7
|
|t:|1757938147
|move|p2a: SSR训练师f的拳套|Magma Storm|p1a: Ting-Lu
|-damage|p1a: Ting-Lu|32/100
|-activate|p1a: Ting-Lu|move: Magma Storm|[of] p2a: SSR训练师f的拳套
|move|p1a: Ting-Lu|Body Press|p2a: SSR训练师f的拳套
|-supereffective|p2a: SSR训练师f的拳套
|-damage|p2a: SSR训练师f的拳套|0 fnt
|faint|p2a: SSR训练师f的拳套
|
|-end|p1a: Ting-Lu|Magma Storm|[partiallytrapped]|[silent]
|upkeep
|
|t:|1757938152
|switch|p2a: f的打手|Rotom-Wash|100/100
|turn|8
|
|t:|1757938171
|switch|p1a: Ogerpon|Ogerpon-Wellspring, F|100/100
|-damage|p1a: Ogerpon|88/100|[from] Spikes
|move|p2a: f的打手|Trick||[still]
|-fail|p2a: f的打手
|
|upkeep
|turn|9
|
|t:|1757938187
|switch|p2a: SS训练师f的鞋子|Weezing, F|100/100
|move|p1a: Ogerpon|Seed Bomb|p2a: SS训练师f的鞋子
|-resisted|p2a: SS训练师f的鞋子
|-crit|p2a: SS训练师f的鞋子
|-damage|p2a: SS训练师f的鞋子|77/100
|
|-heal|p2a: SS训练师f的鞋子|83/100|[from] item: Black Sludge
|upkeep
|turn|10
|
|t:|1757938203
|move|p1a: Ogerpon|Ivy Cudgel|p2a: SS训练师f的鞋子|[anim] Ivy Cudgel Water
|-damage|p2a: SS训练师f的鞋子|44/100
|move|p2a: SS训练师f的鞋子|Toxic Spikes|p1a: Ogerpon
|-sidestart|p1: peleg_r|move: Toxic Spikes
|
|-heal|p2a: SS训练师f的鞋子|50/100|[from] item: Black Sludge
|upkeep
|turn|11
|
|t:|1757938210
|move|p2a: SS训练师f的鞋子|Protect|p2a: SS训练师f的鞋子
|-singleturn|p2a: SS训练师f的鞋子|Protect
|move|p1a: Ogerpon|Ivy Cudgel|p2a: SS训练师f的鞋子|[anim] Ivy Cudgel Water
|-activate|p2a: SS训练师f的鞋子|move: Protect
|
|-heal|p2a: SS训练师f的鞋子|56/100|[from] item: Black Sludge
|upkeep
|turn|12
|
|t:|1757938218
|switch|p2a: f的保镖|Chansey, F|81/100
|move|p1a: Ogerpon|Ivy Cudgel|p2a: f的保镖|[anim] Ivy Cudgel Water
|-damage|p2a: f的保镖|40/100
|
|upkeep
|turn|13
|
|t:|1757938226
|move|p1a: Ogerpon|Ivy Cudgel|p2a: f的保镖|[anim] Ivy Cudgel Water
|-damage|p2a: f的保镖|1/100
|move|p2a: f的保镖|Soft-Boiled|p2a: f的保镖
|-heal|p2a: f的保镖|51/100
|
|upkeep
|turn|14
|
|t:|1757938231
|move|p1a: Ogerpon|Ivy Cudgel|p2a: f的保镖|[anim] Ivy Cudgel Water
|-damage|p2a: f的保镖|10/100
|move|p2a: f的保镖|Soft-Boiled|p2a: f的保镖
|-heal|p2a: f的保镖|60/100
|
|upkeep
|turn|15
|
|t:|1757938244
|move|p1a: Ogerpon|Knock Off|p2a: f的保镖
|-damage|p2a: f的保镖|35/100
|-enditem|p2a: f的保镖|Eviolite|[from] move: Knock Off|[of] p1a: Ogerpon
|move|p2a: f的保镖|Soft-Boiled|p2a: f的保镖
|-heal|p2a: f的保镖|85/100
|
|upkeep
|turn|16
|
|t:|1757938249
|switch|p2a: SSR训练师f的护甲|Quagsire, M|77/100
|move|p1a: Ogerpon|Ivy Cudgel|p2a: SSR训练师f的护甲|[anim] Ivy Cudgel Water
|-damage|p2a: SSR训练师f的护甲|15/100
|
|-heal|p2a: SSR训练师f的护甲|21/100|[from] item: Leftovers
|upkeep
|turn|17
|
|t:|1757938259
|move|p1a: Ogerpon|Ivy Cudgel|p2a: SSR训练师f的护甲|[anim] Ivy Cudgel Water
|-damage|p2a: SSR训练师f的护甲|0 fnt
|faint|p2a: SSR训练师f的护甲
|
|upkeep
|
|t:|1757938270
|switch|p2a: f的保镖|Chansey, F|85/100
|turn|18
|
|t:|1757938278
|move|p1a: Ogerpon|Ivy Cudgel|p2a: f的保镖|[anim] Ivy Cudgel Water
|-damage|p2a: f的保镖|27/100
|move|p2a: f的保镖|Seismic Toss|p1a: Ogerpon
|-damage|p1a: Ogerpon|55/100
|
|upkeep
|turn|19
|
|t:|1757938284
|move|p1a: Ogerpon|Ivy Cudgel|p2a: f的保镖|[anim] Ivy Cudgel Water
|-crit|p2a: f的保镖
|-damage|p2a: f的保镖|0 fnt
|faint|p2a: f的保镖
|
|upkeep
|
|t:|1757938289
|switch|p2a: f的小弟|Skarmory, F|40/100
|turn|20
|
|t:|1757938298
|move|p1a: Ogerpon|Ivy Cudgel|p2a: f的小弟|[anim] Ivy Cudgel Water
|-damage|p2a: f的小弟|7/100
|move|p2a: f的小弟|Brave Bird|p1a: Ogerpon
|-supereffective|p1a: Ogerpon
|-damage|p1a: Ogerpon|0 fnt
|faint|p1a: Ogerpon
|-damage|p2a: f的小弟|0 fnt|[from] Recoil
|faint|p2a: f的小弟
|
|upkeep
|
|t:|1757938309
|switch|p1a: Enamorus|Enamorus, F, shiny, tera:Stellar|100/100
|switch|p2a: f的打手|Rotom-Wash|100/100
|turn|21
|
|t:|1757938315
|-terastallize|p2a: f的打手|Electric
|move|p1a: Enamorus|Tera Blast|p2a: f的打手|[anim] Tera Blast Stellar
|-supereffective|p2a: f的打手
|-damage|p2a: f的打手|17/100
|-boost|p1a: Enamorus|atk|1
|-boost|p1a: Enamorus|spa|1
|move|p2a: f的打手|Trick|p1a: Enamorus
|-activate|p2a: f的打手|move: Trick|[of] p1a: Enamorus
|-item|p1a: Enamorus|Choice Scarf|[from] move: Trick
|-item|p2a: f的打手|Choice Scarf|[from] move: Trick
|
|upkeep
|turn|22
|
|t:|1757938335
|move|p1a: Enamorus|Tera Blast|p2a: f的打手|[anim] Tera Blast Stellar
|-supereffective|p2a: f的打手
|-damage|p2a: f的打手|0 fnt
|-boost|p1a: Enamorus|atk|1
|-boost|p1a: Enamorus|spa|1
|faint|p2a: f的打手
|
|upkeep
|
|t:|1757938337
|switch|p2a: SS训练师f的鞋子|Weezing, F|56/100
|turn|23
|
|t:|1757938342
|move|p2a: SS训练师f的鞋子|Protect|p2a: SS训练师f的鞋子
|-singleturn|p2a: SS训练师f的鞋子|Protect
|move|p1a: Enamorus|Tera Blast|p2a: SS训练师f的鞋子|[anim] Tera Blast Stellar
|-activate|p2a: SS训练师f的鞋子|move: Protect
|
|-heal|p2a: SS训练师f的鞋子|62/100|[from] item: Black Sludge
|upkeep
|turn|24
|
|t:|1757938349
|move|p1a: Enamorus|Tera Blast|p2a: SS训练师f的鞋子|[anim] Tera Blast Stellar
|-damage|p2a: SS训练师f的鞋子|0 fnt
|-boost|p1a: Enamorus|atk|1
|-boost|p1a: Enamorus|spa|1
|faint|p2a: SS训练师f的鞋子
|
|win|peleg_r
|raw|peleg_r's rating: 1091 &rarr; <strong>1114</strong><br />(+23 for winning)
|raw|bzjsksjsj我是's rating: 1050 &rarr; <strong>1035</strong><br />(-15 for losing)
|l|☆bzjsksjsj我是
|player|p2|
