|j|☆brxinfreez
|j|☆Actually_Apollo
|t:|1757953211
|gametype|singles
|player|p1|brxinfreez|ogreclan|1358
|player|p2|Actually_Apollo|morty|1311
|gen|9
|tier|[Gen 9] OU
|rated|
|rule|HP Percentage Mod: HP is shown in percentages
|rule|Endless Battle Clause: Forcing endless battles is banned
|rule|Species Clause: Limit one of each Pokémon
|rule|OHKO Clause: OHKO moves are banned
|rule|Evasion Items Clause: Evasion items are banned
|rule|Evasion Moves Clause: Evasion moves are banned
|rule|Evasion Abilities Clause: Evasion abilities are banned
|rule|Sleep Moves Clause: Sleep-inducing moves are banned
|clearpoke
|poke|p1|Servine, F|
|poke|p1|Blissey, F|
|poke|p1|Dondozo, F|
|poke|p1|Corviknight, M|
|poke|p1|Dragapult, M|
|poke|p1|Sinistcha|
|poke|p2|Floatzel, M|
|poke|p2|Barraskewda, M|
|poke|p2|Iron Treads|
|poke|p2|Dragalge, M|
|poke|p2|Kingambit, F|
|poke|p2|Pelipper, M|
|teampreview
|inactive|Battle timer is ON: inactive players will automatically lose when time's up. (requested by Actually_Apollo)
|inactive|brxinfreez also wants the timer to be on.
|
|t:|1757953235
|teamsize|p1|6
|teamsize|p2|6
|start
|switch|p1a: Blissey|Blissey, F|100/100
|switch|p2a: Floatzel|Floatzel, M|100/100
|turn|1
|
|t:|1757953240
|switch|p1a: Corviknight|Corviknight, M|100/100
|-ability|p1a: Corviknight|Pressure
|move|p2a: Floatzel|Flip Turn|p1a: Corviknight
|-damage|p1a: Corviknight|73/100
|-damage|p2a: Floatzel|84/100|[from] item: Rocky Helmet|[of] p1a: Corviknight
|
|t:|1757953242
|switch|p2a: Pelipper|Pelipper, M|100/100|[from] Flip Turn
|-weather|RainDance|[from] ability: Drizzle|[of] p2a: Pelipper
|
|-weather|RainDance|[upkeep]
|upkeep
|turn|2
|
|t:|1757953260
|move|p1a: Corviknight|U-turn|p2a: Pelipper
|-resisted|p2a: Pelipper
|-damage|p2a: Pelipper|96/100
|
|t:|1757953262
|switch|p1a: Blissey|Blissey, F|100/100|[from] U-turn
|move|p2a: Pelipper|Surf|p1a: Blissey
|-damage|p1a: Blissey|86/100
|
|-weather|RainDance|[upkeep]
|upkeep
|turn|3
|
|t:|1757953269
|move|p2a: Pelipper|U-turn|p1a: Blissey
|-crit|p1a: Blissey
|-damage|p1a: Blissey|74/100
|
|t:|1757953271
|switch|p2a: Dragalge|Dragalge, M|100/100|[from] U-turn
|move|p1a: Blissey|Seismic Toss|p2a: Dragalge
|-damage|p2a: Dragalge|70/100
|
|-weather|RainDance|[upkeep]
|-heal|p2a: Dragalge|76/100|[from] item: Leftovers
|upkeep
|turn|4
|
|t:|1757953274
|move|p1a: Blissey|Calm Mind|p1a: Blissey
|-boost|p1a: Blissey|spa|1
|-boost|p1a: Blissey|spd|1
|move|p2a: Dragalge|Flip Turn|p1a: Blissey
|-damage|p1a: Blissey|56/100
|
|t:|1757953277
|switch|p2a: Floatzel|Floatzel, M|84/100|[from] Flip Turn
|
|-weather|RainDance|[upkeep]
|upkeep
|turn|5
|
|t:|1757953282
|switch|p1a: Dondozo|Dondozo, F|100/100
|move|p2a: Floatzel|Flip Turn|p1a: Dondozo
|-resisted|p1a: Dondozo
|-damage|p1a: Dondozo|85/100
|
|t:|1757953286
|switch|p2a: Dragalge|Dragalge, M|76/100|[from] Flip Turn
|
|-weather|RainDance|[upkeep]
|-heal|p1a: Dondozo|91/100|[from] item: Leftovers
|-heal|p2a: Dragalge|82/100|[from] item: Leftovers
|upkeep
|turn|6
|
|t:|1757953292
|switch|p1a: Blissey|Blissey, F|56/100
|move|p2a: Dragalge|Flip Turn|p1a: Blissey
|-damage|p1a: Blissey|40/100
|
|t:|1757953294
|switch|p2a: Floatzel|Floatzel, M|84/100|[from] Flip Turn
|
|-weather|RainDance|[upkeep]
|upkeep
|turn|7
|
|t:|1757953297
|switch|p1a: Dondozo|Dondozo, F|91/100
|move|p2a: Floatzel|Flip Turn|p1a: Dondozo
|-resisted|p1a: Dondozo
|-damage|p1a: Dondozo|76/100
|
|t:|1757953299
|switch|p2a: Dragalge|Dragalge, M|82/100|[from] Flip Turn
|
|-weather|RainDance|[upkeep]
|-heal|p1a: Dondozo|82/100|[from] item: Leftovers
|-heal|p2a: Dragalge|88/100|[from] item: Leftovers
|upkeep
|turn|8
|
|t:|1757953304
|switch|p1a: Corviknight|Corviknight, M|73/100
|-ability|p1a: Corviknight|Pressure
|move|p2a: Dragalge|Sludge Bomb|p1a: Corviknight
|-immune|p1a: Corviknight
|
|-weather|none
|-heal|p2a: Dragalge|94/100|[from] item: Leftovers
|upkeep
|turn|9
|
|t:|1757953309
|switch|p1a: Blissey|Blissey, F|40/100
|move|p2a: Dragalge|Dragon Tail|p1a: Blissey
|-damage|p1a: Blissey|24/100
|drag|p1a: Servine|Servine, F|100/100
|
|-heal|p2a: Dragalge|100/100|[from] item: Leftovers
|upkeep
|turn|10
|
|t:|1757953320
|move|p1a: Servine|Glare|p2a: Dragalge
|-status|p2a: Dragalge|par
|move|p2a: Dragalge|Sludge Bomb|p1a: Servine
|-supereffective|p1a: Servine
|-damage|p1a: Servine|47/100
|
|upkeep
|turn|11
|
|t:|1757953329
|move|p1a: Servine|Synthesis|p1a: Servine
|-heal|p1a: Servine|97/100
|move|p2a: Dragalge|Flip Turn|p1a: Servine
|-resisted|p1a: Servine
|-damage|p1a: Servine|94/100
|
|t:|1757953331
|switch|p2a: Pelipper|Pelipper, M|96/100|[from] Flip Turn
|-weather|RainDance|[from] ability: Drizzle|[of] p2a: Pelipper
|
|-weather|RainDance|[upkeep]
|upkeep
|turn|12
|
|t:|1757953343
|switch|p1a: Dragapult|Dragapult, M|100/100
|move|p2a: Pelipper|Hurricane|p1a: Dragapult
|-damage|p1a: Dragapult|42/100
|-start|p1a: Dragapult|confusion
|
|-weather|RainDance|[upkeep]
|upkeep
|turn|13
|
|t:|1757953349
|switch|p1a: Dondozo|Dondozo, F|82/100
|switch|p2a: Iron Treads|Iron Treads|100/100
|
|-weather|RainDance|[upkeep]
|-heal|p1a: Dondozo|89/100|[from] item: Leftovers
|upkeep
|turn|14
|
|t:|1757953361
|move|p2a: Iron Treads|Stealth Rock|p1a: Dondozo
|-sidestart|p1: brxinfreez|move: Stealth Rock
|move|p1a: Dondozo|Waterfall|p2a: Iron Treads
|-supereffective|p2a: Iron Treads
|-damage|p2a: Iron Treads|34/100
|
|-weather|RainDance|[upkeep]
|-heal|p2a: Iron Treads|41/100|[from] item: Leftovers
|-heal|p1a: Dondozo|95/100|[from] item: Leftovers
|upkeep
|turn|15
|
|t:|1757953365
|move|p2a: Iron Treads|Volt Switch|p1a: Dondozo
|-supereffective|p1a: Dondozo
|-damage|p1a: Dondozo|75/100
|
|t:|1757953369
|-end|p2a: Iron Treads|Quark Drive|[silent]
|switch|p2a: Pelipper|Pelipper, M|96/100|[from] Volt Switch
|move|p1a: Dondozo|Waterfall|p2a: Pelipper
|-resisted|p2a: Pelipper
|-damage|p2a: Pelipper|80/100
|
|-weather|RainDance|[upkeep]
|-heal|p1a: Dondozo|81/100|[from] item: Leftovers
|upkeep
|turn|16
|
|t:|1757953375
|switch|p1a: Dragapult|Dragapult, M|42/100
|move|p2a: Pelipper|Hurricane|p1a: Dragapult
|-damage|p1a: Dragapult|0 fnt
|faint|p1a: Dragapult
|
|-weather|RainDance|[upkeep]
|upkeep
|
|t:|1757953376
|switch|p1a: Blissey|Blissey, F|24/100
|turn|17
|
|t:|1757953380
|move|p2a: Pelipper|U-turn|p1a: Blissey
|-damage|p1a: Blissey|14/100
|
|t:|1757953385
|switch|p2a: Floatzel|Floatzel, M|84/100|[from] U-turn
|move|p1a: Blissey|Soft-Boiled|p1a: Blissey
|-heal|p1a: Blissey|64/100
|
|-weather|RainDance|[upkeep]
|upkeep
|turn|18
|
|t:|1757953391
|switch|p1a: Dondozo|Dondozo, F|81/100
|-damage|p1a: Dondozo|69/100|[from] Stealth Rock
|-terastallize|p2a: Floatzel|Water
|move|p2a: Floatzel|Wave Crash|p1a: Dondozo
|-resisted|p1a: Dondozo
|-damage|p1a: Dondozo|33/100
|-damage|p2a: Floatzel|65/100|[from] Recoil
|
|-weather|none
|-heal|p1a: Dondozo|39/100|[from] item: Leftovers
|upkeep
|turn|19
|
|t:|1757953399
|switch|p2a: Pelipper|Pelipper, M|80/100
|-weather|RainDance|[from] ability: Drizzle|[of] p2a: Pelipper
|move|p1a: Dondozo|Rest|p1a: Dondozo
|-status|p1a: Dondozo|slp|[from] move: Rest
|-heal|p1a: Dondozo|100/100 slp|[silent]
|
|-weather|RainDance|[upkeep]
|upkeep
|turn|20
|
|t:|1757953402
|switch|p1a: Corviknight|Corviknight, M|73/100
|-damage|p1a: Corviknight|60/100|[from] Stealth Rock
|-ability|p1a: Corviknight|Pressure
|move|p2a: Pelipper|Hurricane|p1a: Corviknight
|-resisted|p1a: Corviknight
|-damage|p1a: Corviknight|41/100
|
|-weather|RainDance|[upkeep]
|upkeep
|turn|21
|
|t:|1757953404
|move|p1a: Corviknight|Roost|p1a: Corviknight
|-heal|p1a: Corviknight|91/100
|-singleturn|p1a: Corviknight|move: Roost
|move|p2a: Pelipper|Surf|p1a: Corviknight
|-damage|p1a: Corviknight|47/100
|
|-weather|RainDance|[upkeep]
|upkeep
|turn|22
|
|t:|1757953409
|move|p1a: Corviknight|Roost|p1a: Corviknight
|-heal|p1a: Corviknight|97/100
|-singleturn|p1a: Corviknight|move: Roost
|move|p2a: Pelipper|Surf|p1a: Corviknight
|-damage|p1a: Corviknight|49/100
|
|-weather|RainDance|[upkeep]
|upkeep
|turn|23
|
|t:|1757953413
|move|p1a: Corviknight|Roost|p1a: Corviknight
|-heal|p1a: Corviknight|99/100
|-singleturn|p1a: Corviknight|move: Roost
|move|p2a: Pelipper|Surf|p1a: Corviknight
|-damage|p1a: Corviknight|56/100
|
|-weather|RainDance|[upkeep]
|upkeep
|turn|24
|
|t:|1757953415
|move|p1a: Corviknight|Roost|p1a: Corviknight
|-heal|p1a: Corviknight|100/100
|-singleturn|p1a: Corviknight|move: Roost
|move|p2a: Pelipper|Surf|p1a: Corviknight
|-damage|p1a: Corviknight|55/100
|
|-weather|RainDance|[upkeep]
|upkeep
|turn|25
|
|t:|1757953417
|move|p1a: Corviknight|Roost|p1a: Corviknight
|-heal|p1a: Corviknight|100/100
|-singleturn|p1a: Corviknight|move: Roost
|move|p2a: Pelipper|Surf|p1a: Corviknight
|-damage|p1a: Corviknight|60/100
|
|-weather|RainDance|[upkeep]
|upkeep
|turn|26
|
|t:|1757953419
|move|p1a: Corviknight|Roost|p1a: Corviknight
|-heal|p1a: Corviknight|100/100
|-singleturn|p1a: Corviknight|move: Roost
|move|p2a: Pelipper|Surf|p1a: Corviknight
|-damage|p1a: Corviknight|55/100
|
|-weather|none
|upkeep
|turn|27
|
|t:|1757953422
|switch|p1a: Blissey|Blissey, F|64/100
|move|p2a: Pelipper|U-turn|p1a: Blissey
|-damage|p1a: Blissey|56/100
|
|t:|1757953425
|switch|p2a: Floatzel|Floatzel, M, tera:Water|65/100|[from] U-turn
|
|upkeep
|turn|28
|
|t:|1757953431
|switch|p1a: Dondozo|Dondozo, F|100/100 slp
|-damage|p1a: Dondozo|88/100 slp|[from] Stealth Rock
|move|p2a: Floatzel|Flip Turn|p1a: Dondozo
|-resisted|p1a: Dondozo
|-damage|p1a: Dondozo|75/100 slp
|
|t:|1757953434
|switch|p2a: Pelipper|Pelipper, M|80/100|[from] Flip Turn
|-weather|RainDance|[from] ability: Drizzle|[of] p2a: Pelipper
|
|-weather|RainDance|[upkeep]
|-heal|p1a: Dondozo|82/100 slp|[from] item: Leftovers
|upkeep
|turn|29
|
|t:|1757953445
|switch|p1a: Blissey|Blissey, F|56/100
|move|p2a: Pelipper|Hurricane|p1a: Blissey
|-damage|p1a: Blissey|43/100
|
|-weather|RainDance|[upkeep]
|upkeep
|turn|30
|
|t:|1757953449
|move|p2a: Pelipper|Surf|p1a: Blissey
|-crit|p1a: Blissey
|-damage|p1a: Blissey|22/100
|move|p1a: Blissey|Soft-Boiled|p1a: Blissey
|-heal|p1a: Blissey|72/100
|
|-weather|RainDance|[upkeep]
|upkeep
|turn|31
|
|t:|1757953453
|move|p2a: Pelipper|U-turn|p1a: Blissey
|-damage|p1a: Blissey|62/100
|
|t:|1757953454
|switch|p2a: Floatzel|Floatzel, M, tera:Water|65/100|[from] U-turn
|move|p1a: Blissey|Seismic Toss|p2a: Floatzel
|-damage|p2a: Floatzel|33/100
|
|-weather|RainDance|[upkeep]
|upkeep
|turn|32
|
|t:|1757953459
|switch|p1a: Dondozo|Dondozo, F|82/100 slp
|-damage|p1a: Dondozo|69/100 slp|[from] Stealth Rock
|move|p2a: Floatzel|Wave Crash|p1a: Dondozo
|-resisted|p1a: Dondozo
|-damage|p1a: Dondozo|29/100 slp
|-damage|p2a: Floatzel|11/100|[from] Recoil
|
|-weather|RainDance|[upkeep]
|-heal|p1a: Dondozo|35/100 slp|[from] item: Leftovers
|upkeep
|turn|33
|
|t:|1757953464
|switch|p1a: Corviknight|Corviknight, M|55/100
|-damage|p1a: Corviknight|43/100|[from] Stealth Rock
|-ability|p1a: Corviknight|Pressure
|move|p2a: Floatzel|Wave Crash|p1a: Corviknight
|-damage|p1a: Corviknight|0 fnt
|-damage|p2a: Floatzel|0 fnt|[from] item: Rocky Helmet|[of] p1a: Corviknight
|faint|p1a: Corviknight
|faint|p2a: Floatzel
|
|-weather|RainDance|[upkeep]
|upkeep
|
|t:|1757953468
|switch|p2a: Barraskewda|Barraskewda, M|100/100
|switch|p1a: Servine|Servine, F|94/100
|-damage|p1a: Servine|81/100|[from] Stealth Rock
|turn|34
|
|t:|1757953476
|move|p2a: Barraskewda|Flip Turn|p1a: Servine
|-resisted|p1a: Servine
|-damage|p1a: Servine|59/100
|
|t:|1757953479
|switch|p2a: Dragalge|Dragalge, M|100/100 par|[from] Flip Turn
|move|p1a: Servine|Knock Off|p2a: Dragalge
|-damage|p2a: Dragalge|89/100 par
|-enditem|p2a: Dragalge|Leftovers|[from] move: Knock Off|[of] p1a: Servine
|
|-weather|RainDance|[upkeep]
|upkeep
|turn|35
|
|t:|1757953492
|move|p1a: Servine|Leech Seed|p2a: Dragalge
|-start|p2a: Dragalge|move: Leech Seed
|move|p2a: Dragalge|Toxic Spikes|p1a: Servine
|-sidestart|p1: brxinfreez|move: Toxic Spikes
|
|-weather|none
|-damage|p2a: Dragalge|77/100 par|[from] Leech Seed|[of] p1a: Servine
|-heal|p1a: Servine|71/100|[silent]
|upkeep
|turn|36
|
|t:|1757953497
|move|p1a: Servine|Knock Off|p2a: Dragalge
|-damage|p2a: Dragalge|70/100 par
|move|p2a: Dragalge|Flip Turn|p1a: Servine
|-resisted|p1a: Servine
|-damage|p1a: Servine|68/100
|
|t:|1757953501
|switch|p2a: Pelipper|Pelipper, M|80/100|[from] Flip Turn
|-weather|RainDance|[from] ability: Drizzle|[of] p2a: Pelipper
|
|-weather|RainDance|[upkeep]
|upkeep
|turn|37
|
|t:|1757953506
|move|p1a: Servine|Glare|p2a: Pelipper
|-status|p2a: Pelipper|par
|cant|p2a: Pelipper|par
|
|-weather|RainDance|[upkeep]
|upkeep
|turn|38
|
|t:|1757953513
|switch|p1a: Blissey|Blissey, F|62/100
|move|p2a: Pelipper|Hurricane|p1a: Blissey
|-damage|p1a: Blissey|51/100
|-start|p1a: Blissey|confusion
|
|-weather|RainDance|[upkeep]
|upkeep
|turn|39
|
|t:|1757953519
|switch|p1a: Dondozo|Dondozo, F|35/100 slp
|-damage|p1a: Dondozo|23/100 slp|[from] Stealth Rock
|switch|p2a: Barraskewda|Barraskewda, M|100/100
|
|-weather|RainDance|[upkeep]
|-heal|p1a: Dondozo|29/100 slp|[from] item: Leftovers
|upkeep
|turn|40
|
|t:|1757953536
|move|p2a: Barraskewda|Flip Turn|p1a: Dondozo
|-resisted|p1a: Dondozo
|-damage|p1a: Dondozo|12/100 slp
|
|t:|1757953538
|switch|p2a: Iron Treads|Iron Treads|41/100|[from] Flip Turn
|cant|p1a: Dondozo|slp
|move|p1a: Dondozo|Sleep Talk|p1a: Dondozo
|move|p1a: Dondozo|Rest||[from] move: Sleep Talk|[still]
|-fail|p1a: Dondozo
|
|-weather|RainDance|[upkeep]
|-heal|p2a: Iron Treads|47/100|[from] item: Leftovers
|-heal|p1a: Dondozo|18/100 slp|[from] item: Leftovers
|upkeep
|turn|41
|
|t:|1757953544
|move|p2a: Iron Treads|Volt Switch|p1a: Dondozo
|-supereffective|p1a: Dondozo
|-damage|p1a: Dondozo|0 fnt
|faint|p1a: Dondozo
|
|t:|1757953549
|-end|p2a: Iron Treads|Quark Drive|[silent]
|switch|p2a: Barraskewda|Barraskewda, M|100/100|[from] Volt Switch
|
|-weather|RainDance|[upkeep]
|upkeep
|
|t:|1757953552
|switch|p1a: Sinistcha|Sinistcha|100/100
|turn|42
|
|t:|1757953559
|move|p2a: Barraskewda|Flip Turn|p1a: Sinistcha
|-resisted|p1a: Sinistcha
|-damage|p1a: Sinistcha|77/100
|
|t:|1757953564
|switch|p2a: Dragalge|Dragalge, M|70/100 par|[from] Flip Turn
|move|p1a: Sinistcha|Calm Mind|p1a: Sinistcha
|-boost|p1a: Sinistcha|spa|1
|-boost|p1a: Sinistcha|spd|1
|
|-weather|RainDance|[upkeep]
|upkeep
|turn|43
|
|t:|1757953569
|move|p1a: Sinistcha|Calm Mind|p1a: Sinistcha
|-boost|p1a: Sinistcha|spa|1
|-boost|p1a: Sinistcha|spd|1
|cant|p2a: Dragalge|par
|
|-weather|none
|upkeep
|turn|44
|
|t:|1757953573
|move|p1a: Sinistcha|Calm Mind|p1a: Sinistcha
|-boost|p1a: Sinistcha|spa|1
|-boost|p1a: Sinistcha|spd|1
|move|p2a: Dragalge|Dragon Tail|p1a: Sinistcha
|-damage|p1a: Sinistcha|65/100
|drag|p1a: Servine|Servine, F|68/100
|-damage|p1a: Servine|56/100|[from] Stealth Rock
|-status|p1a: Servine|psn
|
|-damage|p1a: Servine|43/100 psn|[from] psn
|upkeep
|turn|45
|
|t:|1757953583
|move|p1a: Servine|Synthesis|p1a: Servine
|-heal|p1a: Servine|93/100 psn
|cant|p2a: Dragalge|par
|
|-damage|p1a: Servine|81/100 psn|[from] psn
|upkeep
|turn|46
|-message|brxinfreez forfeited.
|
|win|Actually_Apollo
|raw|brxinfreez's rating: 1358 &rarr; <strong>1335</strong><br />(-23 for losing)
|raw|Actually_Apollo's rating: 1311 &rarr; <strong>1334</strong><br />(+23 for winning)
|l|☆brxinfreez
|player|p1|
|l|☆Actually_Apollo
|player|p2|
