|j|☆Mr Tpen
|j|☆ABraviousTinkaton
|t:|1757853911
|gametype|singles
|player|p1|Mr Tpen|2|1708
|player|p2|ABraviousTinkaton|miku-ice|1594
|gen|9
|tier|[Gen 9] OU
|rated|
|rule|HP Percentage Mod: HP is shown in percentages
|rule|Endless Battle Clause: Forcing endless battles is banned
|rule|Species Clause: Limit one of each Pokémon
|rule|OHKO Clause: OHKO moves are banned
|rule|Evasion Items Clause: Evasion items are banned
|rule|Evasion Moves Clause: Evasion moves are banned
|rule|Evasion Abilities Clause: Evasion abilities are banned
|rule|Sleep Moves Clause: Sleep-inducing moves are banned
|clearpoke
|poke|p1|Enamorus, F|
|poke|p1|Kyurem|
|poke|p1|Landorus-Therian, M|
|poke|p1|Kingambit, F|
|poke|p1|Ogerpon-Wellspring, F|
|poke|p1|Glimmora, F|
|poke|p2|Meowscarada, F|
|poke|p2|Great Tusk|
|poke|p2|Ting-Lu|
|poke|p2|Iron Crown|
|poke|p2|Pecharunt|
|poke|p2|Ogerpon-Wellspring, F|
|teampreview
|inactive|Battle timer is ON: inactive players will automatically lose when time's up. (requested by Mr Tpen)
|
|t:|1757853920
|teamsize|p1|6
|teamsize|p2|6
|start
|switch|p1a: Landorus|Landorus-Therian, M|100/100
|switch|p2a: Iron Crown|Iron Crown|100/100
|-ability|p1a: Landorus|Intimidate|boost
|-unboost|p2a: Iron Crown|atk|1
|turn|1
|
|t:|1757853929
|-end|p2a: Iron Crown|Quark Drive|[silent]
|switch|p2a: Great Tusk|Great Tusk|100/100
|move|p1a: Landorus|Earthquake|p2a: Great Tusk
|-damage|p2a: Great Tusk|78/100
|
|upkeep
|turn|2
|
|t:|1757853935
|switch|p1a: Glimmora|Glimmora, F|100/100
|move|p2a: Great Tusk|Stealth Rock|p1a: Glimmora
|-sidestart|p1: Mr Tpen|move: Stealth Rock
|
|upkeep
|turn|3
|
|t:|1757853942
|switch|p1a: Landorus|Landorus-Therian, M|100/100
|-damage|p1a: Landorus|88/100|[from] Stealth Rock
|-ability|p1a: Landorus|Intimidate|boost
|-unboost|p2a: Great Tusk|atk|1
|-end|p2a: Great Tusk|Protosynthesis|[silent]
|switch|p2a: Iron Crown|Iron Crown|100/100
|
|upkeep
|turn|4
|
|t:|1757853947
|-end|p2a: Iron Crown|Quark Drive|[silent]
|switch|p2a: Pecharunt|Pecharunt|100/100
|move|p1a: Landorus|Earthquake|p2a: Pecharunt
|-supereffective|p2a: Pecharunt
|-damage|p2a: Pecharunt|58/100
|
|upkeep
|turn|5
|
|t:|1757853950
|move|p1a: Landorus|Earthquake|p2a: Pecharunt
|-supereffective|p2a: Pecharunt
|-damage|p2a: Pecharunt|13/100
|move|p2a: Pecharunt|Recover|p2a: Pecharunt
|-heal|p2a: Pecharunt|63/100
|
|upkeep
|turn|6
|
|t:|1757853954
|switch|p2a: Meowscarada|Meowscarada, F|100/100
|move|p1a: Landorus|Taunt|p2a: Meowscarada
|-start|p2a: Meowscarada|move: Taunt
|
|upkeep
|turn|7
|
|t:|1757853962
|switch|p1a: Glimmora|Glimmora, F|100/100
|-damage|p1a: Glimmora|88/100|[from] Stealth Rock
|move|p2a: Meowscarada|U-turn|p1a: Glimmora
|-start|p2a: Meowscarada|typechange|Bug|[from] ability: Protean
|-resisted|p1a: Glimmora
|-damage|p1a: Glimmora|77/100
|-activate|p1a: Glimmora|ability: Toxic Debris
|-sidestart|p2: ABraviousTinkaton|move: Toxic Spikes
|-enditem|p1a: Glimmora|Red Card|[of] p2a: Meowscarada
|drag|p2a: Iron Crown|Iron Crown|100/100
|
|upkeep
|turn|8
|
|t:|1757853966
|switch|p1a: Ogerpon|Ogerpon-Wellspring, F|100/100
|-damage|p1a: Ogerpon|88/100|[from] Stealth Rock
|move|p2a: Iron Crown|Tachyon Cutter|p1a: Ogerpon
|-resisted|p1a: Ogerpon
|-damage|p1a: Ogerpon|75/100
|-resisted|p1a: Ogerpon
|-damage|p1a: Ogerpon|60/100
|-hitcount|p1a: Ogerpon|2
|
|upkeep
|turn|9
|
|t:|1757853978
|-end|p2a: Iron Crown|Quark Drive|[silent]
|switch|p2a: Pecharunt|Pecharunt|63/100
|-sideend|p2: ABraviousTinkaton|move: Toxic Spikes|[of] p2a: Pecharunt
|move|p1a: Ogerpon|Knock Off|p2a: Pecharunt
|-supereffective|p2a: Pecharunt
|-damage|p2a: Pecharunt|27/100
|-enditem|p2a: Pecharunt|Heavy-Duty Boots|[from] move: Knock Off|[of] p1a: Ogerpon
|
|upkeep
|turn|10
|
|t:|1757853988
|switch|p2a: Meowscarada|Meowscarada, F|100/100
|move|p1a: Ogerpon|Ivy Cudgel|p2a: Meowscarada|[anim] Ivy Cudgel Water
|-resisted|p2a: Meowscarada
|-damage|p2a: Meowscarada|53/100
|
|upkeep
|turn|11
|
|t:|1757853994
|switch|p1a: Glimmora|Glimmora, F|77/100
|-damage|p1a: Glimmora|64/100|[from] Stealth Rock
|move|p2a: Meowscarada|U-turn|p1a: Glimmora
|-start|p2a: Meowscarada|typechange|Bug|[from] ability: Protean
|-resisted|p1a: Glimmora
|-damage|p1a: Glimmora|52/100
|-activate|p1a: Glimmora|ability: Toxic Debris
|-sidestart|p2: ABraviousTinkaton|move: Toxic Spikes
|
|t:|1757853996
|switch|p2a: Iron Crown|Iron Crown|100/100|[from] U-turn
|
|upkeep
|turn|12
|
|t:|1757853999
|switch|p1a: Ogerpon|Ogerpon-Wellspring, F|60/100
|-damage|p1a: Ogerpon|47/100|[from] Stealth Rock
|move|p2a: Iron Crown|Tachyon Cutter|p1a: Ogerpon
|-resisted|p1a: Ogerpon
|-damage|p1a: Ogerpon|34/100
|-resisted|p1a: Ogerpon
|-damage|p1a: Ogerpon|18/100
|-hitcount|p1a: Ogerpon|2
|
|upkeep
|turn|13
|
|t:|1757854008
|move|p1a: Ogerpon|U-turn|p2a: Iron Crown
|-damage|p2a: Iron Crown|72/100
|
|t:|1757854010
|switch|p1a: Landorus|Landorus-Therian, M|88/100|[from] U-turn
|-damage|p1a: Landorus|76/100|[from] Stealth Rock
|-ability|p1a: Landorus|Intimidate|boost
|-unboost|p2a: Iron Crown|atk|1
|move|p2a: Iron Crown|Volt Switch|p1a: Landorus
|-immune|p1a: Landorus
|
|upkeep
|turn|14
|
|t:|1757854018
|move|p2a: Iron Crown|Tachyon Cutter|p1a: Landorus
|-damage|p1a: Landorus|49/100
|-damage|p1a: Landorus|21/100
|-hitcount|p1a: Landorus|2
|move|p1a: Landorus|Stealth Rock|p2a: Iron Crown
|-sidestart|p2: ABraviousTinkaton|move: Stealth Rock
|
|upkeep
|turn|15
|
|t:|1757854022
|move|p2a: Iron Crown|Tachyon Cutter|p1a: Landorus
|-damage|p1a: Landorus|0 fnt
|faint|p1a: Landorus
|-hitcount|p1: Landorus|1
|
|upkeep
|
|t:|1757854024
|switch|p1a: Ogerpon|Ogerpon-Wellspring, F|18/100
|-damage|p1a: Ogerpon|6/100|[from] Stealth Rock
|turn|16
|
|t:|1757854045
|-end|p2a: Iron Crown|Quark Drive|[silent]
|switch|p2a: Ting-Lu|Ting-Lu|100/100
|-status|p2a: Ting-Lu|psn
|-damage|p2a: Ting-Lu|94/100 psn|[from] Stealth Rock
|-ability|p2a: Ting-Lu|Vessel of Ruin
|move|p1a: Ogerpon|Knock Off|p2a: Ting-Lu
|-resisted|p2a: Ting-Lu
|-damage|p2a: Ting-Lu|84/100 psn
|-enditem|p2a: Ting-Lu|Leftovers|[from] move: Knock Off|[of] p1a: Ogerpon
|
|-damage|p2a: Ting-Lu|71/100 psn|[from] psn
|upkeep
|turn|17
|
|t:|1757854057
|move|p1a: Ogerpon|U-turn|p2a: Ting-Lu
|-supereffective|p2a: Ting-Lu
|-damage|p2a: Ting-Lu|40/100 psn
|
|t:|1757854059
|switch|p1a: Glimmora|Glimmora, F|52/100|[from] U-turn
|-damage|p1a: Glimmora|40/100|[from] Stealth Rock
|move|p2a: Ting-Lu|Whirlwind|p1a: Glimmora
|drag|p1a: Ogerpon|Ogerpon-Wellspring, F|6/100
|-damage|p1a: Ogerpon|0 fnt|[from] Stealth Rock
|faint|p1a: Ogerpon
|
|-damage|p2a: Ting-Lu|27/100 psn|[from] psn
|upkeep
|
|t:|1757854064
|switch|p1a: Enamorus|Enamorus, F|100/100
|turn|18
|
|t:|1757854071
|switch|p2a: Pecharunt|Pecharunt|27/100
|-sideend|p2: ABraviousTinkaton|move: Toxic Spikes|[of] p2a: Pecharunt
|-damage|p2a: Pecharunt|14/100|[from] Stealth Rock
|move|p1a: Enamorus|Superpower|p2a: Pecharunt
|-immune|p2a: Pecharunt
|
|upkeep
|turn|19
|
|t:|1757854079
|switch|p2a: Ting-Lu|Ting-Lu|27/100 psn
|-damage|p2a: Ting-Lu|21/100 psn|[from] Stealth Rock
|-ability|p2a: Ting-Lu|Vessel of Ruin
|move|p1a: Enamorus|Earth Power|p2a: Ting-Lu
|-damage|p2a: Ting-Lu|8/100 psn
|
|-damage|p2a: Ting-Lu|0 fnt|[from] psn
|faint|p2a: Ting-Lu
|upkeep
|
|t:|1757854081
|switch|p2a: Ogerpon|Ogerpon-Wellspring, F|100/100
|-damage|p2a: Ogerpon|88/100|[from] Stealth Rock
|turn|20
|
|t:|1757854085
|switch|p1a: Glimmora|Glimmora, F|40/100
|-damage|p1a: Glimmora|27/100|[from] Stealth Rock
|move|p2a: Ogerpon|Ivy Cudgel|p1a: Glimmora|[anim] Ivy Cudgel Water
|-supereffective|p1a: Glimmora
|-crit|p1a: Glimmora
|-damage|p1a: Glimmora|0 fnt
|-activate|p1a: Glimmora|ability: Toxic Debris
|-sidestart|p2: ABraviousTinkaton|move: Toxic Spikes
|faint|p1a: Glimmora
|
|upkeep
|
|t:|1757854087
|switch|p1a: Kyurem|Kyurem|100/100
|-damage|p1a: Kyurem|76/100|[from] Stealth Rock
|-ability|p1a: Kyurem|Pressure
|turn|21
|
|t:|1757854091
|move|p1a: Kyurem|Freeze-Dry|p2a: Ogerpon
|-supereffective|p2a: Ogerpon
|-damage|p2a: Ogerpon|0 fnt
|faint|p2a: Ogerpon
|
|upkeep
|
|t:|1757854093
|switch|p2a: Iron Crown|Iron Crown|72/100
|-damage|p2a: Iron Crown|66/100|[from] Stealth Rock
|turn|22
|
|t:|1757854097
|switch|p1a: Kingambit|Kingambit, F|100/100
|-damage|p1a: Kingambit|94/100|[from] Stealth Rock
|-activate|p1a: Kingambit|ability: Supreme Overlord
|-start|p1a: Kingambit|fallen3|[silent]
|-item|p1a: Kingambit|Air Balloon
|move|p2a: Iron Crown|Volt Switch|p1a: Kingambit
|-damage|p1a: Kingambit|67/100
|-enditem|p1a: Kingambit|Air Balloon
|
|t:|1757854099
|-end|p2a: Iron Crown|Quark Drive|[silent]
|switch|p2a: Pecharunt|Pecharunt|14/100|[from] Volt Switch
|-damage|p2a: Pecharunt|2/100|[from] Stealth Rock
|-sideend|p2: ABraviousTinkaton|move: Toxic Spikes|[of] p2a: Pecharunt
|
|upkeep
|turn|23
|
|t:|1757854103
|switch|p2a: Great Tusk|Great Tusk|78/100
|-damage|p2a: Great Tusk|75/100|[from] Stealth Rock
|move|p1a: Kingambit|Iron Head|p2a: Great Tusk
|-damage|p2a: Great Tusk|47/100
|-damage|p1a: Kingambit|51/100|[from] item: Rocky Helmet|[of] p2a: Great Tusk
|
|upkeep
|turn|24
|
|t:|1757854106
|-end|p1a: Kingambit|fallen3|[silent]
|switch|p1a: Enamorus|Enamorus, F|100/100
|move|p2a: Great Tusk|Rapid Spin|p1a: Enamorus
|-damage|p1a: Enamorus|78/100
|-boost|p2a: Great Tusk|spe|1
|-sideend|p2: ABraviousTinkaton|Stealth Rock|[from] move: Rapid Spin|[of] p2a: Great Tusk
|
|upkeep
|turn|25
|j| AmGodzchild
|
|t:|1757854112
|-end|p2a: Great Tusk|Protosynthesis|[silent]
|switch|p2a: Pecharunt|Pecharunt|2/100
|move|p1a: Enamorus|Moonblast|p2a: Pecharunt
|-resisted|p2a: Pecharunt
|-damage|p2a: Pecharunt|0 fnt
|faint|p2a: Pecharunt
|
|upkeep
|
|t:|1757854114
|switch|p2a: Iron Crown|Iron Crown|66/100
|turn|26
|
|t:|1757854118
|move|p1a: Enamorus|Earth Power|p2a: Iron Crown
|-supereffective|p2a: Iron Crown
|-damage|p2a: Iron Crown|20/100
|move|p2a: Iron Crown|Volt Switch|p1a: Enamorus
|-supereffective|p1a: Enamorus
|-damage|p1a: Enamorus|9/100
|
|t:|1757854119
|-end|p2a: Iron Crown|Quark Drive|[silent]
|switch|p2a: Meowscarada|Meowscarada, F|53/100|[from] Volt Switch
|
|upkeep
|turn|27
|
|t:|1757854124
|move|p2a: Meowscarada|U-turn|p1a: Enamorus
|-start|p2a: Meowscarada|typechange|Bug|[from] ability: Protean
|-resisted|p1a: Enamorus
|-damage|p1a: Enamorus|0 fnt
|faint|p1a: Enamorus
|
|t:|1757854125
|switch|p2a: Great Tusk|Great Tusk|47/100|[from] U-turn
|
|upkeep
|
|t:|1757854129
|switch|p1a: Kyurem|Kyurem|76/100
|-damage|p1a: Kyurem|51/100|[from] Stealth Rock
|-ability|p1a: Kyurem|Pressure
|turn|28
|
|t:|1757854132
|-end|p2a: Great Tusk|Protosynthesis|[silent]
|switch|p2a: Iron Crown|Iron Crown|20/100
|move|p1a: Kyurem|Ice Beam|p2a: Iron Crown
|-resisted|p2a: Iron Crown
|-damage|p2a: Iron Crown|2/100
|
|upkeep
|turn|29
|
|t:|1757854137
|move|p1a: Kyurem|Ice Beam|p2a: Iron Crown
|-resisted|p2a: Iron Crown
|-damage|p2a: Iron Crown|0 fnt
|faint|p2a: Iron Crown
|-end|p2a: Iron Crown|Quark Drive|[silent]
|
|upkeep
|
|t:|1757854139
|switch|p2a: Meowscarada|Meowscarada, F|53/100
|turn|30
|
|t:|1757854145
|move|p2a: Meowscarada|Knock Off|p1a: Kyurem
|-start|p2a: Meowscarada|typechange|Dark|[from] ability: Protean
|-damage|p1a: Kyurem|5/100
|-enditem|p1a: Kyurem|Choice Scarf|[from] move: Knock Off|[of] p2a: Meowscarada
|move|p1a: Kyurem|Ice Beam|p2a: Meowscarada
|-damage|p2a: Meowscarada|0 fnt
|faint|p2a: Meowscarada
|
|upkeep
|
|t:|1757854148
|switch|p2a: Great Tusk|Great Tusk|47/100
|turn|31
|
|t:|1757854151
|move|p1a: Kyurem|Ice Beam|p2a: Great Tusk
|-supereffective|p2a: Great Tusk
|-damage|p2a: Great Tusk|0 fnt
|faint|p2a: Great Tusk
|-end|p2a: Great Tusk|Protosynthesis|[silent]
|
|win|Mr Tpen
|raw|Mr Tpen's rating: 1708 &rarr; <strong>1723</strong><br />(+15 for winning)
|raw|ABraviousTinkaton's rating: 1620 &rarr; <strong>1605</strong><br />(-15 for losing)
|l|☆ABraviousTinkaton
|player|p2|
|l|☆Mr Tpen
|player|p1|
