|j|☆Scogt637384
|j|☆sebastian.gough
|t:|1757899514
|gametype|singles
|player|p1|Scogt637384|cynthia-gen4|1056
|player|p2|sebastian.gough|rocketgrunt|1055
|gen|9
|tier|[Gen 9] OU
|rated|
|rule|HP Percentage Mod: HP is shown in percentages
|rule|Endless Battle Clause: Forcing endless battles is banned
|rule|Species Clause: Limit one of each Pokémon
|rule|OHKO Clause: OHKO moves are banned
|rule|Evasion Items Clause: Evasion items are banned
|rule|Evasion Moves Clause: Evasion moves are banned
|rule|Evasion Abilities Clause: Evasion abilities are banned
|rule|Sleep Moves Clause: Sleep-inducing moves are banned
|clearpoke
|poke|p1|Primeape, F|
|poke|p1|Gliscor, F|
|poke|p1|Blaziken, F|
|poke|p1|Rotom-Wash|
|poke|p1|Slowking-Galar, M|
|poke|p1|Sylveon, F|
|poke|p2|Krookodile, F|
|poke|p2|Charizard, F|
|poke|p2|Noctowl, M|
|poke|p2|Greninja-*, M|
|poke|p2|Pikachu-World, M|
|poke|p2|Sceptile, M|
|teampreview
|inactive|Battle timer is ON: inactive players will automatically lose when time's up. (requested by Scogt637384)
|
|t:|1757899524
|teamsize|p1|6
|teamsize|p2|6
|start
|switch|p1a: Gliscor|Gliscor, F, shiny|100/100
|switch|p2a: Krookodile|Krookodile, F|100/100
|turn|1
|
|t:|1757899528
|move|p2a: Krookodile|Stealth Rock|p1a: Gliscor
|-sidestart|p1: Scogt637384|move: Stealth Rock
|move|p1a: Gliscor|Toxic|p2a: Krookodile
|-status|p2a: Krookodile|tox
|
|-damage|p2a: Krookodile|94/100 tox|[from] psn
|-status|p1a: Gliscor|tox|[from] item: Toxic Orb
|upkeep
|turn|2
|
|t:|1757899534
|move|p2a: Krookodile|Crunch|p1a: Gliscor
|-damage|p1a: Gliscor|78/100 tox
|move|p1a: Gliscor|Stealth Rock|p2a: Krookodile
|-sidestart|p2: sebastian.gough|move: Stealth Rock
|
|-damage|p2a: Krookodile|82/100 tox|[from] psn
|-heal|p1a: Gliscor|91/100 tox|[from] ability: Poison Heal
|upkeep
|turn|3
|
|t:|1757899545
|move|p1a: Gliscor|Protect|p1a: Gliscor
|-singleturn|p1a: Gliscor|Protect
|move|p2a: Krookodile|Crunch|p1a: Gliscor
|-activate|p1a: Gliscor|move: Protect
|
|-damage|p2a: Krookodile|64/100 tox|[from] psn
|-heal|p1a: Gliscor|100/100 tox|[from] ability: Poison Heal
|upkeep
|turn|4
|
|t:|1757899558
|switch|p2a: Greninja|Greninja, M|100/100
|-damage|p2a: Greninja|88/100|[from] Stealth Rock
|move|p1a: Gliscor|Earthquake|p2a: Greninja
|-damage|p2a: Greninja|33/100
|
|upkeep
|turn|5
|
|t:|1757899567
|-terastallize|p2a: Greninja|Poison
|move|p2a: Greninja|Ice Beam|p1a: Gliscor
|-supereffective|p1a: Gliscor
|-damage|p1a: Gliscor|0 fnt
|faint|p1a: Gliscor
|-ability|p2a: Greninja|Battle Bond|boost
|-boost|p2a: Greninja|atk|1
|-boost|p2a: Greninja|spa|1
|-boost|p2a: Greninja|spe|1
|-activate|p2a: Greninja|ability: Battle Bond
|
|upkeep
|
|t:|1757899584
|switch|p1a: Slowking|Slowking-Galar, M, shiny|100/100
|-damage|p1a: Slowking|88/100|[from] Stealth Rock
|turn|6
|
|t:|1757899598
|move|p2a: Greninja|Ice Beam|p1a: Slowking
|-damage|p1a: Slowking|50/100
|move|p1a: Slowking|Future Sight|p2a: Greninja
|-start|p1a: Slowking|move: Future Sight
|
|-heal|p1a: Slowking|56/100|[from] item: Black Sludge
|upkeep
|turn|7
|
|t:|1757899603
|move|p2a: Greninja|Ice Beam|p1a: Slowking
|-damage|p1a: Slowking|22/100
|-prepare|p1a: Slowking|Chilly Reception|[premajor]
|move|p1a: Slowking|Chilly Reception|p1a: Slowking
|-weather|Snowscape
|
|t:|1757899609
|switch|p1a: Sylveon|Sylveon, F|100/100|[from] Chilly Reception
|-damage|p1a: Sylveon|88/100|[from] Stealth Rock
|
|-weather|Snowscape|[upkeep]
|upkeep
|turn|8
|
|t:|1757899614
|move|p2a: Greninja|Ice Beam|p1a: Sylveon
|-damage|p1a: Sylveon|44/100
|-status|p1a: Sylveon|frz
|cant|p1a: Sylveon|frz
|
|-weather|Snowscape|[upkeep]
|-end|p2a: Greninja|move: Future Sight
|-supereffective|p2a: Greninja
|-damage|p2a: Greninja|0 fnt
|faint|p2a: Greninja
|upkeep
|
|t:|1757899636
|switch|p2a: Noctowl|Noctowl, M, shiny|100/100
|turn|9
|
|t:|1757899639
|move|p2a: Noctowl|Defog|p1a: Sylveon
|-unboost|p1a: Sylveon|evasion|1
|-sideend|p1: Scogt637384|Stealth Rock|[from] move: Defog|[of] p2a: Noctowl
|-sideend|p2: sebastian.gough|Stealth Rock|[from] move: Defog|[of] p2a: Noctowl
|cant|p1a: Sylveon|frz
|
|-weather|Snowscape|[upkeep]
|upkeep
|turn|10
|
|t:|1757899647
|move|p2a: Noctowl|Calm Mind|p2a: Noctowl
|-boost|p2a: Noctowl|spa|1
|-boost|p2a: Noctowl|spd|1
|-curestatus|p1a: Sylveon|frz|[msg]
|move|p1a: Sylveon|Weather Ball|p2a: Noctowl
|-supereffective|p2a: Noctowl
|-damage|p2a: Noctowl|38/100
|
|-weather|Snowscape|[upkeep]
|upkeep
|turn|11
|
|t:|1757899656
|move|p2a: Noctowl|Stored Power|p1a: Sylveon
|-damage|p1a: Sylveon|30/100
|move|p1a: Sylveon|Weather Ball|p2a: Noctowl
|-supereffective|p2a: Noctowl
|-damage|p2a: Noctowl|0 fnt
|faint|p2a: Noctowl
|
|-weather|none
|upkeep
|
|t:|1757899675
|switch|p2a: Pikachu|Pikachu-World, M|100/100
|turn|12
|
|t:|1757899684
|switch|p1a: Slowking|Slowking-Galar, M, shiny|55/100
|move|p2a: Pikachu|Thunderbolt|p1a: Slowking
|-damage|p1a: Slowking|23/100
|-status|p1a: Slowking|par
|
|-heal|p1a: Slowking|29/100 par|[from] item: Black Sludge
|upkeep
|turn|13
|
|t:|1757899688
|move|p2a: Pikachu|Trailblaze|p1a: Slowking
|-resisted|p1a: Slowking
|-damage|p1a: Slowking|22/100 par
|-boost|p2a: Pikachu|spe|1
|cant|p1a: Slowking|par
|
|-heal|p1a: Slowking|28/100 par|[from] item: Black Sludge
|upkeep
|turn|14
|
|t:|1757899703
|move|p2a: Pikachu|Surf|p1a: Slowking
|-damage|p1a: Slowking|6/100 par
|move|p1a: Slowking|Slack Off|p1a: Slowking
|-heal|p1a: Slowking|56/100 par
|
|-heal|p1a: Slowking|62/100 par|[from] item: Black Sludge
|upkeep
|turn|15
|
|t:|1757899711
|move|p2a: Pikachu|Thunderbolt|p1a: Slowking
|-damage|p1a: Slowking|32/100 par
|-prepare|p1a: Slowking|Chilly Reception|[premajor]
|move|p1a: Slowking|Chilly Reception|p1a: Slowking
|-weather|Snowscape
|
|t:|1757899718
|switch|p1a: Blaziken|Blaziken, F, shiny|100/100|[from] Chilly Reception
|
|-weather|Snowscape|[upkeep]
|upkeep
|turn|16
|
|t:|1757899723
|move|p1a: Blaziken|Protect|p1a: Blaziken
|-singleturn|p1a: Blaziken|Protect
|move|p2a: Pikachu|Surf|p1a: Blaziken
|-activate|p1a: Blaziken|move: Protect
|
|-weather|Snowscape|[upkeep]
|-ability|p1a: Blaziken|Speed Boost|boost
|-boost|p1a: Blaziken|spe|1
|upkeep
|turn|17
|
|t:|1757899732
|move|p2a: Pikachu|Surf|p1a: Blaziken
|-supereffective|p1a: Blaziken
|-enditem|p1a: Blaziken|Focus Sash
|-damage|p1a: Blaziken|1/100
|move|p1a: Blaziken|Swords Dance|p1a: Blaziken
|-boost|p1a: Blaziken|atk|2
|
|-weather|Snowscape|[upkeep]
|-ability|p1a: Blaziken|Speed Boost|boost
|-boost|p1a: Blaziken|spe|1
|upkeep
|turn|18
|
|t:|1757899743
|move|p1a: Blaziken|Protect|p1a: Blaziken
|-singleturn|p1a: Blaziken|Protect
|move|p2a: Pikachu|Surf|p1a: Blaziken
|-activate|p1a: Blaziken|move: Protect
|
|-weather|Snowscape|[upkeep]
|-ability|p1a: Blaziken|Speed Boost|boost
|-boost|p1a: Blaziken|spe|1
|upkeep
|turn|19
|
|t:|1757899754
|move|p1a: Blaziken|Reversal|p2a: Pikachu
|-damage|p2a: Pikachu|0 fnt
|faint|p2a: Pikachu
|
|-weather|none
|-ability|p1a: Blaziken|Speed Boost|boost
|-boost|p1a: Blaziken|spe|1
|upkeep
|
|t:|1757899762
|switch|p2a: Sceptile|Sceptile, M|100/100
|turn|20
|
|t:|1757899768
|move|p1a: Blaziken|Protect|p1a: Blaziken
|-singleturn|p1a: Blaziken|Protect
|move|p2a: Sceptile|Vacuum Wave|p1a: Blaziken
|-activate|p1a: Blaziken|move: Protect
|
|-ability|p1a: Blaziken|Speed Boost|boost
|-boost|p1a: Blaziken|spe|1
|upkeep
|turn|21
|
|t:|1757899774
|move|p2a: Sceptile|Vacuum Wave|p1a: Blaziken
|-damage|p1a: Blaziken|0 fnt
|faint|p1a: Blaziken
|
|upkeep
|
|t:|1757899782
|switch|p1a: Slowking|Slowking-Galar, M, shiny|65/100 par
|turn|22
|
|t:|1757899786
|move|p2a: Sceptile|Solar Beam||[still]
|-prepare|p2a: Sceptile|Solar Beam
|-enditem|p2a: Sceptile|Power Herb
|-anim|p2a: Sceptile|Solar Beam|p1a: Slowking
|-resisted|p1a: Slowking
|-damage|p1a: Slowking|48/100 par
|move|p1a: Slowking|Future Sight|p2a: Sceptile
|-start|p1a: Slowking|move: Future Sight
|
|-heal|p1a: Slowking|54/100 par|[from] item: Black Sludge
|upkeep
|turn|23
|
|t:|1757899805
|move|p2a: Sceptile|Dragon Pulse|p1a: Slowking
|-damage|p1a: Slowking|38/100 par
|move|p1a: Slowking|Sludge Bomb|p2a: Sceptile
|-supereffective|p2a: Sceptile
|-damage|p2a: Sceptile|12/100
|
|-heal|p1a: Slowking|44/100 par|[from] item: Black Sludge
|upkeep
|turn|24
|
|t:|1757899811
|switch|p2a: Krookodile|Krookodile, F|64/100 tox
|move|p1a: Slowking|Slack Off|p1a: Slowking
|-heal|p1a: Slowking|94/100 par
|
|-end|p2a: Krookodile|move: Future Sight
|-immune|p2a: Krookodile
|-heal|p1a: Slowking|99/100 par|[from] item: Black Sludge
|-damage|p2a: Krookodile|58/100 tox|[from] psn
|upkeep
|turn|25
|
|t:|1757899819
|move|p2a: Krookodile|Crunch|p1a: Slowking
|-supereffective|p1a: Slowking
|-damage|p1a: Slowking|20/100 par
|-prepare|p1a: Slowking|Chilly Reception|[premajor]
|cant|p1a: Slowking|par
|
|-heal|p1a: Slowking|26/100 par|[from] item: Black Sludge
|-damage|p2a: Krookodile|46/100 tox|[from] psn
|upkeep
|turn|26
|
|t:|1757899830
|move|p2a: Krookodile|Earthquake|p1a: Slowking
|-supereffective|p1a: Slowking
|-damage|p1a: Slowking|0 fnt
|faint|p1a: Slowking
|-ability|p2a: Krookodile|Moxie|boost
|-boost|p2a: Krookodile|atk|1
|
|-damage|p2a: Krookodile|28/100 tox|[from] psn
|upkeep
|
|t:|1757899844
|switch|p1a: Rotom|Rotom-Wash, shiny|100/100
|turn|27
|
|t:|1757899850
|move|p1a: Rotom|Hydro Pump|p2a: Krookodile
|-supereffective|p2a: Krookodile
|-damage|p2a: Krookodile|0 fnt
|faint|p2a: Krookodile
|
|upkeep
|
|t:|1757899853
|switch|p2a: Sceptile|Sceptile, M|12/100
|turn|28
|
|t:|1757899862
|switch|p1a: Sylveon|Sylveon, F|30/100
|move|p2a: Sceptile|Leaf Storm|p1a: Sylveon
|-damage|p1a: Sylveon|0 fnt
|-unboost|p2a: Sceptile|spa|2
|faint|p1a: Sylveon
|
|upkeep
|
|t:|1757899872
|switch|p1a: Rotom|Rotom-Wash, shiny|100/100
|turn|29
|
|t:|1757899875
|move|p1a: Rotom|Volt Switch|p2a: Sceptile
|-resisted|p2a: Sceptile
|-damage|p2a: Sceptile|0 fnt
|faint|p2a: Sceptile
|
|t:|1757899881
|switch|p1a: Primeape|Primeape, F, shiny|100/100|[from] Volt Switch
|
|upkeep
|
|t:|1757899883
|switch|p2a: Charizard|Charizard, F|100/100
|turn|30
|
|t:|1757899889
|-terastallize|p1a: Primeape|Ghost
|move|p2a: Charizard|Air Slash|p1a: Primeape
|-damage|p1a: Primeape|71/100
|cant|p1a: Primeape|flinch
|
|upkeep
|turn|31
|
|t:|1757899899
|move|p2a: Charizard|Will-O-Wisp|p1a: Primeape
|-status|p1a: Primeape|brn
|move|p1a: Primeape|Bulk Up|p1a: Primeape
|-boost|p1a: Primeape|atk|1
|-boost|p1a: Primeape|def|1
|
|-damage|p1a: Primeape|65/100 brn|[from] brn
|upkeep
|turn|32
|
|t:|1757899907
|move|p2a: Charizard|Flamethrower|p1a: Primeape
|-damage|p1a: Primeape|28/100 brn
|move|p1a: Primeape|Taunt|p2a: Charizard
|-start|p2a: Charizard|move: Taunt
|
|-damage|p1a: Primeape|22/100 brn|[from] brn
|upkeep
|turn|33
|
|t:|1757899916
|move|p2a: Charizard|Dragon Pulse|p1a: Primeape
|-damage|p1a: Primeape|0 fnt
|faint|p1a: Primeape
|
|upkeep
|
|t:|1757899918
|switch|p1a: Rotom|Rotom-Wash, shiny|100/100
|turn|34
|
|t:|1757899926
|move|p1a: Rotom|Hydro Pump|p2a: Charizard
|-supereffective|p2a: Charizard
|-damage|p2a: Charizard|0 fnt
|faint|p2a: Charizard
|
|win|Scogt637384
|raw|Scogt637384's rating: 1056 &rarr; <strong>1088</strong><br />(+32 for winning)
|raw|sebastian.gough's rating: 1055 &rarr; <strong>1037</strong><br />(-18 for losing)
|l|☆Scogt637384
|player|p1|
|l|☆sebastian.gough
|player|p2|
