|j|☆mosfroth
|j|☆sdgkjshdkf
|t:|1757787805
|gametype|singles
|player|p1|mosfroth|bruno|1602
|player|p2|sdgkjshdkf|1|1584
|gen|9
|tier|[Gen 9] OU
|rated|
|rule|HP Percentage Mod: HP is shown in percentages
|rule|Endless Battle Clause: Forcing endless battles is banned
|rule|Species Clause: Limit one of each Pokémon
|rule|OHKO Clause: OHKO moves are banned
|rule|Evasion Items Clause: Evasion items are banned
|rule|Evasion Moves Clause: Evasion moves are banned
|rule|Evasion Abilities Clause: Evasion abilities are banned
|rule|Sleep Moves Clause: Sleep-inducing moves are banned
|clearpoke
|poke|p1|Barraskewda, M|
|poke|p1|Raging Bolt|
|poke|p1|Pelipper, F|
|poke|p1|Tornadus-Therian, M|
|poke|p1|Ogerpon-Wellspring, F|
|poke|p1|Iron Treads|
|poke|p2|Ribombee, M|
|poke|p2|Gholdengo|
|poke|p2|Dragonite, F|
|poke|p2|Ceruledge, M|
|poke|p2|Great Tusk|
|poke|p2|Comfey, M|
|teampreview
|
|t:|1757787813
|teamsize|p1|6
|teamsize|p2|6
|start
|switch|p1a: Pelipper|Pelipper, F|100/100
|switch|p2a: Ribombee|Ribombee, M|100/100
|-weather|RainDance|[from] ability: Drizzle|[of] p1a: Pelipper
|turn|1
|
|t:|1757787820
|move|p2a: Ribombee|Sticky Web|p1a: Pelipper
|-sidestart|p1: mosfroth|move: Sticky Web
|move|p1a: Pelipper|Hurricane|p2a: Ribombee
|-supereffective|p2a: Ribombee
|-enditem|p2a: Ribombee|Focus Sash
|-damage|p2a: Ribombee|1/100
|
|-weather|RainDance|[upkeep]
|upkeep
|turn|2
|
|t:|1757787824
|move|p2a: Ribombee|Stun Spore|p1a: Pelipper
|-status|p1a: Pelipper|par
|move|p1a: Pelipper|U-turn|p2a: Ribombee
|-resisted|p2a: Ribombee
|-damage|p2a: Ribombee|0 fnt
|faint|p2a: Ribombee
|
|t:|1757787834
|switch|p1a: Tornadus|Tornadus-Therian, M|100/100|[from] U-turn
|
|-weather|RainDance|[upkeep]
|upkeep
|
|t:|1757787840
|switch|p2a: Comfey|Comfey, M|100/100
|turn|3
|
|t:|1757787846
|move|p1a: Tornadus|Hurricane|p2a: Comfey
|-damage|p2a: Comfey|15/100
|move|p2a: Comfey|Calm Mind|p2a: Comfey
|-boost|p2a: Comfey|spa|1
|-boost|p2a: Comfey|spd|1
|
|-weather|RainDance|[upkeep]
|upkeep
|turn|4
|
|t:|1757787850
|move|p2a: Comfey|Draining Kiss|p1a: Tornadus
|-damage|p1a: Tornadus|52/100
|-heal|p2a: Comfey|51/100|[from] drain|[of] p1a: Tornadus
|-damage|p2a: Comfey|41/100|[from] item: Life Orb
|move|p1a: Tornadus|Hurricane|p2a: Comfey
|-damage|p2a: Comfey|0 fnt
|faint|p2a: Comfey
|
|-weather|RainDance|[upkeep]
|upkeep
|
|t:|1757787862
|switch|p2a: Ceruledge|Ceruledge, M|100/100
|turn|5
|
|t:|1757787866
|move|p1a: Tornadus|Hurricane|p2a: Ceruledge
|-damage|p2a: Ceruledge|13/100
|-start|p2a: Ceruledge|confusion
|-activate|p2a: Ceruledge|confusion
|move|p2a: Ceruledge|Poltergeist|p1a: Tornadus
|-activate|p1a: Tornadus|move: Poltergeist|Choice Specs
|-damage|p1a: Tornadus|0 fnt
|faint|p1a: Tornadus
|
|-weather|RainDance|[upkeep]
|upkeep
|
|t:|1757787879
|switch|p1a: Barraskewda|Barraskewda, M|100/100
|-activate|p1a: Barraskewda|move: Sticky Web
|-unboost|p1a: Barraskewda|spe|1
|turn|6
|
|t:|1757787883
|move|p1a: Barraskewda|Aqua Jet|p2a: Ceruledge
|-supereffective|p2a: Ceruledge
|-damage|p2a: Ceruledge|0 fnt
|faint|p2a: Ceruledge
|
|-weather|RainDance|[upkeep]
|upkeep
|
|t:|1757787887
|switch|p2a: Dragonite|Dragonite, F|100/100
|turn|7
|
|t:|1757787892
|move|p1a: Barraskewda|Flip Turn|p2a: Dragonite
|-resisted|p2a: Dragonite
|-crit|p2a: Dragonite
|-damage|p2a: Dragonite|79/100
|
|t:|1757787897
|switch|p1a: Iron Treads|Iron Treads|100/100|[from] Flip Turn
|-activate|p1a: Iron Treads|move: Sticky Web
|-unboost|p1a: Iron Treads|spe|1
|move|p2a: Dragonite|Earthquake|p1a: Iron Treads
|-supereffective|p1a: Iron Treads
|-damage|p1a: Iron Treads|40/100
|
|-weather|RainDance|[upkeep]
|-heal|p1a: Iron Treads|46/100|[from] item: Leftovers
|upkeep
|turn|8
|
|t:|1757787907
|-terastallize|p1a: Iron Treads|Fairy
|move|p2a: Dragonite|Earthquake|p1a: Iron Treads
|-damage|p1a: Iron Treads|16/100
|move|p1a: Iron Treads|Rapid Spin|p2a: Dragonite
|-damage|p2a: Dragonite|66/100
|-boost|p1a: Iron Treads|spe|1
|-sideend|p1: mosfroth|Sticky Web|[from] move: Rapid Spin|[of] p1a: Iron Treads
|
|-weather|none
|-heal|p1a: Iron Treads|22/100|[from] item: Leftovers
|upkeep
|turn|9
|
|t:|1757787920
|move|p1a: Iron Treads|Knock Off|p2a: Dragonite
|-damage|p2a: Dragonite|42/100
|-enditem|p2a: Dragonite|Heavy-Duty Boots|[from] move: Knock Off|[of] p1a: Iron Treads
|move|p2a: Dragonite|Dragon Dance|p2a: Dragonite
|-boost|p2a: Dragonite|atk|1
|-boost|p2a: Dragonite|spe|1
|
|-heal|p1a: Iron Treads|29/100|[from] item: Leftovers
|upkeep
|turn|10
|
|t:|1757787932
|-end|p1a: Iron Treads|Quark Drive|[silent]
|switch|p1a: Pelipper|Pelipper, F|100/100 par
|-weather|RainDance|[from] ability: Drizzle|[of] p1a: Pelipper
|move|p2a: Dragonite|Roost|p2a: Dragonite
|-heal|p2a: Dragonite|92/100
|-singleturn|p2a: Dragonite|move: Roost
|
|-weather|RainDance|[upkeep]
|upkeep
|turn|11
|
|t:|1757787939
|move|p2a: Dragonite|Dragon Dance|p2a: Dragonite
|-boost|p2a: Dragonite|atk|1
|-boost|p2a: Dragonite|spe|1
|cant|p1a: Pelipper|par
|
|-weather|RainDance|[upkeep]
|upkeep
|turn|12
|
|t:|1757787954
|move|p2a: Dragonite|Dragon Dance|p2a: Dragonite
|-boost|p2a: Dragonite|atk|1
|-boost|p2a: Dragonite|spe|1
|move|p1a: Pelipper|Hurricane|p2a: Dragonite
|-damage|p2a: Dragonite|60/100
|-start|p2a: Dragonite|confusion
|
|-weather|RainDance|[upkeep]
|upkeep
|turn|13
|
|t:|1757787965
|switch|p1a: Ogerpon|Ogerpon-Wellspring, F|100/100
|-activate|p2a: Dragonite|confusion
|-damage|p2a: Dragonite|20/100|[from] confusion
|
|-weather|RainDance|[upkeep]
|upkeep
|turn|14
|
|t:|1757787971
|-end|p2a: Dragonite|confusion
|move|p2a: Dragonite|Extreme Speed|p1a: Ogerpon
|-damage|p1a: Ogerpon|0 fnt
|faint|p1a: Ogerpon
|
|-weather|RainDance|[upkeep]
|upkeep
|
|t:|1757787997
|switch|p1a: Pelipper|Pelipper, F|100/100 par
|turn|15
|
|t:|1757788004
|move|p2a: Dragonite|Roost|p2a: Dragonite
|-heal|p2a: Dragonite|71/100
|-singleturn|p2a: Dragonite|move: Roost
|move|p1a: Pelipper|Hurricane|p2a: Dragonite
|-damage|p2a: Dragonite|37/100
|
|-weather|RainDance|[upkeep]
|upkeep
|turn|16
|
|t:|1757788013
|move|p2a: Dragonite|Roost|p2a: Dragonite
|-heal|p2a: Dragonite|87/100
|-singleturn|p2a: Dragonite|move: Roost
|move|p1a: Pelipper|Hurricane|p2a: Dragonite
|-damage|p2a: Dragonite|55/100
|
|-weather|RainDance|[upkeep]
|upkeep
|turn|17
|
|t:|1757788019
|move|p2a: Dragonite|Roost|p2a: Dragonite
|-heal|p2a: Dragonite|100/100
|-singleturn|p2a: Dragonite|move: Roost
|cant|p1a: Pelipper|par
|
|-weather|none
|upkeep
|turn|18
|
|t:|1757788023
|switch|p1a: Iron Treads|Iron Treads, tera:Fairy|29/100
|move|p2a: Dragonite|Extreme Speed|p1a: Iron Treads
|-damage|p1a: Iron Treads|0 fnt
|faint|p1a: Iron Treads
|-end|p1a: Iron Treads|Quark Drive|[silent]
|
|upkeep
|
|t:|1757788025
|switch|p1a: Pelipper|Pelipper, F|100/100 par
|-weather|RainDance|[from] ability: Drizzle|[of] p1a: Pelipper
|turn|19
|
|t:|1757788027
|move|p2a: Dragonite|Extreme Speed|p1a: Pelipper
|-damage|p1a: Pelipper|35/100 par
|move|p1a: Pelipper|Hurricane|p2a: Dragonite
|-damage|p2a: Dragonite|84/100
|
|-weather|RainDance|[upkeep]
|upkeep
|turn|20
|
|t:|1757788036
|move|p2a: Dragonite|Extreme Speed|p1a: Pelipper
|-damage|p1a: Pelipper|0 fnt
|faint|p1a: Pelipper
|
|-weather|RainDance|[upkeep]
|upkeep
|c|☆mosfroth|gg
|c|☆sdgkjshdkf|gg
|
|t:|1757788052
|switch|p1a: Raging Bolt|Raging Bolt|100/100
|turn|21
|
|t:|1757788058
|move|p2a: Dragonite|Earthquake|p1a: Raging Bolt
|-supereffective|p1a: Raging Bolt
|-damage|p1a: Raging Bolt|0 fnt
|faint|p1a: Raging Bolt
|-end|p1a: Raging Bolt|Protosynthesis|[silent]
|
|-weather|RainDance|[upkeep]
|upkeep
|-message|mosfroth forfeited.
|
|win|sdgkjshdkf
|raw|mosfroth's rating: 1602 &rarr; <strong>1581</strong><br />(-21 for losing)
|raw|sdgkjshdkf's rating: 1584 &rarr; <strong>1605</strong><br />(+21 for winning)
|l|☆mosfroth
|player|p1|
|l|☆sdgkjshdkf
|player|p2|
