|j|☆michaelgoalise
|j|☆bjtrbhgnhgv
|t:|1757914364
|gametype|singles
|player|p1|michaelgoalise|170|1589
|player|p2|bjtrbhgnhgv|2|1608
|gen|9
|tier|[Gen 9] OU
|rated|
|rule|HP Percentage Mod: HP is shown in percentages
|rule|Endless Battle Clause: Forcing endless battles is banned
|rule|Species Clause: Limit one of each Pokémon
|rule|OHKO Clause: OHKO moves are banned
|rule|Evasion Items Clause: Evasion items are banned
|rule|Evasion Moves Clause: Evasion moves are banned
|rule|Evasion Abilities Clause: Evasion abilities are banned
|rule|Sleep Moves Clause: Sleep-inducing moves are banned
|clearpoke
|poke|p1|Empoleon, F|
|poke|p1|Rillaboom, M|
|poke|p1|Raging Bolt|
|poke|p1|Great Tusk|
|poke|p1|Moltres|
|poke|p1|Samurott-Hisui, M|
|poke|p2|Cinderace, F|
|poke|p2|Gliscor, F|
|poke|p2|Magnezone|
|poke|p2|Zapdos|
|poke|p2|Quaquaval, M|
|poke|p2|Scizor, F|
|teampreview
|inactive|Battle timer is ON: inactive players will automatically lose when time's up. (requested by bjtrbhgnhgv)
|j| Mao Is Pro
|inactive|michaelgoalise has 120 seconds left.
|inactive|michaelgoalise has 90 seconds left.
|
|t:|1757914463
|teamsize|p1|6
|teamsize|p2|6
|start
|switch|p1a: Raging Bolt|Raging Bolt|100/100
|switch|p2a: Cinderace|Cinderace, F|100/100
|turn|1
|
|t:|1757914487
|move|p2a: Cinderace|U-turn|p1a: Raging Bolt
|-start|p2a: Cinderace|typechange|Bug|[from] ability: Libero
|-damage|p1a: Raging Bolt|59/100
|j| Shucklepilled
|
|t:|1757914491
|switch|p2a: Magnezone|Magnezone|100/100|[from] U-turn
|move|p1a: Raging Bolt|Dragon Pulse|p2a: Magnezone
|-resisted|p2a: Magnezone
|-damage|p2a: Magnezone|71/100
|
|-heal|p1a: Raging Bolt|65/100|[from] item: Leftovers
|upkeep
|turn|2
|
|t:|1757914510
|-end|p1a: Raging Bolt|Protosynthesis|[silent]
|switch|p1a: Rillaboom|Rillaboom, M|100/100
|-fieldstart|move: Grassy Terrain|[from] ability: Grassy Surge|[of] p1a: Rillaboom
|move|p2a: Magnezone|Flash Cannon|p1a: Rillaboom
|-damage|p1a: Rillaboom|0 fnt
|faint|p1a: Rillaboom
|
|-heal|p2a: Magnezone|77/100|[from] Grassy Terrain
|upkeep
|inactive|michaelgoalise has 120 seconds left.
|inactive|michaelgoalise has 90 seconds left.
|inactive|michaelgoalise has 60 seconds left.
|
|t:|1757914592
|switch|p1a: Raging Bolt|Raging Bolt|65/100
|turn|3
|inactive|michaelgoalise has 60 seconds left.
|
|t:|1757914604
|move|p1a: Raging Bolt|Calm Mind|p1a: Raging Bolt
|-boost|p1a: Raging Bolt|spa|1
|-boost|p1a: Raging Bolt|spd|1
|move|p2a: Magnezone|Flash Cannon|p1a: Raging Bolt
|-resisted|p1a: Raging Bolt
|-damage|p1a: Raging Bolt|41/100
|
|-heal|p1a: Raging Bolt|47/100|[from] Grassy Terrain
|-heal|p1a: Raging Bolt|54/100|[from] item: Leftovers
|-heal|p2a: Magnezone|84/100|[from] Grassy Terrain
|upkeep
|turn|4
|
|t:|1757914611
|switch|p2a: Scizor|Scizor, F|100/100
|move|p1a: Raging Bolt|Dragon Pulse|p2a: Scizor
|-resisted|p2a: Scizor
|-damage|p2a: Scizor|53/100
|
|-heal|p1a: Raging Bolt|60/100|[from] Grassy Terrain
|-heal|p1a: Raging Bolt|66/100|[from] item: Leftovers
|-heal|p2a: Scizor|59/100|[from] Grassy Terrain
|-heal|p2a: Scizor|66/100|[from] item: Leftovers
|upkeep
|turn|5
|
|t:|1757914626
|move|p1a: Raging Bolt|Thunderbolt|p2a: Scizor
|-damage|p2a: Scizor|0 fnt
|faint|p2a: Scizor
|
|-heal|p1a: Raging Bolt|72/100|[from] Grassy Terrain
|-heal|p1a: Raging Bolt|78/100|[from] item: Leftovers
|upkeep
|
|t:|1757914632
|switch|p2a: Cinderace|Cinderace, F|100/100
|turn|6
|
|t:|1757914640
|-end|p1a: Raging Bolt|Protosynthesis|[silent]
|switch|p1a: Moltres|Moltres|100/100
|move|p2a: Cinderace|Sucker Punch||[still]
|-fail|p2a: Cinderace
|
|-fieldend|move: Grassy Terrain
|upkeep
|turn|7
|
|t:|1757914652
|switch|p2a: Zapdos|Zapdos|100/100
|move|p1a: Moltres|U-turn|p2a: Zapdos
|-resisted|p2a: Zapdos
|-damage|p2a: Zapdos|93/100
|-status|p1a: Moltres|par|[from] ability: Static|[of] p2a: Zapdos
|
|t:|1757914657
|switch|p1a: Raging Bolt|Raging Bolt|78/100|[from] U-turn
|
|-heal|p2a: Zapdos|99/100|[from] item: Leftovers
|-heal|p1a: Raging Bolt|84/100|[from] item: Leftovers
|upkeep
|turn|8
|inactive|michaelgoalise has 60 seconds left.
|
|t:|1757914691
|move|p2a: Zapdos|Volt Switch|p1a: Raging Bolt
|-resisted|p1a: Raging Bolt
|-damage|p1a: Raging Bolt|76/100
|
|t:|1757914710
|switch|p2a: Gliscor|Gliscor, F|100/100|[from] Volt Switch
|move|p1a: Raging Bolt|Dragon Pulse|p2a: Gliscor
|-damage|p2a: Gliscor|52/100
|
|-heal|p1a: Raging Bolt|82/100|[from] item: Leftovers
|-status|p2a: Gliscor|tox|[from] item: Toxic Orb
|upkeep
|turn|9
|
|t:|1757914720
|-end|p1a: Raging Bolt|Protosynthesis|[silent]
|switch|p1a: Great Tusk|Great Tusk|100/100
|move|p2a: Gliscor|Fling|p1a: Great Tusk
|-resisted|p1a: Great Tusk
|-damage|p1a: Great Tusk|99/100
|-status|p1a: Great Tusk|tox
|-enditem|p2a: Gliscor|Toxic Orb|[from] move: Fling
|
|-damage|p1a: Great Tusk|92/100 tox|[from] psn
|-heal|p2a: Gliscor|64/100 tox|[from] ability: Poison Heal
|upkeep
|turn|10
|
|t:|1757914727
|move|p2a: Gliscor|Protect|p2a: Gliscor
|-singleturn|p2a: Gliscor|Protect
|move|p1a: Great Tusk|Stealth Rock|p2a: Gliscor
|-sidestart|p2: bjtrbhgnhgv|move: Stealth Rock
|
|-damage|p1a: Great Tusk|80/100 tox|[from] psn
|-heal|p2a: Gliscor|77/100 tox|[from] ability: Poison Heal
|upkeep
|turn|11
|
|t:|1757914748
|switch|p2a: Quaquaval|Quaquaval, M|100/100
|-damage|p2a: Quaquaval|94/100|[from] Stealth Rock
|move|p1a: Great Tusk|Ice Spinner|p2a: Quaquaval
|-resisted|p2a: Quaquaval
|-damage|p2a: Quaquaval|79/100
|
|-damage|p1a: Great Tusk|61/100 tox|[from] psn
|upkeep
|turn|12
|inactive|michaelgoalise has 60 seconds left.
|
|t:|1757914778
|-end|p1a: Great Tusk|Protosynthesis|[silent]
|switch|p1a: Moltres|Moltres|100/100 par
|move|p2a: Quaquaval|Close Combat|p1a: Moltres
|-resisted|p1a: Moltres
|-damage|p1a: Moltres|67/100 par
|-unboost|p2a: Quaquaval|def|1
|-unboost|p2a: Quaquaval|spd|1
|
|upkeep
|turn|13
|
|t:|1757914792
|switch|p2a: Zapdos|Zapdos|99/100
|-damage|p2a: Zapdos|74/100|[from] Stealth Rock
|move|p1a: Moltres|U-turn|p2a: Zapdos
|-resisted|p2a: Zapdos
|-damage|p2a: Zapdos|68/100
|
|t:|1757914796
|switch|p1a: Raging Bolt|Raging Bolt|82/100|[from] U-turn
|
|-heal|p2a: Zapdos|74/100|[from] item: Leftovers
|-heal|p1a: Raging Bolt|89/100|[from] item: Leftovers
|upkeep
|turn|14
|j| Top1SSSmegaSlowbro
|
|t:|1757914805
|move|p2a: Zapdos|Hurricane|p1a: Raging Bolt
|-resisted|p1a: Raging Bolt
|-damage|p1a: Raging Bolt|60/100
|move|p1a: Raging Bolt|Dragon Pulse|p2a: Zapdos
|-damage|p2a: Zapdos|26/100
|
|-heal|p2a: Zapdos|32/100|[from] item: Leftovers
|-heal|p1a: Raging Bolt|66/100|[from] item: Leftovers
|upkeep
|turn|15
|
|t:|1757914813
|move|p2a: Zapdos|Roost|p2a: Zapdos
|-heal|p2a: Zapdos|82/100
|-singleturn|p2a: Zapdos|move: Roost
|move|p1a: Raging Bolt|Calm Mind|p1a: Raging Bolt
|-boost|p1a: Raging Bolt|spa|1
|-boost|p1a: Raging Bolt|spd|1
|
|-heal|p2a: Zapdos|89/100|[from] item: Leftovers
|-heal|p1a: Raging Bolt|72/100|[from] item: Leftovers
|upkeep
|turn|16
|
|t:|1757914820
|move|p2a: Zapdos|Volt Switch|p1a: Raging Bolt
|-resisted|p1a: Raging Bolt
|-damage|p1a: Raging Bolt|67/100
|
|t:|1757914823
|switch|p2a: Magnezone|Magnezone|84/100|[from] Volt Switch
|-damage|p2a: Magnezone|77/100|[from] Stealth Rock
|move|p1a: Raging Bolt|Dragon Pulse|p2a: Magnezone
|-resisted|p2a: Magnezone
|-damage|p2a: Magnezone|33/100
|
|-heal|p1a: Raging Bolt|73/100|[from] item: Leftovers
|upkeep
|turn|17
|inactive|michaelgoalise has 90 seconds left.
|l| Top1SSSmegaSlowbro
|
|t:|1757914835
|move|p1a: Raging Bolt|Dragon Pulse|p2a: Magnezone
|-resisted|p2a: Magnezone
|-crit|p2a: Magnezone
|-damage|p2a: Magnezone|0 fnt
|faint|p2a: Magnezone
|
|-heal|p1a: Raging Bolt|79/100|[from] item: Leftovers
|upkeep
|
|t:|1757914840
|switch|p2a: Cinderace|Cinderace, F|100/100
|-damage|p2a: Cinderace|76/100|[from] Stealth Rock
|turn|18
|inactive|michaelgoalise has 90 seconds left.
|
|t:|1757914851
|-end|p1a: Raging Bolt|Protosynthesis|[silent]
|switch|p1a: Moltres|Moltres|67/100 par
|move|p2a: Cinderace|Sucker Punch||[still]
|-fail|p2a: Cinderace
|
|upkeep
|turn|19
|inactive|michaelgoalise has 90 seconds left.
|
|t:|1757914869
|switch|p1a: Raging Bolt|Raging Bolt|79/100
|move|p2a: Cinderace|Sucker Punch||[still]
|-fail|p2a: Cinderace
|
|-heal|p1a: Raging Bolt|85/100|[from] item: Leftovers
|upkeep
|turn|20
|inactive|michaelgoalise has 90 seconds left.
|
|t:|1757914878
|move|p2a: Cinderace|Sucker Punch||[still]
|-fail|p2a: Cinderace
|move|p1a: Raging Bolt|Substitute|p1a: Raging Bolt
|-start|p1a: Raging Bolt|Substitute
|-damage|p1a: Raging Bolt|60/100
|
|-heal|p1a: Raging Bolt|66/100|[from] item: Leftovers
|upkeep
|turn|21
|
|t:|1757914885
|switch|p2a: Gliscor|Gliscor, F|77/100 tox
|-damage|p2a: Gliscor|64/100 tox|[from] Stealth Rock
|move|p1a: Raging Bolt|Dragon Pulse|p2a: Gliscor
|-damage|p2a: Gliscor|19/100 tox
|
|-heal|p1a: Raging Bolt|73/100|[from] item: Leftovers
|-heal|p2a: Gliscor|32/100 tox|[from] ability: Poison Heal
|upkeep
|turn|22
|
|t:|1757914890
|move|p2a: Gliscor|Protect|p2a: Gliscor
|-singleturn|p2a: Gliscor|Protect
|move|p1a: Raging Bolt|Calm Mind|p1a: Raging Bolt
|-boost|p1a: Raging Bolt|spa|1
|-boost|p1a: Raging Bolt|spd|1
|
|-heal|p1a: Raging Bolt|79/100|[from] item: Leftovers
|-heal|p2a: Gliscor|44/100 tox|[from] ability: Poison Heal
|upkeep
|turn|23
|
|t:|1757914893
|move|p2a: Gliscor|Earthquake|p1a: Raging Bolt
|-supereffective|p1a: Raging Bolt
|-end|p1a: Raging Bolt|Substitute
|move|p1a: Raging Bolt|Dragon Pulse|p2a: Gliscor
|-damage|p2a: Gliscor|0 fnt
|faint|p2a: Gliscor
|
|-heal|p1a: Raging Bolt|85/100|[from] item: Leftovers
|upkeep
|
|t:|1757914900
|switch|p2a: Quaquaval|Quaquaval, M|79/100
|-damage|p2a: Quaquaval|73/100|[from] Stealth Rock
|turn|24
|
|t:|1757914908
|-end|p1a: Raging Bolt|Protosynthesis|[silent]
|switch|p1a: Moltres|Moltres|67/100 par
|move|p2a: Quaquaval|Aqua Step|p1a: Moltres
|-supereffective|p1a: Moltres
|-damage|p1a: Moltres|0 fnt
|-boost|p2a: Quaquaval|spe|1
|faint|p1a: Moltres
|-ability|p2a: Quaquaval|Moxie|boost
|-boost|p2a: Quaquaval|atk|1
|
|upkeep
|inactive|michaelgoalise has 120 seconds left.
|
|t:|1757914918
|switch|p1a: Samurott|Samurott-Hisui, M|100/100
|turn|25
|
|t:|1757914923
|-terastallize|p2a: Quaquaval|Water
|move|p1a: Samurott|Sacred Sword|p2a: Quaquaval
|-damage|p2a: Quaquaval|20/100
|move|p2a: Quaquaval|Aqua Step|p1a: Samurott
|-resisted|p1a: Samurott
|-damage|p1a: Samurott|23/100
|-boost|p2a: Quaquaval|spe|1
|
|upkeep
|turn|26
|inactive|michaelgoalise has 120 seconds left.
|inactive|michaelgoalise has 90 seconds left.
|
|t:|1757914994
|switch|p1a: Empoleon|Empoleon, F|100/100
|move|p2a: Quaquaval|Aqua Step|p1a: Empoleon
|-resisted|p1a: Empoleon
|-damage|p1a: Empoleon|30/100
|-boost|p2a: Quaquaval|spe|1
|
|-heal|p1a: Empoleon|37/100|[from] item: Leftovers
|upkeep
|turn|27
|
|t:|1757915006
|move|p2a: Quaquaval|Aqua Step|p1a: Empoleon
|-resisted|p1a: Empoleon
|-damage|p1a: Empoleon|0 fnt
|-boost|p2a: Quaquaval|spe|1
|faint|p1a: Empoleon
|-ability|p2a: Quaquaval|Moxie|boost
|-boost|p2a: Quaquaval|atk|1
|
|upkeep
|
|t:|1757915008
|switch|p1a: Raging Bolt|Raging Bolt|85/100
|turn|28
|
|t:|1757915013
|move|p2a: Quaquaval|Aqua Step|p1a: Raging Bolt
|-resisted|p1a: Raging Bolt
|-damage|p1a: Raging Bolt|8/100
|-boost|p2a: Quaquaval|spe|1
|move|p1a: Raging Bolt|Thunderbolt|p2a: Quaquaval
|-supereffective|p2a: Quaquaval
|-damage|p2a: Quaquaval|0 fnt
|faint|p2a: Quaquaval
|
|-heal|p1a: Raging Bolt|14/100|[from] item: Leftovers
|upkeep
|j| wyjmjl
|
|t:|1757915029
|switch|p2a: Cinderace|Cinderace, F|76/100
|-damage|p2a: Cinderace|51/100|[from] Stealth Rock
|turn|29
|inactive|michaelgoalise has 90 seconds left.
|
|t:|1757915043
|move|p2a: Cinderace|Pyro Ball|p1a: Raging Bolt
|-resisted|p1a: Raging Bolt
|-damage|p1a: Raging Bolt|0 fnt
|faint|p1a: Raging Bolt
|-end|p1a: Raging Bolt|Protosynthesis|[silent]
|
|upkeep
|
|t:|1757915045
|switch|p1a: Samurott|Samurott-Hisui, M|23/100
|turn|30
|
|t:|1757915053
|move|p1a: Samurott|Aqua Cutter|p2a: Cinderace
|-supereffective|p2a: Cinderace
|-damage|p2a: Cinderace|0 fnt
|faint|p2a: Cinderace
|
|upkeep
|
|t:|1757915056
|switch|p2a: Zapdos|Zapdos|89/100
|-damage|p2a: Zapdos|64/100|[from] Stealth Rock
|turn|31
|
|t:|1757915064
|move|p1a: Samurott|Aqua Cutter|p2a: Zapdos
|-damage|p2a: Zapdos|17/100
|move|p2a: Zapdos|Roost|p2a: Zapdos
|-heal|p2a: Zapdos|67/100
|-singleturn|p2a: Zapdos|move: Roost
|
|-heal|p2a: Zapdos|74/100|[from] item: Leftovers
|upkeep
|turn|32
|
|t:|1757915069
|move|p1a: Samurott|Aqua Cutter|p2a: Zapdos
|-damage|p2a: Zapdos|26/100
|move|p2a: Zapdos|Roost|p2a: Zapdos
|-heal|p2a: Zapdos|76/100
|-singleturn|p2a: Zapdos|move: Roost
|
|-heal|p2a: Zapdos|82/100|[from] item: Leftovers
|upkeep
|turn|33
|
|t:|1757915072
|move|p1a: Samurott|Aqua Cutter|p2a: Zapdos
|-damage|p2a: Zapdos|30/100
|move|p2a: Zapdos|Roost|p2a: Zapdos
|-heal|p2a: Zapdos|80/100
|-singleturn|p2a: Zapdos|move: Roost
|
|-heal|p2a: Zapdos|87/100|[from] item: Leftovers
|upkeep
|turn|34
|
|t:|1757915075
|move|p1a: Samurott|Aqua Cutter|p2a: Zapdos
|-crit|p2a: Zapdos
|-damage|p2a: Zapdos|7/100
|move|p2a: Zapdos|Roost|p2a: Zapdos
|-heal|p2a: Zapdos|57/100
|-singleturn|p2a: Zapdos|move: Roost
|
|-heal|p2a: Zapdos|63/100|[from] item: Leftovers
|upkeep
|turn|35
|
|t:|1757915080
|move|p1a: Samurott|Aqua Cutter|p2a: Zapdos
|-damage|p2a: Zapdos|17/100
|move|p2a: Zapdos|Roost|p2a: Zapdos
|-heal|p2a: Zapdos|67/100
|-singleturn|p2a: Zapdos|move: Roost
|
|-heal|p2a: Zapdos|73/100|[from] item: Leftovers
|upkeep
|turn|36
|
|t:|1757915082
|move|p1a: Samurott|Aqua Cutter|p2a: Zapdos
|-damage|p2a: Zapdos|20/100
|move|p2a: Zapdos|Roost|p2a: Zapdos
|-heal|p2a: Zapdos|70/100
|-singleturn|p2a: Zapdos|move: Roost
|
|-heal|p2a: Zapdos|77/100|[from] item: Leftovers
|upkeep
|turn|37
|l| wyjmjl
|
|t:|1757915089
|move|p1a: Samurott|Aqua Cutter|p2a: Zapdos
|-damage|p2a: Zapdos|25/100
|move|p2a: Zapdos|Volt Switch|p1a: Samurott
|-supereffective|p1a: Samurott
|-damage|p1a: Samurott|0 fnt
|faint|p1a: Samurott
|
|-heal|p2a: Zapdos|31/100|[from] item: Leftovers
|upkeep
|
|t:|1757915092
|switch|p1a: Great Tusk|Great Tusk|61/100 tox
|turn|38
|
|t:|1757915098
|-terastallize|p1a: Great Tusk|Ice
|move|p1a: Great Tusk|Ice Spinner|p2a: Zapdos
|-supereffective|p2a: Zapdos
|-damage|p2a: Zapdos|0 fnt
|faint|p2a: Zapdos
|
|win|michaelgoalise
|raw|michaelgoalise's rating: 1589 &rarr; <strong>1610</strong><br />(+21 for winning)
|raw|bjtrbhgnhgv's rating: 1608 &rarr; <strong>1587</strong><br />(-21 for losing)
|l|☆michaelgoalise
|player|p1|
|l| Shucklepilled
