|j|☆Deez nuts 1230
|j|☆Ulsss
|t:|1757940693
|gametype|singles
|player|p1|Deez nuts 1230|biker-gen4|1263
|player|p2|Ulsss|265|1329
|gen|9
|tier|[Gen 9] OU
|rated|
|rule|HP Percentage Mod: HP is shown in percentages
|rule|Endless Battle Clause: Forcing endless battles is banned
|rule|Species Clause: Limit one of each Pokémon
|rule|OHKO Clause: OHKO moves are banned
|rule|Evasion Items Clause: Evasion items are banned
|rule|Evasion Moves Clause: Evasion moves are banned
|rule|Evasion Abilities Clause: Evasion abilities are banned
|rule|Sleep Moves Clause: Sleep-inducing moves are banned
|clearpoke
|poke|p1|Corviknight, F|
|poke|p1|Primarina, F|
|poke|p1|Ting-Lu|
|poke|p1|Terrakion|
|poke|p1|Dragapult, M|
|poke|p1|Iron Moth|
|poke|p2|Glimmora, F|
|poke|p2|Kingambit, F|
|poke|p2|Darkrai|
|poke|p2|Zamazenta-*|
|poke|p2|Dragonite, F|
|poke|p2|Iron Valiant|
|teampreview
|inactive|Battle timer is ON: inactive players will automatically lose when time's up. (requested by Deez nuts 1230)
|
|t:|1757940701
|teamsize|p1|6
|teamsize|p2|6
|start
|switch|p1a: Primarina|Primarina, F|100/100
|switch|p2a: Glimmora|Glimmora, F|100/100
|turn|1
|
|t:|1757940707
|move|p2a: Glimmora|Stealth Rock|p1a: Primarina
|-sidestart|p1: Deez nuts 1230|move: Stealth Rock
|move|p1a: Primarina|Hyper Voice|p2a: Glimmora
|-supereffective|p2a: Glimmora
|-enditem|p2a: Glimmora|Focus Sash
|-damage|p2a: Glimmora|1/100
|
|upkeep
|turn|2
|
|t:|1757940718
|move|p2a: Glimmora|Mortal Spin|p1a: Primarina
|-supereffective|p1a: Primarina
|-damage|p1a: Primarina|87/100
|-status|p1a: Primarina|psn
|move|p1a: Primarina|Draining Kiss|p2a: Glimmora
|-resisted|p2a: Glimmora
|-damage|p2a: Glimmora|0 fnt
|-heal|p1a: Primarina|88/100 psn|[from] drain|[of] p2a: Glimmora
|faint|p2a: Glimmora
|
|-damage|p1a: Primarina|75/100 psn|[from] psn
|upkeep
|
|t:|1757940742
|switch|p2a: Kingambit|Kingambit, F|100/100
|-activate|p2a: Kingambit|ability: Supreme Overlord
|-start|p2a: Kingambit|fallen1|[silent]
|turn|3
|
|t:|1757940749
|move|p2a: Kingambit|Swords Dance|p2a: Kingambit
|-boost|p2a: Kingambit|atk|2
|move|p1a: Primarina|Hyper Voice|p2a: Kingambit
|-damage|p2a: Kingambit|43/100
|
|-damage|p1a: Primarina|63/100 psn|[from] psn
|upkeep
|turn|4
|
|t:|1757940756
|move|p2a: Kingambit|Iron Head|p1a: Primarina
|-damage|p1a: Primarina|0 fnt
|faint|p1a: Primarina
|
|upkeep
|
|t:|1757940759
|switch|p1a: Corviknight|Corviknight, F|100/100
|-damage|p1a: Corviknight|88/100|[from] Stealth Rock
|turn|5
|
|t:|1757940769
|move|p2a: Kingambit|Kowtow Cleave|p1a: Corviknight
|-damage|p1a: Corviknight|0 fnt
|-damage|p2a: Kingambit|27/100|[from] item: Rocky Helmet|[of] p1a: Corviknight
|faint|p1a: Corviknight
|
|upkeep
|
|t:|1757940774
|switch|p1a: Dragapult|Dragapult, M|100/100
|-damage|p1a: Dragapult|88/100|[from] Stealth Rock
|turn|6
|
|t:|1757940778
|move|p2a: Kingambit|Sucker Punch||[still]
|-fail|p2a: Kingambit
|move|p1a: Dragapult|Thunder Wave|p2a: Kingambit
|-status|p2a: Kingambit|par
|
|upkeep
|turn|7
|
|t:|1757940783
|-terastallize|p1a: Dragapult|Fairy
|cant|p2a: Kingambit|par
|move|p1a: Dragapult|Dragon Dance|p1a: Dragapult
|-boost|p1a: Dragapult|atk|1
|-boost|p1a: Dragapult|spe|1
|
|upkeep
|turn|8
|
|t:|1757940789
|move|p1a: Dragapult|Dragon Darts|p2a: Kingambit
|-resisted|p2a: Kingambit
|-damage|p2a: Kingambit|10/100 par
|-anim|p1a: Dragapult|Dragon Darts|p2a: Kingambit
|-resisted|p2a: Kingambit
|-damage|p2a: Kingambit|0 fnt
|faint|p2a: Kingambit
|-end|p2a: Kingambit|fallen1|[silent]
|
|upkeep
|
|t:|1757940797
|switch|p2a: Iron Valiant|Iron Valiant|100/100
|-enditem|p2a: Iron Valiant|Booster Energy
|-activate|p2a: Iron Valiant|ability: Quark Drive|[fromitem]
|-start|p2a: Iron Valiant|quarkdrivespe
|turn|9
|
|t:|1757940810
|move|p1a: Dragapult|Phantom Force||[still]
|-prepare|p1a: Dragapult|Phantom Force
|move|p2a: Iron Valiant|Moonblast|p1a: Dragapult|[miss]
|-miss|p2a: Iron Valiant|p1a: Dragapult
|
|upkeep
|turn|10
|inactive|Deez nuts 1230 has 120 seconds left.
|inactive|Deez nuts 1230 has 90 seconds left.
|inactive|Deez nuts 1230 has 60 seconds left.
|inactive|Deez nuts 1230 has 30 seconds left.
|inactive|Deez nuts 1230 has 20 seconds left.
|inactive|Deez nuts 1230 has 15 seconds left.
|
|t:|1757940948
|move|p1a: Dragapult|Phantom Force|p2a: Iron Valiant|[from] lockedmove
|-damage|p2a: Iron Valiant|10/100
|move|p2a: Iron Valiant|Moonblast|p1a: Dragapult
|-damage|p1a: Dragapult|23/100
|
|upkeep
|turn|11
|inactive|Deez nuts 1230 has 25 seconds left this turn.
|inactive|Deez nuts 1230 has 20 seconds left.
|
|t:|1757940957
|move|p1a: Dragapult|Phantom Force||[still]
|-prepare|p1a: Dragapult|Phantom Force
|move|p2a: Iron Valiant|Calm Mind|p2a: Iron Valiant
|-boost|p2a: Iron Valiant|spa|1
|-boost|p2a: Iron Valiant|spd|1
|
|upkeep
|turn|12
|inactive|Deez nuts 1230 has 30 seconds left this turn.
|
|t:|1757940965
|-end|p2a: Iron Valiant|Quark Drive|[silent]
|switch|p2a: Zamazenta|Zamazenta|100/100
|-ability|p2a: Zamazenta|Dauntless Shield|boost
|-boost|p2a: Zamazenta|def|1
|move|p1a: Dragapult|Phantom Force|p2a: Zamazenta|[from] lockedmove
|-damage|p2a: Zamazenta|60/100
|
|-heal|p2a: Zamazenta|66/100|[from] item: Leftovers
|upkeep
|turn|13
|
|t:|1757940977
|move|p1a: Dragapult|Thunder Wave|p2a: Zamazenta
|-status|p2a: Zamazenta|par
|move|p2a: Zamazenta|Iron Defense|p2a: Zamazenta
|-boost|p2a: Zamazenta|def|2
|
|-heal|p2a: Zamazenta|72/100 par|[from] item: Leftovers
|upkeep
|turn|14
|
|t:|1757940988
|move|p1a: Dragapult|Dragon Dance|p1a: Dragapult
|-boost|p1a: Dragapult|atk|1
|-boost|p1a: Dragapult|spe|1
|move|p2a: Zamazenta|Roar|p1a: Dragapult
|drag|p1a: Terrakion|Terrakion|100/100
|-damage|p1a: Terrakion|94/100|[from] Stealth Rock
|-item|p1a: Terrakion|Air Balloon
|
|-heal|p2a: Zamazenta|79/100 par|[from] item: Leftovers
|upkeep
|turn|15
|
|t:|1757940998
|move|p1a: Terrakion|Swords Dance|p1a: Terrakion
|-boost|p1a: Terrakion|atk|2
|cant|p2a: Zamazenta|par
|
|-heal|p2a: Zamazenta|85/100 par|[from] item: Leftovers
|upkeep
|turn|16
|
|t:|1757941004
|move|p1a: Terrakion|Close Combat|p2a: Zamazenta
|-damage|p2a: Zamazenta|47/100 par
|-unboost|p1a: Terrakion|def|1
|-unboost|p1a: Terrakion|spd|1
|move|p2a: Zamazenta|Body Press|p1a: Terrakion
|-supereffective|p1a: Terrakion
|-damage|p1a: Terrakion|0 fnt
|-enditem|p1a: Terrakion|Air Balloon
|faint|p1a: Terrakion
|
|-heal|p2a: Zamazenta|54/100 par|[from] item: Leftovers
|upkeep
|
|t:|1757941010
|switch|p1a: Iron Moth|Iron Moth|100/100
|-damage|p1a: Iron Moth|76/100|[from] Stealth Rock
|-enditem|p1a: Iron Moth|Booster Energy
|-activate|p1a: Iron Moth|ability: Quark Drive|[fromitem]
|-start|p1a: Iron Moth|quarkdrivespe
|turn|17
|
|t:|1757941024
|move|p1a: Iron Moth|Fiery Dance|p2a: Zamazenta
|-damage|p2a: Zamazenta|23/100 par
|-boost|p1a: Iron Moth|spa|1
|cant|p2a: Zamazenta|par
|
|-heal|p2a: Zamazenta|29/100 par|[from] item: Leftovers
|upkeep
|turn|18
|
|t:|1757941031
|move|p1a: Iron Moth|Psychic|p2a: Zamazenta
|-supereffective|p2a: Zamazenta
|-damage|p2a: Zamazenta|0 fnt
|faint|p2a: Zamazenta
|
|upkeep
|
|t:|1757941048
|switch|p2a: Dragonite|Dragonite, F|100/100
|turn|19
|
|t:|1757941051
|move|p1a: Iron Moth|Sludge Wave|p2a: Dragonite
|-damage|p2a: Dragonite|61/100
|move|p2a: Dragonite|Dragon Dance|p2a: Dragonite
|-boost|p2a: Dragonite|atk|1
|-boost|p2a: Dragonite|spe|1
|
|upkeep
|turn|20
|
|t:|1757941068
|move|p1a: Iron Moth|Sludge Wave|p2a: Dragonite
|-damage|p2a: Dragonite|0 fnt
|faint|p2a: Dragonite
|
|upkeep
|
|t:|1757941072
|switch|p2a: Darkrai|Darkrai|100/100
|turn|21
|
|t:|1757941086
|-terastallize|p2a: Darkrai|Poison
|move|p2a: Darkrai|Dark Pulse|p1a: Iron Moth
|-damage|p1a: Iron Moth|32/100
|move|p1a: Iron Moth|Sludge Wave|p2a: Darkrai
|-resisted|p2a: Darkrai
|-crit|p2a: Darkrai
|-damage|p2a: Darkrai|25/100
|
|upkeep
|turn|22
|
|t:|1757941093
|move|p2a: Darkrai|Dark Pulse|p1a: Iron Moth
|-damage|p1a: Iron Moth|0 fnt
|faint|p1a: Iron Moth
|-end|p1a: Iron Moth|Quark Drive|[silent]
|
|upkeep
|
|t:|1757941096
|switch|p1a: Ting-Lu|Ting-Lu|100/100
|-damage|p1a: Ting-Lu|94/100|[from] Stealth Rock
|-ability|p1a: Ting-Lu|Vessel of Ruin
|turn|23
|
|t:|1757941103
|switch|p2a: Iron Valiant|Iron Valiant|10/100
|move|p1a: Ting-Lu|Earthquake|p2a: Iron Valiant
|-damage|p2a: Iron Valiant|0 fnt
|faint|p2a: Iron Valiant
|-end|p2a: Iron Valiant|Quark Drive|[silent]
|
|-heal|p1a: Ting-Lu|100/100|[from] item: Leftovers
|upkeep
|
|t:|1757941110
|switch|p2a: Darkrai|Darkrai, tera:Poison|25/100
|turn|24
|
|t:|1757941114
|move|p2a: Darkrai|Ice Beam|p1a: Ting-Lu
|-supereffective|p1a: Ting-Lu
|-damage|p1a: Ting-Lu|60/100
|move|p1a: Ting-Lu|Earthquake|p2a: Darkrai
|-supereffective|p2a: Darkrai
|-damage|p2a: Darkrai|0 fnt
|faint|p2a: Darkrai
|
|win|Deez nuts 1230
|raw|Deez nuts 1230's rating: 1263 &rarr; <strong>1293</strong><br />(+30 for winning)
|raw|Ulsss's rating: 1329 &rarr; <strong>1305</strong><br />(-24 for losing)
|l|☆Ulsss
|player|p2|
|l|☆Deez nuts 1230
|player|p1|
