|j|☆jyvon12811
|j|‽hoopahugger92
|t:|1757855730
|gametype|singles
|player|p1|jyvon12811|266|1461
|player|p2|hoopahugger92|cynthia-masters|1432
|gen|9
|tier|[Gen 9] OU
|rated|
|rule|HP Percentage Mod: HP is shown in percentages
|rule|Endless Battle Clause: Forcing endless battles is banned
|rule|Species Clause: Limit one of each Pokémon
|rule|OHKO Clause: OHKO moves are banned
|rule|Evasion Items Clause: Evasion items are banned
|rule|Evasion Moves Clause: Evasion moves are banned
|rule|Evasion Abilities Clause: Evasion abilities are banned
|rule|Sleep Moves Clause: Sleep-inducing moves are banned
|clearpoke
|poke|p1|Darkrai|
|poke|p1|Slowking-Galar, F|
|poke|p1|Gliscor, M|
|poke|p1|Corviknight, M|
|poke|p1|Alomomola, F|
|poke|p1|Hydrapple, F|
|poke|p2|Iron Treads|
|poke|p2|Pelipper, F|
|poke|p2|Kingdra, F|
|poke|p2|Hatterene, F|
|poke|p2|Barraskewda, F|
|poke|p2|Raging Bolt|
|teampreview
|inactive|Battle timer is ON: inactive players will automatically lose when time's up. (requested by jyvon12811)
|
|t:|1757855754
|teamsize|p1|6
|teamsize|p2|6
|start
|switch|p1a: Gliscor|Gliscor, M|100/100
|switch|p2a: Hatterene|Hatterene, F, shiny|100/100
|turn|1
|
|t:|1757855773
|switch|p2a: Pelipper|Pelipper, F|100/100
|-weather|RainDance|[from] ability: Drizzle|[of] p2a: Pelipper
|move|p1a: Gliscor|Knock Off|p2a: Pelipper
|-damage|p2a: Pelipper|83/100
|-enditem|p2a: Pelipper|Damp Rock|[from] move: Knock Off|[of] p1a: Gliscor
|
|-weather|RainDance|[upkeep]
|-status|p1a: Gliscor|tox|[from] item: Toxic Orb
|upkeep
|turn|2
|
|t:|1757855789
|switch|p1a: Slowking|Slowking-Galar, F|100/100
|move|p2a: Pelipper|Weather Ball|p1a: Slowking
|-damage|p1a: Slowking|68/100
|
|-weather|RainDance|[upkeep]
|upkeep
|turn|3
|
|t:|1757855797
|switch|p2a: Barraskewda|Barraskewda, F|100/100
|-prepare|p1a: Slowking|Chilly Reception|[premajor]
|move|p1a: Slowking|Chilly Reception|p1a: Slowking
|-weather|Snowscape
|
|t:|1757855800
|switch|p1a: Hydrapple|Hydrapple, F|100/100|[from] Chilly Reception
|
|-weather|Snowscape|[upkeep]
|upkeep
|turn|4
|
|t:|1757855809
|move|p2a: Barraskewda|Flip Turn|p1a: Hydrapple
|-resisted|p1a: Hydrapple
|-damage|p1a: Hydrapple|92/100
|
|t:|1757855813
|switch|p2a: Hatterene|Hatterene, F, shiny|100/100|[from] Flip Turn
|move|p1a: Hydrapple|Fickle Beam|p2a: Hatterene
|-immune|p2a: Hatterene
|
|-weather|Snowscape|[upkeep]
|upkeep
|turn|5
|
|t:|1757855822
|switch|p1a: Slowking|Slowking-Galar, F|100/100
|switch|p2a: Pelipper|Pelipper, F|83/100
|-weather|RainDance|[from] ability: Drizzle|[of] p2a: Pelipper
|
|-weather|RainDance|[upkeep]
|upkeep
|turn|6
|
|t:|1757855829
|move|p2a: Pelipper|U-turn|p1a: Slowking
|-damage|p1a: Slowking|93/100
|
|t:|1757855847
|switch|p2a: Iron Treads|Iron Treads|100/100|[from] U-turn
|-enditem|p2a: Iron Treads|Booster Energy
|-activate|p2a: Iron Treads|ability: Quark Drive|[fromitem]
|-start|p2a: Iron Treads|quarkdrivespe
|-prepare|p1a: Slowking|Chilly Reception|[premajor]
|move|p1a: Slowking|Chilly Reception|p1a: Slowking
|-weather|Snowscape
|
|t:|1757855875
|switch|p1a: Gliscor|Gliscor, M|100/100 tox|[from] Chilly Reception
|
|-weather|Snowscape|[upkeep]
|upkeep
|turn|7
|
|t:|1757855892
|-end|p2a: Iron Treads|Quark Drive|[silent]
|switch|p2a: Pelipper|Pelipper, F|83/100
|-weather|RainDance|[from] ability: Drizzle|[of] p2a: Pelipper
|move|p1a: Gliscor|Earthquake|p2a: Pelipper
|-immune|p2a: Pelipper
|
|-weather|RainDance|[upkeep]
|upkeep
|turn|8
|
|t:|1757855905
|move|p1a: Gliscor|Stealth Rock|p2a: Pelipper
|-sidestart|p2: hoopahugger92|move: Stealth Rock
|move|p2a: Pelipper|U-turn|p1a: Gliscor
|-resisted|p1a: Gliscor
|-damage|p1a: Gliscor|97/100 tox
|
|t:|1757855922
|switch|p2a: Raging Bolt|Raging Bolt|100/100|[from] U-turn
|-damage|p2a: Raging Bolt|88/100|[from] Stealth Rock
|
|-weather|RainDance|[upkeep]
|-heal|p1a: Gliscor|100/100 tox|[from] ability: Poison Heal
|upkeep
|turn|9
|
|t:|1757855926
|move|p1a: Gliscor|Protect|p1a: Gliscor
|-singleturn|p1a: Gliscor|Protect
|move|p2a: Raging Bolt|Weather Ball|p1a: Gliscor
|-activate|p1a: Gliscor|move: Protect
|
|-weather|RainDance|[upkeep]
|upkeep
|turn|10
|
|t:|1757855937
|-end|p2a: Raging Bolt|Protosynthesis|[silent]
|switch|p2a: Iron Treads|Iron Treads|100/100
|-damage|p2a: Iron Treads|97/100|[from] Stealth Rock
|switch|p1a: Slowking|Slowking-Galar, F|100/100
|
|-weather|RainDance|[upkeep]
|upkeep
|turn|11
|
|t:|1757855956
|switch|p1a: Gliscor|Gliscor, M|100/100 tox
|move|p2a: Iron Treads|Earthquake|p1a: Gliscor
|-immune|p1a: Gliscor
|
|-weather|none
|upkeep
|turn|12
|
|t:|1757855965
|move|p2a: Iron Treads|Rapid Spin|p1a: Gliscor
|-damage|p1a: Gliscor|87/100 tox
|-boost|p2a: Iron Treads|spe|1
|-sideend|p2: hoopahugger92|Stealth Rock|[from] move: Rapid Spin|[of] p2a: Iron Treads
|move|p1a: Gliscor|Earthquake|p2a: Iron Treads
|-supereffective|p2a: Iron Treads
|-crit|p2a: Iron Treads
|-damage|p2a: Iron Treads|1/100
|
|-heal|p1a: Gliscor|99/100 tox|[from] ability: Poison Heal
|upkeep
|turn|13
|
|t:|1757855977
|-end|p2a: Iron Treads|Quark Drive|[silent]
|switch|p2a: Pelipper|Pelipper, F|83/100
|-weather|RainDance|[from] ability: Drizzle|[of] p2a: Pelipper
|switch|p1a: Slowking|Slowking-Galar, F|100/100
|
|-weather|RainDance|[upkeep]
|upkeep
|turn|14
|
|t:|1757855983
|move|p2a: Pelipper|U-turn|p1a: Slowking
|-damage|p1a: Slowking|92/100
|
|t:|1757855986
|switch|p2a: Barraskewda|Barraskewda, F|100/100|[from] U-turn
|-prepare|p1a: Slowking|Chilly Reception|[premajor]
|move|p1a: Slowking|Chilly Reception|p1a: Slowking
|-weather|Snowscape
|
|t:|1757855989
|switch|p1a: Hydrapple|Hydrapple, F|100/100|[from] Chilly Reception
|
|-weather|Snowscape|[upkeep]
|upkeep
|turn|15
|
|t:|1757855994
|move|p2a: Barraskewda|Flip Turn|p1a: Hydrapple
|-resisted|p1a: Hydrapple
|-damage|p1a: Hydrapple|91/100
|
|t:|1757855998
|switch|p2a: Hatterene|Hatterene, F, shiny|100/100|[from] Flip Turn
|move|p1a: Hydrapple|Giga Drain|p2a: Hatterene
|-damage|p2a: Hatterene|75/100
|-heal|p1a: Hydrapple|100/100|[from] drain|[of] p2a: Hatterene
|
|-weather|Snowscape|[upkeep]
|upkeep
|turn|16
|
|t:|1757856005
|switch|p1a: Slowking|Slowking-Galar, F|100/100
|move|p2a: Hatterene|Draining Kiss|p1a: Slowking
|-resisted|p1a: Slowking
|-damage|p1a: Slowking|92/100
|-heal|p2a: Hatterene|83/100|[from] drain|[of] p1a: Slowking
|
|-weather|Snowscape|[upkeep]
|upkeep
|turn|17
|
|t:|1757856016
|switch|p2a: Iron Treads|Iron Treads|1/100
|move|p1a: Slowking|Sludge Bomb|p2a: Iron Treads
|-immune|p2a: Iron Treads
|
|-weather|Snowscape|[upkeep]
|upkeep
|turn|18
|
|t:|1757856029
|-end|p2a: Iron Treads|Quark Drive|[silent]
|switch|p2a: Pelipper|Pelipper, F|83/100
|-weather|RainDance|[from] ability: Drizzle|[of] p2a: Pelipper
|switch|p1a: Alomomola|Alomomola, F|100/100
|
|-weather|RainDance|[upkeep]
|upkeep
|turn|19
|
|t:|1757856040
|move|p2a: Pelipper|U-turn|p1a: Alomomola
|-damage|p1a: Alomomola|95/100
|
|t:|1757856044
|switch|p2a: Raging Bolt|Raging Bolt|88/100|[from] U-turn
|move|p1a: Alomomola|Flip Turn|p2a: Raging Bolt
|-resisted|p2a: Raging Bolt
|-damage|p2a: Raging Bolt|77/100
|
|t:|1757856050
|switch|p1a: Gliscor|Gliscor, M|99/100 tox|[from] Flip Turn
|
|-weather|RainDance|[upkeep]
|-heal|p1a: Gliscor|100/100 tox|[from] ability: Poison Heal
|upkeep
|turn|20
|
|t:|1757856062
|-end|p2a: Raging Bolt|Protosynthesis|[silent]
|switch|p2a: Barraskewda|Barraskewda, F|100/100
|move|p1a: Gliscor|Protect||[still]
|-fail|p1a: Gliscor
|
|-weather|RainDance|[upkeep]
|upkeep
|turn|21
|
|t:|1757856072
|move|p1a: Gliscor|Protect|p1a: Gliscor
|-singleturn|p1a: Gliscor|Protect
|move|p2a: Barraskewda|Close Combat|p1a: Gliscor
|-activate|p1a: Gliscor|move: Protect
|
|-weather|RainDance|[upkeep]
|upkeep
|turn|22
|
|t:|1757856077
|switch|p2a: Iron Treads|Iron Treads|1/100
|switch|p1a: Alomomola|Alomomola, F|100/100
|
|-weather|none
|upkeep
|turn|23
|
|t:|1757856086
|-end|p2a: Iron Treads|Quark Drive|[silent]
|switch|p2a: Pelipper|Pelipper, F|83/100
|-weather|RainDance|[from] ability: Drizzle|[of] p2a: Pelipper
|move|p1a: Alomomola|Flip Turn|p2a: Pelipper
|-resisted|p2a: Pelipper
|-damage|p2a: Pelipper|72/100
|
|t:|1757856108
|switch|p1a: Darkrai|Darkrai|100/100|[from] Flip Turn
|
|-weather|RainDance|[upkeep]
|upkeep
|turn|24
|
|t:|1757856122
|switch|p2a: Hatterene|Hatterene, F, shiny|83/100
|move|p1a: Darkrai|Dark Pulse|p2a: Hatterene
|-damage|p2a: Hatterene|54/100
|
|-weather|RainDance|[upkeep]
|upkeep
|turn|25
|
|t:|1757856131
|switch|p1a: Slowking|Slowking-Galar, F|100/100
|move|p2a: Hatterene|Nuzzle|p1a: Slowking
|-damage|p1a: Slowking|97/100
|-status|p1a: Slowking|par
|
|-weather|RainDance|[upkeep]
|upkeep
|turn|26
|
|t:|1757856140
|move|p2a: Hatterene|Psyshock|p1a: Slowking
|-damage|p1a: Slowking|54/100 par
|-prepare|p1a: Slowking|Chilly Reception|[premajor]
|cant|p1a: Slowking|par
|
|-weather|RainDance|[upkeep]
|upkeep
|turn|27
|
|t:|1757856146
|switch|p2a: Iron Treads|Iron Treads|1/100
|switch|p1a: Corviknight|Corviknight, M|100/100
|-ability|p1a: Corviknight|Pressure
|
|-weather|none
|upkeep
|turn|28
|
|t:|1757856150
|move|p2a: Iron Treads|Volt Switch|p1a: Corviknight
|-supereffective|p1a: Corviknight
|-damage|p1a: Corviknight|80/100
|
|t:|1757856154
|-end|p2a: Iron Treads|Quark Drive|[silent]
|switch|p2a: Pelipper|Pelipper, F|72/100|[from] Volt Switch
|-weather|RainDance|[from] ability: Drizzle|[of] p2a: Pelipper
|move|p1a: Corviknight|U-turn|p2a: Pelipper
|-resisted|p2a: Pelipper
|-damage|p2a: Pelipper|65/100
|
|t:|1757856161
|switch|p1a: Slowking|Slowking-Galar, F|87/100 par|[from] U-turn
|
|-weather|RainDance|[upkeep]
|upkeep
|turn|29
|
|t:|1757856180
|move|p2a: Pelipper|Weather Ball|p1a: Slowking
|-damage|p1a: Slowking|56/100 par
|cant|p1a: Slowking|par
|
|-weather|RainDance|[upkeep]
|upkeep
|turn|30
|
|t:|1757856191
|move|p2a: Pelipper|Roost|p2a: Pelipper
|-heal|p2a: Pelipper|100/100
|-singleturn|p2a: Pelipper|move: Roost
|-prepare|p1a: Slowking|Chilly Reception|[premajor]
|move|p1a: Slowking|Chilly Reception|p1a: Slowking
|-weather|Snowscape
|
|t:|1757856197
|switch|p1a: Darkrai|Darkrai|100/100|[from] Chilly Reception
|
|-weather|Snowscape|[upkeep]
|upkeep
|turn|31
|
|t:|1757856210
|move|p1a: Darkrai|Dark Pulse|p2a: Pelipper
|-damage|p2a: Pelipper|37/100
|move|p2a: Pelipper|U-turn|p1a: Darkrai
|-supereffective|p1a: Darkrai
|-damage|p1a: Darkrai|78/100
|
|t:|1757856213
|switch|p2a: Hatterene|Hatterene, F, shiny|54/100|[from] U-turn
|
|-weather|Snowscape|[upkeep]
|upkeep
|turn|32
|
|t:|1757856222
|switch|p1a: Gliscor|Gliscor, M|100/100 tox
|move|p2a: Hatterene|Draining Kiss|p1a: Gliscor
|-damage|p1a: Gliscor|78/100 tox
|-heal|p2a: Hatterene|73/100|[from] drain|[of] p1a: Gliscor
|
|-weather|Snowscape|[upkeep]
|-heal|p1a: Gliscor|91/100 tox|[from] ability: Poison Heal
|upkeep
|turn|33
|
|t:|1757856232
|switch|p2a: Pelipper|Pelipper, F|37/100
|-weather|RainDance|[from] ability: Drizzle|[of] p2a: Pelipper
|move|p1a: Gliscor|Earthquake|p2a: Pelipper
|-immune|p2a: Pelipper
|
|-weather|RainDance|[upkeep]
|-heal|p1a: Gliscor|100/100 tox|[from] ability: Poison Heal
|upkeep
|turn|34
|
|t:|1757856236
|switch|p1a: Slowking|Slowking-Galar, F|89/100 par
|move|p2a: Pelipper|Roost|p2a: Pelipper
|-heal|p2a: Pelipper|87/100
|-singleturn|p2a: Pelipper|move: Roost
|
|-weather|RainDance|[upkeep]
|upkeep
|turn|35
|
|t:|1757856241
|move|p2a: Pelipper|Weather Ball|p1a: Slowking
|-damage|p1a: Slowking|59/100 par
|move|p1a: Slowking|Toxic|p2a: Pelipper
|-status|p2a: Pelipper|tox
|
|-weather|RainDance|[upkeep]
|-damage|p2a: Pelipper|81/100 tox|[from] psn
|upkeep
|turn|36
|
|t:|1757856248
|move|p2a: Pelipper|U-turn|p1a: Slowking
|-damage|p1a: Slowking|51/100 par
|
|t:|1757856253
|switch|p2a: Iron Treads|Iron Treads|1/100|[from] U-turn
|-prepare|p1a: Slowking|Chilly Reception|[premajor]
|cant|p1a: Slowking|par
|
|-weather|RainDance|[upkeep]
|upkeep
|turn|37
|
|t:|1757856271
|-end|p2a: Iron Treads|Quark Drive|[silent]
|switch|p2a: Kingdra|Kingdra, F, shiny|100/100
|switch|p1a: Alomomola|Alomomola, F|100/100
|
|-weather|none
|upkeep
|turn|38
|
|t:|1757856278
|move|p2a: Kingdra|Draco Meteor|p1a: Alomomola
|-damage|p1a: Alomomola|34/100
|-unboost|p2a: Kingdra|spa|2
|-damage|p2a: Kingdra|91/100|[from] item: Life Orb
|move|p1a: Alomomola|Flip Turn|p2a: Kingdra
|-resisted|p2a: Kingdra
|-damage|p2a: Kingdra|85/100
|
|t:|1757856306
|switch|p1a: Darkrai|Darkrai|78/100|[from] Flip Turn
|
|upkeep
|turn|39
|
|t:|1757856311
|switch|p2a: Hatterene|Hatterene, F, shiny|73/100
|move|p1a: Darkrai|Trick|p2a: Hatterene
|-activate|p1a: Darkrai|move: Trick|[of] p2a: Hatterene
|-item|p2a: Hatterene|Choice Scarf|[from] move: Trick
|-item|p1a: Darkrai|Assault Vest|[from] move: Trick
|
|upkeep
|turn|40
|
|t:|1757856340
|switch|p1a: Slowking|Slowking-Galar, F|85/100 par
|switch|p2a: Iron Treads|Iron Treads|1/100
|
|upkeep
|turn|41
|
|t:|1757856348
|-end|p2a: Iron Treads|Quark Drive|[silent]
|switch|p2a: Pelipper|Pelipper, F|81/100 tox
|-weather|RainDance|[from] ability: Drizzle|[of] p2a: Pelipper
|switch|p1a: Gliscor|Gliscor, M|100/100 tox
|
|-weather|RainDance|[upkeep]
|-damage|p2a: Pelipper|75/100 tox|[from] psn
|upkeep
|turn|42
|
|t:|1757856353
|switch|p1a: Slowking|Slowking-Galar, F|100/100 par
|move|p2a: Pelipper|Weather Ball|p1a: Slowking
|-damage|p1a: Slowking|68/100 par
|
|-weather|RainDance|[upkeep]
|-damage|p2a: Pelipper|62/100 tox|[from] psn
|upkeep
|turn|43
|
|t:|1757856357
|move|p2a: Pelipper|U-turn|p1a: Slowking
|-damage|p1a: Slowking|60/100 par
|
|t:|1757856362
|switch|p2a: Barraskewda|Barraskewda, F|100/100|[from] U-turn
|-prepare|p1a: Slowking|Chilly Reception|[premajor]
|cant|p1a: Slowking|par
|
|-weather|RainDance|[upkeep]
|upkeep
|turn|44
|
|t:|1757856367
|switch|p1a: Hydrapple|Hydrapple, F|100/100
|move|p2a: Barraskewda|Flip Turn|p1a: Hydrapple
|-resisted|p1a: Hydrapple
|-damage|p1a: Hydrapple|87/100
|
|t:|1757856373
|switch|p2a: Raging Bolt|Raging Bolt|77/100|[from] Flip Turn
|
|-weather|RainDance|[upkeep]
|upkeep
|turn|45
|
|t:|1757856391
|switch|p1a: Slowking|Slowking-Galar, F|93/100 par
|move|p2a: Raging Bolt|Draco Meteor|p1a: Slowking
|-damage|p1a: Slowking|19/100 par
|-unboost|p2a: Raging Bolt|spa|2
|
|-weather|none
|upkeep
|turn|46
|
|t:|1757856401
|switch|p1a: Alomomola|Alomomola, F|67/100
|move|p2a: Raging Bolt|Draco Meteor|p1a: Alomomola
|-damage|p1a: Alomomola|11/100
|-unboost|p2a: Raging Bolt|spa|2
|
|upkeep
|turn|47
|
|t:|1757856416
|switch|p1a: Darkrai|Darkrai|78/100
|move|p2a: Raging Bolt|Draco Meteor|p1a: Darkrai
|-damage|p1a: Darkrai|45/100
|-unboost|p2a: Raging Bolt|spa|2
|
|upkeep
|turn|48
|
|t:|1757856434
|-end|p2a: Raging Bolt|Protosynthesis|[silent]
|switch|p2a: Hatterene|Hatterene, F, shiny|73/100
|move|p1a: Darkrai|Dark Pulse|p2a: Hatterene
|-damage|p2a: Hatterene|34/100
|
|upkeep
|turn|49
|
|t:|1757856440
|move|p1a: Darkrai|Dark Pulse|p2a: Hatterene
|-damage|p2a: Hatterene|0 fnt
|faint|p2a: Hatterene
|
|upkeep
|
|t:|1757856465
|switch|p2a: Raging Bolt|Raging Bolt|77/100
|turn|50
|inactive|hoopahugger92 has 120 seconds left.
|
|t:|1757856486
|switch|p1a: Corviknight|Corviknight, M|80/100
|-ability|p1a: Corviknight|Pressure
|move|p2a: Raging Bolt|Draco Meteor|p1a: Corviknight
|-resisted|p1a: Corviknight
|-damage|p1a: Corviknight|28/100
|-unboost|p2a: Raging Bolt|spa|2
|
|-heal|p1a: Corviknight|34/100|[from] item: Leftovers
|upkeep
|turn|51
|
|t:|1757856493
|-end|p2a: Raging Bolt|Protosynthesis|[silent]
|switch|p2a: Pelipper|Pelipper, F|62/100 tox
|-weather|RainDance|[from] ability: Drizzle|[of] p2a: Pelipper
|move|p1a: Corviknight|Roost|p1a: Corviknight
|-heal|p1a: Corviknight|84/100
|-singleturn|p1a: Corviknight|move: Roost
|
|-weather|RainDance|[upkeep]
|-heal|p1a: Corviknight|90/100|[from] item: Leftovers
|-damage|p2a: Pelipper|56/100 tox|[from] psn
|upkeep
|turn|52
|
|t:|1757856501
|move|p2a: Pelipper|U-turn|p1a: Corviknight
|-resisted|p1a: Corviknight
|-damage|p1a: Corviknight|89/100
|
|t:|1757856512
|switch|p2a: Barraskewda|Barraskewda, F|100/100|[from] U-turn
|move|p1a: Corviknight|U-turn|p2a: Barraskewda
|-damage|p2a: Barraskewda|73/100
|
|t:|1757856515
|switch|p1a: Hydrapple|Hydrapple, F|100/100|[from] U-turn
|
|-weather|RainDance|[upkeep]
|upkeep
|turn|53
|
|t:|1757856528
|move|p2a: Barraskewda|Flip Turn|p1a: Hydrapple
|-resisted|p1a: Hydrapple
|-damage|p1a: Hydrapple|86/100
|
|t:|1757856529
|switch|p2a: Iron Treads|Iron Treads|1/100|[from] Flip Turn
|move|p1a: Hydrapple|Fickle Beam|p2a: Iron Treads
|-resisted|p2a: Iron Treads
|-damage|p2a: Iron Treads|0 fnt
|faint|p2a: Iron Treads
|-end|p2a: Iron Treads|Quark Drive|[silent]
|
|-weather|RainDance|[upkeep]
|upkeep
|
|t:|1757856531
|switch|p2a: Raging Bolt|Raging Bolt|77/100
|turn|54
|
|t:|1757856538
|switch|p1a: Corviknight|Corviknight, M|89/100
|-ability|p1a: Corviknight|Pressure
|move|p2a: Raging Bolt|Volt Switch|p1a: Corviknight
|-supereffective|p1a: Corviknight
|-damage|p1a: Corviknight|0 fnt
|faint|p1a: Corviknight
|
|t:|1757856553
|-end|p2a: Raging Bolt|Protosynthesis|[silent]
|switch|p2a: Kingdra|Kingdra, F, shiny|85/100|[from] Volt Switch
|
|-weather|RainDance|[upkeep]
|upkeep
|
|t:|1757856557
|switch|p1a: Alomomola|Alomomola, F|45/100
|turn|55
|
|t:|1757856566
|move|p1a: Alomomola|Protect|p1a: Alomomola
|-singleturn|p1a: Alomomola|Protect
|move|p2a: Kingdra|Hurricane|p1a: Alomomola
|-activate|p1a: Alomomola|move: Protect
|
|-weather|none
|upkeep
|turn|56
|
|t:|1757856573
|switch|p1a: Darkrai|Darkrai|45/100
|move|p2a: Kingdra|Draco Meteor|p1a: Darkrai
|-damage|p1a: Darkrai|0 fnt
|-unboost|p2a: Kingdra|spa|2
|faint|p1a: Darkrai
|-damage|p2a: Kingdra|75/100|[from] item: Life Orb
|
|upkeep
|
|t:|1757856575
|switch|p1a: Slowking|Slowking-Galar, F|52/100 par
|turn|57
|
|t:|1757856587
|-terastallize|p2a: Kingdra|Stellar
|move|p2a: Kingdra|Wave Crash|p1a: Slowking
|-damage|p1a: Slowking|0 fnt
|faint|p1a: Slowking
|-damage|p2a: Kingdra|52/100|[from] Recoil
|-damage|p2a: Kingdra|42/100|[from] item: Life Orb
|
|upkeep
|
|t:|1757856596
|switch|p1a: Gliscor|Gliscor, M|100/100 tox
|turn|58
|
|t:|1757856600
|switch|p2a: Pelipper|Pelipper, F|56/100 tox
|-weather|RainDance|[from] ability: Drizzle|[of] p2a: Pelipper
|move|p1a: Gliscor|Stealth Rock|p2a: Pelipper
|-sidestart|p2: hoopahugger92|move: Stealth Rock
|
|-weather|RainDance|[upkeep]
|-damage|p2a: Pelipper|50/100 tox|[from] psn
|upkeep
|turn|59
|
|t:|1757856611
|switch|p1a: Hydrapple|Hydrapple, F|100/100
|move|p2a: Pelipper|Roost|p2a: Pelipper
|-heal|p2a: Pelipper|99/100 tox
|-singleturn|p2a: Pelipper|move: Roost
|
|-weather|RainDance|[upkeep]
|-damage|p2a: Pelipper|88/100 tox|[from] psn
|upkeep
|turn|60
|inactive|hoopahugger92 has 120 seconds left.
|
|t:|1757856655
|move|p2a: Pelipper|U-turn|p1a: Hydrapple
|-supereffective|p1a: Hydrapple
|-damage|p1a: Hydrapple|87/100
|
|t:|1757856660
|switch|p2a: Barraskewda|Barraskewda, F|73/100|[from] U-turn
|-damage|p2a: Barraskewda|61/100|[from] Stealth Rock
|move|p1a: Hydrapple|Fickle Beam|p2a: Barraskewda
|-damage|p2a: Barraskewda|0 fnt
|faint|p2a: Barraskewda
|
|-weather|RainDance|[upkeep]
|upkeep
|
|t:|1757856663
|switch|p2a: Raging Bolt|Raging Bolt|77/100
|-damage|p2a: Raging Bolt|64/100|[from] Stealth Rock
|turn|61
|
|t:|1757856673
|-terastallize|p1a: Hydrapple|Steel
|move|p2a: Raging Bolt|Draco Meteor|p1a: Hydrapple
|-resisted|p1a: Hydrapple
|-damage|p1a: Hydrapple|34/100
|-unboost|p2a: Raging Bolt|spa|2
|move|p1a: Hydrapple|Fickle Beam|p2a: Raging Bolt
|-supereffective|p2a: Raging Bolt
|-damage|p2a: Raging Bolt|0 fnt
|faint|p2a: Raging Bolt
|-end|p2a: Raging Bolt|Protosynthesis|[silent]
|
|-weather|RainDance|[upkeep]
|upkeep
|inactive|hoopahugger92 has 120 seconds left.
|
|t:|1757856711
|switch|p2a: Kingdra|Kingdra, F, shiny, tera:Stellar|42/100
|-damage|p2a: Kingdra|30/100|[from] Stealth Rock
|turn|62
|inactive|hoopahugger92 has 90 seconds left.
|
|t:|1757856738
|switch|p1a: Gliscor|Gliscor, M|100/100 tox
|move|p2a: Kingdra|Draco Meteor|p1a: Gliscor
|-damage|p1a: Gliscor|15/100 tox
|-unboost|p2a: Kingdra|spa|2
|-damage|p2a: Kingdra|20/100|[from] item: Life Orb
|
|-weather|none
|-heal|p1a: Gliscor|27/100 tox|[from] ability: Poison Heal
|upkeep
|turn|63
|
|t:|1757856754
|switch|p2a: Pelipper|Pelipper, F|88/100 tox
|-damage|p2a: Pelipper|63/100 tox|[from] Stealth Rock
|-weather|RainDance|[from] ability: Drizzle|[of] p2a: Pelipper
|switch|p1a: Alomomola|Alomomola, F|78/100
|
|-weather|RainDance|[upkeep]
|-damage|p2a: Pelipper|57/100 tox|[from] psn
|upkeep
|turn|64
|
|t:|1757856760
|move|p2a: Pelipper|Hurricane|p1a: Alomomola
|-crit|p1a: Alomomola
|-damage|p1a: Alomomola|30/100
|move|p1a: Alomomola|Wish|p1a: Alomomola
|
|-weather|RainDance|[upkeep]
|-damage|p2a: Pelipper|44/100 tox|[from] psn
|upkeep
|turn|65
|
|t:|1757856784
|move|p1a: Alomomola|Protect|p1a: Alomomola
|-singleturn|p1a: Alomomola|Protect
|move|p2a: Pelipper|Roost|p2a: Pelipper
|-heal|p2a: Pelipper|95/100 tox
|-singleturn|p2a: Pelipper|move: Roost
|
|-weather|RainDance|[upkeep]
|-heal|p1a: Alomomola|80/100|[from] move: Wish|[wisher] Alomomola
|-damage|p2a: Pelipper|76/100 tox|[from] psn
|upkeep
|turn|66
|
|t:|1757856790
|move|p2a: Pelipper|Hurricane|p1a: Alomomola
|-damage|p1a: Alomomola|45/100
|move|p1a: Alomomola|Wish|p1a: Alomomola
|
|-weather|RainDance|[upkeep]
|-damage|p2a: Pelipper|51/100 tox|[from] psn
|upkeep
|turn|67
|
|t:|1757856800
|switch|p2a: Kingdra|Kingdra, F, shiny, tera:Stellar|20/100
|-damage|p2a: Kingdra|7/100|[from] Stealth Rock
|move|p1a: Alomomola|Protect||[still]
|-fail|p1a: Alomomola
|
|-weather|none
|-heal|p1a: Alomomola|95/100|[from] move: Wish|[wisher] Alomomola
|upkeep
|turn|68
|
|t:|1757856806
|move|p1a: Alomomola|Protect|p1a: Alomomola
|-singleturn|p1a: Alomomola|Protect
|move|p2a: Kingdra|Draco Meteor|p1a: Alomomola
|-activate|p1a: Alomomola|move: Protect
|
|upkeep
|turn|69
|
|t:|1757856810
|switch|p1a: Gliscor|Gliscor, M|27/100 tox
|move|p2a: Kingdra|Draco Meteor|p1a: Gliscor
|-damage|p1a: Gliscor|0 fnt
|-unboost|p2a: Kingdra|spa|2
|faint|p1a: Gliscor
|-damage|p2a: Kingdra|0 fnt|[from] item: Life Orb
|faint|p2a: Kingdra
|
|upkeep
|-message|hoopahugger92 forfeited.
|
|win|jyvon12811
|raw|jyvon12811's rating: 1461 &rarr; <strong>1479</strong><br />(+18 for winning)
|raw|hoopahugger92's rating: 1432 &rarr; <strong>1414</strong><br />(-18 for losing)
|l|‽hoopahugger92
|player|p2|
