|j|☆hamburgerking
|j|☆baran110
|t:|1757847207
|gametype|singles
|player|p1|hamburgerking|baker|1132
|player|p2|baran110|drayden|1136
|gen|9
|tier|[Gen 9] OU
|rated|
|rule|HP Percentage Mod: HP is shown in percentages
|rule|Endless Battle Clause: Forcing endless battles is banned
|rule|Species Clause: Limit one of each Pokémon
|rule|OHKO Clause: OHKO moves are banned
|rule|Evasion Items Clause: Evasion items are banned
|rule|Evasion Moves Clause: Evasion moves are banned
|rule|Evasion Abilities Clause: Evasion abilities are banned
|rule|Sleep Moves Clause: Sleep-inducing moves are banned
|clearpoke
|poke|p1|Dondozo, F|
|poke|p1|Dragapult, M|
|poke|p1|Samurott-Hisui, M|
|poke|p1|Gholdengo|
|poke|p1|Great Tusk|
|poke|p1|Kyurem|
|poke|p2|Galvantula, F|
|poke|p2|Cinderace, M|
|poke|p2|Gyarados, F|
|poke|p2|Gardevoir, F|
|poke|p2|Tsareena, F|
|poke|p2|Lucario, M|
|teampreview
|inactive|Battle timer is ON: inactive players will automatically lose when time's up. (requested by baran110)
|
|t:|1757847237
|teamsize|p1|6
|teamsize|p2|6
|start
|switch|p1a: Kyurem|Kyurem|100/100
|switch|p2a: Galvantula|Galvantula, F|100/100
|-ability|p1a: Kyurem|Pressure
|turn|1
|
|t:|1757847245
|switch|p2a: Gardevoir|Gardevoir, F|100/100
|-ability|p2a: Gardevoir|Pressure|Trace|[from] ability: Trace|[of] p1a: Kyurem
|-ability|p2a: Gardevoir|Pressure
|move|p1a: Kyurem|Dragon Dance|p1a: Kyurem
|-boost|p1a: Kyurem|atk|1
|-boost|p1a: Kyurem|spe|1
|
|upkeep
|turn|2
|
|t:|1757847266
|-terastallize|p2a: Gardevoir|Steel
|move|p1a: Kyurem|Icicle Spear|p2a: Gardevoir
|-resisted|p2a: Gardevoir
|-damage|p2a: Gardevoir|86/100
|-resisted|p2a: Gardevoir
|-damage|p2a: Gardevoir|71/100
|-resisted|p2a: Gardevoir
|-damage|p2a: Gardevoir|56/100
|-resisted|p2a: Gardevoir
|-damage|p2a: Gardevoir|40/100
|-hitcount|p2a: Gardevoir|4
|move|p2a: Gardevoir|Moonblast|p1a: Kyurem
|-supereffective|p1a: Kyurem
|-damage|p1a: Kyurem|19/100
|
|-heal|p2a: Gardevoir|46/100|[from] item: Leftovers
|upkeep
|turn|3
|
|t:|1757847281
|switch|p2a: Gyarados|Gyarados, F|100/100
|-ability|p2a: Gyarados|Intimidate|boost
|-unboost|p1a: Kyurem|atk|1
|move|p1a: Kyurem|Icicle Spear|p2a: Gyarados
|-damage|p2a: Gyarados|85/100
|-damage|p2a: Gyarados|71/100
|-damage|p2a: Gyarados|57/100
|-damage|p2a: Gyarados|41/100
|-hitcount|p2a: Gyarados|4
|
|upkeep
|turn|4
|
|t:|1757847295
|move|p1a: Kyurem|Icicle Spear|p2a: Gyarados
|-damage|p2a: Gyarados|27/100
|-damage|p2a: Gyarados|12/100
|-damage|p2a: Gyarados|0 fnt
|faint|p2a: Gyarados
|-hitcount|p2: Gyarados|3
|
|upkeep
|
|t:|1757847302
|switch|p2a: Lucario|Lucario, M|100/100
|turn|5
|
|t:|1757847308
|switch|p1a: Gholdengo|Gholdengo|100/100
|move|p2a: Lucario|Bullet Punch|p1a: Gholdengo
|-resisted|p1a: Gholdengo
|-damage|p1a: Gholdengo|86/100
|
|upkeep
|turn|6
|
|t:|1757847315
|switch|p2a: Cinderace|Cinderace, M|100/100
|move|p1a: Gholdengo|Shadow Ball|p2a: Cinderace
|-damage|p2a: Cinderace|40/100
|
|upkeep
|turn|7
|
|t:|1757847328
|move|p1a: Gholdengo|Shadow Ball|p2a: Cinderace
|-damage|p2a: Cinderace|0 fnt
|faint|p2a: Cinderace
|
|upkeep
|
|t:|1757847342
|switch|p2a: Galvantula|Galvantula, F|100/100
|turn|8
|
|t:|1757847352
|move|p1a: Gholdengo|Shadow Ball|p2a: Galvantula
|-damage|p2a: Galvantula|17/100
|move|p2a: Galvantula|Sticky Web|p1a: Gholdengo
|-sidestart|p1: hamburgerking|move: Sticky Web
|
|upkeep
|turn|9
|
|t:|1757847361
|move|p1a: Gholdengo|Shadow Ball|p2a: Galvantula
|-damage|p2a: Galvantula|0 fnt
|faint|p2a: Galvantula
|
|upkeep
|
|t:|1757847365
|switch|p2a: Lucario|Lucario, M|100/100
|turn|10
|
|t:|1757847376
|move|p1a: Gholdengo|Shadow Ball|p2a: Lucario
|-damage|p2a: Lucario|36/100
|move|p2a: Lucario|Earthquake|p1a: Gholdengo
|-supereffective|p1a: Gholdengo
|-damage|p1a: Gholdengo|0 fnt
|faint|p1a: Gholdengo
|
|upkeep
|
|t:|1757847384
|switch|p1a: Great Tusk|Great Tusk|100/100
|turn|11
|
|t:|1757847389
|switch|p2a: Tsareena|Tsareena, F|100/100
|move|p1a: Great Tusk|Rapid Spin|p2a: Tsareena
|-damage|p2a: Tsareena|82/100
|-boost|p1a: Great Tusk|spe|1
|-sideend|p1: hamburgerking|Sticky Web|[from] move: Rapid Spin|[of] p1a: Great Tusk
|
|upkeep
|turn|12
|
|t:|1757847402
|-terastallize|p1a: Great Tusk|Steel
|move|p1a: Great Tusk|Bulk Up|p1a: Great Tusk
|-boost|p1a: Great Tusk|atk|1
|-boost|p1a: Great Tusk|def|1
|move|p2a: Tsareena|Petal Blizzard|p1a: Great Tusk
|-resisted|p1a: Great Tusk
|-damage|p1a: Great Tusk|89/100
|
|upkeep
|turn|13
|
|t:|1757847410
|move|p1a: Great Tusk|Ice Spinner|p2a: Tsareena
|-supereffective|p2a: Tsareena
|-damage|p2a: Tsareena|0 fnt
|faint|p2a: Tsareena
|
|upkeep
|
|t:|1757847414
|switch|p2a: Lucario|Lucario, M|36/100
|turn|14
|
|t:|1757847418
|move|p1a: Great Tusk|Headlong Rush|p2a: Lucario
|-supereffective|p2a: Lucario
|-damage|p2a: Lucario|0 fnt
|-unboost|p1a: Great Tusk|def|1
|-unboost|p1a: Great Tusk|spd|1
|faint|p2a: Lucario
|
|upkeep
|
|t:|1757847424
|switch|p2a: Gardevoir|Gardevoir, F, tera:Steel|46/100
|turn|15
|
|t:|1757847427
|move|p1a: Great Tusk|Headlong Rush|p2a: Gardevoir
|-supereffective|p2a: Gardevoir
|-damage|p2a: Gardevoir|0 fnt
|-unboost|p1a: Great Tusk|def|1
|-unboost|p1a: Great Tusk|spd|1
|faint|p2a: Gardevoir
|
|win|hamburgerking
|raw|hamburgerking's rating: 1132 &rarr; <strong>1157</strong><br />(+25 for winning)
|raw|baran110's rating: 1136 &rarr; <strong>1111</strong><br />(-25 for losing)
|l|☆baran110
|player|p2|
|l|☆hamburgerking
|player|p1|
