|j|☆ZeNiN_K1
|j|☆obama is my mama
|t:|1757897537
|gametype|singles
|player|p1|ZeNiN_K1|acetrainer-gen4|1249
|player|p2|obama is my mama|169|1301
|gen|9
|tier|[Gen 9] OU
|rated|
|rule|HP Percentage Mod: HP is shown in percentages
|rule|Endless Battle Clause: Forcing endless battles is banned
|rule|Species Clause: Limit one of each Pokémon
|rule|OHKO Clause: OHKO moves are banned
|rule|Evasion Items Clause: Evasion items are banned
|rule|Evasion Moves Clause: Evasion moves are banned
|rule|Evasion Abilities Clause: Evasion abilities are banned
|rule|Sleep Moves Clause: Sleep-inducing moves are banned
|clearpoke
|poke|p1|Zamazenta-*|
|poke|p1|Ninetales-Alola, M|
|poke|p1|Darkrai|
|poke|p1|Ceruledge, M|
|poke|p1|Gliscor, M|
|poke|p1|Hatterene, F|
|poke|p2|Landorus-Therian, M|
|poke|p2|Iron Boulder|
|poke|p2|Polteageist-Antique|
|poke|p2|Dragonite, F|
|poke|p2|Espeon, M|
|poke|p2|Dragapult, M|
|teampreview
|inactive|Battle timer is ON: inactive players will automatically lose when time's up. (requested by obama is my mama)
|
|t:|1757897597
|teamsize|p1|6
|teamsize|p2|6
|start
|switch|p1a: Ceruledge|Ceruledge, M|100/100
|switch|p2a: Samantha|Dragonite, F|100/100
|turn|1
|
|t:|1757897607
|move|p2a: Samantha|Dragon Dance|p2a: Samantha
|-boost|p2a: Samantha|atk|1
|-boost|p2a: Samantha|spe|1
|move|p1a: Ceruledge|Bulk Up|p1a: Ceruledge
|-boost|p1a: Ceruledge|atk|1
|-boost|p1a: Ceruledge|def|1
|
|upkeep
|turn|2
|
|t:|1757897613
|move|p2a: Samantha|Earthquake|p1a: Ceruledge
|-supereffective|p1a: Ceruledge
|-damage|p1a: Ceruledge|13/100
|move|p1a: Ceruledge|Bulk Up|p1a: Ceruledge
|-boost|p1a: Ceruledge|atk|1
|-boost|p1a: Ceruledge|def|1
|
|upkeep
|turn|3
|
|t:|1757897621
|move|p1a: Ceruledge|Shadow Sneak|p2a: Samantha
|-damage|p2a: Samantha|81/100
|move|p2a: Samantha|Earthquake|p1a: Ceruledge
|-supereffective|p1a: Ceruledge
|-damage|p1a: Ceruledge|0 fnt
|faint|p1a: Ceruledge
|
|upkeep
|
|t:|1757897628
|switch|p1a: Ninetales|Ninetales-Alola, M|100/100
|-weather|Snowscape|[from] ability: Snow Warning|[of] p1a: Ninetales
|turn|4
|
|t:|1757897633
|-terastallize|p2a: Samantha|Fairy
|move|p2a: Samantha|Earthquake|p1a: Ninetales
|-damage|p1a: Ninetales|56/100
|move|p1a: Ninetales|Aurora Veil|p1a: Ninetales
|-sidestart|p1: ZeNiN_K1|move: Aurora Veil
|
|-weather|Snowscape|[upkeep]
|upkeep
|turn|5
|
|t:|1757897641
|move|p2a: Samantha|Earthquake|p1a: Ninetales
|-damage|p1a: Ninetales|31/100
|move|p1a: Ninetales|Roar|p2a: Samantha
|drag|p2a: Pissboy|Polteageist-Antique, shiny|100/100
|
|-weather|Snowscape|[upkeep]
|upkeep
|turn|6
|
|t:|1757897652
|switch|p1a: Darkrai|Darkrai|100/100
|move|p2a: Pissboy|Shell Smash|p2a: Pissboy
|-unboost|p2a: Pissboy|def|1
|-unboost|p2a: Pissboy|spd|1
|-boost|p2a: Pissboy|atk|2
|-boost|p2a: Pissboy|spa|2
|-boost|p2a: Pissboy|spe|2
|
|-weather|Snowscape|[upkeep]
|upkeep
|turn|7
|
|t:|1757897658
|move|p2a: Pissboy|Giga Drain|p1a: Darkrai
|-damage|p1a: Darkrai|61/100
|move|p1a: Darkrai|Dark Pulse|p2a: Pissboy
|-supereffective|p2a: Pissboy
|-enditem|p2a: Pissboy|Focus Sash
|-damage|p2a: Pissboy|1/100
|
|-weather|Snowscape|[upkeep]
|-heal|p1a: Darkrai|67/100|[from] item: Leftovers
|upkeep
|turn|8
|
|t:|1757897661
|move|p2a: Pissboy|Giga Drain|p1a: Darkrai
|-damage|p1a: Darkrai|29/100
|-heal|p2a: Pissboy|22/100|[from] drain|[of] p1a: Darkrai
|move|p1a: Darkrai|Dark Pulse|p2a: Pissboy
|-supereffective|p2a: Pissboy
|-damage|p2a: Pissboy|0 fnt
|faint|p2a: Pissboy
|
|-weather|none
|-heal|p1a: Darkrai|35/100|[from] item: Leftovers
|upkeep
|
|t:|1757897671
|switch|p2a: mayonaise|Iron Boulder|100/100
|-enditem|p2a: mayonaise|Booster Energy
|-activate|p2a: mayonaise|ability: Quark Drive|[fromitem]
|-start|p2a: mayonaise|quarkdrivespe
|turn|9
|
|t:|1757897676
|move|p2a: mayonaise|Swords Dance|p2a: mayonaise
|-boost|p2a: mayonaise|atk|2
|move|p1a: Darkrai|Dark Pulse|p2a: mayonaise
|-supereffective|p2a: mayonaise
|-damage|p2a: mayonaise|16/100
|
|-heal|p1a: Darkrai|41/100|[from] item: Leftovers
|upkeep
|turn|10
|
|t:|1757897685
|move|p2a: mayonaise|Sacred Sword|p1a: Darkrai
|-supereffective|p1a: Darkrai
|-damage|p1a: Darkrai|0 fnt
|faint|p1a: Darkrai
|
|upkeep
|
|t:|1757897700
|switch|p1a: Zamazenta|Zamazenta|100/100
|-ability|p1a: Zamazenta|Dauntless Shield|boost
|-boost|p1a: Zamazenta|def|1
|turn|11
|
|t:|1757897705
|move|p2a: mayonaise|Sacred Sword|p1a: Zamazenta
|-damage|p1a: Zamazenta|79/100
|move|p1a: Zamazenta|Crunch|p2a: mayonaise
|-supereffective|p2a: mayonaise
|-damage|p2a: mayonaise|0 fnt
|faint|p2a: mayonaise
|-end|p2a: mayonaise|Quark Drive|[silent]
|
|-sideend|p1: ZeNiN_K1|move: Aurora Veil
|upkeep
|
|t:|1757897711
|switch|p2a: Booger|Espeon, M, shiny|100/100
|turn|12
|
|t:|1757897714
|switch|p1a: Hatterene|Hatterene, F|100/100
|move|p2a: Booger|Psychic|p1a: Hatterene
|-resisted|p1a: Hatterene
|-crit|p1a: Hatterene
|-damage|p1a: Hatterene|78/100
|
|upkeep
|turn|13
|
|t:|1757897721
|move|p2a: Booger|Shadow Ball|p1a: Hatterene
|-supereffective|p1a: Hatterene
|-damage|p1a: Hatterene|45/100
|move|p1a: Hatterene|Mystical Fire|p2a: Booger
|-damage|p2a: Booger|67/100
|-unboost|p2a: Booger|spa|1
|
|upkeep
|turn|14
|
|t:|1757897730
|move|p2a: Booger|Light Screen|p2a: Booger
|-sidestart|p2: obama is my mama|move: Light Screen
|move|p1a: Hatterene|Mystical Fire|p2a: Booger
|-damage|p2a: Booger|50/100
|-unboost|p2a: Booger|spa|1
|
|upkeep
|turn|15
|
|t:|1757897737
|switch|p2a: Samantha|Dragonite, F, tera:Fairy|81/100
|move|p1a: Hatterene|Mystical Fire|p2a: Samantha
|-damage|p2a: Samantha|67/100
|-unboost|p2a: Samantha|spa|1
|
|upkeep
|turn|16
|
|t:|1757897742
|move|p2a: Samantha|Dragon Dance|p2a: Samantha
|-boost|p2a: Samantha|atk|1
|-boost|p2a: Samantha|spe|1
|move|p1a: Hatterene|Nuzzle|p2a: Samantha
|-damage|p2a: Samantha|63/100
|-status|p2a: Samantha|par
|
|upkeep
|turn|17
|
|t:|1757897752
|move|p2a: Samantha|Extreme Speed|p1a: Hatterene
|-damage|p1a: Hatterene|0 fnt
|faint|p1a: Hatterene
|
|upkeep
|
|t:|1757897758
|switch|p1a: Ninetales|Ninetales-Alola, M|31/100
|-weather|Snowscape|[from] ability: Snow Warning|[of] p1a: Ninetales
|turn|18
|
|t:|1757897762
|move|p2a: Samantha|Extreme Speed|p1a: Ninetales
|-damage|p1a: Ninetales|0 fnt
|faint|p1a: Ninetales
|
|-weather|Snowscape|[upkeep]
|upkeep
|
|t:|1757897771
|switch|p1a: Gliscor|Gliscor, M|100/100
|turn|19
|
|t:|1757897783
|switch|p1a: Zamazenta|Zamazenta|79/100
|move|p2a: Samantha|Dragon Claw|p1a: Zamazenta
|-damage|p1a: Zamazenta|18/100
|
|-weather|Snowscape|[upkeep]
|upkeep
|turn|20
|
|t:|1757897790
|move|p2a: Samantha|Extreme Speed|p1a: Zamazenta
|-damage|p1a: Zamazenta|0 fnt
|faint|p1a: Zamazenta
|
|-weather|Snowscape|[upkeep]
|upkeep
|
|t:|1757897792
|switch|p1a: Gliscor|Gliscor, M|100/100
|turn|21
|
|t:|1757897803
|move|p1a: Gliscor|Agility|p1a: Gliscor
|-boost|p1a: Gliscor|spe|2
|move|p2a: Samantha|Dragon Claw|p1a: Gliscor
|-damage|p1a: Gliscor|45/100
|
|-weather|Snowscape|[upkeep]
|-sideend|p2: obama is my mama|move: Light Screen
|-status|p1a: Gliscor|tox|[from] item: Toxic Orb
|upkeep
|turn|22
|
|t:|1757897817
|-terastallize|p1a: Gliscor|Normal
|move|p1a: Gliscor|Facade|p2a: Samantha
|-crit|p2a: Samantha
|-damage|p2a: Samantha|0 fnt
|faint|p2a: Samantha
|
|-weather|none
|-heal|p1a: Gliscor|58/100 tox|[from] ability: Poison Heal
|upkeep
|
|t:|1757897824
|switch|p2a: Jeff da island boy|Landorus-Therian, M|100/100
|-ability|p2a: Jeff da island boy|Intimidate|boost
|-unboost|p1a: Gliscor|atk|1
|turn|23
|
|t:|1757897826
|move|p1a: Gliscor|Swords Dance|p1a: Gliscor
|-boost|p1a: Gliscor|atk|2
|move|p2a: Jeff da island boy|Brick Break|p1a: Gliscor
|-supereffective|p1a: Gliscor
|-damage|p1a: Gliscor|16/100 tox
|
|-heal|p1a: Gliscor|29/100 tox|[from] ability: Poison Heal
|upkeep
|turn|24
|
|t:|1757897832
|move|p1a: Gliscor|Facade|p2a: Jeff da island boy
|-crit|p2a: Jeff da island boy
|-enditem|p2a: Jeff da island boy|Focus Sash
|-damage|p2a: Jeff da island boy|1/100
|move|p2a: Jeff da island boy|Brick Break|p1a: Gliscor
|-supereffective|p1a: Gliscor
|-damage|p1a: Gliscor|0 fnt
|faint|p1a: Gliscor
|
|win|obama is my mama
|raw|ZeNiN_K1's rating: 1249 &rarr; <strong>1228</strong><br />(-21 for losing)
|raw|obama is my mama's rating: 1301 &rarr; <strong>1318</strong><br />(+17 for winning)
