|inactive|Battle timer is ON: inactive players will automatically lose when time's up.
|t:|1757877362
|gametype|singles
|player|p1|Coach Jones 6fifth|lusamine-nihilego|
|player|p2|crying|lucas|
|gen|9
|tier|[Gen 9] OU
|rule|HP Percentage Mod: HP is shown in percentages
|rule|Endless Battle Clause: Forcing endless battles is banned
|rule|Species Clause: Limit one of each Pokémon
|rule|OHKO Clause: OHKO moves are banned
|rule|Evasion Items Clause: Evasion items are banned
|rule|Evasion Moves Clause: Evasion moves are banned
|rule|Evasion Abilities Clause: Evasion abilities are banned
|rule|Sleep Moves Clause: Sleep-inducing moves are banned
|clearpoke
|poke|p1|Great Tusk|
|poke|p1|Gholdengo|
|poke|p1|Primarina, F|
|poke|p1|Dragapult, F|
|poke|p1|Mandibuzz, F|
|poke|p1|Raging Bolt|
|poke|p2|Leafeon, F|
|poke|p2|Alomomola, M|
|poke|p2|Skarmory, F|
|poke|p2|Ting-Lu|
|poke|p2|Great Tusk|
|poke|p2|Clodsire, F|
|teampreview
|inactive|crying has 270 seconds left.
|inactive|Coach Jones 6fifth has 270 seconds left.
|inactive|Coach Jones 6fifth has 240 seconds left.
|
|t:|1757877440
|teamsize|p1|6
|teamsize|p2|6
|start
|switch|p1a: Mandibuzz|Mandibuzz, F, shiny|100/100
|switch|p2a: Clodsire|Clodsire, F|100/100
|turn|1
|
|t:|1757877456
|move|p1a: Mandibuzz|Knock Off|p2a: Clodsire
|-damage|p2a: Clodsire|76/100
|-enditem|p2a: Clodsire|Heavy-Duty Boots|[from] move: Knock Off|[of] p1a: Mandibuzz
|move|p2a: Clodsire|Toxic|p1a: Mandibuzz
|-status|p1a: Mandibuzz|tox
|
|-damage|p1a: Mandibuzz|94/100 tox|[from] psn
|upkeep
|turn|2
|inactive|crying has 270 seconds left.
|
|t:|1757877482
|move|p1a: Mandibuzz|U-turn|p2a: Clodsire
|-resisted|p2a: Clodsire
|-damage|p2a: Clodsire|69/100
|
|t:|1757877488
|switch|p1a: Gholdengo|Gholdengo|100/100|[from] U-turn
|-item|p1a: Gholdengo|Air Balloon
|move|p2a: Clodsire|Toxic|p1a: Gholdengo
|-immune|p1a: Gholdengo|[from] ability: Good as Gold
|
|upkeep
|turn|3
|
|t:|1757877498
|move|p1a: Gholdengo|Shadow Ball|p2a: Clodsire
|-damage|p2a: Clodsire|45/100
|move|p2a: Clodsire|Toxic|p1a: Gholdengo
|-immune|p1a: Gholdengo|[from] ability: Good as Gold
|
|upkeep
|turn|4
|
|t:|1757877506
|move|p1a: Gholdengo|Nasty Plot|p1a: Gholdengo
|-boost|p1a: Gholdengo|spa|2
|move|p2a: Clodsire|Recover|p2a: Clodsire
|-heal|p2a: Clodsire|95/100
|
|upkeep
|turn|5
|
|t:|1757877517
|switch|p2a: Ting-Lu|Ting-Lu|100/100
|-ability|p2a: Ting-Lu|Vessel of Ruin
|move|p1a: Gholdengo|Shadow Ball|p2a: Ting-Lu
|-resisted|p2a: Ting-Lu
|-damage|p2a: Ting-Lu|81/100
|
|upkeep
|turn|6
|
|t:|1757877533
|move|p1a: Gholdengo|Make It Rain|p2a: Ting-Lu
|-damage|p2a: Ting-Lu|18/100
|-unboost|p1a: Gholdengo|spa|1
|move|p2a: Ting-Lu|Throat Chop|p1a: Gholdengo
|-supereffective|p1a: Gholdengo
|-damage|p1a: Gholdengo|28/100
|-start|p1a: Gholdengo|Throat Chop|[silent]
|-enditem|p1a: Gholdengo|Air Balloon
|
|upkeep
|turn|7
|inactive|crying has 270 seconds left.
|
|t:|1757877557
|switch|p2a: Clodsire|Clodsire, F|95/100
|move|p1a: Gholdengo|Dazzling Gleam|p2a: Clodsire
|-resisted|p2a: Clodsire
|-damage|p2a: Clodsire|87/100
|
|-end|p1a: Gholdengo|Throat Chop|[silent]
|upkeep
|turn|8
|inactive|crying has 270 seconds left.
|
|t:|1757877573
|switch|p1a: Great Tusk|Great Tusk, shiny|100/100
|move|p2a: Clodsire|Stealth Rock|p1a: Great Tusk
|-sidestart|p1: Coach Jones 6fifth|move: Stealth Rock
|
|upkeep
|turn|9
|inactive|crying has 270 seconds left.
|
|t:|1757877581
|switch|p2a: Alomomola|Alomomola, M|100/100
|move|p1a: Great Tusk|Headlong Rush|p2a: Alomomola
|-damage|p2a: Alomomola|75/100
|-unboost|p1a: Great Tusk|def|1
|-unboost|p1a: Great Tusk|spd|1
|
|upkeep
|turn|10
|
|t:|1757877586
|-end|p1a: Great Tusk|Protosynthesis|[silent]
|switch|p1a: Raging Bolt|Raging Bolt|100/100
|move|p2a: Alomomola|Wish|p2a: Alomomola
|
|upkeep
|turn|11
|inactive|crying has 270 seconds left.
|
|t:|1757877601
|switch|p2a: Clodsire|Clodsire, F|87/100
|move|p1a: Raging Bolt|Thunderbolt|p2a: Clodsire
|-immune|p2a: Clodsire
|
|-heal|p2a: Clodsire|100/100|[from] move: Wish|[wisher] Alomomola
|upkeep
|turn|12
|inactive|crying has 270 seconds left.
|
|t:|1757877613
|-end|p1a: Raging Bolt|Protosynthesis|[silent]
|switch|p1a: Mandibuzz|Mandibuzz, F, shiny|94/100 tox
|switch|p2a: Alomomola|Alomomola, M|100/100
|
|-damage|p1a: Mandibuzz|88/100 tox|[from] psn
|upkeep
|turn|13
|inactive|crying has 270 seconds left.
|
|t:|1757877626
|move|p1a: Mandibuzz|Knock Off|p2a: Alomomola
|-damage|p2a: Alomomola|87/100
|-enditem|p2a: Alomomola|Heavy-Duty Boots|[from] move: Knock Off|[of] p1a: Mandibuzz
|move|p2a: Alomomola|Wish|p2a: Alomomola
|
|-damage|p1a: Mandibuzz|76/100 tox|[from] psn
|upkeep
|turn|14
|
|t:|1757877631
|move|p1a: Mandibuzz|U-turn|p2a: Alomomola
|-damage|p2a: Alomomola|80/100
|
|t:|1757877633
|switch|p1a: Great Tusk|Great Tusk, shiny|100/100|[from] U-turn
|-damage|p1a: Great Tusk|97/100|[from] Stealth Rock
|move|p2a: Alomomola|Flip Turn|p1a: Great Tusk
|-supereffective|p1a: Great Tusk
|-damage|p1a: Great Tusk|81/100
|-damage|p2a: Alomomola|64/100|[from] item: Rocky Helmet|[of] p1a: Great Tusk
|
|t:|1757877635
|switch|p2a: Ting-Lu|Ting-Lu|18/100|[from] Flip Turn
|-ability|p2a: Ting-Lu|Vessel of Ruin
|
|-heal|p2a: Ting-Lu|77/100|[from] move: Wish|[wisher] Alomomola
|upkeep
|turn|15
|
|t:|1757877653
|move|p1a: Great Tusk|Rapid Spin|p2a: Ting-Lu
|-damage|p2a: Ting-Lu|68/100
|-boost|p1a: Great Tusk|spe|1
|-sideend|p1: Coach Jones 6fifth|Stealth Rock|[from] move: Rapid Spin|[of] p1a: Great Tusk
|move|p2a: Ting-Lu|Earthquake|p1a: Great Tusk
|-crit|p1a: Great Tusk
|-damage|p1a: Great Tusk|43/100
|
|upkeep
|turn|16
|inactive|crying has 270 seconds left.
|
|t:|1757877679
|-end|p1a: Great Tusk|Protosynthesis|[silent]
|switch|p1a: Mandibuzz|Mandibuzz, F, shiny|76/100 tox
|switch|p2a: Alomomola|Alomomola, M|97/100
|
|-damage|p1a: Mandibuzz|70/100 tox|[from] psn
|upkeep
|turn|17
|
|t:|1757877697
|move|p1a: Mandibuzz|U-turn|p2a: Alomomola
|-damage|p2a: Alomomola|91/100
|
|t:|1757877700
|switch|p1a: Raging Bolt|Raging Bolt|100/100|[from] U-turn
|move|p2a: Alomomola|Flip Turn|p1a: Raging Bolt
|-resisted|p1a: Raging Bolt
|-damage|p1a: Raging Bolt|94/100
|inactive|crying has 270 seconds left.
|
|t:|1757877723
|switch|p2a: Clodsire|Clodsire, F|100/100|[from] Flip Turn
|
|upkeep
|turn|18
|
|t:|1757877728
|-end|p1a: Raging Bolt|Protosynthesis|[silent]
|switch|p1a: Great Tusk|Great Tusk, shiny|43/100
|move|p2a: Clodsire|Stealth Rock|p1a: Great Tusk
|-sidestart|p1: Coach Jones 6fifth|move: Stealth Rock
|
|upkeep
|turn|19
|inactive|crying has 270 seconds left.
|
|t:|1757877764
|switch|p2a: Skarmory|Skarmory, F|100/100
|move|p1a: Great Tusk|Rapid Spin|p2a: Skarmory
|-resisted|p2a: Skarmory
|-damage|p2a: Skarmory|96/100
|-boost|p1a: Great Tusk|spe|1
|-damage|p1a: Great Tusk|27/100|[from] item: Rocky Helmet|[of] p2a: Skarmory
|-sideend|p1: Coach Jones 6fifth|Stealth Rock|[from] move: Rapid Spin|[of] p1a: Great Tusk
|
|upkeep
|turn|20
|inactive|crying has 240 seconds left.
|
|t:|1757877790
|move|p1a: Great Tusk|Stealth Rock|p2a: Skarmory
|-sidestart|p2: crying|move: Stealth Rock
|move|p2a: Skarmory|Body Press|p1a: Great Tusk
|-damage|p1a: Great Tusk|9/100
|-damage|p2a: Skarmory|80/100|[from] item: Rocky Helmet|[of] p1a: Great Tusk
|
|upkeep
|turn|21
|inactive|crying has 240 seconds left.
|
|t:|1757877797
|-end|p1a: Great Tusk|Protosynthesis|[silent]
|switch|p1a: Raging Bolt|Raging Bolt|94/100
|move|p2a: Skarmory|Roost|p2a: Skarmory
|-heal|p2a: Skarmory|100/100
|-singleturn|p2a: Skarmory|move: Roost
|
|upkeep
|turn|22
|inactive|crying has 240 seconds left.
|
|t:|1757877829
|move|p1a: Raging Bolt|Draco Meteor|p2a: Skarmory
|-resisted|p2a: Skarmory
|-damage|p2a: Skarmory|47/100
|-unboost|p1a: Raging Bolt|spa|2
|move|p2a: Skarmory|Roost|p2a: Skarmory
|-heal|p2a: Skarmory|97/100
|-singleturn|p2a: Skarmory|move: Roost
|
|upkeep
|turn|23
|inactive|crying has 210 seconds left.
|inactive|Coach Jones 6fifth has 270 seconds left.
|
|t:|1757877860
|-end|p1a: Raging Bolt|Protosynthesis|[silent]
|switch|p1a: Primarina|Primarina, F|100/100
|switch|p2a: Ting-Lu|Ting-Lu|68/100
|-ability|p2a: Ting-Lu|Vessel of Ruin
|
|upkeep
|turn|24
|
|t:|1757877874
|-terastallize|p2a: Ting-Lu|Fairy
|move|p1a: Primarina|Moonblast|p2a: Ting-Lu
|-damage|p2a: Ting-Lu|45/100
|-unboost|p2a: Ting-Lu|spa|1
|move|p2a: Ting-Lu|Earthquake|p1a: Primarina
|-damage|p1a: Primarina|43/100
|
|upkeep
|turn|25
|
|t:|1757877882
|move|p1a: Primarina|Flip Turn|p2a: Ting-Lu
|-damage|p2a: Ting-Lu|34/100
|
|t:|1757877893
|switch|p1a: Mandibuzz|Mandibuzz, F, shiny|70/100 tox|[from] Flip Turn
|move|p2a: Ting-Lu|Rest|p2a: Ting-Lu
|-status|p2a: Ting-Lu|slp|[from] move: Rest
|-heal|p2a: Ting-Lu|100/100 slp|[silent]
|
|-damage|p1a: Mandibuzz|64/100 tox|[from] psn
|upkeep
|turn|26
|inactive|crying has 210 seconds left.
|inactive|crying has 180 seconds left.
|
|t:|1757877939
|switch|p2a: Leafeon|Leafeon, F|100/100
|-damage|p2a: Leafeon|88/100|[from] Stealth Rock
|move|p1a: Mandibuzz|U-turn|p2a: Leafeon
|-supereffective|p2a: Leafeon
|-damage|p2a: Leafeon|73/100
|-damage|p1a: Mandibuzz|47/100 tox|[from] item: Rocky Helmet|[of] p2a: Leafeon
|
|t:|1757877950
|switch|p1a: Dragapult|Dragapult, F, shiny|100/100|[from] U-turn
|
|upkeep
|turn|27
|
|t:|1757877958
|-terastallize|p1a: Dragapult|Ghost
|move|p2a: Leafeon|Protect|p2a: Leafeon
|-singleturn|p2a: Leafeon|Protect
|move|p1a: Dragapult|Shadow Ball|p2a: Leafeon
|-activate|p2a: Leafeon|move: Protect
|
|upkeep
|turn|28
|inactive|crying has 180 seconds left.
|
|t:|1757877995
|switch|p2a: Clodsire|Clodsire, F|100/100
|-damage|p2a: Clodsire|94/100|[from] Stealth Rock
|move|p1a: Dragapult|Shadow Ball|p2a: Clodsire
|-damage|p2a: Clodsire|59/100
|
|upkeep
|turn|29
|
|t:|1757878003
|switch|p1a: Primarina|Primarina, F|43/100
|move|p2a: Clodsire|Toxic|p1a: Primarina
|-status|p1a: Primarina|tox
|
|-damage|p1a: Primarina|37/100 tox|[from] psn
|upkeep
|turn|30
|
|t:|1757878016
|switch|p2a: Leafeon|Leafeon, F|73/100
|-damage|p2a: Leafeon|61/100|[from] Stealth Rock
|move|p1a: Primarina|Flip Turn|p2a: Leafeon
|-resisted|p2a: Leafeon
|-damage|p2a: Leafeon|56/100
|-damage|p1a: Primarina|20/100 tox|[from] item: Rocky Helmet|[of] p2a: Leafeon
|
|t:|1757878018
|switch|p1a: Dragapult|Dragapult, F, shiny, tera:Ghost|100/100|[from] Flip Turn
|
|upkeep
|turn|31
|
|t:|1757878022
|move|p2a: Leafeon|Protect|p2a: Leafeon
|-singleturn|p2a: Leafeon|Protect
|move|p1a: Dragapult|Shadow Ball|p2a: Leafeon
|-activate|p2a: Leafeon|move: Protect
|
|upkeep
|turn|32
|inactive|crying has 180 seconds left.
|
|t:|1757878050
|switch|p2a: Skarmory|Skarmory, F|97/100
|-damage|p2a: Skarmory|85/100|[from] Stealth Rock
|move|p1a: Dragapult|Shadow Ball|p2a: Skarmory
|-damage|p2a: Skarmory|0 fnt
|faint|p2a: Skarmory
|
|upkeep
|
|t:|1757878053
|switch|p2a: Ting-Lu|Ting-Lu, tera:Fairy|100/100 slp
|-ability|p2a: Ting-Lu|Vessel of Ruin
|turn|33
|
|t:|1757878065
|move|p1a: Dragapult|Shadow Ball|p2a: Ting-Lu
|-damage|p2a: Ting-Lu|65/100 slp
|cant|p2a: Ting-Lu|slp
|move|p2a: Ting-Lu|Sleep Talk|p2a: Ting-Lu
|move|p2a: Ting-Lu|Earthquake|p1a: Dragapult|[from] move: Sleep Talk
|-damage|p1a: Dragapult|37/100
|
|upkeep
|turn|34
|inactive|crying has 180 seconds left.
|
|t:|1757878090
|switch|p1a: Mandibuzz|Mandibuzz, F, shiny|47/100 tox
|cant|p2a: Ting-Lu|slp
|move|p2a: Ting-Lu|Sleep Talk|p2a: Ting-Lu
|move|p2a: Ting-Lu|Rest||[from] move: Sleep Talk|[still]
|-fail|p2a: Ting-Lu
|
|-damage|p1a: Mandibuzz|41/100 tox|[from] psn
|upkeep
|turn|35
|
|t:|1757878100
|move|p1a: Mandibuzz|U-turn|p2a: Ting-Lu
|-resisted|p2a: Ting-Lu
|-damage|p2a: Ting-Lu|62/100 slp
|
|t:|1757878102
|switch|p1a: Great Tusk|Great Tusk, shiny|9/100|[from] U-turn
|-curestatus|p2a: Ting-Lu|slp|[msg]
|move|p2a: Ting-Lu|Rest|p2a: Ting-Lu
|-status|p2a: Ting-Lu|slp|[from] move: Rest
|-heal|p2a: Ting-Lu|100/100 slp|[silent]
|
|upkeep
|turn|36
|inactive|crying has 180 seconds left.
|
|t:|1757878130
|switch|p2a: Alomomola|Alomomola, M|100/100
|-damage|p2a: Alomomola|88/100|[from] Stealth Rock
|move|p1a: Great Tusk|Headlong Rush|p2a: Alomomola
|-crit|p2a: Alomomola
|-damage|p2a: Alomomola|44/100
|-unboost|p1a: Great Tusk|def|1
|-unboost|p1a: Great Tusk|spd|1
|
|upkeep
|turn|37
|inactive|crying has 150 seconds left.
|
|t:|1757878165
|move|p1a: Great Tusk|Headlong Rush|p2a: Alomomola
|-damage|p2a: Alomomola|16/100
|-unboost|p1a: Great Tusk|def|1
|-unboost|p1a: Great Tusk|spd|1
|move|p2a: Alomomola|Wish|p2a: Alomomola
|
|upkeep
|turn|38
|inactive|Coach Jones 6fifth has 270 seconds left.
|inactive|crying has 120 seconds left.
|inactive|crying has 90 seconds left.
|
|t:|1757878235
|switch|p2a: Great Tusk|Great Tusk|100/100
|move|p1a: Great Tusk|Headlong Rush|p2a: Great Tusk
|-damage|p2a: Great Tusk|76/100
|-unboost|p1a: Great Tusk|def|1
|-unboost|p1a: Great Tusk|spd|1
|
|-heal|p2a: Great Tusk|100/100|[from] move: Wish|[wisher] Alomomola
|upkeep
|turn|39
|inactive|crying has 60 seconds left.
|
|t:|1757878274
|-end|p1a: Great Tusk|Protosynthesis|[silent]
|switch|p1a: Gholdengo|Gholdengo|28/100
|move|p2a: Great Tusk|Knock Off|p1a: Gholdengo
|-supereffective|p1a: Gholdengo
|-damage|p1a: Gholdengo|0 fnt
|faint|p1a: Gholdengo
|
|upkeep
|
|t:|1757878288
|switch|p1a: Dragapult|Dragapult, F, shiny, tera:Ghost|37/100
|turn|40
|inactive|crying has 60 seconds left.
|
|t:|1757878301
|move|p1a: Dragapult|Shadow Ball|p2a: Great Tusk
|-damage|p2a: Great Tusk|3/100
|move|p2a: Great Tusk|Knock Off|p1a: Dragapult
|-supereffective|p1a: Dragapult
|-crit|p1a: Dragapult
|-damage|p1a: Dragapult|0 fnt
|-enditem|p1a: Dragapult|Choice Specs|[from] move: Knock Off|[of] p2a: Great Tusk
|faint|p1a: Dragapult
|
|upkeep
|
|t:|1757878311
|switch|p1a: Great Tusk|Great Tusk, shiny|9/100
|turn|41
|
|t:|1757878320
|-end|p2a: Great Tusk|Protosynthesis|[silent]
|switch|p2a: Leafeon|Leafeon, F|56/100
|-damage|p2a: Leafeon|43/100|[from] Stealth Rock
|move|p1a: Great Tusk|Ice Spinner|p2a: Leafeon
|-supereffective|p2a: Leafeon
|-damage|p2a: Leafeon|13/100
|-damage|p1a: Great Tusk|0 fnt|[from] item: Rocky Helmet|[of] p2a: Leafeon
|faint|p1a: Great Tusk
|-end|p1a: Great Tusk|Protosynthesis|[silent]
|
|upkeep
|
|t:|1757878325
|switch|p1a: Raging Bolt|Raging Bolt|94/100
|turn|42
|
|t:|1757878334
|move|p2a: Leafeon|Protect|p2a: Leafeon
|-singleturn|p2a: Leafeon|Protect
|move|p1a: Raging Bolt|Thunderbolt|p2a: Leafeon
|-activate|p2a: Leafeon|move: Protect
|
|upkeep
|turn|43
|
|t:|1757878360
|move|p2a: Leafeon|Knock Off|p1a: Raging Bolt
|-damage|p1a: Raging Bolt|71/100
|-enditem|p1a: Raging Bolt|Heavy-Duty Boots|[from] move: Knock Off|[of] p2a: Leafeon
|move|p1a: Raging Bolt|Thunderbolt|p2a: Leafeon
|-resisted|p2a: Leafeon
|-damage|p2a: Leafeon|0 fnt
|faint|p2a: Leafeon
|
|upkeep
|inactive|crying has 60 seconds left.
|
|t:|1757878370
|switch|p2a: Ting-Lu|Ting-Lu, tera:Fairy|100/100 slp
|-ability|p2a: Ting-Lu|Vessel of Ruin
|turn|44
|
|t:|1757878381
|move|p1a: Raging Bolt|Thunderbolt|p2a: Ting-Lu
|-damage|p2a: Ting-Lu|76/100 slp
|cant|p2a: Ting-Lu|slp
|move|p2a: Ting-Lu|Sleep Talk|p2a: Ting-Lu
|move|p2a: Ting-Lu|Earthquake|p1a: Raging Bolt|[from] move: Sleep Talk
|-supereffective|p1a: Raging Bolt
|-damage|p1a: Raging Bolt|0 fnt
|faint|p1a: Raging Bolt
|-end|p1a: Raging Bolt|Protosynthesis|[silent]
|
|upkeep
|-message|Coach Jones 6fifth forfeited.
|
|win|crying
