|j|☆Marcel aus Berlin
|j|☆Fleetwood Macargo
|t:|1757829977
|gametype|singles
|player|p1|Marcel aus Berlin|265|1546
|player|p2|Fleetwood Macargo|roxanne|1514
|gen|9
|tier|[Gen 9] OU
|rated|
|rule|HP Percentage Mod: HP is shown in percentages
|rule|Endless Battle Clause: Forcing endless battles is banned
|rule|Species Clause: Limit one of each Pokémon
|rule|OHKO Clause: OHKO moves are banned
|rule|Evasion Items Clause: Evasion items are banned
|rule|Evasion Moves Clause: Evasion moves are banned
|rule|Evasion Abilities Clause: Evasion abilities are banned
|rule|Sleep Moves Clause: Sleep-inducing moves are banned
|clearpoke
|poke|p1|Clefable, M|
|poke|p1|Gliscor, M|
|poke|p1|Sinistcha|
|poke|p1|Corviknight, M|
|poke|p1|Blissey, F|
|poke|p1|Toxapex, M|
|poke|p2|Dragapult, M|
|poke|p2|Sinistcha|
|poke|p2|Ceruledge, F|
|poke|p2|Slowking-Galar, M|
|poke|p2|Meowscarada, M|
|poke|p2|Great Tusk|
|teampreview
|
|t:|1757829995
|teamsize|p1|6
|teamsize|p2|6
|start
|switch|p1a: Gliscor|Gliscor, M|100/100
|switch|p2a: Meowscarada|Meowscarada, M|100/100
|turn|1
|
|t:|1757829999
|move|p1a: Gliscor|Protect|p1a: Gliscor
|-singleturn|p1a: Gliscor|Protect
|move|p2a: Meowscarada|Knock Off|p1a: Gliscor
|-start|p2a: Meowscarada|typechange|Dark|[from] ability: Protean
|-activate|p1a: Gliscor|move: Protect
|
|-status|p1a: Gliscor|tox|[from] item: Toxic Orb
|upkeep
|turn|2
|
|t:|1757830007
|switch|p2a: Slowking|Slowking-Galar, M|100/100
|switch|p1a: Corviknight|Corviknight, M|100/100
|-ability|p1a: Corviknight|Pressure
|
|upkeep
|turn|3
|
|t:|1757830015
|move|p1a: Corviknight|Brave Bird|p2a: Slowking
|-damage|p2a: Slowking|62/100
|-damage|p1a: Corviknight|88/100|[from] Recoil
|move|p2a: Slowking|Future Sight|p1a: Corviknight
|-start|p2a: Slowking|move: Future Sight
|
|-heal|p1a: Corviknight|94/100|[from] item: Leftovers
|upkeep
|turn|4
|
|t:|1757830023
|move|p1a: Corviknight|Brave Bird|p2a: Slowking
|-damage|p2a: Slowking|26/100
|-damage|p1a: Corviknight|82/100|[from] Recoil
|move|p2a: Slowking|Fire Blast|p1a: Corviknight|[miss]
|-miss|p2a: Slowking|p1a: Corviknight
|
|-heal|p1a: Corviknight|88/100|[from] item: Leftovers
|upkeep
|turn|5
|
|t:|1757830032
|move|p1a: Corviknight|Brave Bird|p2a: Slowking
|-damage|p2a: Slowking|0 fnt
|faint|p2a: Slowking
|-damage|p1a: Corviknight|80/100|[from] Recoil
|
|-end|p1a: Corviknight|move: Future Sight
|-resisted|p1a: Corviknight
|-damage|p1a: Corviknight|52/100
|-heal|p1a: Corviknight|58/100|[from] item: Leftovers
|upkeep
|
|t:|1757830068
|switch|p2a: Dragapult|Dragapult, M, shiny|100/100
|turn|6
|
|t:|1757830074
|switch|p1a: Blissey|Blissey, F|100/100
|move|p2a: Dragapult|Will-O-Wisp|p1a: Blissey
|-status|p1a: Blissey|brn
|
|-damage|p1a: Blissey|94/100 brn|[from] brn
|upkeep
|turn|7
|
|t:|1757830081
|switch|p2a: Great Tusk|Great Tusk|100/100
|move|p1a: Blissey|Flamethrower|p2a: Great Tusk
|-damage|p2a: Great Tusk|79/100
|
|-damage|p1a: Blissey|88/100 brn|[from] brn
|upkeep
|turn|8
|
|t:|1757830086
|-curestatus|p1a: Blissey|brn|[from] ability: Natural Cure
|switch|p1a: Corviknight|Corviknight, M|58/100
|-ability|p1a: Corviknight|Pressure
|move|p2a: Great Tusk|Stealth Rock|p1a: Corviknight
|-sidestart|p1: Marcel aus Berlin|move: Stealth Rock
|
|-heal|p1a: Corviknight|64/100|[from] item: Leftovers
|upkeep
|turn|9
|
|t:|1757830091
|move|p2a: Great Tusk|Knock Off|p1a: Corviknight
|-damage|p1a: Corviknight|46/100
|-enditem|p1a: Corviknight|Leftovers|[from] move: Knock Off|[of] p2a: Great Tusk
|move|p1a: Corviknight|Defog|p2a: Great Tusk
|-unboost|p2a: Great Tusk|evasion|1
|-sideend|p1: Marcel aus Berlin|Stealth Rock|[from] move: Defog|[of] p1a: Corviknight
|
|upkeep
|turn|10
|
|t:|1757830095
|move|p2a: Great Tusk|Stealth Rock|p1a: Corviknight
|-sidestart|p1: Marcel aus Berlin|move: Stealth Rock
|move|p1a: Corviknight|Roost|p1a: Corviknight
|-heal|p1a: Corviknight|96/100
|-singleturn|p1a: Corviknight|move: Roost
|
|upkeep
|turn|11
|
|t:|1757830105
|-end|p2a: Great Tusk|Protosynthesis|[silent]
|switch|p2a: Ceruledge|Ceruledge, F, shiny|100/100
|move|p1a: Corviknight|Defog|p2a: Ceruledge
|-unboost|p2a: Ceruledge|evasion|1
|-sideend|p1: Marcel aus Berlin|Stealth Rock|[from] move: Defog|[of] p1a: Corviknight
|
|upkeep
|turn|12
|
|t:|1757830112
|switch|p1a: Toxapex|Toxapex, M|100/100
|move|p2a: Ceruledge|Swords Dance|p2a: Ceruledge
|-boost|p2a: Ceruledge|atk|2
|
|upkeep
|turn|13
|
|t:|1757830117
|move|p2a: Ceruledge|Swords Dance|p2a: Ceruledge
|-boost|p2a: Ceruledge|atk|2
|move|p1a: Toxapex|Haze|p1a: Toxapex
|-clearallboost
|
|upkeep
|turn|14
|
|t:|1757830121
|switch|p2a: Great Tusk|Great Tusk|79/100
|move|p1a: Toxapex|Toxic|p2a: Great Tusk
|-status|p2a: Great Tusk|tox
|
|-damage|p2a: Great Tusk|73/100 tox|[from] psn
|upkeep
|turn|15
|
|t:|1757830128
|switch|p1a: Corviknight|Corviknight, M|96/100
|-ability|p1a: Corviknight|Pressure
|move|p2a: Great Tusk|Knock Off|p1a: Corviknight
|-damage|p1a: Corviknight|85/100
|
|-damage|p2a: Great Tusk|60/100 tox|[from] psn
|upkeep
|turn|16
|
|t:|1757830137
|move|p2a: Great Tusk|Stealth Rock|p1a: Corviknight
|-sidestart|p1: Marcel aus Berlin|move: Stealth Rock
|move|p1a: Corviknight|Brave Bird|p2a: Great Tusk
|-supereffective|p2a: Great Tusk
|-damage|p2a: Great Tusk|24/100 tox
|-damage|p1a: Corviknight|73/100|[from] Recoil
|
|-damage|p2a: Great Tusk|6/100 tox|[from] psn
|upkeep
|turn|17
|
|t:|1757830145
|-end|p2a: Great Tusk|Protosynthesis|[silent]
|switch|p2a: Dragapult|Dragapult, M, shiny|100/100
|move|p1a: Corviknight|Defog|p2a: Dragapult
|-unboost|p2a: Dragapult|evasion|1
|-sideend|p1: Marcel aus Berlin|Stealth Rock|[from] move: Defog|[of] p1a: Corviknight
|
|upkeep
|turn|18
|
|t:|1757830150
|switch|p1a: Blissey|Blissey, F|88/100
|move|p2a: Dragapult|U-turn|p1a: Blissey
|-damage|p1a: Blissey|71/100
|
|t:|1757830155
|switch|p2a: Meowscarada|Meowscarada, M|100/100|[from] U-turn
|
|upkeep
|turn|19
|
|t:|1757830163
|switch|p1a: Corviknight|Corviknight, M|73/100
|-ability|p1a: Corviknight|Pressure
|move|p2a: Meowscarada|U-turn|p1a: Corviknight
|-start|p2a: Meowscarada|typechange|Bug|[from] ability: Protean
|-resisted|p1a: Corviknight
|-damage|p1a: Corviknight|68/100
|
|t:|1757830167
|switch|p2a: Dragapult|Dragapult, M, shiny|100/100|[from] U-turn
|
|upkeep
|turn|20
|
|t:|1757830176
|switch|p1a: Toxapex|Toxapex, M|100/100
|move|p2a: Dragapult|U-turn|p1a: Toxapex
|-resisted|p1a: Toxapex
|-damage|p1a: Toxapex|94/100
|
|t:|1757830190
|switch|p2a: Meowscarada|Meowscarada, M|100/100|[from] U-turn
|
|upkeep
|turn|21
|
|t:|1757830200
|move|p2a: Meowscarada|U-turn|p1a: Toxapex
|-start|p2a: Meowscarada|typechange|Bug|[from] ability: Protean
|-resisted|p1a: Toxapex
|-damage|p1a: Toxapex|82/100
|
|t:|1757830203
|switch|p2a: Great Tusk|Great Tusk|6/100 tox|[from] U-turn
|move|p1a: Toxapex|Toxic|p2a: Great Tusk
|-fail|p2a: Great Tusk|tox
|
|-damage|p2a: Great Tusk|0 fnt|[from] psn
|faint|p2a: Great Tusk
|-end|p2a: Great Tusk|Protosynthesis|[silent]
|upkeep
|
|t:|1757830212
|switch|p2a: Dragapult|Dragapult, M, shiny|100/100
|turn|22
|
|t:|1757830217
|move|p2a: Dragapult|Draco Meteor|p1a: Toxapex
|-damage|p1a: Toxapex|24/100
|-unboost|p2a: Dragapult|spa|2
|move|p1a: Toxapex|Toxic|p2a: Dragapult
|-status|p2a: Dragapult|tox
|
|-damage|p2a: Dragapult|95/100 tox|[from] psn
|upkeep
|turn|23
|
|t:|1757830223
|switch|p2a: Meowscarada|Meowscarada, M|100/100
|switch|p1a: Clefable|Clefable, M|100/100
|
|upkeep
|turn|24
|
|t:|1757830229
|move|p2a: Meowscarada|Flower Trick|p1a: Clefable
|-start|p2a: Meowscarada|typechange|Grass|[from] ability: Protean
|-crit|p1a: Clefable
|-damage|p1a: Clefable|66/100
|move|p1a: Clefable|Moonblast|p2a: Meowscarada
|-damage|p2a: Meowscarada|56/100
|
|-heal|p1a: Clefable|72/100|[from] item: Leftovers
|upkeep
|turn|25
|
|t:|1757830236
|move|p2a: Meowscarada|Flower Trick|p1a: Clefable
|-crit|p1a: Clefable
|-damage|p1a: Clefable|37/100
|move|p1a: Clefable|Moonlight|p1a: Clefable
|-heal|p1a: Clefable|87/100
|
|-heal|p1a: Clefable|93/100|[from] item: Leftovers
|upkeep
|turn|26
|
|t:|1757830244
|move|p2a: Meowscarada|Flower Trick|p1a: Clefable
|-crit|p1a: Clefable
|-damage|p1a: Clefable|54/100
|move|p1a: Clefable|Knock Off|p2a: Meowscarada
|-damage|p2a: Meowscarada|35/100
|-enditem|p2a: Meowscarada|Choice Scarf|[from] move: Knock Off|[of] p1a: Clefable
|
|-heal|p1a: Clefable|60/100|[from] item: Leftovers
|upkeep
|turn|27
|
|t:|1757830249
|move|p2a: Meowscarada|Knock Off|p1a: Clefable
|-resisted|p1a: Clefable
|-damage|p1a: Clefable|48/100
|-enditem|p1a: Clefable|Leftovers|[from] move: Knock Off|[of] p2a: Meowscarada
|move|p1a: Clefable|Moonlight|p1a: Clefable
|-heal|p1a: Clefable|98/100
|
|upkeep
|turn|28
|
|t:|1757830254
|move|p2a: Meowscarada|Flower Trick|p1a: Clefable
|-crit|p1a: Clefable
|-damage|p1a: Clefable|60/100
|move|p1a: Clefable|Stealth Rock|p2a: Meowscarada
|-sidestart|p2: Fleetwood Macargo|move: Stealth Rock
|
|upkeep
|turn|29
|
|t:|1757830259
|move|p2a: Meowscarada|Flower Trick|p1a: Clefable
|-crit|p1a: Clefable
|-damage|p1a: Clefable|24/100
|move|p1a: Clefable|Moonlight|p1a: Clefable
|-heal|p1a: Clefable|74/100
|
|upkeep
|turn|30
|-message|Fleetwood Macargo forfeited.
|
|win|Marcel aus Berlin
|raw|Marcel aus Berlin's rating: 1546 &rarr; <strong>1564</strong><br />(+18 for winning)
|raw|Fleetwood Macargo's rating: 1514 &rarr; <strong>1496</strong><br />(-18 for losing)
|l|☆Fleetwood Macargo
|player|p2|
|l|☆Marcel aus Berlin
|player|p1|
