|j|☆Ctannn
|j|☆tomatic
|t:|1757935630
|gametype|singles
|player|p1|Ctannn|169|1718
|player|p2|tomatic|hiker-gen4|1629
|gen|9
|tier|[Gen 9] OU
|rated|
|rule|HP Percentage Mod: HP is shown in percentages
|rule|Endless Battle Clause: Forcing endless battles is banned
|rule|Species Clause: Limit one of each Pokémon
|rule|OHKO Clause: OHKO moves are banned
|rule|Evasion Items Clause: Evasion items are banned
|rule|Evasion Moves Clause: Evasion moves are banned
|rule|Evasion Abilities Clause: Evasion abilities are banned
|rule|Sleep Moves Clause: Sleep-inducing moves are banned
|clearpoke
|poke|p1|Torkoal, M|
|poke|p1|Raging Bolt|
|poke|p1|Landorus-Therian, M|
|poke|p1|Alomomola, F|
|poke|p1|Lilligant-Hisui, F|
|poke|p1|Kingambit, F|
|poke|p2|Maushold-Four|
|poke|p2|Scizor, F|
|poke|p2|Landorus-Therian, M|
|poke|p2|Dragonite, F|
|poke|p2|Hatterene, F|
|poke|p2|Rotom-Wash|
|teampreview
|inactive|Battle timer is ON: inactive players will automatically lose when time's up. (requested by Ctannn)
|inactive|tomatic has 120 seconds left.
|
|t:|1757935665
|teamsize|p1|6
|teamsize|p2|6
|start
|switch|p1a: Torkoal|Torkoal, M|100/100
|switch|p2a: Rotom|Rotom-Wash|100/100
|-weather|SunnyDay|[from] ability: Drought|[of] p1a: Torkoal
|turn|1
|
|t:|1757935681
|switch|p1a: Raging Bolt|Raging Bolt|100/100
|-activate|p1a: Raging Bolt|ability: Protosynthesis
|-start|p1a: Raging Bolt|protosynthesisspa
|move|p2a: Rotom|Volt Switch|p1a: Raging Bolt
|-resisted|p1a: Raging Bolt
|-damage|p1a: Raging Bolt|93/100
|
|t:|1757935699
|switch|p2a: Landorus|Landorus-Therian, M|100/100|[from] Volt Switch
|-ability|p2a: Landorus|Intimidate|boost
|-unboost|p1a: Raging Bolt|atk|1
|
|-weather|SunnyDay|[upkeep]
|upkeep
|turn|2
|
|t:|1757935707
|-end|p1a: Raging Bolt|Protosynthesis|[silent]
|switch|p1a: Landorus|Landorus-Therian, M|100/100
|-ability|p1a: Landorus|Intimidate|boost
|-unboost|p2a: Landorus|atk|1
|move|p2a: Landorus|U-turn|p1a: Landorus
|-resisted|p1a: Landorus
|-damage|p1a: Landorus|95/100
|-damage|p2a: Landorus|84/100|[from] item: Rocky Helmet|[of] p1a: Landorus
|
|t:|1757935711
|switch|p2a: Scizor|Scizor, F|100/100|[from] U-turn
|
|-weather|SunnyDay|[upkeep]
|upkeep
|turn|3
|
|t:|1757935714
|move|p2a: Scizor|Knock Off|p1a: Landorus
|-damage|p1a: Landorus|71/100
|-damage|p2a: Scizor|84/100|[from] item: Rocky Helmet|[of] p1a: Landorus
|-enditem|p1a: Landorus|Rocky Helmet|[from] move: Knock Off|[of] p2a: Scizor
|move|p1a: Landorus|Weather Ball|p2a: Scizor
|-supereffective|p2a: Scizor
|-damage|p2a: Scizor|0 fnt
|faint|p2a: Scizor
|
|-weather|SunnyDay|[upkeep]
|upkeep
|
|t:|1757935723
|switch|p2a: Maushold|Maushold-Four|100/100
|turn|4
|
|t:|1757935727
|move|p2a: Maushold|Population Bomb|p1a: Landorus
|-damage|p1a: Landorus|63/100
|-damage|p1a: Landorus|55/100
|-damage|p1a: Landorus|47/100
|-damage|p1a: Landorus|39/100
|-damage|p1a: Landorus|31/100
|-damage|p1a: Landorus|22/100
|-damage|p1a: Landorus|14/100
|-damage|p1a: Landorus|6/100
|-damage|p1a: Landorus|0 fnt
|faint|p1a: Landorus
|-hitcount|p1: Landorus|9
|
|-weather|SunnyDay|[upkeep]
|upkeep
|
|t:|1757935734
|switch|p1a: Alomomola|Alomomola, F|100/100
|turn|5
|
|t:|1757935740
|switch|p2a: Hatterene|Hatterene, F|100/100
|move|p1a: Alomomola|Wish|p1a: Alomomola
|
|-weather|none
|upkeep
|turn|6
|
|t:|1757935748
|switch|p1a: Torkoal|Torkoal, M|100/100
|-weather|SunnyDay|[from] ability: Drought|[of] p1a: Torkoal
|move|p2a: Hatterene|Psychic Noise|p1a: Torkoal
|-damage|p1a: Torkoal|66/100
|-start|p1a: Torkoal|move: Heal Block
|
|-weather|SunnyDay|[upkeep]
|upkeep
|turn|7
|
|t:|1757935759
|move|p2a: Hatterene|Psychic Noise|p1a: Torkoal
|-damage|p1a: Torkoal|29/100
|move|p1a: Torkoal|Lava Plume|p2a: Hatterene
|-damage|p2a: Hatterene|78/100
|
|-weather|SunnyDay|[upkeep]
|-end|p1a: Torkoal|move: Heal Block
|upkeep
|turn|8
|
|t:|1757935767
|switch|p1a: Kingambit|Kingambit, F|100/100
|-activate|p1a: Kingambit|ability: Supreme Overlord
|-start|p1a: Kingambit|fallen1|[silent]
|move|p2a: Hatterene|Psychic Noise|p1a: Kingambit
|-immune|p1a: Kingambit
|
|-weather|SunnyDay|[upkeep]
|upkeep
|turn|9
|
|t:|1757935774
|switch|p2a: Landorus|Landorus-Therian, M|84/100
|-ability|p2a: Landorus|Intimidate|boost
|-unboost|p1a: Kingambit|atk|1
|move|p1a: Kingambit|Kowtow Cleave|p2a: Landorus
|-damage|p2a: Landorus|49/100
|-damage|p1a: Kingambit|84/100|[from] item: Rocky Helmet|[of] p2a: Landorus
|
|-weather|SunnyDay|[upkeep]
|-heal|p1a: Kingambit|90/100|[from] item: Leftovers
|upkeep
|turn|10
|
|t:|1757935782
|-end|p1a: Kingambit|fallen1|[silent]
|switch|p1a: Alomomola|Alomomola, F|100/100
|move|p2a: Landorus|Stealth Rock|p1a: Alomomola
|-sidestart|p1: Ctannn|move: Stealth Rock
|
|-weather|none
|upkeep
|turn|11
|
|t:|1757935787
|move|p2a: Landorus|U-turn|p1a: Alomomola
|-damage|p1a: Alomomola|86/100
|-damage|p2a: Landorus|33/100|[from] item: Rocky Helmet|[of] p1a: Alomomola
|
|t:|1757935792
|switch|p2a: Hatterene|Hatterene, F|78/100|[from] U-turn
|move|p1a: Alomomola|Wish|p1a: Alomomola
|
|upkeep
|turn|12
|
|t:|1757935797
|switch|p1a: Kingambit|Kingambit, F|90/100
|-damage|p1a: Kingambit|84/100|[from] Stealth Rock
|-activate|p1a: Kingambit|ability: Supreme Overlord
|-start|p1a: Kingambit|fallen1|[silent]
|move|p2a: Hatterene|Psychic Noise|p1a: Kingambit
|-immune|p1a: Kingambit
|
|-heal|p1a: Kingambit|100/100|[from] move: Wish|[wisher] Alomomola
|upkeep
|turn|13
|
|t:|1757935800
|switch|p2a: Landorus|Landorus-Therian, M|33/100
|-ability|p2a: Landorus|Intimidate|boost
|-unboost|p1a: Kingambit|atk|1
|move|p1a: Kingambit|Kowtow Cleave|p2a: Landorus
|-damage|p2a: Landorus|1/100
|-damage|p1a: Kingambit|84/100|[from] item: Rocky Helmet|[of] p2a: Landorus
|
|-heal|p1a: Kingambit|90/100|[from] item: Leftovers
|upkeep
|turn|14
|
|t:|1757935809
|-end|p1a: Kingambit|fallen1|[silent]
|switch|p1a: Alomomola|Alomomola, F|100/100
|-damage|p1a: Alomomola|88/100|[from] Stealth Rock
|move|p2a: Landorus|U-turn|p1a: Alomomola
|-damage|p1a: Alomomola|73/100
|-damage|p2a: Landorus|0 fnt|[from] item: Rocky Helmet|[of] p1a: Alomomola
|faint|p2a: Landorus
|
|upkeep
|
|t:|1757935814
|switch|p2a: Rotom|Rotom-Wash|100/100
|turn|15
|
|t:|1757935823
|move|p2a: Rotom|Trick|p1a: Alomomola
|-activate|p2a: Rotom|move: Trick|[of] p1a: Alomomola
|-item|p1a: Alomomola|Choice Scarf|[from] move: Trick
|-item|p2a: Rotom|Rocky Helmet|[from] move: Trick
|move|p1a: Alomomola|Flip Turn|p2a: Rotom
|-resisted|p2a: Rotom
|-crit|p2a: Rotom
|-damage|p2a: Rotom|83/100
|-damage|p1a: Alomomola|56/100|[from] item: Rocky Helmet|[of] p2a: Rotom
|
|t:|1757935827
|switch|p1a: Torkoal|Torkoal, M|29/100|[from] Flip Turn
|-weather|SunnyDay|[from] ability: Drought|[of] p1a: Torkoal
|
|-weather|SunnyDay|[upkeep]
|upkeep
|turn|16
|
|t:|1757935831
|move|p2a: Rotom|Hydro Pump|p1a: Torkoal
|-supereffective|p1a: Torkoal
|-damage|p1a: Torkoal|0 fnt
|faint|p1a: Torkoal
|
|-weather|SunnyDay|[upkeep]
|upkeep
|
|t:|1757935834
|switch|p1a: Raging Bolt|Raging Bolt|93/100
|-damage|p1a: Raging Bolt|81/100|[from] Stealth Rock
|-activate|p1a: Raging Bolt|ability: Protosynthesis
|-start|p1a: Raging Bolt|protosynthesisspa
|turn|17
|
|t:|1757935839
|move|p2a: Rotom|Volt Switch|p1a: Raging Bolt
|-resisted|p1a: Raging Bolt
|-damage|p1a: Raging Bolt|73/100
|
|t:|1757935850
|switch|p2a: Hatterene|Hatterene, F|78/100|[from] Volt Switch
|move|p1a: Raging Bolt|Thunderbolt|p2a: Hatterene
|-damage|p2a: Hatterene|14/100
|
|-weather|SunnyDay|[upkeep]
|upkeep
|turn|18
|
|t:|1757935859
|move|p1a: Raging Bolt|Thunderbolt|p2a: Hatterene
|-damage|p2a: Hatterene|0 fnt
|faint|p2a: Hatterene
|
|-weather|SunnyDay|[upkeep]
|upkeep
|
|t:|1757935864
|switch|p2a: Dragonite|Dragonite, F|100/100
|turn|19
|
|t:|1757935868
|move|p2a: Dragonite|Earthquake|p1a: Raging Bolt
|-supereffective|p1a: Raging Bolt
|-damage|p1a: Raging Bolt|2/100
|move|p1a: Raging Bolt|Thunderbolt|p2a: Dragonite
|-damage|p2a: Dragonite|51/100
|
|-weather|none
|-end|p1a: Raging Bolt|Protosynthesis
|-heal|p2a: Dragonite|57/100|[from] item: Leftovers
|upkeep
|turn|20
|
|t:|1757935876
|move|p2a: Dragonite|Earthquake|p1a: Raging Bolt
|-supereffective|p1a: Raging Bolt
|-damage|p1a: Raging Bolt|0 fnt
|faint|p1a: Raging Bolt
|-end|p1a: Raging Bolt|Protosynthesis|[silent]
|
|-heal|p2a: Dragonite|64/100|[from] item: Leftovers
|upkeep
|
|t:|1757935880
|switch|p1a: Lilligant|Lilligant-Hisui, F|100/100
|-damage|p1a: Lilligant|94/100|[from] Stealth Rock
|turn|21
|
|t:|1757935888
|-terastallize|p1a: Lilligant|Ghost
|-terastallize|p2a: Dragonite|Flying
|move|p1a: Lilligant|Victory Dance|p1a: Lilligant
|-boost|p1a: Lilligant|atk|1
|-boost|p1a: Lilligant|def|1
|-boost|p1a: Lilligant|spe|1
|move|p2a: Dragonite|Tera Blast|p1a: Lilligant|[anim] Tera Blast Flying
|-damage|p1a: Lilligant|30/100
|
|-heal|p2a: Dragonite|70/100|[from] item: Leftovers
|upkeep
|turn|22
|
|t:|1757935896
|move|p1a: Lilligant|Triple Axel|p2a: Dragonite
|-supereffective|p2a: Dragonite
|-damage|p2a: Dragonite|49/100
|-supereffective|p2a: Dragonite
|-damage|p2a: Dragonite|9/100
|-hitcount|p2a: Dragonite|2
|move|p2a: Dragonite|Tera Blast|p1a: Lilligant|[anim] Tera Blast Flying
|-damage|p1a: Lilligant|0 fnt
|faint|p1a: Lilligant
|
|-heal|p2a: Dragonite|15/100|[from] item: Leftovers
|upkeep
|
|t:|1757935905
|switch|p1a: Kingambit|Kingambit, F|90/100
|-damage|p1a: Kingambit|84/100|[from] Stealth Rock
|-activate|p1a: Kingambit|ability: Supreme Overlord
|-start|p1a: Kingambit|fallen4|[silent]
|turn|23
|
|t:|1757935908
|move|p2a: Dragonite|Earthquake|p1a: Kingambit
|-supereffective|p1a: Kingambit
|-damage|p1a: Kingambit|27/100
|move|p1a: Kingambit|Kowtow Cleave|p2a: Dragonite
|-damage|p2a: Dragonite|0 fnt
|faint|p2a: Dragonite
|
|-heal|p1a: Kingambit|33/100|[from] item: Leftovers
|upkeep
|
|t:|1757935919
|switch|p2a: Rotom|Rotom-Wash|83/100
|turn|24
|
|t:|1757935923
|move|p2a: Rotom|Hydro Pump|p1a: Kingambit|[miss]
|-miss|p2a: Rotom|p1a: Kingambit
|move|p1a: Kingambit|Kowtow Cleave|p2a: Rotom
|-damage|p2a: Rotom|0 fnt
|-damage|p1a: Kingambit|16/100|[from] item: Rocky Helmet|[of] p2a: Rotom
|faint|p2a: Rotom
|
|-heal|p1a: Kingambit|22/100|[from] item: Leftovers
|upkeep
|
|t:|1757935928
|switch|p2a: Maushold|Maushold-Four|100/100
|turn|25
|
|t:|1757935932
|move|p2a: Maushold|Population Bomb|p1a: Kingambit
|-resisted|p1a: Kingambit
|-damage|p1a: Kingambit|18/100
|-resisted|p1a: Kingambit
|-damage|p1a: Kingambit|13/100
|-resisted|p1a: Kingambit
|-damage|p1a: Kingambit|8/100
|-resisted|p1a: Kingambit
|-damage|p1a: Kingambit|3/100
|-resisted|p1a: Kingambit
|-damage|p1a: Kingambit|0 fnt
|faint|p1a: Kingambit
|-end|p1a: Kingambit|fallen4|[silent]
|-hitcount|p1: Kingambit|5
|
|upkeep
|
|t:|1757935938
|switch|p1a: Alomomola|Alomomola, F|90/100
|-damage|p1a: Alomomola|77/100|[from] Stealth Rock
|turn|26
|
|t:|1757935944
|move|p2a: Maushold|Population Bomb|p1a: Alomomola
|-damage|p1a: Alomomola|69/100
|-damage|p1a: Alomomola|61/100
|-damage|p1a: Alomomola|54/100
|-damage|p1a: Alomomola|47/100
|-damage|p1a: Alomomola|39/100
|-damage|p1a: Alomomola|31/100
|-damage|p1a: Alomomola|24/100
|-damage|p1a: Alomomola|17/100
|-damage|p1a: Alomomola|9/100
|-crit|p1a: Alomomola
|-damage|p1a: Alomomola|0 fnt
|faint|p1a: Alomomola
|-hitcount|p1: Alomomola|10
|
|win|tomatic
|raw|Ctannn's rating: 1718 &rarr; <strong>1693</strong><br />(-25 for losing)
|raw|tomatic's rating: 1629 &rarr; <strong>1654</strong><br />(+25 for winning)
|l|☆Ctannn
|player|p1|
|l|☆tomatic
|player|p2|
