|j|☆GlueDrinker44
|j|☆truckstopambient
|t:|1757962729
|gametype|singles
|player|p1|GlueDrinker44|1|1042
|player|p2|truckstopambient|skierf|1000
|gen|9
|tier|[Gen 9] OU
|rated|
|rule|HP Percentage Mod: HP is shown in percentages
|rule|Endless Battle Clause: Forcing endless battles is banned
|rule|Species Clause: Limit one of each Pokémon
|rule|OHKO Clause: OHKO moves are banned
|rule|Evasion Items Clause: Evasion items are banned
|rule|Evasion Moves Clause: Evasion moves are banned
|rule|Evasion Abilities Clause: Evasion abilities are banned
|rule|Sleep Moves Clause: Sleep-inducing moves are banned
|clearpoke
|poke|p1|Iron Valiant|
|poke|p1|Pecharunt|
|poke|p1|Ting-Lu|
|poke|p1|Slowking-Galar, F|
|poke|p1|Kyurem|
|poke|p1|Zapdos|
|poke|p2|Walking Wake|
|poke|p2|Iron Moth|
|poke|p2|Corviknight, M|
|poke|p2|Torkoal, M|
|poke|p2|Dragapult, M|
|poke|p2|Blissey, F|
|teampreview
|inactive|Battle timer is ON: inactive players will automatically lose when time's up. (requested by truckstopambient)
|
|t:|1757962744
|teamsize|p1|6
|teamsize|p2|6
|start
|switch|p1a: Kyurem|Kyurem|100/100
|switch|p2a: Torkoal|Torkoal, M|100/100
|-ability|p1a: Kyurem|Pressure
|-weather|SunnyDay|[from] ability: Drought|[of] p2a: Torkoal
|turn|1
|
|t:|1757962759
|move|p1a: Kyurem|Freeze-Dry|p2a: Torkoal
|-resisted|p2a: Torkoal
|-damage|p2a: Torkoal|67/100
|move|p2a: Torkoal|Fire Blast|p1a: Kyurem
|-damage|p1a: Kyurem|0 fnt
|faint|p1a: Kyurem
|
|-weather|SunnyDay|[upkeep]
|upkeep
|c|☆GlueDrinker44|why
|c|☆GlueDrinker44|would yous tay in
|c|☆GlueDrinker44|i just
|c|☆GlueDrinker44|earth power
|c|☆truckstopambient|uhh i didnt know if it had that
|c|☆truckstopambient|actually
|inactive|GlueDrinker44 has 120 seconds left.
|c|☆GlueDrinker44|ah
|c|☆GlueDrinker44|ok
|
|t:|1757962793
|switch|p1a: Ting-Lu|Ting-Lu|100/100
|-ability|p1a: Ting-Lu|Vessel of Ruin
|turn|2
|c|☆truckstopambient|always bet on the other person being dumber than you
|inactive|GlueDrinker44 has 120 seconds left.
|
|t:|1757962798
|switch|p2a: Corviknight|Corviknight, M|100/100
|-ability|p2a: Corviknight|Pressure
|move|p1a: Ting-Lu|Earthquake|p2a: Corviknight
|-immune|p2a: Corviknight
|
|-weather|SunnyDay|[upkeep]
|upkeep
|turn|3
|
|t:|1757962810
|move|p2a: Corviknight|Body Press|p1a: Ting-Lu
|-supereffective|p1a: Ting-Lu
|-damage|p1a: Ting-Lu|71/100
|move|p1a: Ting-Lu|Ruination|p2a: Corviknight
|-damage|p2a: Corviknight|51/100
|
|-weather|SunnyDay|[upkeep]
|-heal|p1a: Ting-Lu|77/100|[from] item: Leftovers
|upkeep
|turn|4
|
|t:|1757962818
|switch|p1a: Zapdos|Zapdos|100/100
|move|p2a: Corviknight|U-turn|p1a: Zapdos
|-resisted|p1a: Zapdos
|-damage|p1a: Zapdos|96/100
|-status|p2a: Corviknight|par|[from] ability: Static|[of] p1a: Zapdos
|
|t:|1757962830
|switch|p2a: Iron Moth|Iron Moth|100/100|[from] U-turn
|-enditem|p2a: Iron Moth|Booster Energy
|-activate|p2a: Iron Moth|ability: Quark Drive|[fromitem]
|-start|p2a: Iron Moth|quarkdrivespa
|
|-weather|SunnyDay|[upkeep]
|upkeep
|turn|5
|
|t:|1757962840
|move|p2a: Iron Moth|Flamethrower|p1a: Zapdos
|-damage|p1a: Zapdos|0 fnt
|faint|p1a: Zapdos
|
|-weather|none
|upkeep
|
|t:|1757962846
|switch|p1a: Slowking|Slowking-Galar, F|100/100
|turn|6
|
|t:|1757962863
|move|p2a: Iron Moth|Flamethrower|p1a: Slowking
|-damage|p1a: Slowking|62/100
|move|p1a: Slowking|Thunder Wave|p2a: Iron Moth
|-status|p2a: Iron Moth|par
|
|upkeep
|turn|7
|
|t:|1757962869
|-end|p2a: Iron Moth|Quark Drive|[silent]
|switch|p2a: Torkoal|Torkoal, M|67/100
|-weather|SunnyDay|[from] ability: Drought|[of] p2a: Torkoal
|move|p1a: Slowking|Psychic Noise|p2a: Torkoal
|-damage|p2a: Torkoal|32/100
|-start|p2a: Torkoal|move: Heal Block
|
|-weather|SunnyDay|[upkeep]
|upkeep
|turn|8
|
|t:|1757962879
|move|p2a: Torkoal|Fire Blast|p1a: Slowking
|-damage|p1a: Slowking|0 fnt
|faint|p1a: Slowking
|
|-weather|SunnyDay|[upkeep]
|-end|p2a: Torkoal|move: Heal Block
|upkeep
|
|t:|1757962887
|switch|p1a: Ting-Lu|Ting-Lu|77/100
|-ability|p1a: Ting-Lu|Vessel of Ruin
|turn|9
|c|☆truckstopambient|what if an entire team was special sweepers
|c|☆GlueDrinker44|thats max special
|c|☆GlueDrinker44|lmao
|
|t:|1757962903
|switch|p2a: Walking Wake|Walking Wake|100/100
|-activate|p2a: Walking Wake|ability: Protosynthesis
|-start|p2a: Walking Wake|protosynthesisspa
|move|p1a: Ting-Lu|Spikes|p2a: Walking Wake
|-sidestart|p2: truckstopambient|Spikes
|
|-weather|SunnyDay|[upkeep]
|-heal|p1a: Ting-Lu|83/100|[from] item: Leftovers
|upkeep
|turn|10
|
|t:|1757962912
|-terastallize|p1a: Ting-Lu|Water
|move|p2a: Walking Wake|Hydro Steam|p1a: Ting-Lu
|-resisted|p1a: Ting-Lu
|-damage|p1a: Ting-Lu|60/100
|-damage|p2a: Walking Wake|91/100|[from] item: Life Orb
|move|p1a: Ting-Lu|Ruination|p2a: Walking Wake
|-damage|p2a: Walking Wake|46/100
|
|-weather|SunnyDay|[upkeep]
|-heal|p1a: Ting-Lu|66/100|[from] item: Leftovers
|upkeep
|turn|11
|
|t:|1757962923
|switch|p1a: Pecharunt|Pecharunt|100/100
|move|p2a: Walking Wake|Draco Meteor|p1a: Pecharunt|[miss]
|-miss|p2a: Walking Wake|p1a: Pecharunt
|
|-weather|none
|-end|p2a: Walking Wake|Protosynthesis
|upkeep
|turn|12
|
|t:|1757962932
|-end|p2a: Walking Wake|Protosynthesis|[silent]
|switch|p2a: Torkoal|Torkoal, M|32/100
|-damage|p2a: Torkoal|19/100|[from] Spikes
|-weather|SunnyDay|[from] ability: Drought|[of] p2a: Torkoal
|move|p1a: Pecharunt|Parting Shot|p2a: Torkoal
|-unboost|p2a: Torkoal|atk|1
|-unboost|p2a: Torkoal|spa|1
|
|t:|1757962939
|switch|p1a: Ting-Lu|Ting-Lu, tera:Water|66/100|[from] Parting Shot
|-ability|p1a: Ting-Lu|Vessel of Ruin
|
|-weather|SunnyDay|[upkeep]
|-heal|p1a: Ting-Lu|73/100|[from] item: Leftovers
|upkeep
|turn|13
|
|t:|1757962947
|switch|p1a: Pecharunt|Pecharunt|100/100
|move|p2a: Torkoal|Solar Beam||[still]
|-prepare|p2a: Torkoal|Solar Beam
|-anim|p2a: Torkoal|Solar Beam|p1a: Pecharunt
|-resisted|p1a: Pecharunt
|-damage|p1a: Pecharunt|84/100
|
|-weather|SunnyDay|[upkeep]
|upkeep
|turn|14
|
|t:|1757962957
|move|p1a: Pecharunt|Parting Shot|p2a: Torkoal
|-unboost|p2a: Torkoal|atk|1
|-unboost|p2a: Torkoal|spa|1
|
|t:|1757962962
|switch|p1a: Ting-Lu|Ting-Lu, tera:Water|73/100|[from] Parting Shot
|-ability|p1a: Ting-Lu|Vessel of Ruin
|move|p2a: Torkoal|Solar Beam||[still]
|-prepare|p2a: Torkoal|Solar Beam
|-anim|p2a: Torkoal|Solar Beam|p1a: Ting-Lu
|-supereffective|p1a: Ting-Lu
|-damage|p1a: Ting-Lu|53/100
|
|-weather|SunnyDay|[upkeep]
|-heal|p1a: Ting-Lu|59/100|[from] item: Leftovers
|upkeep
|turn|15
|
|t:|1757962975
|switch|p2a: Corviknight|Corviknight, M|51/100 par
|-ability|p2a: Corviknight|Pressure
|move|p1a: Ting-Lu|Spikes|p2a: Corviknight
|-sidestart|p2: truckstopambient|Spikes
|
|-weather|SunnyDay|[upkeep]
|-heal|p1a: Ting-Lu|65/100|[from] item: Leftovers
|upkeep
|turn|16
|
|t:|1757962982
|move|p1a: Ting-Lu|Ruination|p2a: Corviknight
|-damage|p2a: Corviknight|26/100 par
|move|p2a: Corviknight|Defog|p1a: Ting-Lu
|-unboost|p1a: Ting-Lu|evasion|1
|-sideend|p2: truckstopambient|Spikes|[from] move: Defog|[of] p2a: Corviknight
|
|-weather|none
|-heal|p1a: Ting-Lu|72/100|[from] item: Leftovers
|upkeep
|turn|17
|
|t:|1757962990
|move|p1a: Ting-Lu|Spikes|p2a: Corviknight
|-sidestart|p2: truckstopambient|Spikes
|move|p2a: Corviknight|Sunny Day|p2a: Corviknight
|-weather|SunnyDay
|
|-weather|SunnyDay|[upkeep]
|-heal|p1a: Ting-Lu|78/100|[from] item: Leftovers
|upkeep
|turn|18
|
|t:|1757962999
|switch|p1a: Pecharunt|Pecharunt|84/100
|move|p2a: Corviknight|U-turn|p1a: Pecharunt
|-resisted|p1a: Pecharunt
|-damage|p1a: Pecharunt|82/100
|
|t:|1757963010
|switch|p2a: Dragapult|Dragapult, M|100/100|[from] U-turn
|-damage|p2a: Dragapult|88/100|[from] Spikes
|
|-weather|SunnyDay|[upkeep]
|upkeep
|turn|19
|
|t:|1757963019
|move|p2a: Dragapult|Sucker Punch||[still]
|-fail|p2a: Dragapult
|move|p1a: Pecharunt|Parting Shot|p2a: Dragapult
|-unboost|p2a: Dragapult|atk|1
|-unboost|p2a: Dragapult|spa|1
|
|t:|1757963024
|switch|p1a: Ting-Lu|Ting-Lu, tera:Water|78/100|[from] Parting Shot
|-ability|p1a: Ting-Lu|Vessel of Ruin
|
|-weather|SunnyDay|[upkeep]
|-heal|p1a: Ting-Lu|84/100|[from] item: Leftovers
|upkeep
|turn|20
|c|☆truckstopambient|what do you mean the guy who does parting shot would do parting shot
|
|t:|1757963042
|move|p2a: Dragapult|U-turn|p1a: Ting-Lu
|-damage|p1a: Ting-Lu|76/100
|
|t:|1757963053
|switch|p2a: Walking Wake|Walking Wake|46/100|[from] U-turn
|-damage|p2a: Walking Wake|33/100|[from] Spikes
|-activate|p2a: Walking Wake|ability: Protosynthesis
|-start|p2a: Walking Wake|protosynthesisspa
|move|p1a: Ting-Lu|Spikes|p2a: Walking Wake
|-sidestart|p2: truckstopambient|Spikes
|
|-weather|SunnyDay|[upkeep]
|-heal|p1a: Ting-Lu|82/100|[from] item: Leftovers
|upkeep
|turn|21
|
|t:|1757963071
|switch|p1a: Pecharunt|Pecharunt|82/100
|move|p2a: Walking Wake|Draco Meteor|p1a: Pecharunt
|-damage|p1a: Pecharunt|0 fnt
|-unboost|p2a: Walking Wake|spa|2
|faint|p1a: Pecharunt
|-damage|p2a: Walking Wake|24/100|[from] item: Life Orb
|
|-weather|SunnyDay|[upkeep]
|upkeep
|
|t:|1757963080
|switch|p1a: Iron Valiant|Iron Valiant|100/100
|-enditem|p1a: Iron Valiant|Booster Energy
|-activate|p1a: Iron Valiant|ability: Quark Drive|[fromitem]
|-start|p1a: Iron Valiant|quarkdrivespe
|turn|22
|
|t:|1757963089
|-end|p2a: Walking Wake|Protosynthesis|[silent]
|switch|p2a: Iron Moth|Iron Moth|100/100 par
|-damage|p2a: Iron Moth|84/100 par|[from] Spikes
|move|p1a: Iron Valiant|Swords Dance|p1a: Iron Valiant
|-boost|p1a: Iron Valiant|atk|2
|
|-weather|SunnyDay|[upkeep]
|upkeep
|turn|23
|
|t:|1757963100
|move|p1a: Iron Valiant|Close Combat|p2a: Iron Moth
|-resisted|p2a: Iron Moth
|-damage|p2a: Iron Moth|0 fnt
|-unboost|p1a: Iron Valiant|def|1
|-unboost|p1a: Iron Valiant|spd|1
|faint|p2a: Iron Moth
|-end|p2a: Iron Moth|Quark Drive|[silent]
|
|-weather|SunnyDay|[upkeep]
|upkeep
|c|☆truckstopambient|well that isnt good
|
|t:|1757963113
|switch|p2a: Dragapult|Dragapult, M|88/100
|-damage|p2a: Dragapult|72/100|[from] Spikes
|turn|24
|
|t:|1757963118
|move|p2a: Dragapult|Sucker Punch|p1a: Iron Valiant
|-resisted|p1a: Iron Valiant
|-damage|p1a: Iron Valiant|88/100
|move|p1a: Iron Valiant|Spirit Break|p2a: Dragapult
|-supereffective|p2a: Dragapult
|-damage|p2a: Dragapult|0 fnt
|faint|p2a: Dragapult
|
|-weather|none
|upkeep
|-message|truckstopambient forfeited.
|
|win|GlueDrinker44
|raw|GlueDrinker44's rating: 1042 &rarr; <strong>1072</strong><br />(+30 for winning)
|raw|truckstopambient's rating: 1000 &rarr; <strong>1000</strong><br />(+0 for losing)
|c|☆truckstopambient|gg
|c|☆GlueDrinker44|gg
