|j|☆Giussepe Meazza
|j|☆WatchIRySFromholo
|t:|1757873176
|gametype|singles
|player|p1|Giussepe Meazza|swimmer-gen4dp|1074
|player|p2|WatchIRySFromholo|102|1116
|gen|9
|tier|[Gen 9] OU
|rated|
|rule|HP Percentage Mod: HP is shown in percentages
|rule|Endless Battle Clause: Forcing endless battles is banned
|rule|Species Clause: Limit one of each Pokémon
|rule|OHKO Clause: OHKO moves are banned
|rule|Evasion Items Clause: Evasion items are banned
|rule|Evasion Moves Clause: Evasion moves are banned
|rule|Evasion Abilities Clause: Evasion abilities are banned
|rule|Sleep Moves Clause: Sleep-inducing moves are banned
|clearpoke
|poke|p1|Glimmora, F|
|poke|p1|Ribombee, F|
|poke|p1|Clefable, M|
|poke|p1|Cinderace, M|
|poke|p1|Zoroark-Hisui, M|
|poke|p1|Metagross|
|poke|p2|Beartic, M|
|poke|p2|Slowking-Galar, F|
|poke|p2|Kyurem|
|poke|p2|Chandelure, M|
|poke|p2|Empoleon, M|
|poke|p2|Ting-Lu|
|teampreview
|inactive|Battle timer is ON: inactive players will automatically lose when time's up. (requested by WatchIRySFromholo)
|
|t:|1757873189
|teamsize|p1|6
|teamsize|p2|6
|start
|switch|p1a: Metagross|Metagross|100/100
|switch|p2a: Kyurem|Kyurem|100/100
|-ability|p2a: Kyurem|Pressure
|turn|1
|
|t:|1757873200
|switch|p2a: Ting-Lu|Ting-Lu|100/100
|-ability|p2a: Ting-Lu|Vessel of Ruin
|move|p1a: Metagross|Hyper Voice|p2a: Ting-Lu
|-damage|p2a: Ting-Lu|76/100
|-enditem|p1a: Metagross|Throat Spray
|-boost|p1a: Metagross|spa|1|[from] item: Throat Spray
|
|-heal|p2a: Ting-Lu|82/100|[from] item: Leftovers
|upkeep
|turn|2
|
|t:|1757873208
|move|p1a: Metagross|Hyper Voice|p2a: Ting-Lu
|-damage|p2a: Ting-Lu|46/100
|move|p2a: Ting-Lu|Payback|p1a: Metagross
|-supereffective|p1a: Metagross
|-damage|p1a: Metagross|0 fnt
|replace|p1a: Zoroark|Zoroark-Hisui, M
|-end|p1a: Zoroark|Illusion
|faint|p1a: Zoroark
|
|-heal|p2a: Ting-Lu|52/100|[from] item: Leftovers
|upkeep
|
|t:|1757873218
|switch|p1a: Ribombee|Ribombee, F|100/100
|turn|3
|
|t:|1757873226
|switch|p2a: Beartic|Beartic, M|100/100
|move|p1a: Ribombee|Quiver Dance|p1a: Ribombee
|-boost|p1a: Ribombee|spa|1
|-boost|p1a: Ribombee|spd|1
|-boost|p1a: Ribombee|spe|1
|
|upkeep
|turn|4
|
|t:|1757873241
|-terastallize|p1a: Ribombee|Steel
|move|p1a: Ribombee|Quiver Dance|p1a: Ribombee
|-boost|p1a: Ribombee|spa|1
|-boost|p1a: Ribombee|spd|1
|-boost|p1a: Ribombee|spe|1
|move|p2a: Beartic|Icicle Crash|p1a: Ribombee
|-resisted|p1a: Ribombee
|-damage|p1a: Ribombee|56/100
|
|upkeep
|turn|5
|
|t:|1757873255
|move|p1a: Ribombee|Draining Kiss|p2a: Beartic
|-damage|p2a: Beartic|41/100
|-heal|p1a: Ribombee|100/100|[from] drain|[of] p2a: Beartic
|move|p2a: Beartic|Low Kick|p1a: Ribombee
|-supereffective|p1a: Ribombee
|-damage|p1a: Ribombee|74/100
|
|upkeep
|turn|6
|
|t:|1757873261
|move|p1a: Ribombee|Draining Kiss|p2a: Beartic
|-damage|p2a: Beartic|0 fnt
|-heal|p1a: Ribombee|100/100|[from] drain|[of] p2a: Beartic
|faint|p2a: Beartic
|
|upkeep
|
|t:|1757873264
|switch|p2a: Slowking|Slowking-Galar, F|100/100
|turn|7
|
|t:|1757873280
|move|p1a: Ribombee|Bug Buzz|p2a: Slowking
|-damage|p2a: Slowking|45/100
|move|p2a: Slowking|Psychic Noise|p1a: Ribombee
|-resisted|p1a: Ribombee
|-damage|p1a: Ribombee|89/100
|
|upkeep
|turn|8
|
|t:|1757873289
|move|p1a: Ribombee|Bug Buzz|p2a: Slowking
|-damage|p2a: Slowking|0 fnt
|faint|p2a: Slowking
|
|upkeep
|
|t:|1757873292
|switch|p2a: Chandelure|Chandelure, M|100/100
|turn|9
|
|t:|1757873302
|switch|p1a: Glimmora|Glimmora, F|100/100
|move|p2a: Chandelure|Flamethrower|p1a: Glimmora
|-resisted|p1a: Glimmora
|-damage|p1a: Glimmora|72/100
|
|upkeep
|turn|10
|
|t:|1757873311
|move|p2a: Chandelure|Flamethrower|p1a: Glimmora
|-resisted|p1a: Glimmora
|-damage|p1a: Glimmora|46/100
|move|p1a: Glimmora|Memento|p2a: Chandelure
|-unboost|p2a: Chandelure|atk|2
|-unboost|p2a: Chandelure|spa|2
|faint|p1a: Glimmora
|
|upkeep
|
|t:|1757873320
|switch|p1a: Ribombee|Ribombee, F, tera:Steel|89/100
|turn|11
|
|t:|1757873328
|switch|p2a: Kyurem|Kyurem|100/100
|-ability|p2a: Kyurem|Pressure
|move|p1a: Ribombee|Quiver Dance|p1a: Ribombee
|-boost|p1a: Ribombee|spa|1
|-boost|p1a: Ribombee|spd|1
|-boost|p1a: Ribombee|spe|1
|
|upkeep
|turn|12
|
|t:|1757873335
|move|p1a: Ribombee|Quiver Dance|p1a: Ribombee
|-boost|p1a: Ribombee|spa|1
|-boost|p1a: Ribombee|spd|1
|-boost|p1a: Ribombee|spe|1
|move|p2a: Kyurem|Icicle Spear|p1a: Ribombee
|-resisted|p1a: Ribombee
|-damage|p1a: Ribombee|74/100
|-resisted|p1a: Ribombee
|-damage|p1a: Ribombee|59/100
|-hitcount|p1a: Ribombee|2
|
|upkeep
|turn|13
|
|t:|1757873341
|move|p1a: Ribombee|Draining Kiss|p2a: Kyurem
|-supereffective|p2a: Kyurem
|-damage|p2a: Kyurem|1/100
|-heal|p1a: Ribombee|100/100|[from] drain|[of] p2a: Kyurem
|move|p2a: Kyurem|Icicle Spear|p1a: Ribombee
|-resisted|p1a: Ribombee
|-damage|p1a: Ribombee|87/100
|-resisted|p1a: Ribombee
|-damage|p1a: Ribombee|72/100
|-resisted|p1a: Ribombee
|-damage|p1a: Ribombee|57/100
|-hitcount|p1a: Ribombee|3
|
|upkeep
|turn|14
|
|t:|1757873344
|move|p1a: Ribombee|Draining Kiss|p2a: Kyurem
|-supereffective|p2a: Kyurem
|-damage|p2a: Kyurem|0 fnt
|-heal|p1a: Ribombee|58/100|[from] drain|[of] p2a: Kyurem
|faint|p2a: Kyurem
|
|upkeep
|
|t:|1757873347
|switch|p2a: Chandelure|Chandelure, M|100/100
|turn|15
|
|t:|1757873350
|move|p1a: Ribombee|Bug Buzz|p2a: Chandelure
|-resisted|p2a: Chandelure
|-damage|p2a: Chandelure|72/100
|move|p2a: Chandelure|Flamethrower|p1a: Ribombee
|-supereffective|p1a: Ribombee
|-damage|p1a: Ribombee|0 fnt
|faint|p1a: Ribombee
|
|upkeep
|
|t:|1757873360
|switch|p1a: Clefable|Clefable, M|100/100
|turn|16
|
|t:|1757873364
|move|p2a: Chandelure|Flamethrower|p1a: Clefable
|-damage|p1a: Clefable|56/100
|move|p1a: Clefable|Blizzard|p2a: Chandelure|[miss]
|-miss|p1a: Clefable|p2a: Chandelure
|
|upkeep
|turn|17
|
|t:|1757873367
|switch|p1a: Cinderace|Cinderace, M|100/100
|move|p2a: Chandelure|Flamethrower|p1a: Cinderace
|-resisted|p1a: Cinderace
|-damage|p1a: Cinderace|67/100
|
|upkeep
|turn|18
|
|t:|1757873372
|switch|p2a: Ting-Lu|Ting-Lu|52/100
|-ability|p2a: Ting-Lu|Vessel of Ruin
|move|p1a: Cinderace|U-turn|p2a: Ting-Lu
|-start|p1a: Cinderace|typechange|Bug|[from] ability: Libero
|-supereffective|p2a: Ting-Lu
|-crit|p2a: Ting-Lu
|-damage|p2a: Ting-Lu|2/100
|
|t:|1757873379
|switch|p1a: Clefable|Clefable, M|56/100|[from] U-turn
|
|-heal|p2a: Ting-Lu|8/100|[from] item: Leftovers
|upkeep
|turn|19
|
|t:|1757873385
|move|p1a: Clefable|Moonblast|p2a: Ting-Lu
|-supereffective|p2a: Ting-Lu
|-damage|p2a: Ting-Lu|0 fnt
|faint|p2a: Ting-Lu
|
|upkeep
|
|t:|1757873387
|switch|p2a: Chandelure|Chandelure, M|72/100
|turn|20
|
|t:|1757873393
|switch|p1a: Metagross|Metagross|100/100
|move|p2a: Chandelure|Flamethrower|p1a: Metagross
|-supereffective|p1a: Metagross
|-damage|p1a: Metagross|24/100
|-enditem|p1a: Metagross|Aguav Berry|[eat]
|-heal|p1a: Metagross|57/100|[from] item: Aguav Berry
|
|upkeep
|turn|21
|
|t:|1757873398
|move|p2a: Chandelure|Flamethrower|p1a: Metagross
|-supereffective|p1a: Metagross
|-damage|p1a: Metagross|0 fnt
|faint|p1a: Metagross
|
|upkeep
|
|t:|1757873401
|switch|p1a: Cinderace|Cinderace, M|67/100
|turn|22
|
|t:|1757873406
|move|p2a: Chandelure|Flamethrower|p1a: Cinderace
|-resisted|p1a: Cinderace
|-damage|p1a: Cinderace|33/100
|move|p1a: Cinderace|U-turn|p2a: Chandelure
|-start|p1a: Cinderace|typechange|Bug|[from] ability: Libero
|-resisted|p2a: Chandelure
|-damage|p2a: Chandelure|61/100
|
|t:|1757873408
|switch|p1a: Clefable|Clefable, M|56/100|[from] U-turn
|
|upkeep
|turn|23
|
|t:|1757873410
|move|p2a: Chandelure|Flamethrower|p1a: Clefable
|-damage|p1a: Clefable|6/100
|move|p1a: Clefable|Thunder|p2a: Chandelure|[miss]
|-miss|p1a: Clefable|p2a: Chandelure
|
|upkeep
|turn|24
|-message|Giussepe Meazza forfeited.
|
|win|WatchIRySFromholo
|raw|Giussepe Meazza's rating: 1074 &rarr; <strong>1055</strong><br />(-19 for losing)
|raw|WatchIRySFromholo's rating: 1116 &rarr; <strong>1138</strong><br />(+22 for winning)
|l|☆Giussepe Meazza
|player|p1|
|c|☆WatchIRySFromholo|Gg
|l|☆WatchIRySFromholo
|player|p2|
