|j|☆souobrubo
|j|☆StarterSquad.tv
|t:|1757823664
|gametype|singles
|player|p1|souobrubo|265|1182
|player|p2|StarterSquad.tv|cameraman|1177
|gen|9
|tier|[Gen 9] OU
|rated|
|rule|HP Percentage Mod: HP is shown in percentages
|rule|Endless Battle Clause: Forcing endless battles is banned
|rule|Species Clause: Limit one of each Pokémon
|rule|OHKO Clause: OHKO moves are banned
|rule|Evasion Items Clause: Evasion items are banned
|rule|Evasion Moves Clause: Evasion moves are banned
|rule|Evasion Abilities Clause: Evasion abilities are banned
|rule|Sleep Moves Clause: Sleep-inducing moves are banned
|clearpoke
|poke|p1|Scizor, M|
|poke|p1|Araquanid, F|
|poke|p1|Gliscor, M|
|poke|p1|Goodra-Hisui, M|
|poke|p1|Zoroark-Hisui, M|
|poke|p1|Florges-White, F|
|poke|p2|Dragonite, F|
|poke|p2|Zapdos|
|poke|p2|Clefable, M|
|poke|p2|Gengar, M|
|poke|p2|Gyarados, F|
|poke|p2|Ditto|
|teampreview
|
|t:|1757823685
|teamsize|p1|6
|teamsize|p2|6
|start
|switch|p1a: Araquanid|Araquanid, F|100/100
|switch|p2a: Ditto|Ditto|100/100
|-transform|p2a: Ditto|p1a: Araquanid|[from] ability: Imposter
|turn|1
|
|t:|1757823696
|move|p2a: Ditto|Sticky Web|p1a: Araquanid
|-sidestart|p1: souobrubo|move: Sticky Web
|move|p1a: Araquanid|Sticky Web|p2a: Ditto
|-sidestart|p2: StarterSquad.tv|move: Sticky Web
|
|upkeep
|turn|2
|
|t:|1757823700
|switch|p2a: Gyarados|Gyarados, F|100/100
|move|p1a: Araquanid|Reflect|p1a: Araquanid
|-sidestart|p1: souobrubo|Reflect
|
|upkeep
|turn|3
|
|t:|1757823705
|switch|p1a: Goodra|Goodra-Hisui, M|100/100
|-activate|p1a: Goodra|move: Sticky Web
|-unboost|p1a: Goodra|spe|1
|move|p2a: Gyarados|Dragon Dance|p2a: Gyarados
|-boost|p2a: Gyarados|atk|1
|-boost|p2a: Gyarados|spe|1
|
|upkeep
|turn|4
|
|t:|1757823712
|move|p2a: Gyarados|Earthquake|p1a: Goodra
|-supereffective|p1a: Goodra
|-damage|p1a: Goodra|48/100
|move|p1a: Goodra|Thunderbolt|p2a: Gyarados
|-supereffective|p2a: Gyarados
|-damage|p2a: Gyarados|0 fnt
|faint|p2a: Gyarados
|
|upkeep
|
|t:|1757823722
|switch|p2a: Zapdos|Zapdos|100/100
|turn|5
|
|t:|1757823725
|move|p2a: Zapdos|Hurricane|p1a: Goodra
|-resisted|p1a: Goodra
|-crit|p1a: Goodra
|-damage|p1a: Goodra|8/100
|move|p1a: Goodra|Ice Beam|p2a: Zapdos
|-supereffective|p2a: Zapdos
|-damage|p2a: Zapdos|41/100
|
|upkeep
|turn|6
|
|t:|1757823735
|move|p2a: Zapdos|Heat Wave|p1a: Goodra
|-damage|p1a: Goodra|0 fnt
|faint|p1a: Goodra
|
|upkeep
|
|t:|1757823750
|switch|p1a: Gliscor|Gliscor, M|100/100
|turn|7
|
|t:|1757823753
|move|p1a: Gliscor|Stealth Rock|p2a: Zapdos
|-sidestart|p2: StarterSquad.tv|move: Stealth Rock
|move|p2a: Zapdos|Hurricane|p1a: Gliscor|[miss]
|-miss|p2a: Zapdos|p1a: Gliscor
|
|-status|p1a: Gliscor|tox|[from] item: Toxic Orb
|upkeep
|turn|8
|
|t:|1757823761
|move|p1a: Gliscor|Toxic|p2a: Zapdos
|-status|p2a: Zapdos|tox
|move|p2a: Zapdos|Roost|p2a: Zapdos
|-heal|p2a: Zapdos|92/100 tox
|-singleturn|p2a: Zapdos|move: Roost
|
|-damage|p2a: Zapdos|86/100 tox|[from] psn
|upkeep
|turn|9
|
|t:|1757823769
|move|p1a: Gliscor|Protect|p1a: Gliscor
|-singleturn|p1a: Gliscor|Protect
|move|p2a: Zapdos|Hurricane|p1a: Gliscor
|-activate|p1a: Gliscor|move: Protect
|
|-damage|p2a: Zapdos|74/100 tox|[from] psn
|-sideend|p1: souobrubo|Reflect
|upkeep
|turn|10
|
|t:|1757823786
|switch|p1a: Florges|Florges-White, F, shiny|100/100
|-activate|p1a: Florges|move: Sticky Web
|-unboost|p1a: Florges|spe|1
|move|p2a: Zapdos|Hurricane|p1a: Florges
|-damage|p1a: Florges|54/100
|
|-heal|p1a: Florges|60/100|[from] item: Leftovers
|-damage|p2a: Zapdos|56/100 tox|[from] psn
|upkeep
|turn|11
|
|t:|1757823795
|move|p2a: Zapdos|Heat Wave|p1a: Florges
|-damage|p1a: Florges|32/100
|move|p1a: Florges|Calm Mind|p1a: Florges
|-boost|p1a: Florges|spa|1
|-boost|p1a: Florges|spd|1
|
|-heal|p1a: Florges|39/100|[from] item: Leftovers
|-damage|p2a: Zapdos|32/100 tox|[from] psn
|upkeep
|turn|12
|
|t:|1757823803
|move|p2a: Zapdos|Volt Switch|p1a: Florges
|-damage|p1a: Florges|18/100
|
|t:|1757823807
|switch|p2a: Ditto|Ditto|100/100|[from] Volt Switch
|-activate|p2a: Ditto|move: Sticky Web
|-unboost|p2a: Ditto|spe|1
|-damage|p2a: Ditto|88/100|[from] Stealth Rock
|-transform|p2a: Ditto|p1a: Florges|[from] ability: Imposter
|move|p1a: Florges|Synthesis|p1a: Florges
|-heal|p1a: Florges|68/100
|
|-heal|p1a: Florges|74/100|[from] item: Leftovers
|upkeep
|turn|13
|
|t:|1757823819
|-terastallize|p2a: Ditto|Steel
|move|p2a: Ditto|Tera Blast|p1a: Florges|[anim] Tera Blast Steel
|-supereffective|p1a: Florges
|-damage|p1a: Florges|10/100
|move|p1a: Florges|Calm Mind|p1a: Florges
|-boost|p1a: Florges|spa|1
|-boost|p1a: Florges|spd|1
|
|-heal|p1a: Florges|16/100|[from] item: Leftovers
|upkeep
|turn|14
|
|t:|1757823829
|-terastallize|p1a: Florges|Ground
|move|p2a: Ditto|Tera Blast|p1a: Florges|[anim] Tera Blast Steel
|-damage|p1a: Florges|0 fnt
|faint|p1a: Florges
|
|upkeep
|c|☆souobrubo|nooooooo
|
|t:|1757823839
|switch|p1a: Gliscor|Gliscor, M|100/100 tox
|turn|15
|
|t:|1757823841
|move|p1a: Gliscor|Earthquake|p2a: Ditto
|-supereffective|p2a: Ditto
|-damage|p2a: Ditto|0 fnt
|faint|p2a: Ditto
|
|upkeep
|
|t:|1757823847
|switch|p2a: Clefable|Clefable, M|100/100
|-activate|p2a: Clefable|move: Sticky Web
|-unboost|p2a: Clefable|spe|1
|turn|16
|
|t:|1757823852
|move|p1a: Gliscor|Toxic|p2a: Clefable
|-status|p2a: Clefable|tox
|move|p2a: Clefable|Moonblast|p1a: Gliscor
|-damage|p1a: Gliscor|64/100 tox
|-unboost|p1a: Gliscor|spa|1
|
|-heal|p1a: Gliscor|76/100 tox|[from] ability: Poison Heal
|upkeep
|turn|17
|
|t:|1757823860
|move|p1a: Gliscor|Earthquake|p2a: Clefable
|-damage|p2a: Clefable|66/100 tox
|move|p2a: Clefable|Moonblast|p1a: Gliscor
|-damage|p1a: Gliscor|42/100 tox
|-unboost|p1a: Gliscor|spa|1
|
|-heal|p1a: Gliscor|54/100 tox|[from] ability: Poison Heal
|upkeep
|turn|18
|
|t:|1757823868
|move|p1a: Gliscor|Earthquake|p2a: Clefable
|-damage|p2a: Clefable|29/100 tox
|move|p2a: Clefable|Trick|p1a: Gliscor
|-activate|p2a: Clefable|move: Trick|[of] p1a: Gliscor
|-item|p1a: Gliscor|Sticky Barb|[from] move: Trick
|-item|p2a: Clefable|Toxic Orb|[from] move: Trick
|
|-heal|p1a: Gliscor|67/100 tox|[from] ability: Poison Heal
|-damage|p1a: Gliscor|54/100 tox|[from] item: Sticky Barb
|upkeep
|turn|19
|
|t:|1757823898
|move|p1a: Gliscor|Earthquake|p2a: Clefable
|-damage|p2a: Clefable|0 fnt
|faint|p2a: Clefable
|
|-heal|p1a: Gliscor|67/100 tox|[from] ability: Poison Heal
|-damage|p1a: Gliscor|54/100 tox|[from] item: Sticky Barb
|upkeep
|
|t:|1757823907
|switch|p2a: Dragonite|Dragonite, F|100/100
|turn|20
|
|t:|1757823912
|move|p1a: Gliscor|Toxic|p2a: Dragonite|[miss]
|-miss|p1a: Gliscor|p2a: Dragonite
|move|p2a: Dragonite|Ice Spinner|p1a: Gliscor
|-supereffective|p1a: Gliscor
|-damage|p1a: Gliscor|0 fnt
|faint|p1a: Gliscor
|
|upkeep
|
|t:|1757823918
|switch|p1a: Araquanid|Araquanid, F|100/100
|-activate|p1a: Araquanid|move: Sticky Web
|-unboost|p1a: Araquanid|spe|1
|turn|21
|
|t:|1757823922
|move|p2a: Dragonite|Ice Spinner|p1a: Araquanid
|-resisted|p1a: Araquanid
|-damage|p1a: Araquanid|89/100
|move|p1a: Araquanid|Reflect|p1a: Araquanid
|-sidestart|p1: souobrubo|Reflect
|
|upkeep
|turn|22
|
|t:|1757823931
|switch|p1a: Scizor|Scizor, M|100/100
|-activate|p1a: Scizor|move: Sticky Web
|-unboost|p1a: Scizor|spe|1
|move|p2a: Dragonite|Dragon Dance|p2a: Dragonite
|-boost|p2a: Dragonite|atk|1
|-boost|p2a: Dragonite|spe|1
|
|upkeep
|turn|23
|
|t:|1757823940
|move|p2a: Dragonite|Earthquake|p1a: Scizor
|-damage|p1a: Scizor|70/100
|move|p1a: Scizor|Swords Dance|p1a: Scizor
|-boost|p1a: Scizor|atk|2
|
|upkeep
|turn|24
|
|t:|1757823945
|move|p2a: Dragonite|Earthquake|p1a: Scizor
|-damage|p1a: Scizor|36/100
|move|p1a: Scizor|Swords Dance|p1a: Scizor
|-boost|p1a: Scizor|atk|2
|
|upkeep
|turn|25
|
|t:|1757823950
|move|p1a: Scizor|Bullet Punch|p2a: Dragonite
|-damage|p2a: Dragonite|47/100
|move|p2a: Dragonite|Earthquake|p1a: Scizor
|-damage|p1a: Scizor|3/100
|
|upkeep
|turn|26
|
|t:|1757823956
|move|p2a: Dragonite|Extreme Speed|p1a: Scizor
|-resisted|p1a: Scizor
|-damage|p1a: Scizor|0 fnt
|faint|p1a: Scizor
|
|upkeep
|c|☆souobrubo|nooooo
|
|t:|1757823964
|switch|p1a: Araquanid|Araquanid, F|100/100
|-activate|p1a: Araquanid|move: Sticky Web
|-unboost|p1a: Araquanid|spe|1
|turn|27
|
|t:|1757823969
|move|p2a: Dragonite|Earthquake|p1a: Araquanid
|-damage|p1a: Araquanid|43/100
|replace|p1a: Zoroark|Zoroark-Hisui, M, shiny
|-end|p1a: Zoroark|Illusion
|move|p1a: Zoroark|Hex|p2a: Dragonite
|-damage|p2a: Dragonite|0 fnt
|faint|p2a: Dragonite
|
|upkeep
|
|t:|1757823982
|switch|p2a: Gengar|Gengar, M|100/100
|-activate|p2a: Gengar|move: Sticky Web
|-unboost|p2a: Gengar|spe|1
|-damage|p2a: Gengar|88/100|[from] Stealth Rock
|turn|28
|
|t:|1757823987
|move|p2a: Gengar|Shadow Ball|p1a: Zoroark
|-immune|p1a: Zoroark
|move|p1a: Zoroark|Hex|p2a: Gengar
|-supereffective|p2a: Gengar
|-damage|p2a: Gengar|0 fnt
|faint|p2a: Gengar
|
|-sideend|p1: souobrubo|Reflect
|upkeep
|
|t:|1757823993
|switch|p2a: Zapdos|Zapdos|32/100 tox
|-damage|p2a: Zapdos|7/100 tox|[from] Stealth Rock
|turn|29
|
|t:|1757823997
|move|p2a: Zapdos|Volt Switch|p1a: Zoroark
|-crit|p1a: Zoroark
|-damage|p1a: Zoroark|0 fnt
|faint|p1a: Zoroark
|
|-damage|p2a: Zapdos|1/100 tox|[from] psn
|upkeep
|
|t:|1757824003
|switch|p1a: Araquanid|Araquanid, F|89/100
|-activate|p1a: Araquanid|move: Sticky Web
|-unboost|p1a: Araquanid|spe|1
|turn|30
|
|t:|1757824008
|move|p2a: Zapdos|Volt Switch|p1a: Araquanid
|-supereffective|p1a: Araquanid
|-damage|p1a: Araquanid|25/100
|move|p1a: Araquanid|Leech Life|p2a: Zapdos
|-resisted|p2a: Zapdos
|-damage|p2a: Zapdos|0 fnt
|-heal|p1a: Araquanid|26/100|[from] drain|[of] p2a: Zapdos
|-damage|p1a: Araquanid|9/100|[from] item: Rocky Helmet|[of] p2a: Zapdos
|faint|p2a: Zapdos
|
|win|souobrubo
|raw|souobrubo's rating: 1182 &rarr; <strong>1207</strong><br />(+25 for winning)
|raw|StarterSquad.tv's rating: 1177 &rarr; <strong>1152</strong><br />(-25 for losing)
|c|☆souobrubo|gg
|l|☆StarterSquad.tv
|player|p2|
|l|☆souobrubo
|player|p1|
