|j|‽Itswinefri
|j|☆cartwheel lpcf
|t:|1757863195
|gametype|singles
|player|p1|Itswinefri|cynthia|1441
|player|p2|cartwheel lpcf|101|1502
|gen|9
|tier|[Gen 9] OU
|rated|
|rule|HP Percentage Mod: HP is shown in percentages
|rule|Endless Battle Clause: Forcing endless battles is banned
|rule|Species Clause: Limit one of each Pokémon
|rule|OHKO Clause: OHKO moves are banned
|rule|Evasion Items Clause: Evasion items are banned
|rule|Evasion Moves Clause: Evasion moves are banned
|rule|Evasion Abilities Clause: Evasion abilities are banned
|rule|Sleep Moves Clause: Sleep-inducing moves are banned
|clearpoke
|poke|p1|Hippowdon, M|
|poke|p1|Excadrill, M|
|poke|p1|Hydrapple, F|
|poke|p1|Tornadus-Therian, M|
|poke|p1|Heatran, M|
|poke|p1|Keldeo-Resolute, M|
|poke|p2|Moltres-Galar|
|poke|p2|Great Tusk|
|poke|p2|Iron Moth|
|poke|p2|Araquanid, M|
|poke|p2|Landorus-Therian, M|
|poke|p2|Weavile, M|
|teampreview
|inactive|Battle timer is ON: inactive players will automatically lose when time's up. (requested by cartwheel lpcf)
|
|t:|1757863206
|teamsize|p1|6
|teamsize|p2|6
|start
|switch|p1a: Tornadus|Tornadus-Therian, M, shiny|100/100
|switch|p2a: Araquanid|Araquanid, M|100/100
|turn|1
|
|t:|1757863215
|move|p1a: Tornadus|Hurricane|p2a: Araquanid
|-supereffective|p2a: Araquanid
|-damage|p2a: Araquanid|29/100
|move|p2a: Araquanid|Sticky Web|p1a: Tornadus
|-sidestart|p1: Itswinefri|move: Sticky Web
|
|upkeep
|turn|2
|
|t:|1757863228
|move|p2a: Araquanid|Endure|p2a: Araquanid
|-singleturn|p2a: Araquanid|move: Endure
|move|p1a: Tornadus|Knock Off|p2a: Araquanid
|-damage|p2a: Araquanid|10/100
|-enditem|p2a: Araquanid|Custap Berry|[from] move: Knock Off|[of] p1a: Tornadus
|
|upkeep
|turn|3
|
|t:|1757863236
|move|p1a: Tornadus|Hurricane|p2a: Araquanid
|-supereffective|p2a: Araquanid
|-damage|p2a: Araquanid|0 fnt
|faint|p2a: Araquanid
|
|upkeep
|
|t:|1757863244
|switch|p2a: Weavile|Weavile, M|100/100
|-ability|p2a: Weavile|Pressure
|turn|4
|
|t:|1757863250
|switch|p1a: Heatran|Heatran, M, shiny|100/100
|-activate|p1a: Heatran|move: Sticky Web
|-unboost|p1a: Heatran|spe|1
|move|p2a: Weavile|Knock Off|p1a: Heatran
|-damage|p1a: Heatran|59/100
|-enditem|p1a: Heatran|Leftovers|[from] move: Knock Off|[of] p2a: Weavile
|
|upkeep
|turn|5
|
|t:|1757863259
|switch|p2a: Moltres|Moltres-Galar|100/100
|move|p1a: Heatran|Magma Storm|p2a: Moltres
|-damage|p2a: Moltres|67/100
|-activate|p2a: Moltres|move: Magma Storm|[of] p1a: Heatran
|
|-damage|p2a: Moltres|54/100|[from] move: Magma Storm|[partiallytrapped]
|upkeep
|turn|6
|
|t:|1757863269
|move|p2a: Moltres|Nasty Plot|p2a: Moltres
|-boost|p2a: Moltres|spa|2
|move|p1a: Heatran|Taunt|p2a: Moltres
|-start|p2a: Moltres|move: Taunt
|
|-damage|p2a: Moltres|42/100|[from] move: Magma Storm|[partiallytrapped]
|upkeep
|-enditem|p2a: Moltres|Sitrus Berry|[eat]
|-heal|p2a: Moltres|67/100|[from] item: Sitrus Berry
|turn|7
|
|t:|1757863280
|move|p2a: Moltres|Fiery Wrath|p1a: Heatran
|-damage|p1a: Heatran|9/100
|move|p1a: Heatran|Magma Storm|p2a: Moltres
|-damage|p2a: Moltres|35/100
|-ability|p2a: Moltres|Berserk|boost
|-boost|p2a: Moltres|spa|1
|
|-damage|p2a: Moltres|23/100|[from] move: Magma Storm|[partiallytrapped]
|upkeep
|turn|8
|
|t:|1757863290
|move|p1a: Heatran|Protect|p1a: Heatran
|-singleturn|p1a: Heatran|Protect
|move|p2a: Moltres|Fiery Wrath|p1a: Heatran
|-activate|p1a: Heatran|move: Protect
|
|-damage|p2a: Moltres|10/100|[from] move: Magma Storm|[partiallytrapped]
|upkeep
|turn|9
|
|t:|1757863301
|move|p2a: Moltres|Fiery Wrath|p1a: Heatran
|-damage|p1a: Heatran|0 fnt
|faint|p1a: Heatran
|
|-end|p2a: Moltres|Magma Storm|[partiallytrapped]
|-end|p2a: Moltres|move: Taunt
|upkeep
|
|t:|1757863308
|switch|p1a: Hippowdon|Hippowdon, M, shiny|100/100
|-activate|p1a: Hippowdon|move: Sticky Web
|-unboost|p1a: Hippowdon|spe|1
|-weather|Sandstorm|[from] ability: Sand Stream|[of] p1a: Hippowdon
|turn|10
|
|t:|1757863313
|switch|p1a: Tornadus|Tornadus-Therian, M, shiny|100/100
|move|p2a: Moltres|Fiery Wrath|p1a: Tornadus
|-damage|p1a: Tornadus|35/100
|
|-weather|Sandstorm|[upkeep]
|-damage|p1a: Tornadus|29/100|[from] Sandstorm
|-damage|p2a: Moltres|4/100|[from] Sandstorm
|upkeep
|turn|11
|
|t:|1757863322
|move|p1a: Tornadus|U-turn|p2a: Moltres
|-damage|p2a: Moltres|0 fnt
|faint|p2a: Moltres
|
|t:|1757863332
|switch|p1a: Keldeo|Keldeo-Resolute, M|100/100|[from] U-turn
|-activate|p1a: Keldeo|move: Sticky Web
|-unboost|p1a: Keldeo|spe|1
|
|-weather|Sandstorm|[upkeep]
|-damage|p1a: Keldeo|94/100|[from] Sandstorm
|upkeep
|
|t:|1757863353
|switch|p2a: Iron Moth|Iron Moth|100/100
|-enditem|p2a: Iron Moth|Booster Energy
|-activate|p2a: Iron Moth|ability: Quark Drive|[fromitem]
|-start|p2a: Iron Moth|quarkdrivespe
|turn|12
|
|t:|1757863360
|move|p2a: Iron Moth|Substitute|p2a: Iron Moth
|-start|p2a: Iron Moth|Substitute
|-damage|p2a: Iron Moth|76/100
|move|p1a: Keldeo|Hydro Pump|p2a: Iron Moth|[miss]
|-miss|p1a: Keldeo|p2a: Iron Moth
|
|-weather|Sandstorm|[upkeep]
|-damage|p2a: Iron Moth|70/100|[from] Sandstorm
|-damage|p1a: Keldeo|88/100|[from] Sandstorm
|upkeep
|turn|13
|
|t:|1757863370
|move|p2a: Iron Moth|Sludge Wave|p1a: Keldeo
|-damage|p1a: Keldeo|29/100
|move|p1a: Keldeo|Hydro Pump|p2a: Iron Moth
|-supereffective|p2a: Iron Moth
|-end|p2a: Iron Moth|Substitute
|
|-weather|Sandstorm|[upkeep]
|-damage|p2a: Iron Moth|64/100|[from] Sandstorm
|-damage|p1a: Keldeo|22/100|[from] Sandstorm
|upkeep
|turn|14
|
|t:|1757863380
|move|p2a: Iron Moth|Substitute|p2a: Iron Moth
|-start|p2a: Iron Moth|Substitute
|-damage|p2a: Iron Moth|39/100
|move|p1a: Keldeo|Hydro Pump|p2a: Iron Moth
|-supereffective|p2a: Iron Moth
|-end|p2a: Iron Moth|Substitute
|
|-weather|Sandstorm|[upkeep]
|-damage|p2a: Iron Moth|33/100|[from] Sandstorm
|-damage|p1a: Keldeo|16/100|[from] Sandstorm
|upkeep
|turn|15
|
|t:|1757863389
|move|p2a: Iron Moth|Substitute|p2a: Iron Moth
|-start|p2a: Iron Moth|Substitute
|-damage|p2a: Iron Moth|8/100
|move|p1a: Keldeo|Hydro Pump|p2a: Iron Moth|[miss]
|-miss|p1a: Keldeo|p2a: Iron Moth
|
|-weather|Sandstorm|[upkeep]
|-damage|p2a: Iron Moth|2/100|[from] Sandstorm
|-damage|p1a: Keldeo|10/100|[from] Sandstorm
|upkeep
|turn|16
|
|t:|1757863399
|move|p2a: Iron Moth|Fiery Dance|p1a: Keldeo
|-resisted|p1a: Keldeo
|-damage|p1a: Keldeo|0 fnt
|faint|p1a: Keldeo
|
|-weather|Sandstorm|[upkeep]
|-damage|p2a: Iron Moth|0 fnt|[from] Sandstorm
|faint|p2a: Iron Moth
|-end|p2a: Iron Moth|Quark Drive|[silent]
|upkeep
|
|t:|1757863416
|switch|p2a: Weavile|Weavile, M|100/100
|switch|p1a: Hydrapple|Hydrapple, F|100/100
|-ability|p2a: Weavile|Pressure
|turn|17
|
|t:|1757863430
|-terastallize|p1a: Hydrapple|Fairy
|move|p2a: Weavile|Triple Axel|p1a: Hydrapple
|-damage|p1a: Hydrapple|93/100
|-hitcount|p1a: Hydrapple|1
|move|p1a: Hydrapple|Fickle Beam|p2a: Weavile
|-damage|p2a: Weavile|44/100
|
|-weather|none
|upkeep
|turn|18
|
|t:|1757863439
|switch|p2a: Great Tusk|Great Tusk|100/100
|-enditem|p2a: Great Tusk|Booster Energy
|-activate|p2a: Great Tusk|ability: Protosynthesis|[fromitem]
|-start|p2a: Great Tusk|protosynthesisspe
|move|p1a: Hydrapple|Nasty Plot|p1a: Hydrapple
|-boost|p1a: Hydrapple|spa|2
|
|upkeep
|turn|19
|
|t:|1757863451
|move|p2a: Great Tusk|Headlong Rush|p1a: Hydrapple
|-damage|p1a: Hydrapple|56/100
|-unboost|p2a: Great Tusk|def|1
|-unboost|p2a: Great Tusk|spd|1
|move|p1a: Hydrapple|Giga Drain|p2a: Great Tusk
|-supereffective|p2a: Great Tusk
|-damage|p2a: Great Tusk|0 fnt
|-heal|p1a: Hydrapple|100/100|[from] drain|[of] p2a: Great Tusk
|faint|p2a: Great Tusk
|-end|p2a: Great Tusk|Protosynthesis|[silent]
|
|upkeep
|
|t:|1757863460
|switch|p2a: Landorus|Landorus-Therian, M|100/100
|-ability|p2a: Landorus|Intimidate|boost
|-unboost|p1a: Hydrapple|atk|1
|turn|20
|
|t:|1757863467
|move|p2a: Landorus|Swords Dance|p2a: Landorus
|-boost|p2a: Landorus|atk|2
|move|p1a: Hydrapple|Giga Drain|p2a: Landorus
|-damage|p2a: Landorus|0 fnt
|faint|p2a: Landorus
|
|upkeep
|
|t:|1757863483
|switch|p2a: Weavile|Weavile, M|44/100
|-ability|p2a: Weavile|Pressure
|turn|21
|
|t:|1757863489
|-terastallize|p2a: Weavile|Ice
|move|p2a: Weavile|Triple Axel|p1a: Hydrapple
|-crit|p1a: Hydrapple
|-damage|p1a: Hydrapple|84/100
|-damage|p1a: Hydrapple|63/100
|-damage|p1a: Hydrapple|33/100
|-hitcount|p1a: Hydrapple|3
|move|p1a: Hydrapple|Giga Drain|p2a: Weavile
|-damage|p2a: Weavile|0 fnt
|-heal|p1a: Hydrapple|47/100|[from] drain|[of] p2a: Weavile
|faint|p2a: Weavile
|
|win|Itswinefri
|raw|Itswinefri's rating: 1441 &rarr; <strong>1464</strong><br />(+23 for winning)
|raw|cartwheel lpcf's rating: 1502 &rarr; <strong>1479</strong><br />(-23 for losing)
|l|☆cartwheel lpcf
|player|p2|
|l|‽Itswinefri
|player|p1|
|j|‽Itswinefri
|player|p1|Itswinefri|cynthia|
|n|‽Itswinefri|itswinefri
|n|‽Itswinefri|itswinefri
|l|‽Itswinefri
|player|p1|
