|inactive|Battle timer is ON: inactive players will automatically lose when time's up.
|t:|1757801156
|gametype|singles
|player|p1|iPetBigfoot|steven|
|player|p2|fiishing|miku-water|
|gen|9
|tier|[Gen 9] OU
|rule|HP Percentage Mod: HP is shown in percentages
|rule|Endless Battle Clause: Forcing endless battles is banned
|rule|Species Clause: Limit one of each Pokémon
|rule|OHKO Clause: OHKO moves are banned
|rule|Evasion Items Clause: Evasion items are banned
|rule|Evasion Moves Clause: Evasion moves are banned
|rule|Evasion Abilities Clause: Evasion abilities are banned
|rule|Sleep Moves Clause: Sleep-inducing moves are banned
|clearpoke
|poke|p1|Samurott-Hisui, F|
|poke|p1|Tornadus-Therian, M|
|poke|p1|Pecharunt|
|poke|p1|Great Tusk|
|poke|p1|Clefable, M|
|poke|p1|Zamazenta-*|
|poke|p2|Darkrai|
|poke|p2|Garchomp, F|
|poke|p2|Alomomola, M|
|poke|p2|Corviknight, M|
|poke|p2|Weezing-Galar, M|
|poke|p2|Ogerpon, F|
|teampreview
|c|☆iPetBigfoot|glhf
|c|☆fiishing|u2
|inactive|iPetBigfoot has 270 seconds left.
|inactive|fiishing has 270 seconds left.
|
|t:|1757801198
|teamsize|p1|6
|teamsize|p2|6
|start
|switch|p1a: Samurott|Samurott-Hisui, F|100/100
|switch|p2a: Ogerpon|Ogerpon, F|100/100
|turn|1
|
|t:|1757801212
|switch|p1a: Pecharunt|Pecharunt|100/100
|move|p2a: Ogerpon|U-turn|p1a: Pecharunt
|-resisted|p1a: Pecharunt
|-damage|p1a: Pecharunt|98/100
|
|t:|1757801216
|switch|p2a: Darkrai|Darkrai|100/100|[from] U-turn
|
|upkeep
|turn|2
|
|t:|1757801231
|switch|p1a: Samurott|Samurott-Hisui, F|100/100
|move|p2a: Darkrai|Dark Pulse|p1a: Samurott
|-resisted|p1a: Samurott
|-damage|p1a: Samurott|77/100
|
|upkeep
|turn|3
|
|t:|1757801239
|switch|p2a: Corviknight|Corviknight, M|100/100
|-ability|p2a: Corviknight|Pressure
|move|p1a: Samurott|Knock Off|p2a: Corviknight
|-damage|p2a: Corviknight|67/100
|-enditem|p2a: Corviknight|Leftovers|[from] move: Knock Off|[of] p1a: Samurott
|
|upkeep
|turn|4
|
|t:|1757801249
|move|p1a: Samurott|Ceaseless Edge|p2a: Corviknight
|-damage|p2a: Corviknight|33/100
|-sidestart|p2: fiishing|Spikes
|move|p2a: Corviknight|Roost|p2a: Corviknight
|-heal|p2a: Corviknight|83/100
|-singleturn|p2a: Corviknight|move: Roost
|
|upkeep
|turn|5
|
|t:|1757801278
|move|p1a: Samurott|Razor Shell|p2a: Corviknight
|-damage|p2a: Corviknight|43/100
|-unboost|p2a: Corviknight|def|1
|move|p2a: Corviknight|Defog|p1a: Samurott
|-unboost|p1a: Samurott|evasion|1
|-sideend|p2: fiishing|Spikes|[from] move: Defog|[of] p2a: Corviknight
|
|upkeep
|turn|6
|
|t:|1757801287
|switch|p2a: Garchomp|Garchomp, F|100/100
|move|p1a: Samurott|Ceaseless Edge|p2a: Garchomp
|-crit|p2a: Garchomp
|-damage|p2a: Garchomp|63/100
|-damage|p1a: Samurott|65/100|[from] ability: Rough Skin|[of] p2a: Garchomp
|-damage|p1a: Samurott|48/100|[from] item: Rocky Helmet|[of] p2a: Garchomp
|-sidestart|p2: fiishing|Spikes
|
|upkeep
|turn|7
|
|t:|1757801295
|switch|p1a: Tornadus|Tornadus-Therian, M|100/100
|move|p2a: Garchomp|Stealth Rock|p1a: Tornadus
|-sidestart|p1: iPetBigfoot|move: Stealth Rock
|
|upkeep
|turn|8
|
|t:|1757801303
|switch|p2a: Alomomola|Alomomola, M|100/100
|-damage|p2a: Alomomola|88/100|[from] Spikes
|move|p1a: Tornadus|Bleakwind Storm|p2a: Alomomola
|-damage|p2a: Alomomola|59/100
|-unboost|p2a: Alomomola|spe|1
|-damage|p1a: Tornadus|91/100|[from] item: Life Orb
|
|upkeep
|turn|9
|
|t:|1757801331
|switch|p1a: Clefable|Clefable, M|100/100
|move|p2a: Alomomola|Aqua Jet|p1a: Clefable
|-damage|p1a: Clefable|92/100
|
|-heal|p1a: Clefable|98/100|[from] item: Leftovers
|upkeep
|turn|10
|c|☆fiishing|misclick/.
|
|t:|1757801341
|move|p1a: Clefable|Calm Mind|p1a: Clefable
|-boost|p1a: Clefable|spa|1
|-boost|p1a: Clefable|spd|1
|move|p2a: Alomomola|Flip Turn|p1a: Clefable
|-damage|p1a: Clefable|85/100
|
|t:|1757801343
|switch|p2a: Ogerpon|Ogerpon, F|100/100|[from] Flip Turn
|
|-heal|p1a: Clefable|91/100|[from] item: Leftovers
|upkeep
|turn|11
|c|☆iPetBigfoot|rip
|
|t:|1757801349
|switch|p1a: Pecharunt|Pecharunt|98/100
|move|p2a: Ogerpon|Encore||[still]
|-fail|p2a: Ogerpon
|
|upkeep
|turn|12
|
|t:|1757801356
|move|p2a: Ogerpon|U-turn|p1a: Pecharunt
|-resisted|p1a: Pecharunt
|-damage|p1a: Pecharunt|95/100
|
|t:|1757801359
|switch|p2a: Corviknight|Corviknight, M|43/100|[from] U-turn
|-ability|p2a: Corviknight|Pressure
|move|p1a: Pecharunt|Malignant Chain|p2a: Corviknight
|-immune|p2a: Corviknight
|
|upkeep
|turn|13
|
|t:|1757801383
|move|p1a: Pecharunt|Foul Play|p2a: Corviknight
|-damage|p2a: Corviknight|27/100
|move|p2a: Corviknight|Roost|p2a: Corviknight
|-heal|p2a: Corviknight|77/100
|-singleturn|p2a: Corviknight|move: Roost
|
|upkeep
|turn|14
|inactive|iPetBigfoot has 270 seconds left.
|
|t:|1757801406
|move|p1a: Pecharunt|Foul Play|p2a: Corviknight
|-damage|p2a: Corviknight|60/100
|move|p2a: Corviknight|U-turn|p1a: Pecharunt
|-resisted|p1a: Pecharunt
|-damage|p1a: Pecharunt|94/100
|
|t:|1757801410
|switch|p2a: Darkrai|Darkrai|100/100|[from] U-turn
|-damage|p2a: Darkrai|88/100|[from] Spikes
|
|upkeep
|turn|15
|
|t:|1757801416
|switch|p1a: Zamazenta|Zamazenta|100/100
|-damage|p1a: Zamazenta|94/100|[from] Stealth Rock
|-ability|p1a: Zamazenta|Dauntless Shield|boost
|-boost|p1a: Zamazenta|def|1
|move|p2a: Darkrai|Dark Pulse|p1a: Zamazenta
|-resisted|p1a: Zamazenta
|-damage|p1a: Zamazenta|74/100
|
|upkeep
|turn|16
|
|t:|1757801435
|switch|p2a: Weezing|Weezing-Galar, M|100/100
|-ability|p2a: Weezing|Neutralizing Gas
|-damage|p2a: Weezing|88/100|[from] Spikes
|move|p1a: Zamazenta|Heavy Slam|p2a: Weezing
|-supereffective|p2a: Weezing
|-damage|p2a: Weezing|34/100
|
|-heal|p2a: Weezing|40/100|[from] item: Leftovers
|upkeep
|turn|17
|
|t:|1757801453
|-end|p2a: Weezing|ability: Neutralizing Gas
|switch|p2a: Alomomola|Alomomola, M|92/100
|-damage|p2a: Alomomola|79/100|[from] Spikes
|move|p1a: Zamazenta|Heavy Slam|p2a: Alomomola
|-resisted|p2a: Alomomola
|-damage|p2a: Alomomola|64/100
|
|upkeep
|turn|18
|
|t:|1757801467
|move|p1a: Zamazenta|Close Combat|p2a: Alomomola
|-damage|p2a: Alomomola|17/100
|-unboost|p1a: Zamazenta|def|1
|-unboost|p1a: Zamazenta|spd|1
|move|p2a: Alomomola|Flip Turn|p1a: Zamazenta
|-damage|p1a: Zamazenta|58/100
|
|t:|1757801471
|switch|p2a: Corviknight|Corviknight, M|60/100|[from] Flip Turn
|-ability|p2a: Corviknight|Pressure
|
|upkeep
|turn|19
|inactive|iPetBigfoot has 270 seconds left.
|
|t:|1757801499
|switch|p1a: Clefable|Clefable, M|91/100
|move|p2a: Corviknight|Roost|p2a: Corviknight
|-heal|p2a: Corviknight|100/100
|-singleturn|p2a: Corviknight|move: Roost
|
|-heal|p1a: Clefable|97/100|[from] item: Leftovers
|upkeep
|turn|20
|inactive|iPetBigfoot has 270 seconds left.
|
|t:|1757801509
|move|p1a: Clefable|Flamethrower|p2a: Corviknight
|-supereffective|p2a: Corviknight
|-damage|p2a: Corviknight|72/100
|move|p2a: Corviknight|U-turn|p1a: Clefable
|-resisted|p1a: Clefable
|-damage|p1a: Clefable|91/100
|
|t:|1757801539
|switch|p2a: Alomomola|Alomomola, M|51/100|[from] U-turn
|-damage|p2a: Alomomola|38/100|[from] Spikes
|
|-heal|p1a: Clefable|97/100|[from] item: Leftovers
|upkeep
|turn|21
|inactive|iPetBigfoot has 270 seconds left.
|
|t:|1757801582
|move|p1a: Clefable|Moonblast|p2a: Alomomola
|-damage|p2a: Alomomola|22/100
|-unboost|p2a: Alomomola|spa|1
|move|p2a: Alomomola|Flip Turn|p1a: Clefable
|-damage|p1a: Clefable|84/100
|
|t:|1757801597
|switch|p2a: Weezing|Weezing-Galar, M|40/100|[from] Flip Turn
|-ability|p2a: Weezing|Neutralizing Gas
|-damage|p2a: Weezing|27/100|[from] Spikes
|
|-heal|p1a: Clefable|90/100|[from] item: Leftovers
|-heal|p2a: Weezing|33/100|[from] item: Leftovers
|upkeep
|turn|22
|
|t:|1757801612
|switch|p1a: Samurott|Samurott-Hisui, F|48/100
|-damage|p1a: Samurott|36/100|[from] Stealth Rock
|move|p2a: Weezing|Pain Split|p1a: Samurott
|-sethp|p1a: Samurott|33/100|[from] move: Pain Split|[silent]
|-sethp|p2a: Weezing|36/100|[from] move: Pain Split
|
|-heal|p2a: Weezing|42/100|[from] item: Leftovers
|upkeep
|turn|23
|
|t:|1757801619
|-end|p2a: Weezing|ability: Neutralizing Gas
|switch|p2a: Garchomp|Garchomp, F|63/100
|-damage|p2a: Garchomp|50/100|[from] Spikes
|move|p1a: Samurott|Knock Off|p2a: Garchomp
|-damage|p2a: Garchomp|24/100
|-damage|p1a: Samurott|21/100|[from] ability: Rough Skin|[of] p2a: Garchomp
|-damage|p1a: Samurott|4/100|[from] item: Rocky Helmet|[of] p2a: Garchomp
|-enditem|p2a: Garchomp|Rocky Helmet|[from] move: Knock Off|[of] p1a: Samurott
|
|upkeep
|turn|24
|
|t:|1757801630
|move|p1a: Samurott|Sucker Punch||[still]
|-fail|p1a: Samurott
|move|p2a: Garchomp|Spikes|p1a: Samurott
|-sidestart|p1: iPetBigfoot|Spikes
|
|upkeep
|turn|25
|
|t:|1757801639
|move|p2a: Garchomp|Spikes|p1a: Samurott
|-sidestart|p1: iPetBigfoot|Spikes
|move|p1a: Samurott|Ceaseless Edge|p2a: Garchomp
|-damage|p2a: Garchomp|0 fnt
|-damage|p1a: Samurott|0 fnt|[from] ability: Rough Skin|[of] p2a: Garchomp
|faint|p2a: Garchomp
|faint|p1a: Samurott
|
|upkeep
|
|t:|1757801657
|switch|p2a: Alomomola|Alomomola, M|55/100
|switch|p1a: Great Tusk|Great Tusk|100/100
|-damage|p2a: Alomomola|43/100|[from] Spikes
|turn|26
|
|t:|1757801677
|switch|p2a: Corviknight|Corviknight, M|72/100
|-ability|p2a: Corviknight|Pressure
|move|p1a: Great Tusk|Rapid Spin|p2a: Corviknight
|-resisted|p2a: Corviknight
|-damage|p2a: Corviknight|66/100
|-boost|p1a: Great Tusk|spe|1
|-sideend|p1: iPetBigfoot|Spikes|[from] move: Rapid Spin|[of] p1a: Great Tusk
|-sideend|p1: iPetBigfoot|Stealth Rock|[from] move: Rapid Spin|[of] p1a: Great Tusk
|
|upkeep
|turn|27
|
|t:|1757801684
|-end|p1a: Great Tusk|Protosynthesis|[silent]
|switch|p1a: Tornadus|Tornadus-Therian, M|100/100
|move|p2a: Corviknight|Defog|p1a: Tornadus
|-unboost|p1a: Tornadus|evasion|1
|-sideend|p2: fiishing|Spikes|[from] move: Defog|[of] p2a: Corviknight
|
|upkeep
|turn|28
|inactive|iPetBigfoot has 270 seconds left.
|
|t:|1757801690
|switch|p2a: Alomomola|Alomomola, M|76/100
|move|p1a: Tornadus|Heat Wave|p2a: Alomomola
|-resisted|p2a: Alomomola
|-damage|p2a: Alomomola|67/100
|-status|p2a: Alomomola|brn
|-damage|p1a: Tornadus|91/100|[from] item: Life Orb
|
|-damage|p2a: Alomomola|60/100 brn|[from] brn
|upkeep
|turn|29
|inactive|iPetBigfoot has 270 seconds left.
|
|t:|1757801706
|move|p1a: Tornadus|Bleakwind Storm|p2a: Alomomola
|-damage|p2a: Alomomola|29/100 brn
|-damage|p1a: Tornadus|81/100|[from] item: Life Orb
|move|p2a: Alomomola|Flip Turn|p1a: Tornadus
|-damage|p1a: Tornadus|71/100
|
|t:|1757801718
|switch|p2a: Darkrai|Darkrai|88/100|[from] Flip Turn
|
|upkeep
|turn|30
|
|t:|1757801725
|switch|p1a: Clefable|Clefable, M|90/100
|move|p2a: Darkrai|Ice Beam|p1a: Clefable
|-damage|p1a: Clefable|47/100
|
|-heal|p1a: Clefable|53/100|[from] item: Leftovers
|upkeep
|turn|31
|
|t:|1757801733
|switch|p2a: Alomomola|Alomomola, M|63/100 brn
|move|p1a: Clefable|Moonlight|p1a: Clefable
|-heal|p1a: Clefable|100/100
|
|-damage|p2a: Alomomola|57/100 brn|[from] brn
|upkeep
|turn|32
|
|t:|1757801746
|move|p1a: Clefable|Calm Mind|p1a: Clefable
|-boost|p1a: Clefable|spa|1
|-boost|p1a: Clefable|spd|1
|move|p2a: Alomomola|Flip Turn|p1a: Clefable
|-damage|p1a: Clefable|94/100
|
|t:|1757801748
|switch|p2a: Ogerpon|Ogerpon, F|100/100|[from] Flip Turn
|
|-heal|p1a: Clefable|99/100|[from] item: Leftovers
|upkeep
|turn|33
|
|t:|1757801760
|switch|p1a: Tornadus|Tornadus-Therian, M|100/100
|move|p2a: Ogerpon|Encore||[still]
|-fail|p2a: Ogerpon
|
|upkeep
|turn|34
|
|t:|1757801777
|switch|p1a: Great Tusk|Great Tusk|100/100
|switch|p2a: Alomomola|Alomomola, M|90/100 brn
|
|-damage|p2a: Alomomola|84/100 brn|[from] brn
|upkeep
|turn|35
|
|t:|1757801788
|move|p1a: Great Tusk|Stealth Rock|p2a: Alomomola
|-sidestart|p2: fiishing|move: Stealth Rock
|move|p2a: Alomomola|Flip Turn|p1a: Great Tusk
|-supereffective|p1a: Great Tusk
|-damage|p1a: Great Tusk|89/100
|
|t:|1757801791
|switch|p2a: Corviknight|Corviknight, M|66/100|[from] Flip Turn
|-damage|p2a: Corviknight|53/100|[from] Stealth Rock
|-ability|p2a: Corviknight|Pressure
|
|upkeep
|turn|36
|
|t:|1757801800
|-end|p1a: Great Tusk|Protosynthesis|[silent]
|switch|p1a: Tornadus|Tornadus-Therian, M|100/100
|move|p2a: Corviknight|Defog|p1a: Tornadus
|-unboost|p1a: Tornadus|evasion|1
|-sideend|p2: fiishing|Stealth Rock|[from] move: Defog|[of] p2a: Corviknight
|
|upkeep
|turn|37
|
|t:|1757801813
|switch|p2a: Alomomola|Alomomola, M|100/100 brn
|move|p1a: Tornadus|Nasty Plot|p1a: Tornadus
|-boost|p1a: Tornadus|spa|2
|
|-damage|p2a: Alomomola|94/100 brn|[from] brn
|upkeep
|turn|38
|
|t:|1757801817
|move|p1a: Tornadus|Bleakwind Storm|p2a: Alomomola
|-crit|p2a: Alomomola
|-damage|p2a: Alomomola|0 fnt
|faint|p2a: Alomomola
|-damage|p1a: Tornadus|91/100|[from] item: Life Orb
|
|upkeep
|c|☆iPetBigfoot|sorry
|
|t:|1757801825
|switch|p2a: Darkrai|Darkrai|88/100
|turn|39
|c|☆iPetBigfoot|thats rough
|
|t:|1757801840
|switch|p1a: Clefable|Clefable, M|99/100
|move|p2a: Darkrai|Trick|p1a: Clefable
|-activate|p2a: Darkrai|move: Trick|[of] p1a: Clefable
|-item|p1a: Clefable|Choice Specs|[from] move: Trick
|-item|p2a: Darkrai|Leftovers|[from] move: Trick
|
|-heal|p2a: Darkrai|94/100|[from] item: Leftovers
|upkeep
|turn|40
|inactive|fiishing has 270 seconds left.
|
|t:|1757801887
|switch|p2a: Weezing|Weezing-Galar, M|42/100
|-ability|p2a: Weezing|Neutralizing Gas
|move|p1a: Clefable|Flamethrower|p2a: Weezing
|-damage|p2a: Weezing|0 fnt
|faint|p2a: Weezing
|-end|p2a: Weezing|ability: Neutralizing Gas
|
|upkeep
|
|t:|1757801894
|switch|p2a: Corviknight|Corviknight, M|53/100
|-ability|p2a: Corviknight|Pressure
|turn|41
|
|t:|1757801909
|-terastallize|p2a: Corviknight|Fire
|move|p1a: Clefable|Flamethrower|p2a: Corviknight
|-resisted|p2a: Corviknight
|-damage|p2a: Corviknight|42/100
|move|p2a: Corviknight|Roost|p2a: Corviknight
|-heal|p2a: Corviknight|92/100
|
|upkeep
|turn|42
|
|t:|1757801912
|move|p1a: Clefable|Flamethrower|p2a: Corviknight
|-resisted|p2a: Corviknight
|-damage|p2a: Corviknight|82/100
|move|p2a: Corviknight|U-turn|p1a: Clefable
|-resisted|p1a: Clefable
|-damage|p1a: Clefable|95/100
|
|t:|1757801917
|switch|p2a: Ogerpon|Ogerpon, F|100/100|[from] U-turn
|
|upkeep
|turn|43
|
|t:|1757801921
|move|p2a: Ogerpon|U-turn|p1a: Clefable
|-resisted|p1a: Clefable
|-damage|p1a: Clefable|85/100
|
|t:|1757801922
|switch|p2a: Corviknight|Corviknight, M, tera:Fire|82/100|[from] U-turn
|-ability|p2a: Corviknight|Pressure
|move|p1a: Clefable|Flamethrower|p2a: Corviknight
|-resisted|p2a: Corviknight
|-damage|p2a: Corviknight|71/100
|
|upkeep
|turn|44
|
|t:|1757801938
|switch|p1a: Zamazenta|Zamazenta|58/100
|move|p2a: Corviknight|U-turn|p1a: Zamazenta
|-resisted|p1a: Zamazenta
|-damage|p1a: Zamazenta|52/100
|
|t:|1757801944
|switch|p2a: Ogerpon|Ogerpon, F|100/100|[from] U-turn
|
|upkeep
|turn|45
|
|t:|1757801961
|-terastallize|p1a: Zamazenta|Steel
|move|p1a: Zamazenta|Close Combat|p2a: Ogerpon
|-damage|p2a: Ogerpon|22/100
|-unboost|p1a: Zamazenta|def|1
|-unboost|p1a: Zamazenta|spd|1
|move|p2a: Ogerpon|Ivy Cudgel|p1a: Zamazenta
|-resisted|p1a: Zamazenta
|-damage|p1a: Zamazenta|18/100
|
|upkeep
|turn|46
|
|t:|1757801971
|switch|p1a: Pecharunt|Pecharunt|94/100
|move|p2a: Ogerpon|Ivy Cudgel|p1a: Pecharunt
|-resisted|p1a: Pecharunt
|-damage|p1a: Pecharunt|82/100
|
|upkeep
|turn|47
|
|t:|1757801975
|move|p2a: Ogerpon|U-turn|p1a: Pecharunt
|-resisted|p1a: Pecharunt
|-damage|p1a: Pecharunt|79/100
|
|t:|1757801977
|switch|p2a: Darkrai|Darkrai|94/100|[from] U-turn
|move|p1a: Pecharunt|Malignant Chain|p2a: Darkrai
|-damage|p2a: Darkrai|54/100
|-status|p2a: Darkrai|tox
|-start|p2a: Darkrai|confusion|[from] ability: Poison Puppeteer|[of] p1a: Pecharunt
|
|-heal|p2a: Darkrai|60/100 tox|[from] item: Leftovers
|-damage|p2a: Darkrai|54/100 tox|[from] psn
|upkeep
|turn|48
|
|t:|1757801983
|switch|p1a: Clefable|Clefable, M|85/100
|-activate|p2a: Darkrai|confusion
|move|p2a: Darkrai|Dark Pulse|p1a: Clefable
|-resisted|p1a: Clefable
|-damage|p1a: Clefable|64/100
|
|-heal|p2a: Darkrai|60/100 tox|[from] item: Leftovers
|-damage|p2a: Darkrai|47/100 tox|[from] psn
|upkeep
|turn|49
|
|t:|1757801993
|switch|p2a: Corviknight|Corviknight, M, tera:Fire|71/100
|-ability|p2a: Corviknight|Pressure
|switch|p1a: Zamazenta|Zamazenta, tera:Steel|18/100
|
|upkeep
|turn|50
|
|t:|1757802002
|move|p1a: Zamazenta|Stone Edge|p2a: Corviknight|[miss]
|-miss|p1a: Zamazenta|p2a: Corviknight
|move|p2a: Corviknight|Roost|p2a: Corviknight
|-heal|p2a: Corviknight|100/100
|
|upkeep
|turn|51
|
|t:|1757802008
|move|p1a: Zamazenta|Stone Edge|p2a: Corviknight
|-supereffective|p2a: Corviknight
|-damage|p2a: Corviknight|46/100
|move|p2a: Corviknight|Brave Bird|p1a: Zamazenta
|-resisted|p1a: Zamazenta
|-damage|p1a: Zamazenta|3/100
|-damage|p2a: Corviknight|42/100|[from] Recoil
|
|upkeep
|turn|52
|
|t:|1757802014
|move|p1a: Zamazenta|Stone Edge|p2a: Corviknight
|-supereffective|p2a: Corviknight
|-damage|p2a: Corviknight|0 fnt
|faint|p2a: Corviknight
|
|upkeep
|-message|fiishing forfeited.
|
|win|iPetBigfoot
|player|p2|
