|j|☆ahymeychreyehard
|j|☆nemisis69
|t:|1757925110
|gametype|singles
|player|p1|ahymeychreyehard|265|1099
|player|p2|nemisis69|steven|1173
|gen|9
|tier|[Gen 9] OU
|rated|
|rule|HP Percentage Mod: HP is shown in percentages
|rule|Endless Battle Clause: Forcing endless battles is banned
|rule|Species Clause: Limit one of each Pokémon
|rule|OHKO Clause: OHKO moves are banned
|rule|Evasion Items Clause: Evasion items are banned
|rule|Evasion Moves Clause: Evasion moves are banned
|rule|Evasion Abilities Clause: Evasion abilities are banned
|rule|Sleep Moves Clause: Sleep-inducing moves are banned
|clearpoke
|poke|p1|Rabsca, F|
|poke|p1|Grimmsnarl, M|
|poke|p1|Quaquaval, M|
|poke|p1|Garganacl, M|
|poke|p1|Overqwil, M|
|poke|p1|Pelipper, M|
|poke|p2|Deoxys-Speed|
|poke|p2|Darkrai|
|poke|p2|Raging Bolt|
|poke|p2|Great Tusk|
|poke|p2|Scizor, M|
|poke|p2|Rotom-Heat|
|teampreview
|inactive|Battle timer is ON: inactive players will automatically lose when time's up. (requested by nemisis69)
|
|t:|1757925128
|teamsize|p1|6
|teamsize|p2|6
|start
|switch|p1a: Grimmsnarl|Grimmsnarl, M|100/100
|switch|p2a: Rotom|Rotom-Heat|100/100
|turn|1
|
|t:|1757925132
|move|p1a: Grimmsnarl|Light Screen|p1a: Grimmsnarl
|-sidestart|p1: ahymeychreyehard|move: Light Screen
|move|p2a: Rotom|Trick|p1a: Grimmsnarl
|-activate|p2a: Rotom|move: Trick|[of] p1a: Grimmsnarl
|-item|p1a: Grimmsnarl|Choice Scarf|[from] move: Trick
|-item|p2a: Rotom|Light Clay|[from] move: Trick
|
|upkeep
|turn|2
|
|t:|1757925144
|move|p1a: Grimmsnarl|Reflect|p1a: Grimmsnarl
|-sidestart|p1: ahymeychreyehard|Reflect
|move|p2a: Rotom|Will-O-Wisp|p1a: Grimmsnarl
|-status|p1a: Grimmsnarl|brn
|
|-damage|p1a: Grimmsnarl|94/100 brn|[from] brn
|upkeep
|turn|3
|
|t:|1757925156
|switch|p1a: Overqwil|Overqwil, M|100/100
|move|p2a: Rotom|Volt Switch|p1a: Overqwil
|-damage|p1a: Overqwil|80/100
|
|t:|1757925172
|switch|p2a: Scizor|Scizor, M|100/100|[from] Volt Switch
|
|upkeep
|turn|4
|
|t:|1757925179
|move|p1a: Overqwil|Swords Dance|p1a: Overqwil
|-boost|p1a: Overqwil|atk|2
|move|p2a: Scizor|Defog|p1a: Overqwil
|-unboost|p1a: Overqwil|evasion|1
|-sideend|p1: ahymeychreyehard|Reflect
|-sideend|p1: ahymeychreyehard|move: Light Screen
|
|upkeep
|turn|5
|
|t:|1757925188
|move|p2a: Scizor|Bullet Punch|p1a: Overqwil
|-damage|p1a: Overqwil|30/100
|move|p1a: Overqwil|Throat Chop|p2a: Scizor
|-damage|p2a: Scizor|27/100
|-start|p2a: Scizor|Throat Chop|[silent]
|
|upkeep
|turn|6
|
|t:|1757925196
|switch|p1a: Pelipper|Pelipper, M|100/100
|-weather|RainDance|[from] ability: Drizzle|[of] p1a: Pelipper
|move|p2a: Scizor|Bullet Punch|p1a: Pelipper
|-resisted|p1a: Pelipper
|-damage|p1a: Pelipper|80/100
|
|-weather|RainDance|[upkeep]
|-end|p2a: Scizor|Throat Chop|[silent]
|upkeep
|turn|7
|
|t:|1757925206
|switch|p2a: Rotom|Rotom-Heat|100/100
|move|p1a: Pelipper|Hurricane|p2a: Rotom
|-resisted|p2a: Rotom
|-damage|p2a: Rotom|76/100
|
|-weather|RainDance|[upkeep]
|upkeep
|turn|8
|
|t:|1757925216
|switch|p1a: Overqwil|Overqwil, M|30/100
|move|p2a: Rotom|Volt Switch|p1a: Overqwil
|-damage|p1a: Overqwil|0 fnt
|faint|p1a: Overqwil
|
|t:|1757925224
|switch|p2a: Deoxys|Deoxys-Speed|100/100|[from] Volt Switch
|-ability|p2a: Deoxys|Pressure
|
|-weather|RainDance|[upkeep]
|upkeep
|
|t:|1757925228
|switch|p1a: Rabsca|Rabsca, F|100/100
|turn|9
|
|t:|1757925233
|move|p2a: Deoxys|Ice Beam|p1a: Rabsca
|-damage|p1a: Rabsca|81/100
|move|p1a: Rabsca|Revival Blessing|p1a: Rabsca
|-enditem|p1a: Rabsca|Leppa Berry|[eat]
|-activate|p1a: Rabsca|item: Leppa Berry|Revival Blessing|[consumed]
|
|t:|1757925239
|-heal|p1: Overqwil|50/100|[from] move: Revival Blessing
|
|-weather|RainDance|[upkeep]
|upkeep
|turn|10
|
|t:|1757925244
|switch|p2a: Rotom|Rotom-Heat|76/100
|move|p1a: Rabsca|Future Sight|p2a: Rotom
|-start|p1a: Rabsca|move: Future Sight
|
|-weather|RainDance|[upkeep]
|upkeep
|turn|11
|
|t:|1757925262
|move|p2a: Rotom|Volt Switch|p1a: Rabsca
|-damage|p1a: Rabsca|57/100
|
|t:|1757925268
|switch|p2a: Great Tusk|Great Tusk|100/100|[from] Volt Switch
|move|p1a: Rabsca|Psychic Terrain|p1a: Rabsca
|-fieldstart|move: Psychic Terrain
|
|-weather|RainDance|[upkeep]
|upkeep
|turn|12
|
|t:|1757925278
|switch|p1a: Grimmsnarl|Grimmsnarl, M|94/100 brn
|move|p2a: Great Tusk|Rapid Spin|p1a: Grimmsnarl
|-damage|p1a: Grimmsnarl|75/100 brn
|-boost|p2a: Great Tusk|spe|1
|
|-weather|RainDance|[upkeep]
|-end|p2a: Great Tusk|move: Future Sight
|-supereffective|p2a: Great Tusk
|-damage|p2a: Great Tusk|0 fnt
|faint|p2a: Great Tusk
|-end|p2a: Great Tusk|Protosynthesis|[silent]
|-damage|p1a: Grimmsnarl|69/100 brn|[from] brn
|upkeep
|
|t:|1757925288
|switch|p2a: Scizor|Scizor, M|27/100
|turn|13
|
|t:|1757925293
|move|p1a: Grimmsnarl|Parting Shot|p2a: Scizor
|-activate|p2a: Scizor|move: Psychic Terrain
|move|p2a: Scizor|Bullet Punch|p1a: Grimmsnarl
|-activate|p1a: Grimmsnarl|move: Psychic Terrain
|
|-weather|none
|-damage|p1a: Grimmsnarl|63/100 brn|[from] brn
|upkeep
|turn|14
|
|t:|1757925304
|switch|p1a: Pelipper|Pelipper, M|80/100
|-weather|RainDance|[from] ability: Drizzle|[of] p1a: Pelipper
|move|p2a: Scizor|U-turn|p1a: Pelipper
|-resisted|p1a: Pelipper
|-damage|p1a: Pelipper|61/100
|
|t:|1757925311
|switch|p2a: Rotom|Rotom-Heat|76/100|[from] U-turn
|
|-weather|RainDance|[upkeep]
|upkeep
|turn|15
|
|t:|1757925324
|switch|p1a: Garganacl|Garganacl, M|100/100
|move|p2a: Rotom|Volt Switch|p1a: Garganacl
|-damage|p1a: Garganacl|82/100
|
|t:|1757925345
|switch|p2a: Darkrai|Darkrai|100/100|[from] Volt Switch
|
|-weather|RainDance|[upkeep]
|-heal|p1a: Garganacl|88/100|[from] item: Leftovers
|-fieldend|move: Psychic Terrain
|upkeep
|turn|16
|
|t:|1757925349
|move|p2a: Darkrai|Nasty Plot|p2a: Darkrai
|-boost|p2a: Darkrai|spa|2
|move|p1a: Garganacl|Salt Cure|p2a: Darkrai
|-damage|p2a: Darkrai|82/100
|-start|p2a: Darkrai|Salt Cure
|
|-weather|RainDance|[upkeep]
|-heal|p1a: Garganacl|94/100|[from] item: Leftovers
|-damage|p2a: Darkrai|70/100|[from] Salt Cure
|upkeep
|turn|17
|
|t:|1757925363
|switch|p1a: Grimmsnarl|Grimmsnarl, M|63/100 brn
|move|p2a: Darkrai|Focus Blast|p1a: Grimmsnarl
|-damage|p1a: Grimmsnarl|0 fnt
|faint|p1a: Grimmsnarl
|
|-weather|RainDance|[upkeep]
|-damage|p2a: Darkrai|58/100|[from] Salt Cure
|upkeep
|
|t:|1757925367
|switch|p1a: Overqwil|Overqwil, M|50/100
|turn|18
|inactive|nemisis69 has 120 seconds left.
|
|t:|1757925398
|move|p1a: Overqwil|Destiny Bond|p1a: Overqwil
|-singlemove|p1a: Overqwil|Destiny Bond
|move|p2a: Darkrai|Dark Pulse|p1a: Overqwil
|-resisted|p1a: Overqwil
|-damage|p1a: Overqwil|0 fnt
|faint|p1a: Overqwil
|-activate|p1a: Overqwil|move: Destiny Bond
|faint|p2a: Darkrai
|
|-weather|RainDance|[upkeep]
|upkeep
|
|t:|1757925420
|switch|p2a: Rotom|Rotom-Heat|76/100
|switch|p1a: Rabsca|Rabsca, F|57/100
|turn|19
|
|t:|1757925429
|move|p2a: Rotom|Will-O-Wisp|p1a: Rabsca
|-status|p1a: Rabsca|brn
|-activate|p1a: Rabsca|ability: Synchronize
|-immune|p2a: Rotom
|move|p1a: Rabsca|Recover|p1a: Rabsca
|-heal|p1a: Rabsca|100/100 brn
|
|-weather|RainDance|[upkeep]
|-damage|p1a: Rabsca|94/100 brn|[from] brn
|upkeep
|turn|20
|
|t:|1757925435
|move|p2a: Rotom|Volt Switch|p1a: Rabsca
|-damage|p1a: Rabsca|67/100 brn
|
|t:|1757925439
|switch|p2a: Raging Bolt|Raging Bolt|100/100|[from] Volt Switch
|-enditem|p2a: Raging Bolt|Booster Energy
|-activate|p2a: Raging Bolt|ability: Protosynthesis|[fromitem]
|-start|p2a: Raging Bolt|protosynthesisspa
|move|p1a: Rabsca|Revival Blessing|p1a: Rabsca
|
|t:|1757925442
|-heal|p1: Overqwil|50/100|[from] move: Revival Blessing
|
|-weather|RainDance|[upkeep]
|-damage|p1a: Rabsca|61/100 brn|[from] brn
|upkeep
|turn|21
|
|t:|1757925452
|move|p2a: Raging Bolt|Thunderbolt|p1a: Rabsca
|-damage|p1a: Rabsca|0 fnt
|faint|p1a: Rabsca
|
|-weather|none
|upkeep
|
|t:|1757925458
|switch|p1a: Overqwil|Overqwil, M|50/100
|turn|22
|
|t:|1757925464
|-end|p2a: Raging Bolt|Protosynthesis|[silent]
|switch|p2a: Rotom|Rotom-Heat|76/100
|move|p1a: Overqwil|Destiny Bond|p1a: Overqwil
|-singlemove|p1a: Overqwil|Destiny Bond
|
|upkeep
|turn|23
|
|t:|1757925473
|move|p2a: Rotom|Will-O-Wisp|p1a: Overqwil|[miss]
|-miss|p2a: Rotom|p1a: Overqwil
|move|p1a: Overqwil|Scale Shot|p2a: Rotom
|-damage|p2a: Rotom|66/100
|-damage|p2a: Rotom|56/100
|-damage|p2a: Rotom|47/100
|-hitcount|p2a: Rotom|3
|-unboost|p1a: Overqwil|def|1
|-boost|p1a: Overqwil|spe|1
|
|upkeep
|turn|24
|
|t:|1757925484
|switch|p1a: Pelipper|Pelipper, M|61/100
|-weather|RainDance|[from] ability: Drizzle|[of] p1a: Pelipper
|move|p2a: Rotom|Volt Switch|p1a: Pelipper
|-supereffective|p1a: Pelipper
|-damage|p1a: Pelipper|0 fnt
|faint|p1a: Pelipper
|
|t:|1757925494
|switch|p2a: Deoxys|Deoxys-Speed|100/100|[from] Volt Switch
|-ability|p2a: Deoxys|Pressure
|
|-weather|RainDance|[upkeep]
|upkeep
|
|t:|1757925501
|switch|p1a: Overqwil|Overqwil, M|50/100
|turn|25
|
|t:|1757925515
|move|p1a: Overqwil|Throat Chop|p2a: Deoxys
|-supereffective|p2a: Deoxys
|-damage|p2a: Deoxys|0 fnt
|faint|p2a: Deoxys
|
|-weather|RainDance|[upkeep]
|upkeep
|
|t:|1757925519
|switch|p2a: Raging Bolt|Raging Bolt|100/100
|turn|26
|
|t:|1757925524
|move|p1a: Overqwil|Destiny Bond|p1a: Overqwil
|-singlemove|p1a: Overqwil|Destiny Bond
|move|p2a: Raging Bolt|Thunderbolt|p1a: Overqwil
|-damage|p1a: Overqwil|0 fnt
|faint|p1a: Overqwil
|-activate|p1a: Overqwil|move: Destiny Bond
|faint|p2a: Raging Bolt
|-end|p2a: Raging Bolt|Protosynthesis|[silent]
|
|-weather|RainDance|[upkeep]
|upkeep
|-message|nemisis69 forfeited.
|
|win|ahymeychreyehard
|raw|ahymeychreyehard's rating: 1099 &rarr; <strong>1129</strong><br />(+30 for winning)
|raw|nemisis69's rating: 1173 &rarr; <strong>1143</strong><br />(-30 for losing)
|l|☆nemisis69
|player|p2|
|l|☆ahymeychreyehard
|player|p1|
