|j|☆kaspairs
|j|☆darktrainerben
|t:|1757899895
|gametype|singles
|player|p1|kaspairs|veteran|1119
|player|p2|darktrainerben|gambler|1066
|gen|9
|tier|[Gen 9] OU
|rated|
|rule|HP Percentage Mod: HP is shown in percentages
|rule|Endless Battle Clause: Forcing endless battles is banned
|rule|Species Clause: Limit one of each Pokémon
|rule|OHKO Clause: OHKO moves are banned
|rule|Evasion Items Clause: Evasion items are banned
|rule|Evasion Moves Clause: Evasion moves are banned
|rule|Evasion Abilities Clause: Evasion abilities are banned
|rule|Sleep Moves Clause: Sleep-inducing moves are banned
|clearpoke
|poke|p1|Umbreon, F|
|poke|p1|Glimmora, F|
|poke|p1|Iron Moth|
|poke|p1|Gholdengo|
|poke|p1|Dragonite, F|
|poke|p1|Garchomp, F|
|poke|p2|Toxtricity, F|
|poke|p2|Honchkrow, M|
|poke|p2|Weezing-Galar, F|
|poke|p2|Ogerpon-Wellspring, F|
|poke|p2|Malamar, M|
|poke|p2|Rabsca, M|
|teampreview
|c|☆darktrainerben|Umbreon my goat?
|
|t:|1757899913
|teamsize|p1|6
|teamsize|p2|6
|start
|switch|p1a: éklaté|Glimmora, F|100/100
|switch|p2a: Me when no malamar|Ogerpon-Wellspring, F|100/100
|turn|1
|c|☆kaspairs|im new to pokemon
|c|☆kaspairs|dont judge
|
|t:|1757899925
|move|p2a: Me when no malamar|Swords Dance|p2a: Me when no malamar
|-boost|p2a: Me when no malamar|atk|2
|move|p1a: éklaté|Sludge Wave|p2a: Me when no malamar
|-supereffective|p2a: Me when no malamar
|-damage|p2a: Me when no malamar|0 fnt
|faint|p2a: Me when no malamar
|
|upkeep
|
|t:|1757899959
|switch|p2a: Pal-amar|Malamar, M, shiny|100/100
|turn|2
|
|t:|1757899964
|move|p1a: éklaté|Stealth Rock|p2a: Pal-amar
|-sidestart|p2: darktrainerben|move: Stealth Rock
|move|p2a: Pal-amar|Psycho Cut|p1a: éklaté
|-supereffective|p1a: éklaté
|-damage|p1a: éklaté|30/100
|-activate|p1a: éklaté|ability: Toxic Debris
|-sidestart|p2: darktrainerben|move: Toxic Spikes
|
|upkeep
|turn|3
|
|t:|1757899979
|switch|p1a: Kwasp|Umbreon, F|100/100
|move|p2a: Pal-amar|Trick Room|p2a: Pal-amar
|-fieldstart|move: Trick Room|[of] p2a: Pal-amar
|
|upkeep
|turn|4
|
|t:|1757899985
|move|p2a: Pal-amar|Superpower|p1a: Kwasp
|-supereffective|p1a: Kwasp
|-damage|p1a: Kwasp|46/100
|-boost|p2a: Pal-amar|atk|1
|-boost|p2a: Pal-amar|def|1
|move|p1a: Kwasp|Thunder Wave|p2a: Pal-amar
|-status|p2a: Pal-amar|par
|
|-heal|p1a: Kwasp|52/100|[from] item: Leftovers
|upkeep
|turn|5
|c|☆darktrainerben|No toxic?
|
|t:|1757900007
|move|p2a: Pal-amar|Superpower|p1a: Kwasp
|-supereffective|p1a: Kwasp
|-damage|p1a: Kwasp|0 fnt
|-boost|p2a: Pal-amar|atk|1
|-boost|p2a: Pal-amar|def|1
|faint|p1a: Kwasp
|
|upkeep
|
|t:|1757900028
|switch|p1a: Ptite piece|Gholdengo|100/100
|turn|6
|
|t:|1757900040
|-terastallize|p1a: Ptite piece|Flying
|move|p2a: Pal-amar|Lash Out|p1a: Ptite piece
|-damage|p1a: Ptite piece|34/100
|move|p1a: Ptite piece|Make It Rain|p2a: Pal-amar
|-damage|p2a: Pal-amar|24/100 par
|-unboost|p1a: Ptite piece|spa|1
|
|-heal|p2a: Pal-amar|30/100 par|[from] item: Leftovers
|upkeep
|turn|7
|
|t:|1757900056
|switch|p1a: éklaté|Glimmora, F|30/100
|cant|p2a: Pal-amar|par
|
|-heal|p2a: Pal-amar|36/100 par|[from] item: Leftovers
|-fieldend|move: Trick Room
|upkeep
|turn|8
|
|t:|1757900071
|move|p1a: éklaté|Sludge Wave|p2a: Pal-amar
|-damage|p2a: Pal-amar|0 fnt
|faint|p2a: Pal-amar
|
|upkeep
|
|t:|1757900077
|switch|p2a: Shell-by|Weezing-Galar, F, shiny|100/100
|-damage|p2a: Shell-by|88/100|[from] Stealth Rock
|turn|9
|
|t:|1757900086
|-terastallize|p2a: Shell-by|Steel
|move|p1a: éklaté|Earth Power|p2a: Shell-by
|-immune|p2a: Shell-by|[from] ability: Levitate
|move|p2a: Shell-by|Defog|p1a: éklaté
|-unboost|p1a: éklaté|evasion|1
|-sideend|p2: darktrainerben|Toxic Spikes|[from] move: Defog|[of] p2a: Shell-by
|-sideend|p2: darktrainerben|Stealth Rock|[from] move: Defog|[of] p2a: Shell-by
|
|-heal|p2a: Shell-by|94/100|[from] item: Leftovers
|upkeep
|turn|10
|
|t:|1757900104
|switch|p1a: Fite-de-Ber|Iron Moth|100/100
|-enditem|p1a: Fite-de-Ber|Booster Energy
|-activate|p1a: Fite-de-Ber|ability: Quark Drive|[fromitem]
|-start|p1a: Fite-de-Ber|quarkdrivespe
|switch|p2a: Unorthodox|Honchkrow, M, shiny|100/100
|
|upkeep
|turn|11
|
|t:|1757900119
|move|p1a: Fite-de-Ber|Fiery Dance|p2a: Unorthodox
|-damage|p2a: Unorthodox|44/100
|move|p2a: Unorthodox|Night Slash|p1a: Fite-de-Ber
|-damage|p1a: Fite-de-Ber|10/100
|
|upkeep
|turn|12
|c|☆darktrainerben|No crit this bull
|
|t:|1757900136
|move|p1a: Fite-de-Ber|Fiery Dance|p2a: Unorthodox
|-damage|p2a: Unorthodox|0 fnt
|-boost|p1a: Fite-de-Ber|spa|1
|faint|p2a: Unorthodox
|
|upkeep
|
|t:|1757900143
|switch|p2a: Blink-182|Toxtricity, F|100/100
|turn|13
|c|☆kaspairs|i dont jnow this poke
|c|☆kaspairs|stylish
|
|t:|1757900157
|move|p1a: Fite-de-Ber|Fiery Dance|p2a: Blink-182
|-damage|p2a: Blink-182|25/100
|-boost|p1a: Fite-de-Ber|spa|1
|move|p2a: Blink-182|Volt Switch|p1a: Fite-de-Ber
|-damage|p1a: Fite-de-Ber|0 fnt
|faint|p1a: Fite-de-Ber
|-end|p1a: Fite-de-Ber|Quark Drive|[silent]
|
|t:|1757900166
|switch|p2a: Bugga|Rabsca, M|100/100|[from] Volt Switch
|
|upkeep
|
|t:|1757900173
|switch|p1a: éklaté|Glimmora, F|30/100
|turn|14
|
|t:|1757900180
|switch|p2a: Shell-by|Weezing-Galar, F, shiny, tera:Steel|94/100
|move|p1a: éklaté|Stealth Rock|p2a: Shell-by
|-sidestart|p2: darktrainerben|move: Stealth Rock
|
|-heal|p2a: Shell-by|99/100|[from] item: Leftovers
|upkeep
|turn|15
|
|t:|1757900189
|switch|p1a: Ptite piece|Gholdengo, tera:Flying|34/100
|move|p2a: Shell-by|Play Rough|p1a: Ptite piece
|-damage|p1a: Ptite piece|5/100
|
|-heal|p2a: Shell-by|100/100|[from] item: Leftovers
|upkeep
|turn|16
|
|t:|1757900198
|move|p1a: Ptite piece|Trick|p2a: Shell-by
|-activate|p1a: Ptite piece|move: Trick|[of] p2a: Shell-by
|-item|p2a: Shell-by|Choice Scarf|[from] move: Trick
|-item|p1a: Ptite piece|Leftovers|[from] move: Trick
|move|p2a: Shell-by|Play Rough|p1a: Ptite piece
|-damage|p1a: Ptite piece|0 fnt
|faint|p1a: Ptite piece
|
|upkeep
|
|t:|1757900212
|switch|p1a: Normal en vrai|Dragonite, F|100/100
|turn|17
|
|t:|1757900227
|move|p1a: Normal en vrai|Dragon Dance|p1a: Normal en vrai
|-boost|p1a: Normal en vrai|atk|1
|-boost|p1a: Normal en vrai|spe|1
|move|p2a: Shell-by|Play Rough|p1a: Normal en vrai
|-supereffective|p1a: Normal en vrai
|-damage|p1a: Normal en vrai|71/100
|
|upkeep
|turn|18
|
|t:|1757900247
|move|p1a: Normal en vrai|Ice Spinner|p2a: Shell-by
|-resisted|p2a: Shell-by
|-damage|p2a: Shell-by|81/100
|move|p2a: Shell-by|Play Rough|p1a: Normal en vrai
|-supereffective|p1a: Normal en vrai
|-damage|p1a: Normal en vrai|3/100
|-unboost|p1a: Normal en vrai|atk|1
|
|upkeep
|turn|19
|
|t:|1757900262
|switch|p1a: éklaté|Glimmora, F|30/100
|move|p2a: Shell-by|Play Rough|p1a: éklaté
|-resisted|p1a: éklaté
|-damage|p1a: éklaté|13/100
|-activate|p1a: éklaté|ability: Toxic Debris
|-sidestart|p2: darktrainerben|move: Toxic Spikes
|
|upkeep
|turn|20
|
|t:|1757900278
|move|p1a: éklaté|Mortal Spin|p2a: Shell-by
|-immune|p2a: Shell-by
|move|p2a: Shell-by|Play Rough|p1a: éklaté
|-resisted|p1a: éklaté
|-damage|p1a: éklaté|0 fnt
|-activate|p1a: éklaté|ability: Toxic Debris
|-sidestart|p2: darktrainerben|move: Toxic Spikes
|faint|p1a: éklaté
|
|upkeep
|
|t:|1757900287
|switch|p1a: shakshak|Garchomp, F|100/100
|turn|21
|
|t:|1757900292
|move|p1a: shakshak|Scale Shot|p2a: Shell-by
|-resisted|p2a: Shell-by
|-damage|p2a: Shell-by|75/100
|-resisted|p2a: Shell-by
|-damage|p2a: Shell-by|70/100
|-hitcount|p2a: Shell-by|2
|-unboost|p1a: shakshak|def|1
|-boost|p1a: shakshak|spe|1
|move|p2a: Shell-by|Play Rough|p1a: shakshak
|-supereffective|p1a: shakshak
|-damage|p1a: shakshak|14/100
|-damage|p2a: Shell-by|58/100|[from] ability: Rough Skin|[of] p1a: shakshak
|
|-heal|p1a: shakshak|21/100|[from] item: Leftovers
|upkeep
|turn|22
|c|☆kaspairs|u won
|c|☆kaspairs|Gg
|c|☆darktrainerben|Gg ect ect
|
|t:|1757900309
|move|p1a: shakshak|Scale Shot|p2a: Shell-by
|-resisted|p2a: Shell-by
|-damage|p2a: Shell-by|52/100
|-resisted|p2a: Shell-by
|-damage|p2a: Shell-by|46/100
|-resisted|p2a: Shell-by
|-damage|p2a: Shell-by|39/100
|-resisted|p2a: Shell-by
|-damage|p2a: Shell-by|34/100
|-hitcount|p2a: Shell-by|4
|-unboost|p1a: shakshak|def|1
|-boost|p1a: shakshak|spe|1
|move|p2a: Shell-by|Play Rough|p1a: shakshak
|-supereffective|p1a: shakshak
|-damage|p1a: shakshak|0 fnt
|-damage|p2a: Shell-by|21/100|[from] ability: Rough Skin|[of] p1a: shakshak
|faint|p1a: shakshak
|
|upkeep
|
|t:|1757900325
|switch|p1a: Normal en vrai|Dragonite, F|3/100
|turn|23
|
|t:|1757900330
|move|p1a: Normal en vrai|Extreme Speed|p2a: Shell-by
|-resisted|p2a: Shell-by
|-damage|p2a: Shell-by|7/100
|move|p2a: Shell-by|Play Rough|p1a: Normal en vrai
|-supereffective|p1a: Normal en vrai
|-damage|p1a: Normal en vrai|0 fnt
|faint|p1a: Normal en vrai
|
|win|darktrainerben
|raw|kaspairs's rating: 1119 &rarr; <strong>1090</strong><br />(-29 for losing)
|raw|darktrainerben's rating: 1066 &rarr; <strong>1101</strong><br />(+35 for winning)
|l|☆darktrainerben
|player|p2|
|l|☆kaspairs
|player|p1|
