|j|☆Megumin's Husband
|j|☆suzysleep
|t:|1757912692
|gametype|singles
|player|p1|Megumin's Husband|unknown|1249
|player|p2|suzysleep|roxie|1217
|gen|9
|tier|[Gen 9] OU
|rated|
|rule|HP Percentage Mod: HP is shown in percentages
|rule|Endless Battle Clause: Forcing endless battles is banned
|rule|Species Clause: Limit one of each Pokémon
|rule|OHKO Clause: OHKO moves are banned
|rule|Evasion Items Clause: Evasion items are banned
|rule|Evasion Moves Clause: Evasion moves are banned
|rule|Evasion Abilities Clause: Evasion abilities are banned
|rule|Sleep Moves Clause: Sleep-inducing moves are banned
|clearpoke
|poke|p1|Great Tusk|
|poke|p1|Heatran, M|
|poke|p1|Weavile, M|
|poke|p1|Primarina, F|
|poke|p1|Ogerpon, F|
|poke|p1|Corviknight, F|
|poke|p2|Zoroark-Hisui, F|
|poke|p2|Gliscor, F|
|poke|p2|Zapdos|
|poke|p2|Great Tusk|
|poke|p2|Dragapult, F|
|poke|p2|Kingambit, M|
|teampreview
|inactive|Battle timer is ON: inactive players will automatically lose when time's up. (requested by suzysleep)
|
|t:|1757912703
|teamsize|p1|6
|teamsize|p2|6
|start
|switch|p1a: Ogerpon|Ogerpon, F|100/100
|switch|p2a: Gliscor|Gliscor, F|100/100
|turn|1
|
|t:|1757912709
|move|p2a: Gliscor|Protect|p2a: Gliscor
|-singleturn|p2a: Gliscor|Protect
|move|p1a: Ogerpon|Ivy Cudgel|p2a: Gliscor
|-activate|p2a: Gliscor|move: Protect
|
|-status|p2a: Gliscor|tox|[from] item: Toxic Orb
|upkeep
|turn|2
|
|t:|1757912715
|switch|p1a: Heatran|Heatran, M, shiny|100/100
|-item|p1a: Heatran|Air Balloon
|switch|p2a: Zapdos|Zapdos|100/100
|
|upkeep
|turn|3
|
|t:|1757912724
|move|p1a: Heatran|Stealth Rock|p2a: Zapdos
|-sidestart|p2: suzysleep|move: Stealth Rock
|move|p2a: Zapdos|Discharge|p1a: Heatran
|-damage|p1a: Heatran|70/100
|-enditem|p1a: Heatran|Air Balloon
|
|upkeep
|turn|4
|
|t:|1757912732
|switch|p2a: Great Tusk|Great Tusk|100/100
|move|p1a: Heatran|Magma Storm|p2a: Great Tusk|[miss]
|-miss|p1a: Heatran|p2a: Great Tusk
|
|upkeep
|turn|5
|
|t:|1757912743
|switch|p1a: Weavile|Weavile, M, shiny|100/100
|-ability|p1a: Weavile|Pressure
|move|p2a: Great Tusk|Rapid Spin|p1a: Weavile
|-damage|p1a: Weavile|75/100
|-boost|p2a: Great Tusk|spe|1
|-sideend|p2: suzysleep|Stealth Rock|[from] move: Rapid Spin|[of] p2a: Great Tusk
|
|upkeep
|turn|6
|
|t:|1757912749
|-end|p2a: Great Tusk|Protosynthesis|[silent]
|switch|p2a: Zapdos|Zapdos|100/100
|switch|p1a: Corviknight|Corviknight, F, shiny|100/100
|-ability|p1a: Corviknight|Pressure
|
|upkeep
|turn|7
|
|t:|1757912756
|switch|p1a: Heatran|Heatran, M, shiny|70/100
|move|p2a: Zapdos|Discharge|p1a: Heatran
|-damage|p1a: Heatran|37/100
|
|upkeep
|turn|8
|
|t:|1757912763
|switch|p2a: Gliscor|Gliscor, F|100/100 tox
|move|p1a: Heatran|Magma Storm|p2a: Gliscor
|-damage|p2a: Gliscor|57/100 tox
|-activate|p2a: Gliscor|move: Magma Storm|[of] p1a: Heatran
|
|-heal|p2a: Gliscor|69/100 tox|[from] ability: Poison Heal
|-damage|p2a: Gliscor|57/100 tox|[from] move: Magma Storm|[partiallytrapped]
|upkeep
|turn|9
|
|t:|1757912774
|move|p1a: Heatran|Stealth Rock|p2a: Gliscor
|-sidestart|p2: suzysleep|move: Stealth Rock
|move|p2a: Gliscor|Stealth Rock|p1a: Heatran
|-sidestart|p1: Megumin's Husband|move: Stealth Rock
|
|-heal|p2a: Gliscor|69/100 tox|[from] ability: Poison Heal
|-damage|p2a: Gliscor|57/100 tox|[from] move: Magma Storm|[partiallytrapped]
|upkeep
|turn|10
|
|t:|1757912787
|switch|p1a: Great Tusk|Great Tusk|100/100
|-damage|p1a: Great Tusk|98/100|[from] Stealth Rock
|move|p2a: Gliscor|Earthquake|p1a: Great Tusk
|-damage|p1a: Great Tusk|74/100
|
|-heal|p2a: Gliscor|69/100 tox|[from] ability: Poison Heal
|-end|p2a: Gliscor|Magma Storm|[partiallytrapped]|[silent]
|upkeep
|turn|11
|
|t:|1757912811
|switch|p2a: Zapdos|Zapdos|100/100
|move|p1a: Great Tusk|Headlong Rush|p2a: Zapdos
|-immune|p2a: Zapdos
|
|upkeep
|turn|12
|
|t:|1757912817
|move|p1a: Great Tusk|Rapid Spin|p2a: Zapdos
|-damage|p2a: Zapdos|88/100
|-boost|p1a: Great Tusk|spe|1
|-sideend|p1: Megumin's Husband|Stealth Rock|[from] move: Rapid Spin|[of] p1a: Great Tusk
|move|p2a: Zapdos|Hurricane|p1a: Great Tusk
|-supereffective|p1a: Great Tusk
|-damage|p1a: Great Tusk|0 fnt
|faint|p1a: Great Tusk
|-end|p1a: Great Tusk|Protosynthesis|[silent]
|
|upkeep
|
|t:|1757912823
|switch|p1a: Weavile|Weavile, M, shiny|75/100
|-ability|p1a: Weavile|Pressure
|turn|13
|
|t:|1757912827
|-terastallize|p2a: Zapdos|Steel
|move|p1a: Weavile|Triple Axel|p2a: Zapdos
|-resisted|p2a: Zapdos
|-damage|p2a: Zapdos|83/100
|-status|p1a: Weavile|par|[from] ability: Static|[of] p2a: Zapdos
|-resisted|p2a: Zapdos
|-damage|p2a: Zapdos|73/100
|-resisted|p2a: Zapdos
|-damage|p2a: Zapdos|57/100
|-hitcount|p2a: Zapdos|3
|move|p2a: Zapdos|Heat Wave|p1a: Weavile
|-supereffective|p1a: Weavile
|-damage|p1a: Weavile|0 fnt
|faint|p1a: Weavile
|
|upkeep
|-message|Megumin's Husband forfeited.
|
|win|suzysleep
|raw|Megumin&apos;s Husband's rating: 1249 &rarr; <strong>1222</strong><br />(-27 for losing)
|raw|suzysleep's rating: 1217 &rarr; <strong>1244</strong><br />(+27 for winning)
|l|☆Megumin's Husband
|player|p1|
