|j|☆cyan maple
|j|☆jeet999
|t:|1757825373
|gametype|singles
|player|p1|cyan maple|n-masters|1524
|player|p2|jeet999|cynthia-masters|1593
|gen|9
|tier|[Gen 9] OU
|rated|
|rule|HP Percentage Mod: HP is shown in percentages
|rule|Endless Battle Clause: Forcing endless battles is banned
|rule|Species Clause: Limit one of each Pokémon
|rule|OHKO Clause: OHKO moves are banned
|rule|Evasion Items Clause: Evasion items are banned
|rule|Evasion Moves Clause: Evasion moves are banned
|rule|Evasion Abilities Clause: Evasion abilities are banned
|rule|Sleep Moves Clause: Sleep-inducing moves are banned
|clearpoke
|poke|p1|Pecharunt|
|poke|p1|Great Tusk|
|poke|p1|Ogerpon-Wellspring, F|
|poke|p1|Iron Crown|
|poke|p1|Landorus-Therian, M|
|poke|p1|Samurott-Hisui, M|
|poke|p2|Indeedee, M|
|poke|p2|Hatterene, F|
|poke|p2|Ursaluna, F|
|poke|p2|Iron Hands|
|poke|p2|Hoopa-Unbound|
|poke|p2|Mimikyu, F|
|teampreview
|inactive|Battle timer is ON: inactive players will automatically lose when time's up. (requested by jeet999)
|
|t:|1757825385
|teamsize|p1|6
|teamsize|p2|6
|start
|switch|p1a: Iron Crown|Iron Crown|100/100
|switch|p2a: LEBRON|Iron Hands, shiny|100/100
|-enditem|p2a: LEBRON|Booster Energy
|-activate|p2a: LEBRON|ability: Quark Drive|[fromitem]
|-start|p2a: LEBRON|quarkdriveatk
|turn|1
|
|t:|1757825395
|move|p1a: Iron Crown|Volt Switch|p2a: LEBRON
|-resisted|p2a: LEBRON
|-damage|p2a: LEBRON|86/100
|
|t:|1757825399
|-end|p1a: Iron Crown|Quark Drive|[silent]
|switch|p1a: Great Tusk|Great Tusk|100/100|[from] Volt Switch
|-enditem|p1a: Great Tusk|Booster Energy
|-activate|p1a: Great Tusk|ability: Protosynthesis|[fromitem]
|-start|p1a: Great Tusk|protosynthesisspe
|move|p2a: LEBRON|Close Combat|p1a: Great Tusk
|-crit|p1a: Great Tusk
|-damage|p1a: Great Tusk|19/100
|-unboost|p2a: LEBRON|def|1
|-unboost|p2a: LEBRON|spd|1
|
|upkeep
|turn|2
|
|t:|1757825420
|-end|p2a: LEBRON|Quark Drive|[silent]
|switch|p2a: Mimi|Mimikyu, F, shiny|100/100
|move|p1a: Great Tusk|Headlong Rush|p2a: Mimi
|-activate|p2a: Mimi|ability: Disguise
|-damage|p2a: Mimi|100/100
|-unboost|p1a: Great Tusk|def|1
|-unboost|p1a: Great Tusk|spd|1
|detailschange|p2a: Mimi|Mimikyu-Busted, F, shiny
|-damage|p2a: Mimi|88/100|[from] pokemon: Mimikyu-Busted
|-enditem|p2a: Mimi|Red Card|[of] p1a: Great Tusk
|-end|p1a: Great Tusk|Protosynthesis|[silent]
|drag|p1a: Landorus|Landorus-Therian, M|100/100
|-ability|p1a: Landorus|Intimidate|boost
|-unboost|p2a: Mimi|atk|1
|
|upkeep
|turn|3
|
|t:|1757825434
|move|p1a: Landorus|Earthquake|p2a: Mimi
|-damage|p2a: Mimi|29/100
|move|p2a: Mimi|Trick Room|p2a: Mimi
|-fieldstart|move: Trick Room|[of] p2a: Mimi
|
|upkeep
|turn|4
|
|t:|1757825441
|switch|p1a: Great Tusk|Great Tusk|19/100
|move|p2a: Mimi|Destiny Bond|p2a: Mimi
|-singlemove|p2a: Mimi|Destiny Bond
|
|upkeep
|turn|5
|
|t:|1757825446
|move|p2a: Mimi|Curse|p1a: Great Tusk
|-start|p1a: Great Tusk|Curse|[of] p2a: Mimi
|-damage|p2a: Mimi|0 fnt
|faint|p2a: Mimi
|move|p1a: Great Tusk|Stealth Rock|p2: Mimi
|-sidestart|p2: jeet999|move: Stealth Rock
|
|-damage|p1a: Great Tusk|0 fnt|[from] Curse
|faint|p1a: Great Tusk
|-end|p1a: Great Tusk|Protosynthesis|[silent]
|upkeep
|j| wgw2333
|
|t:|1757825461
|switch|p2a: Crashout YN|Ursaluna, F, shiny|100/100
|switch|p1a: Samurott|Samurott-Hisui, M|100/100
|-damage|p2a: Crashout YN|94/100|[from] Stealth Rock
|turn|6
|
|t:|1757825471
|move|p1a: Samurott|Aqua Jet|p2a: Crashout YN
|-supereffective|p2a: Crashout YN
|-damage|p2a: Crashout YN|63/100
|move|p2a: Crashout YN|Supercell Slam|p1a: Samurott
|-supereffective|p1a: Samurott
|-damage|p1a: Samurott|0 fnt
|faint|p1a: Samurott
|
|-status|p2a: Crashout YN|brn|[from] item: Flame Orb
|upkeep
|
|t:|1757825475
|switch|p1a: Landorus|Landorus-Therian, M|100/100
|-ability|p1a: Landorus|Intimidate|boost
|-unboost|p2a: Crashout YN|atk|1
|turn|7
|
|t:|1757825485
|switch|p1a: Pecharunt|Pecharunt|100/100
|-terastallize|p2a: Crashout YN|Normal
|move|p2a: Crashout YN|Facade|p1a: Pecharunt
|-immune|p1a: Pecharunt
|
|-damage|p2a: Crashout YN|57/100 brn|[from] brn
|-fieldend|move: Trick Room
|upkeep
|turn|8
|
|t:|1757825497
|switch|p2a: Subaru|Indeedee, M, shiny|100/100
|-damage|p2a: Subaru|88/100|[from] Stealth Rock
|-fieldstart|move: Psychic Terrain|[from] ability: Psychic Surge|[of] p2a: Subaru
|move|p1a: Pecharunt|Parting Shot|p2a: Subaru
|-unboost|p2a: Subaru|atk|1
|-unboost|p2a: Subaru|spa|1
|
|t:|1757825501
|switch|p1a: Iron Crown|Iron Crown|100/100|[from] Parting Shot
|
|upkeep
|turn|9
|
|t:|1757825509
|-terastallize|p1a: Iron Crown|Steel
|move|p1a: Iron Crown|Tachyon Cutter|p2a: Subaru
|-damage|p2a: Subaru|35/100
|-damage|p2a: Subaru|0 fnt
|faint|p2a: Subaru
|-hitcount|p2: Subaru|2
|
|upkeep
|
|t:|1757825524
|switch|p2a: King Von|Hoopa-Unbound|100/100
|-damage|p2a: King Von|88/100|[from] Stealth Rock
|-enditem|p2a: King Von|Psychic Seed
|-boost|p2a: King Von|spd|1|[from] item: Psychic Seed
|turn|10
|
|t:|1757825531
|-end|p1a: Iron Crown|Quark Drive|[silent]
|switch|p1a: Pecharunt|Pecharunt|100/100
|move|p2a: King Von|Trick Room|p2a: King Von
|-fieldstart|move: Trick Room|[of] p2a: King Von
|
|upkeep
|turn|11
|
|t:|1757825537
|move|p2a: King Von|Hyperspace Fury|p1a: Pecharunt
|-supereffective|p1a: Pecharunt
|-damage|p1a: Pecharunt|50/100
|-unboost|p2a: King Von|def|1
|-item|p2a: King Von|Rocky Helmet|[from] ability: Magician|[of] p1a: Pecharunt
|move|p1a: Pecharunt|Foul Play|p2a: King Von
|-damage|p2a: King Von|31/100
|-damage|p1a: Pecharunt|33/100|[from] item: Rocky Helmet|[of] p2a: King Von
|
|upkeep
|turn|12
|
|t:|1757825549
|move|p2a: King Von|Expanding Force|p1a: Pecharunt
|-supereffective|p1a: Pecharunt
|-damage|p1a: Pecharunt|0 fnt
|faint|p1a: Pecharunt
|
|upkeep
|
|t:|1757825555
|switch|p1a: Ogerpon|Ogerpon-Wellspring, F|100/100
|turn|13
|
|t:|1757825558
|move|p2a: King Von|Expanding Force|p1a: Ogerpon
|-damage|p1a: Ogerpon|0 fnt
|faint|p1a: Ogerpon
|
|upkeep
|
|t:|1757825561
|switch|p1a: Landorus|Landorus-Therian, M|100/100
|-ability|p1a: Landorus|Intimidate|boost
|-unboost|p2a: King Von|atk|1
|turn|14
|
|t:|1757825565
|move|p2a: King Von|Expanding Force|p1a: Landorus
|-damage|p1a: Landorus|0 fnt
|faint|p1a: Landorus
|
|-fieldend|move: Trick Room
|upkeep
|
|t:|1757825567
|switch|p1a: Iron Crown|Iron Crown, tera:Steel|100/100
|turn|15
|
|t:|1757825573
|move|p1a: Iron Crown|Tachyon Cutter|p2a: King Von
|-damage|p2a: King Von|4/100
|-damage|p2a: King Von|0 fnt
|faint|p2a: King Von
|-hitcount|p2: King Von|2
|
|-fieldend|move: Psychic Terrain
|upkeep
|
|t:|1757825582
|switch|p2a: LEBRON|Iron Hands, shiny|86/100
|-damage|p2a: LEBRON|80/100|[from] Stealth Rock
|turn|16
|
|t:|1757825586
|move|p1a: Iron Crown|Tachyon Cutter|p2a: LEBRON
|-resisted|p2a: LEBRON
|-damage|p2a: LEBRON|60/100
|-resisted|p2a: LEBRON
|-damage|p2a: LEBRON|42/100
|-hitcount|p2a: LEBRON|2
|move|p2a: LEBRON|Close Combat|p1a: Iron Crown
|-supereffective|p1a: Iron Crown
|-damage|p1a: Iron Crown|0 fnt
|-unboost|p2a: LEBRON|def|1
|-unboost|p2a: LEBRON|spd|1
|faint|p1a: Iron Crown
|-end|p1a: Iron Crown|Quark Drive|[silent]
|
|win|jeet999
|raw|cyan maple's rating: 1524 &rarr; <strong>1508</strong><br />(-16 for losing)
|raw|jeet999's rating: 1593 &rarr; <strong>1609</strong><br />(+16 for winning)
|l|☆cyan maple
|player|p1|
|c|☆jeet999|gg
|l|☆jeet999
|player|p2|
