|j|☆Whynot0007
|j|☆Arloisthebest
|t:|1757816259
|gametype|singles
|player|p1|Whynot0007|ethan|1304
|player|p2|Arloisthebest|266|1261
|gen|9
|tier|[Gen 9] OU
|rated|
|rule|HP Percentage Mod: HP is shown in percentages
|rule|Endless Battle Clause: Forcing endless battles is banned
|rule|Species Clause: Limit one of each Pokémon
|rule|OHKO Clause: OHKO moves are banned
|rule|Evasion Items Clause: Evasion items are banned
|rule|Evasion Moves Clause: Evasion moves are banned
|rule|Evasion Abilities Clause: Evasion abilities are banned
|rule|Sleep Moves Clause: Sleep-inducing moves are banned
|clearpoke
|poke|p1|Ninetales-Alola, F|
|poke|p1|Kommo-o, M|
|poke|p1|Iron Treads|
|poke|p1|Ogerpon-Wellspring, F|
|poke|p1|Iron Moth|
|poke|p1|Rillaboom, M|
|poke|p2|Goodra, M|
|poke|p2|Leafeon, M|
|poke|p2|Donphan, M|
|poke|p2|Manaphy|
|poke|p2|Samurott-Hisui, F|
|poke|p2|Perrserker, F|
|teampreview
|
|t:|1757816272
|teamsize|p1|6
|teamsize|p2|6
|start
|switch|p1a: Ninetales|Ninetales-Alola, F|100/100
|switch|p2a: Perrserker|Perrserker, F|100/100
|-weather|Snowscape|[from] ability: Snow Warning|[of] p1a: Ninetales
|turn|1
|inactive|Battle timer is ON: inactive players will automatically lose when time's up. (requested by Arloisthebest)
|
|t:|1757816284
|move|p1a: Ninetales|Aurora Veil|p1a: Ninetales
|-sidestart|p1: Whynot0007|move: Aurora Veil
|move|p2a: Perrserker|Iron Head|p1a: Ninetales
|-supereffective|p1a: Ninetales
|-damage|p1a: Ninetales|24/100
|
|-weather|Snowscape|[upkeep]
|upkeep
|turn|2
|
|t:|1757816289
|move|p1a: Ninetales|Encore|p2a: Perrserker
|-start|p2a: Perrserker|Encore
|move|p2a: Perrserker|Iron Head|p1a: Ninetales
|-supereffective|p1a: Ninetales
|-damage|p1a: Ninetales|0 fnt
|faint|p1a: Ninetales
|
|-weather|Snowscape|[upkeep]
|upkeep
|
|t:|1757816297
|switch|p1a: Iron Moth|Iron Moth|100/100
|-enditem|p1a: Iron Moth|Booster Energy
|-activate|p1a: Iron Moth|ability: Quark Drive|[fromitem]
|-start|p1a: Iron Moth|quarkdrivespe
|turn|3
|
|t:|1757816306
|move|p1a: Iron Moth|Fiery Dance|p2a: Perrserker
|-supereffective|p2a: Perrserker
|-damage|p2a: Perrserker|0 fnt
|faint|p2a: Perrserker
|
|-weather|Snowscape|[upkeep]
|upkeep
|
|t:|1757816314
|switch|p2a: Donphan|Donphan, M|100/100
|turn|4
|
|t:|1757816318
|-terastallize|p1a: Iron Moth|Grass
|move|p1a: Iron Moth|Fiery Dance|p2a: Donphan
|-damage|p2a: Donphan|47/100
|move|p2a: Donphan|Earthquake|p1a: Iron Moth
|-resisted|p1a: Iron Moth
|-damage|p1a: Iron Moth|81/100
|
|-weather|Snowscape|[upkeep]
|-heal|p2a: Donphan|53/100|[from] item: Leftovers
|upkeep
|turn|5
|
|t:|1757816323
|move|p1a: Iron Moth|Fiery Dance|p2a: Donphan
|-damage|p2a: Donphan|2/100
|-boost|p1a: Iron Moth|spa|1
|move|p2a: Donphan|Ice Spinner|p1a: Iron Moth
|-supereffective|p1a: Iron Moth
|-damage|p1a: Iron Moth|37/100
|
|-weather|none
|-heal|p2a: Donphan|8/100|[from] item: Leftovers
|upkeep
|turn|6
|
|t:|1757816330
|move|p1a: Iron Moth|Fiery Dance|p2a: Donphan
|-damage|p2a: Donphan|0 fnt
|faint|p2a: Donphan
|
|upkeep
|
|t:|1757816340
|switch|p2a: Samurott|Samurott-Hisui, F|100/100
|turn|7
|
|t:|1757816344
|move|p1a: Iron Moth|Energy Ball|p2a: Samurott
|-supereffective|p2a: Samurott
|-enditem|p2a: Samurott|Focus Sash
|-damage|p2a: Samurott|1/100
|move|p2a: Samurott|Ceaseless Edge|p1a: Iron Moth
|-damage|p1a: Iron Moth|2/100
|-sidestart|p1: Whynot0007|Spikes
|
|upkeep
|turn|8
|
|t:|1757816348
|move|p2a: Samurott|Aqua Jet|p1a: Iron Moth
|-resisted|p1a: Iron Moth
|-damage|p1a: Iron Moth|0 fnt
|faint|p1a: Iron Moth
|-end|p1a: Iron Moth|Quark Drive|[silent]
|
|-sideend|p1: Whynot0007|move: Aurora Veil
|upkeep
|
|t:|1757816351
|switch|p1a: Kommo-o|Kommo-o, M|100/100
|-damage|p1a: Kommo-o|88/100|[from] Spikes
|turn|9
|
|t:|1757816358
|move|p1a: Kommo-o|Clangorous Soul|p1a: Kommo-o
|-boost|p1a: Kommo-o|atk|1
|-boost|p1a: Kommo-o|def|1
|-boost|p1a: Kommo-o|spa|1
|-boost|p1a: Kommo-o|spd|1
|-boost|p1a: Kommo-o|spe|1
|-damage|p1a: Kommo-o|55/100
|-enditem|p1a: Kommo-o|Throat Spray
|-boost|p1a: Kommo-o|spa|1|[from] item: Throat Spray
|move|p2a: Samurott|Razor Shell|p1a: Kommo-o
|-resisted|p1a: Kommo-o
|-damage|p1a: Kommo-o|38/100
|
|upkeep
|turn|10
|
|t:|1757816363
|move|p2a: Samurott|Aqua Jet|p1a: Kommo-o
|-resisted|p1a: Kommo-o
|-damage|p1a: Kommo-o|32/100
|move|p1a: Kommo-o|Flamethrower|p2a: Samurott
|-resisted|p2a: Samurott
|-damage|p2a: Samurott|0 fnt
|faint|p2a: Samurott
|
|upkeep
|
|t:|1757816371
|switch|p2a: Goodra|Goodra, M|100/100
|turn|11
|
|t:|1757816378
|move|p1a: Kommo-o|Clanging Scales|p2a: Goodra
|-supereffective|p2a: Goodra
|-damage|p2a: Goodra|39/100
|-unboost|p1a: Kommo-o|def|1
|move|p2a: Goodra|Draco Meteor|p1a: Kommo-o
|-supereffective|p1a: Kommo-o
|-damage|p1a: Kommo-o|0 fnt
|-unboost|p2a: Goodra|spa|2
|faint|p1a: Kommo-o
|
|upkeep
|
|t:|1757816386
|switch|p1a: Ogerpon|Ogerpon-Wellspring, F|100/100
|-damage|p1a: Ogerpon|88/100|[from] Spikes
|turn|12
|
|t:|1757816398
|move|p1a: Ogerpon|Swords Dance|p1a: Ogerpon
|-boost|p1a: Ogerpon|atk|2
|move|p2a: Goodra|Acid Spray|p1a: Ogerpon
|-supereffective|p1a: Ogerpon
|-damage|p1a: Ogerpon|76/100
|-unboost|p1a: Ogerpon|spd|2
|
|upkeep
|turn|13
|
|t:|1757816421
|move|p1a: Ogerpon|Play Rough|p2a: Goodra|[miss]
|-miss|p1a: Ogerpon|p2a: Goodra
|move|p2a: Goodra|Draco Meteor|p1a: Ogerpon|[miss]
|-miss|p2a: Goodra|p1a: Ogerpon
|
|upkeep
|turn|14
|
|t:|1757816426
|move|p1a: Ogerpon|Play Rough|p2a: Goodra|[miss]
|-miss|p1a: Ogerpon|p2a: Goodra
|move|p2a: Goodra|Draco Meteor|p1a: Ogerpon
|-crit|p1a: Ogerpon
|-damage|p1a: Ogerpon|0 fnt
|-unboost|p2a: Goodra|spa|2
|faint|p1a: Ogerpon
|
|upkeep
|-message|Whynot0007 forfeited.
|
|win|Arloisthebest
|raw|Whynot0007's rating: 1304 &rarr; <strong>1282</strong><br />(-22 for losing)
|raw|Arloisthebest's rating: 1261 &rarr; <strong>1289</strong><br />(+28 for winning)
|l|☆Whynot0007
|player|p1|
|l|☆Arloisthebest
|player|p2|
