|j|☆cupcakkaina
|j|☆mbthelen630
|t:|1757858058
|gametype|singles
|player|p1|cupcakkaina|caitlin|1331
|player|p2|mbthelen630|102|1351
|gen|9
|tier|[Gen 9] OU
|rated|
|rule|HP Percentage Mod: HP is shown in percentages
|rule|Endless Battle Clause: Forcing endless battles is banned
|rule|Species Clause: Limit one of each Pokémon
|rule|OHKO Clause: OHKO moves are banned
|rule|Evasion Items Clause: Evasion items are banned
|rule|Evasion Moves Clause: Evasion moves are banned
|rule|Evasion Abilities Clause: Evasion abilities are banned
|rule|Sleep Moves Clause: Sleep-inducing moves are banned
|clearpoke
|poke|p1|Weavile, F|
|poke|p1|Ribombee, F|
|poke|p1|Iron Crown|
|poke|p1|Gholdengo|
|poke|p1|Dragonite, F|
|poke|p1|Iron Valiant|
|poke|p2|Tyranitar, M|
|poke|p2|Hydreigon, F|
|poke|p2|Iron Thorns|
|poke|p2|Blastoise, F|
|poke|p2|Iron Jugulis|
|poke|p2|Rillaboom, M|
|teampreview
|
|t:|1757858070
|teamsize|p1|6
|teamsize|p2|6
|start
|switch|p1a: Ribombee|Ribombee, F, shiny|100/100
|switch|p2a: Godzilla|Tyranitar, M|100/100
|-weather|Sandstorm|[from] ability: Sand Stream|[of] p2a: Godzilla
|turn|1
|
|t:|1757858084
|move|p1a: Ribombee|Sticky Web|p2a: Godzilla
|-sidestart|p2: mbthelen630|move: Sticky Web
|move|p2a: Godzilla|Stone Edge|p1a: Ribombee
|-supereffective|p1a: Ribombee
|-enditem|p1a: Ribombee|Focus Sash
|-damage|p1a: Ribombee|1/100
|
|-weather|Sandstorm|[upkeep]
|-damage|p1a: Ribombee|0 fnt|[from] Sandstorm
|faint|p1a: Ribombee
|upkeep
|
|t:|1757858089
|switch|p1a: Iron Crown|Iron Crown|100/100
|-enditem|p1a: Iron Crown|Booster Energy
|-activate|p1a: Iron Crown|ability: Quark Drive|[fromitem]
|-start|p1a: Iron Crown|quarkdrivespe
|turn|2
|
|t:|1757858098
|-terastallize|p1a: Iron Crown|Steel
|move|p1a: Iron Crown|Calm Mind|p1a: Iron Crown
|-boost|p1a: Iron Crown|spa|1
|-boost|p1a: Iron Crown|spd|1
|move|p2a: Godzilla|Crunch|p1a: Iron Crown
|-damage|p1a: Iron Crown|64/100
|
|-weather|Sandstorm|[upkeep]
|upkeep
|turn|3
|
|t:|1757858110
|move|p1a: Iron Crown|Tachyon Cutter|p2a: Godzilla
|-supereffective|p2a: Godzilla
|-damage|p2a: Godzilla|59/100
|-supereffective|p2a: Godzilla
|-damage|p2a: Godzilla|19/100
|-hitcount|p2a: Godzilla|2
|move|p2a: Godzilla|Crunch|p1a: Iron Crown
|-damage|p1a: Iron Crown|27/100
|
|-weather|Sandstorm|[upkeep]
|upkeep
|turn|4
|
|t:|1757858118
|move|p1a: Iron Crown|Tachyon Cutter|p2a: Godzilla
|-supereffective|p2a: Godzilla
|-damage|p2a: Godzilla|0 fnt
|faint|p2a: Godzilla
|-hitcount|p2: Godzilla|1
|
|-weather|Sandstorm|[upkeep]
|upkeep
|
|t:|1757858128
|switch|p2a: King Ghidorah|Hydreigon, F|100/100
|turn|5
|
|t:|1757858132
|-terastallize|p2a: King Ghidorah|Electric
|move|p1a: Iron Crown|Focus Blast|p2a: King Ghidorah
|-damage|p2a: King Ghidorah|34/100
|move|p2a: King Ghidorah|Flamethrower|p1a: Iron Crown
|-supereffective|p1a: Iron Crown
|-damage|p1a: Iron Crown|0 fnt
|faint|p1a: Iron Crown
|-end|p1a: Iron Crown|Quark Drive|[silent]
|
|-weather|none
|upkeep
|
|t:|1757858141
|switch|p1a: Iron Valiant|Iron Valiant|100/100
|-enditem|p1a: Iron Valiant|Booster Energy
|-activate|p1a: Iron Valiant|ability: Quark Drive|[fromitem]
|-start|p1a: Iron Valiant|quarkdrivespe
|turn|6
|
|t:|1757858147
|move|p1a: Iron Valiant|Spirit Break|p2a: King Ghidorah
|-damage|p2a: King Ghidorah|0 fnt
|faint|p2a: King Ghidorah
|
|upkeep
|
|t:|1757858154
|switch|p2a: MechaGodzilla|Iron Thorns|100/100
|-activate|p2a: MechaGodzilla|move: Sticky Web
|-unboost|p2a: MechaGodzilla|spe|1
|-enditem|p2a: MechaGodzilla|Booster Energy
|-activate|p2a: MechaGodzilla|ability: Quark Drive|[fromitem]
|-start|p2a: MechaGodzilla|quarkdriveatk
|turn|7
|
|t:|1757858162
|move|p1a: Iron Valiant|Close Combat|p2a: MechaGodzilla
|-supereffective|p2a: MechaGodzilla
|-damage|p2a: MechaGodzilla|0 fnt
|-unboost|p1a: Iron Valiant|def|1
|-unboost|p1a: Iron Valiant|spd|1
|faint|p2a: MechaGodzilla
|-end|p2a: MechaGodzilla|Quark Drive|[silent]
|
|upkeep
|
|t:|1757858169
|switch|p2a: King Kong|Rillaboom, M|100/100
|-activate|p2a: King Kong|move: Sticky Web
|-unboost|p2a: King Kong|spe|1
|-fieldstart|move: Grassy Terrain|[from] ability: Grassy Surge|[of] p2a: King Kong
|turn|8
|
|t:|1757858175
|-end|p1a: Iron Valiant|Quark Drive|[silent]
|switch|p1a: Gholdengo|Gholdengo, shiny|100/100
|move|p2a: King Kong|Grassy Glide|p1a: Gholdengo
|-resisted|p1a: Gholdengo
|-damage|p1a: Gholdengo|69/100
|
|-heal|p1a: Gholdengo|75/100|[from] Grassy Terrain
|upkeep
|turn|9
|
|t:|1757858203
|switch|p2a: Gamera|Blastoise, F|100/100
|-activate|p2a: Gamera|move: Sticky Web
|-unboost|p2a: Gamera|spe|1
|-enditem|p2a: Gamera|White Herb
|-clearnegativeboost|p2a: Gamera|[silent]
|move|p1a: Gholdengo|Make It Rain|p2a: Gamera
|-resisted|p2a: Gamera
|-damage|p2a: Gamera|67/100
|-unboost|p1a: Gholdengo|spa|1
|
|-heal|p1a: Gholdengo|81/100|[from] Grassy Terrain
|-heal|p2a: Gamera|73/100|[from] Grassy Terrain
|upkeep
|turn|10
|
|t:|1757858215
|switch|p1a: Weavile|Weavile, F|100/100
|move|p2a: Gamera|Shell Smash|p2a: Gamera
|-unboost|p2a: Gamera|def|1
|-unboost|p2a: Gamera|spd|1
|-boost|p2a: Gamera|atk|2
|-boost|p2a: Gamera|spa|2
|-boost|p2a: Gamera|spe|2
|
|-heal|p2a: Gamera|79/100|[from] Grassy Terrain
|upkeep
|turn|11
|
|t:|1757858228
|move|p2a: Gamera|Aura Sphere|p1a: Weavile
|-supereffective|p1a: Weavile
|-enditem|p1a: Weavile|Focus Sash
|-damage|p1a: Weavile|1/100
|move|p1a: Weavile|Triple Axel|p2a: Gamera
|-resisted|p2a: Gamera
|-damage|p2a: Gamera|70/100
|-resisted|p2a: Gamera
|-damage|p2a: Gamera|52/100
|-resisted|p2a: Gamera
|-damage|p2a: Gamera|25/100
|-hitcount|p2a: Gamera|3
|
|-heal|p2a: Gamera|31/100|[from] Grassy Terrain
|-heal|p1a: Weavile|7/100|[from] Grassy Terrain
|upkeep
|turn|12
|
|t:|1757858240
|move|p1a: Weavile|Ice Shard|p2a: Gamera
|-resisted|p2a: Gamera
|-damage|p2a: Gamera|13/100
|move|p2a: Gamera|Surf|p1a: Weavile
|-damage|p1a: Weavile|0 fnt
|faint|p1a: Weavile
|
|-heal|p2a: Gamera|19/100|[from] Grassy Terrain
|-fieldend|move: Grassy Terrain
|upkeep
|
|t:|1757858244
|switch|p1a: Dragonite|Dragonite, F|100/100
|turn|13
|
|t:|1757858247
|move|p1a: Dragonite|Extreme Speed|p2a: Gamera
|-damage|p2a: Gamera|0 fnt
|faint|p2a: Gamera
|
|upkeep
|
|t:|1757858251
|switch|p2a: MechaKingGhidorah|Iron Jugulis|100/100
|turn|14
|
|t:|1757858255
|move|p2a: MechaKingGhidorah|Meteor Beam||[still]
|-prepare|p2a: MechaKingGhidorah|Meteor Beam
|-boost|p2a: MechaKingGhidorah|spa|1
|-enditem|p2a: MechaKingGhidorah|Power Herb
|-anim|p2a: MechaKingGhidorah|Meteor Beam|p1a: Dragonite
|-supereffective|p1a: Dragonite
|-damage|p1a: Dragonite|38/100
|move|p1a: Dragonite|Dragon Dance|p1a: Dragonite
|-boost|p1a: Dragonite|atk|1
|-boost|p1a: Dragonite|spe|1
|
|upkeep
|turn|15
|
|t:|1757858264
|move|p1a: Dragonite|Dragon Claw|p2a: MechaKingGhidorah
|-damage|p2a: MechaKingGhidorah|31/100
|move|p2a: MechaKingGhidorah|Dark Pulse|p1a: Dragonite
|-damage|p1a: Dragonite|0 fnt
|faint|p1a: Dragonite
|
|upkeep
|
|t:|1757858270
|switch|p1a: Iron Valiant|Iron Valiant|100/100
|turn|16
|
|t:|1757858280
|move|p1a: Iron Valiant|Spirit Break|p2a: MechaKingGhidorah
|-supereffective|p2a: MechaKingGhidorah
|-damage|p2a: MechaKingGhidorah|0 fnt
|faint|p2a: MechaKingGhidorah
|-end|p2a: MechaKingGhidorah|Quark Drive|[silent]
|
|upkeep
|
|t:|1757858285
|switch|p2a: King Kong|Rillaboom, M|100/100
|-activate|p2a: King Kong|move: Sticky Web
|-unboost|p2a: King Kong|spe|1
|-fieldstart|move: Grassy Terrain|[from] ability: Grassy Surge|[of] p2a: King Kong
|turn|17
|
|t:|1757858289
|move|p2a: King Kong|Grassy Glide|p1a: Iron Valiant
|-damage|p1a: Iron Valiant|35/100
|move|p1a: Iron Valiant|Close Combat|p2a: King Kong
|-damage|p2a: King Kong|35/100
|-unboost|p1a: Iron Valiant|def|1
|-unboost|p1a: Iron Valiant|spd|1
|
|-heal|p1a: Iron Valiant|41/100|[from] Grassy Terrain
|-heal|p2a: King Kong|41/100|[from] Grassy Terrain
|upkeep
|turn|18
|
|t:|1757858294
|move|p2a: King Kong|Grassy Glide|p1a: Iron Valiant
|-damage|p1a: Iron Valiant|0 fnt
|faint|p1a: Iron Valiant
|-end|p1a: Iron Valiant|Quark Drive|[silent]
|
|-heal|p2a: King Kong|47/100|[from] Grassy Terrain
|upkeep
|
|t:|1757858297
|switch|p1a: Gholdengo|Gholdengo, shiny|81/100
|turn|19
|-message|mbthelen630 forfeited.
|
|win|cupcakkaina
|raw|cupcakkaina's rating: 1331 &rarr; <strong>1352</strong><br />(+21 for winning)
|raw|mbthelen630's rating: 1351 &rarr; <strong>1330</strong><br />(-21 for losing)
|l|☆mbthelen630
|player|p2|
|l|☆cupcakkaina
|player|p1|
