|badge|p2|bronze|gen9randombattle|100-6
|uhtml|medal-msg|<div class="broadcast-blue">Curious what those medals under the avatar are? PS now has Ladder Seasons! For more information, check out the <a href="https://www.smogon.com/forums/threads/3740067/">thread on Smogon.</a></div>
|j|☆Sirpumpkinalot
|j|☆234567891d
|t:|1757834975
|gametype|singles
|player|p1|Sirpumpkinalot|guitarist-gen4|1417
|player|p2|234567891d|n|1460
|gen|9
|tier|[Gen 9] OU
|rated|
|rule|HP Percentage Mod: HP is shown in percentages
|rule|Endless Battle Clause: Forcing endless battles is banned
|rule|Species Clause: Limit one of each Pokémon
|rule|OHKO Clause: OHKO moves are banned
|rule|Evasion Items Clause: Evasion items are banned
|rule|Evasion Moves Clause: Evasion moves are banned
|rule|Evasion Abilities Clause: Evasion abilities are banned
|rule|Sleep Moves Clause: Sleep-inducing moves are banned
|clearpoke
|poke|p1|Alomomola, M|
|poke|p1|Dragalge, M|
|poke|p1|Lokix, F|
|poke|p1|Great Tusk|
|poke|p1|Gholdengo|
|poke|p1|Moltres|
|poke|p2|Weezing-Galar, F|
|poke|p2|Ting-Lu|
|poke|p2|Slowking-Galar, F|
|poke|p2|Meowscarada, F|
|poke|p2|Scizor, M|
|poke|p2|Iron Crown|
|teampreview
|inactive|Battle timer is ON: inactive players will automatically lose when time's up. (requested by 234567891d)
|
|t:|1757835010
|teamsize|p1|6
|teamsize|p2|6
|start
|switch|p1a: Lokix|Lokix, F|100/100
|switch|p2a: Iron Crown|Iron Crown|100/100
|turn|1
|
|t:|1757835029
|-end|p2a: Iron Crown|Quark Drive|[silent]
|switch|p2a: Weezing|Weezing-Galar, F|100/100
|-ability|p2a: Weezing|Neutralizing Gas
|switch|p1a: Alomomola|Alomomola, M|100/100
|
|upkeep
|turn|2
|inactive|Sirpumpkinalot has 120 seconds left.
|
|t:|1757835065
|switch|p1a: Dragalge|Dragalge, M|100/100
|move|p2a: Weezing|Toxic|p1a: Dragalge
|-immune|p1a: Dragalge
|
|upkeep
|turn|3
|
|t:|1757835076
|-end|p2a: Weezing|ability: Neutralizing Gas
|switch|p2a: Slowking|Slowking-Galar, F|100/100
|move|p1a: Dragalge|Flip Turn|p2a: Slowking
|-damage|p2a: Slowking|90/100
|
|t:|1757835087
|switch|p1a: Great Tusk|Great Tusk|100/100|[from] Flip Turn
|
|upkeep
|turn|4
|
|t:|1757835099
|move|p1a: Great Tusk|Stealth Rock|p2a: Slowking
|-sidestart|p2: 234567891d|move: Stealth Rock
|move|p2a: Slowking|Future Sight|p1a: Great Tusk
|-start|p2a: Slowking|move: Future Sight
|
|upkeep
|turn|5
|
|t:|1757835111
|-terastallize|p2a: Slowking|Flying
|move|p1a: Great Tusk|Headlong Rush|p2a: Slowking
|-immune|p2a: Slowking
|-prepare|p2a: Slowking|Chilly Reception|[premajor]
|move|p2a: Slowking|Chilly Reception|p2a: Slowking
|-weather|Snowscape
|
|t:|1757835120
|switch|p2a: Meowscarada|Meowscarada, F|100/100|[from] Chilly Reception
|-damage|p2a: Meowscarada|88/100|[from] Stealth Rock
|
|-weather|Snowscape|[upkeep]
|upkeep
|turn|6
|inactive|Sirpumpkinalot has 120 seconds left.
|
|t:|1757835138
|-end|p1a: Great Tusk|Protosynthesis|[silent]
|switch|p1a: Gholdengo|Gholdengo|100/100
|move|p2a: Meowscarada|U-turn|p1a: Gholdengo
|-start|p2a: Meowscarada|typechange|Bug|[from] ability: Protean
|-resisted|p1a: Gholdengo
|-damage|p1a: Gholdengo|92/100
|
|t:|1757835141
|switch|p2a: Ting-Lu|Ting-Lu|100/100|[from] U-turn
|-damage|p2a: Ting-Lu|94/100|[from] Stealth Rock
|-ability|p2a: Ting-Lu|Vessel of Ruin
|
|-weather|Snowscape|[upkeep]
|-end|p1a: Gholdengo|move: Future Sight
|-resisted|p1a: Gholdengo
|-damage|p1a: Gholdengo|71/100
|-heal|p2a: Ting-Lu|100/100|[from] item: Leftovers
|upkeep
|turn|7
|inactive|Sirpumpkinalot has 120 seconds left.
|
|t:|1757835151
|move|p1a: Gholdengo|Trick|p2a: Ting-Lu
|-activate|p1a: Gholdengo|move: Trick|[of] p2a: Ting-Lu
|-item|p2a: Ting-Lu|Choice Scarf|[from] move: Trick
|-item|p1a: Gholdengo|Leftovers|[from] move: Trick
|move|p2a: Ting-Lu|Spikes|p1a: Gholdengo
|-sidestart|p1: Sirpumpkinalot|Spikes
|
|-weather|Snowscape|[upkeep]
|-heal|p1a: Gholdengo|77/100|[from] item: Leftovers
|upkeep
|turn|8
|inactive|Sirpumpkinalot has 120 seconds left.
|
|t:|1757835165
|switch|p1a: Great Tusk|Great Tusk|100/100
|move|p2a: Ting-Lu|Spikes|p1a: Great Tusk
|-sidestart|p1: Sirpumpkinalot|Spikes
|
|-weather|Snowscape|[upkeep]
|upkeep
|turn|9
|inactive|Sirpumpkinalot has 120 seconds left.
|
|t:|1757835175
|switch|p2a: Slowking|Slowking-Galar, F, tera:Flying|100/100
|move|p1a: Great Tusk|Rapid Spin|p2a: Slowking
|-damage|p2a: Slowking|83/100
|-boost|p1a: Great Tusk|spe|1
|-sideend|p1: Sirpumpkinalot|Spikes|[from] move: Rapid Spin|[of] p1a: Great Tusk
|
|-weather|none
|upkeep
|turn|10
|inactive|Sirpumpkinalot has 120 seconds left.
|
|t:|1757835192
|move|p1a: Great Tusk|Ice Spinner|p2a: Slowking
|-supereffective|p2a: Slowking
|-damage|p2a: Slowking|29/100
|-prepare|p2a: Slowking|Chilly Reception|[premajor]
|move|p2a: Slowking|Chilly Reception|p2a: Slowking
|-weather|Snowscape
|
|t:|1757835207
|switch|p2a: Iron Crown|Iron Crown|100/100|[from] Chilly Reception
|-damage|p2a: Iron Crown|94/100|[from] Stealth Rock
|
|-weather|Snowscape|[upkeep]
|upkeep
|turn|11
|inactive|Sirpumpkinalot has 120 seconds left.
|
|t:|1757835226
|-end|p1a: Great Tusk|Protosynthesis|[silent]
|switch|p1a: Moltres|Moltres|100/100
|-end|p2a: Iron Crown|Quark Drive|[silent]
|switch|p2a: Slowking|Slowking-Galar, F, tera:Flying|63/100
|
|-weather|Snowscape|[upkeep]
|upkeep
|turn|12
|inactive|Sirpumpkinalot has 120 seconds left.
|
|t:|1757835247
|move|p1a: Moltres|Flamethrower|p2a: Slowking
|-damage|p2a: Slowking|39/100
|move|p2a: Slowking|Future Sight|p1a: Moltres
|-start|p2a: Slowking|move: Future Sight
|
|-weather|Snowscape|[upkeep]
|upkeep
|turn|13
|
|t:|1757835261
|move|p1a: Moltres|U-turn|p2a: Slowking
|-resisted|p2a: Slowking
|-damage|p2a: Slowking|31/100
|
|t:|1757835269
|switch|p1a: Dragalge|Dragalge, M|100/100|[from] U-turn
|-prepare|p2a: Slowking|Chilly Reception|[premajor]
|move|p2a: Slowking|Chilly Reception|p2a: Slowking
|
|t:|1757835279
|switch|p2a: Meowscarada|Meowscarada, F|88/100|[from] Chilly Reception
|-damage|p2a: Meowscarada|76/100|[from] Stealth Rock
|
|-weather|Snowscape|[upkeep]
|upkeep
|turn|14
|
|t:|1757835297
|switch|p1a: Gholdengo|Gholdengo|77/100
|move|p2a: Meowscarada|Triple Axel|p1a: Gholdengo
|-start|p2a: Meowscarada|typechange|Ice|[from] ability: Protean
|-resisted|p1a: Gholdengo
|-damage|p1a: Gholdengo|72/100
|-resisted|p1a: Gholdengo
|-damage|p1a: Gholdengo|62/100
|-resisted|p1a: Gholdengo
|-damage|p1a: Gholdengo|46/100
|-hitcount|p1a: Gholdengo|3
|
|-weather|none
|-end|p1a: Gholdengo|move: Future Sight
|-resisted|p1a: Gholdengo
|-damage|p1a: Gholdengo|20/100
|-heal|p1a: Gholdengo|26/100|[from] item: Leftovers
|upkeep
|turn|15
|
|t:|1757835319
|switch|p1a: Alomomola|Alomomola, M|100/100
|move|p2a: Meowscarada|Triple Axel|p1a: Alomomola|[miss]
|-miss|p2a: Meowscarada|p1a: Alomomola
|
|upkeep
|turn|16
|
|t:|1757835328
|switch|p2a: Slowking|Slowking-Galar, F, tera:Flying|65/100
|move|p1a: Alomomola|Scald|p2a: Slowking
|-damage|p2a: Slowking|57/100
|
|upkeep
|turn|17
|
|t:|1757835341
|move|p1a: Alomomola|Body Slam|p2a: Slowking
|-damage|p2a: Slowking|40/100
|-prepare|p2a: Slowking|Chilly Reception|[premajor]
|move|p2a: Slowking|Chilly Reception|p2a: Slowking
|-weather|Snowscape
|
|t:|1757835343
|switch|p2a: Iron Crown|Iron Crown|94/100|[from] Chilly Reception
|-damage|p2a: Iron Crown|88/100|[from] Stealth Rock
|
|-weather|Snowscape|[upkeep]
|upkeep
|turn|18
|
|t:|1757835349
|move|p2a: Iron Crown|Volt Switch|p1a: Alomomola
|-supereffective|p1a: Alomomola
|-damage|p1a: Alomomola|65/100
|
|t:|1757835353
|-end|p2a: Iron Crown|Quark Drive|[silent]
|switch|p2a: Weezing|Weezing-Galar, F|100/100|[from] Volt Switch
|-ability|p2a: Weezing|Neutralizing Gas
|move|p1a: Alomomola|Mirror Coat|p2a: Weezing
|-damage|p2a: Weezing|0 fnt
|faint|p2a: Weezing
|-end|p2a: Weezing|ability: Neutralizing Gas
|
|-weather|Snowscape|[upkeep]
|upkeep
|
|t:|1757835361
|switch|p2a: Scizor|Scizor, M|100/100
|-damage|p2a: Scizor|88/100|[from] Stealth Rock
|turn|19
|
|t:|1757835369
|switch|p1a: Moltres|Moltres|100/100
|move|p2a: Scizor|Knock Off|p1a: Moltres
|-damage|p1a: Moltres|51/100
|-status|p2a: Scizor|brn|[from] ability: Flame Body|[of] p1a: Moltres
|-enditem|p1a: Moltres|Heavy-Duty Boots|[from] move: Knock Off|[of] p2a: Scizor
|
|-weather|Snowscape|[upkeep]
|-damage|p2a: Scizor|82/100 brn|[from] brn
|upkeep
|turn|20
|
|t:|1757835378
|switch|p2a: Slowking|Slowking-Galar, F, tera:Flying|74/100
|move|p1a: Moltres|U-turn|p2a: Slowking
|-resisted|p2a: Slowking
|-damage|p2a: Slowking|67/100
|-message|234567891d forfeited.
|
|win|Sirpumpkinalot
|raw|Sirpumpkinalot's rating: 1417 &rarr; <strong>1439</strong><br />(+22 for winning)
|raw|234567891d's rating: 1460 &rarr; <strong>1438</strong><br />(-22 for losing)
|l|☆234567891d
|player|p2|
|l|☆Sirpumpkinalot
|player|p1|
