|j|☆Lisia of Lillycove
|j|☆andre4295
|t:|1757813467
|gametype|singles
|player|p1|Lisia of Lillycove|lisia|1305
|player|p2|andre4295|265|1376
|gen|9
|tier|[Gen 9] OU
|rated|
|rule|HP Percentage Mod: HP is shown in percentages
|rule|Endless Battle Clause: Forcing endless battles is banned
|rule|Species Clause: Limit one of each Pokémon
|rule|OHKO Clause: OHKO moves are banned
|rule|Evasion Items Clause: Evasion items are banned
|rule|Evasion Moves Clause: Evasion moves are banned
|rule|Evasion Abilities Clause: Evasion abilities are banned
|rule|Sleep Moves Clause: Sleep-inducing moves are banned
|clearpoke
|poke|p1|Gumshoos, F|
|poke|p1|Polteageist|
|poke|p1|Slowking-Galar, M|
|poke|p1|Glaceon, F|
|poke|p1|Mew|
|poke|p1|Hatterene, F|
|poke|p2|Kyurem|
|poke|p2|Iron Moth|
|poke|p2|Kingambit, M|
|poke|p2|Landorus-Therian, M|
|poke|p2|Hatterene, F|
|poke|p2|Zamazenta-*|
|teampreview
|c|☆Lisia of Lillycove|hf
|inactive|Battle timer is ON: inactive players will automatically lose when time's up. (requested by andre4295)
|
|t:|1757813475
|teamsize|p1|6
|teamsize|p2|6
|start
|switch|p1a: Slowking|Slowking-Galar, M|100/100
|switch|p2a: Kyurem|Kyurem|100/100
|-ability|p2a: Kyurem|Pressure
|turn|1
|
|t:|1757813488
|-terastallize|p2a: Kyurem|Electric
|move|p2a: Kyurem|Dragon Dance|p2a: Kyurem
|-boost|p2a: Kyurem|atk|1
|-boost|p2a: Kyurem|spe|1
|move|p1a: Slowking|Trick Room|p1a: Slowking
|-fieldstart|move: Trick Room|[of] p1a: Slowking
|
|upkeep
|turn|2
|
|t:|1757813498
|move|p2a: Kyurem|Dragon Dance|p2a: Kyurem
|-boost|p2a: Kyurem|atk|1
|-boost|p2a: Kyurem|spe|1
|-prepare|p1a: Slowking|Chilly Reception|[premajor]
|move|p1a: Slowking|Chilly Reception|p1a: Slowking
|-weather|Snowscape
|
|t:|1757813502
|switch|p1a: Gumshoos|Gumshoos, F, shiny|100/100|[from] Chilly Reception
|
|-weather|Snowscape|[upkeep]
|upkeep
|turn|3
|
|t:|1757813522
|move|p1a: Gumshoos|Double-Edge|p2a: Kyurem
|-damage|p2a: Kyurem|0 fnt
|faint|p2a: Kyurem
|-damage|p1a: Gumshoos|67/100|[from] Recoil
|
|-weather|Snowscape|[upkeep]
|upkeep
|
|t:|1757813531
|switch|p2a: Zamazenta|Zamazenta|100/100
|-ability|p2a: Zamazenta|Dauntless Shield|boost
|-boost|p2a: Zamazenta|def|1
|turn|4
|
|t:|1757813535
|switch|p1a: Mew|Mew|100/100
|move|p2a: Zamazenta|Body Press|p1a: Mew
|-resisted|p1a: Mew
|-damage|p1a: Mew|86/100
|
|-weather|Snowscape|[upkeep]
|upkeep
|turn|5
|
|t:|1757813541
|move|p2a: Zamazenta|Substitute|p2a: Zamazenta
|-start|p2a: Zamazenta|Substitute
|-damage|p2a: Zamazenta|76/100
|move|p1a: Mew|Stealth Rock|p2a: Zamazenta
|-sidestart|p2: andre4295|move: Stealth Rock
|
|-weather|Snowscape|[upkeep]
|-heal|p2a: Zamazenta|82/100|[from] item: Leftovers
|-fieldend|move: Trick Room
|upkeep
|turn|6
|
|t:|1757813546
|move|p2a: Zamazenta|Iron Defense|p2a: Zamazenta
|-boost|p2a: Zamazenta|def|2
|move|p1a: Mew|Trick Room|p1a: Mew
|-fieldstart|move: Trick Room|[of] p1a: Mew
|
|-weather|none
|-heal|p2a: Zamazenta|88/100|[from] item: Leftovers
|upkeep
|turn|7
|
|t:|1757813556
|move|p2a: Zamazenta|Iron Defense|p2a: Zamazenta
|-boost|p2a: Zamazenta|def|2
|move|p1a: Mew|Flip Turn|p2a: Zamazenta
|-activate|p2a: Zamazenta|move: Substitute|[damage]
|
|t:|1757813558
|switch|p1a: Polteageist|Polteageist|100/100|[from] Flip Turn
|
|-heal|p2a: Zamazenta|94/100|[from] item: Leftovers
|upkeep
|turn|8
|
|t:|1757813563
|move|p1a: Polteageist|Shadow Ball|p2a: Zamazenta
|-end|p2a: Zamazenta|Substitute
|move|p2a: Zamazenta|Crunch|p1a: Polteageist
|-supereffective|p1a: Polteageist
|-damage|p1a: Polteageist|28/100
|-start|p2a: Zamazenta|Disable|Crunch|[from] ability: Cursed Body|[of] p1a: Polteageist
|-enditem|p1a: Polteageist|Weakness Policy
|-boost|p1a: Polteageist|atk|2|[from] item: Weakness Policy
|-boost|p1a: Polteageist|spa|2|[from] item: Weakness Policy
|
|-heal|p2a: Zamazenta|99/100|[from] item: Leftovers
|upkeep
|turn|9
|inactive|andre4295 has 120 seconds left.
|inactive|andre4295 has 90 seconds left.
|
|t:|1757813628
|move|p1a: Polteageist|Shadow Ball|p2a: Zamazenta
|-damage|p2a: Zamazenta|12/100
|move|p2a: Zamazenta|Substitute|p2a: Zamazenta
|-fail|p2a: Zamazenta|move: Substitute|[weak]
|
|-heal|p2a: Zamazenta|18/100|[from] item: Leftovers
|upkeep
|turn|10
|inactive|andre4295 has 90 seconds left.
|
|t:|1757813636
|switch|p2a: Kingambit|Kingambit, M|100/100
|-damage|p2a: Kingambit|94/100|[from] Stealth Rock
|-activate|p2a: Kingambit|ability: Supreme Overlord
|-start|p2a: Kingambit|fallen1|[silent]
|move|p1a: Polteageist|Giga Drain|p2a: Kingambit
|-resisted|p2a: Kingambit
|-damage|p2a: Kingambit|62/100
|-heal|p1a: Polteageist|47/100|[from] drain|[of] p2a: Kingambit
|
|-heal|p2a: Kingambit|68/100|[from] item: Leftovers
|-fieldend|move: Trick Room
|upkeep
|turn|11
|inactive|andre4295 has 90 seconds left.
|
|t:|1757813660
|move|p2a: Kingambit|Iron Head|p1a: Polteageist
|-damage|p1a: Polteageist|0 fnt
|-start|p2a: Kingambit|Disable|Iron Head|[from] ability: Cursed Body|[of] p1a: Polteageist
|faint|p1a: Polteageist
|
|-heal|p2a: Kingambit|74/100|[from] item: Leftovers
|upkeep
|
|t:|1757813667
|switch|p1a: Hatterene|Hatterene, F|100/100
|turn|12
|inactive|andre4295 has 90 seconds left.
|
|t:|1757813677
|-end|p2a: Kingambit|fallen1|[silent]
|switch|p2a: Hatterene|Hatterene, F|100/100
|-damage|p2a: Hatterene|88/100|[from] Stealth Rock
|move|p1a: Hatterene|Mystical Fire|p2a: Hatterene
|-damage|p2a: Hatterene|42/100
|-unboost|p2a: Hatterene|spa|1
|
|upkeep
|turn|13
|inactive|andre4295 has 90 seconds left.
|
|t:|1757813687
|switch|p1a: Slowking|Slowking-Galar, M|100/100
|move|p2a: Hatterene|Nuzzle|p1a: Slowking
|-damage|p1a: Slowking|97/100
|-status|p1a: Slowking|par
|
|upkeep
|turn|14
|
|t:|1757813694
|switch|p2a: Kingambit|Kingambit, M|74/100
|-damage|p2a: Kingambit|68/100|[from] Stealth Rock
|-activate|p2a: Kingambit|ability: Supreme Overlord
|-start|p2a: Kingambit|fallen1|[silent]
|cant|p1a: Slowking|par
|
|-heal|p2a: Kingambit|74/100|[from] item: Leftovers
|upkeep
|turn|15
|
|t:|1757813706
|-terastallize|p1a: Slowking|Dark
|move|p2a: Kingambit|Swords Dance|p2a: Kingambit
|-boost|p2a: Kingambit|atk|2
|move|p1a: Slowking|Trick Room|p1a: Slowking
|-fieldstart|move: Trick Room|[of] p1a: Slowking
|
|-heal|p2a: Kingambit|80/100|[from] item: Leftovers
|upkeep
|turn|16
|
|t:|1757813713
|move|p2a: Kingambit|Low Kick|p1a: Slowking
|-supereffective|p1a: Slowking
|-damage|p1a: Slowking|0 fnt
|faint|p1a: Slowking
|
|-heal|p2a: Kingambit|86/100|[from] item: Leftovers
|upkeep
|
|t:|1757813719
|switch|p1a: Hatterene|Hatterene, F|100/100
|turn|17
|
|t:|1757813723
|move|p1a: Hatterene|Mystical Fire|p2a: Kingambit
|-supereffective|p2a: Kingambit
|-damage|p2a: Kingambit|0 fnt
|faint|p2a: Kingambit
|-end|p2a: Kingambit|fallen1|[silent]
|
|upkeep
|
|t:|1757813736
|switch|p2a: Iron Moth|Iron Moth|100/100
|-damage|p2a: Iron Moth|76/100|[from] Stealth Rock
|-enditem|p2a: Iron Moth|Booster Energy
|-activate|p2a: Iron Moth|ability: Quark Drive|[fromitem]
|-start|p2a: Iron Moth|quarkdrivespe
|turn|18
|
|t:|1757813753
|move|p1a: Hatterene|Mystical Fire|p2a: Iron Moth
|-resisted|p2a: Iron Moth
|-damage|p2a: Iron Moth|52/100
|-unboost|p2a: Iron Moth|spa|1
|move|p2a: Iron Moth|Sludge Wave|p1a: Hatterene
|-supereffective|p1a: Hatterene
|-damage|p1a: Hatterene|29/100
|-status|p1a: Hatterene|psn
|
|-damage|p1a: Hatterene|17/100 psn|[from] psn
|upkeep
|turn|19
|inactive|andre4295 has 120 seconds left.
|
|t:|1757813764
|switch|p1a: Mew|Mew|86/100
|move|p2a: Iron Moth|Fiery Dance|p1a: Mew
|-damage|p1a: Mew|64/100
|-boost|p2a: Iron Moth|spa|1
|
|-fieldend|move: Trick Room
|upkeep
|turn|20
|inactive|andre4295 has 120 seconds left.
|
|t:|1757813776
|-end|p2a: Iron Moth|Quark Drive|[silent]
|switch|p2a: Hatterene|Hatterene, F|42/100
|-damage|p2a: Hatterene|29/100|[from] Stealth Rock
|move|p1a: Mew|Trick Room|p1a: Mew
|-fieldstart|move: Trick Room|[of] p1a: Mew
|
|upkeep
|turn|21
|
|t:|1757813783
|move|p2a: Hatterene|Nuzzle|p1a: Mew
|-damage|p1a: Mew|62/100
|-status|p1a: Mew|par
|-activate|p1a: Mew|ability: Synchronize
|-status|p2a: Hatterene|par
|move|p1a: Mew|U-turn|p2a: Hatterene
|-damage|p2a: Hatterene|16/100 par
|
|t:|1757813795
|switch|p1a: Hatterene|Hatterene, F|17/100 psn|[from] U-turn
|
|-damage|p1a: Hatterene|4/100 psn|[from] psn
|upkeep
|turn|22
|-enditem|p2a: Hatterene|Custap Berry|[eat]
|-activate|p2a: Hatterene|item: Custap Berry|[consumed]
|
|t:|1757813805
|move|p2a: Hatterene|Healing Wish|p2a: Hatterene
|faint|p2a: Hatterene
|move|p1a: Hatterene|Draining Kiss|p2: Hatterene|[notarget]
|-fail|p1a: Hatterene
|
|-damage|p1a: Hatterene|0 fnt|[from] psn
|faint|p1a: Hatterene
|upkeep
|
|t:|1757813819
|switch|p1a: Yuki|Glaceon, F, shiny|100/100
|switch|p2a: Zamazenta|Zamazenta|18/100
|-heal|p2a: Zamazenta|100/100|[from] move: Healing Wish
|-damage|p2a: Zamazenta|95/100|[from] Stealth Rock
|turn|23
|
|t:|1757813834
|move|p1a: Yuki|Alluring Voice|p2a: Zamazenta
|-supereffective|p2a: Zamazenta
|-damage|p2a: Zamazenta|12/100
|move|p2a: Zamazenta|Body Press|p1a: Yuki
|-supereffective|p1a: Yuki
|-damage|p1a: Yuki|34/100
|
|-heal|p2a: Zamazenta|18/100|[from] item: Leftovers
|upkeep
|turn|24
|
|t:|1757813844
|switch|p1a: Mew|Mew|62/100 par
|switch|p2a: Iron Moth|Iron Moth|52/100
|-damage|p2a: Iron Moth|27/100|[from] Stealth Rock
|
|-fieldend|move: Trick Room
|upkeep
|turn|25
|
|t:|1757813850
|move|p2a: Iron Moth|Fiery Dance|p1a: Mew
|-damage|p1a: Mew|25/100 par
|-boost|p2a: Iron Moth|spa|1
|move|p1a: Mew|Trick Room|p1a: Mew
|-fieldstart|move: Trick Room|[of] p1a: Mew
|
|upkeep
|turn|26
|
|t:|1757813861
|move|p2a: Iron Moth|Fiery Dance|p1a: Mew
|-damage|p1a: Mew|0 fnt
|faint|p1a: Mew
|
|upkeep
|
|t:|1757813863
|switch|p1a: Yuki|Glaceon, F, shiny|34/100
|turn|27
|
|t:|1757813869
|move|p1a: Yuki|Freeze-Dry|p2a: Iron Moth
|-resisted|p2a: Iron Moth
|-damage|p2a: Iron Moth|0 fnt
|faint|p2a: Iron Moth
|-end|p2a: Iron Moth|Quark Drive|[silent]
|
|upkeep
|c|☆andre4295|ggwp
|c|☆Lisia of Lillycove|gg
|inactive|andre4295 has 120 seconds left.
|-message|andre4295 forfeited.
|
|win|Lisia of Lillycove
|raw|Lisia of Lillycove's rating: 1305 &rarr; <strong>1329</strong><br />(+24 for winning)
|raw|andre4295's rating: 1376 &rarr; <strong>1352</strong><br />(-24 for losing)
|l|☆Lisia of Lillycove
|player|p1|
