|j|☆luisfontanez45
|j|☆conta top 2
|t:|1757797632
|gametype|singles
|player|p1|luisfontanez45|170|1054
|player|p2|conta top 2|ash-unova|1061
|gen|9
|tier|[Gen 9] OU
|rated|
|rule|HP Percentage Mod: HP is shown in percentages
|rule|Endless Battle Clause: Forcing endless battles is banned
|rule|Species Clause: Limit one of each Pokémon
|rule|OHKO Clause: OHKO moves are banned
|rule|Evasion Items Clause: Evasion items are banned
|rule|Evasion Moves Clause: Evasion moves are banned
|rule|Evasion Abilities Clause: Evasion abilities are banned
|rule|Sleep Moves Clause: Sleep-inducing moves are banned
|clearpoke
|poke|p1|Weavile, F|
|poke|p1|Salamence, F|
|poke|p1|Milotic, F|
|poke|p1|Rhyperior, F|
|poke|p1|Gengar, M|
|poke|p1|Armarouge, M|
|poke|p2|Pikachu-Partner, M|
|poke|p2|Cinderace, M|
|poke|p2|Ninetales-Alola, F|
|poke|p2|Lycanroc-Dusk, M|
|poke|p2|Gliscor, M|
|poke|p2|Mew|
|teampreview
|
|t:|1757797642
|teamsize|p1|6
|teamsize|p2|6
|start
|switch|p1a: Milotic|Milotic, F|100/100
|switch|p2a: Mew|Mew, shiny|100/100
|turn|1
|
|t:|1757797654
|move|p2a: Mew|Trick|p1a: Milotic
|-activate|p2a: Mew|move: Trick|[of] p1a: Milotic
|-item|p1a: Milotic|Choice Scarf|[from] move: Trick
|-item|p2a: Mew|Leftovers|[from] move: Trick
|move|p1a: Milotic|Hydro Pump|p2a: Mew|[miss]
|-miss|p1a: Milotic|p2a: Mew
|
|upkeep
|turn|2
|inactive|Battle timer is ON: inactive players will automatically lose when time's up. (requested by conta top 2)
|
|t:|1757797664
|move|p1a: Milotic|Hydro Pump|p2a: Mew|[miss]
|-miss|p1a: Milotic|p2a: Mew
|move|p2a: Mew|Stealth Rock|p1a: Milotic
|-sidestart|p1: luisfontanez45|move: Stealth Rock
|
|upkeep
|turn|3
|
|t:|1757797671
|move|p1a: Milotic|Hydro Pump|p2a: Mew
|-damage|p2a: Mew|61/100
|move|p2a: Mew|Spikes|p1a: Milotic
|-sidestart|p1: luisfontanez45|Spikes
|
|-heal|p2a: Mew|68/100|[from] item: Leftovers
|upkeep
|turn|4
|
|t:|1757797684
|move|p1a: Milotic|Hydro Pump|p2a: Mew
|-damage|p2a: Mew|30/100
|move|p2a: Mew|Spikes|p1a: Milotic
|-sidestart|p1: luisfontanez45|Spikes
|
|-heal|p2a: Mew|36/100|[from] item: Leftovers
|upkeep
|turn|5
|
|t:|1757797693
|move|p1a: Milotic|Hydro Pump|p2a: Mew
|-damage|p2a: Mew|0 fnt
|faint|p2a: Mew
|
|upkeep
|
|t:|1757797698
|switch|p2a: Pikachu|Pikachu-Partner, M|100/100
|turn|6
|
|t:|1757797702
|move|p1a: Milotic|Hydro Pump|p2a: Pikachu|[miss]
|-miss|p1a: Milotic|p2a: Pikachu
|move|p2a: Pikachu|Thunderbolt|p1a: Milotic
|-supereffective|p1a: Milotic
|-damage|p1a: Milotic|23/100
|
|upkeep
|turn|7
|
|t:|1757797709
|move|p1a: Milotic|Hydro Pump|p2a: Pikachu
|-damage|p2a: Pikachu|1/100
|move|p2a: Pikachu|Thunderbolt|p1a: Milotic
|-supereffective|p1a: Milotic
|-damage|p1a: Milotic|0 fnt
|faint|p1a: Milotic
|
|upkeep
|
|t:|1757797718
|switch|p1a: Rhyperior|Rhyperior, F|100/100
|-damage|p1a: Rhyperior|94/100|[from] Stealth Rock
|-damage|p1a: Rhyperior|78/100|[from] Spikes
|turn|8
|
|t:|1757797724
|move|p2a: Pikachu|Iron Tail|p1a: Rhyperior
|-supereffective|p1a: Rhyperior
|-damage|p1a: Rhyperior|52/100
|-unboost|p1a: Rhyperior|def|1
|move|p1a: Rhyperior|Earthquake|p2a: Pikachu
|-supereffective|p2a: Pikachu
|-damage|p2a: Pikachu|0 fnt
|faint|p2a: Pikachu
|
|-heal|p1a: Rhyperior|58/100|[from] item: Leftovers
|upkeep
|
|t:|1757797735
|switch|p2a: Gliscor|Gliscor, M|100/100
|turn|9
|
|t:|1757797741
|move|p2a: Gliscor|Protect|p2a: Gliscor
|-singleturn|p2a: Gliscor|Protect
|move|p1a: Rhyperior|Rock Slide|p2a: Gliscor
|-activate|p2a: Gliscor|move: Protect
|
|-heal|p1a: Rhyperior|64/100|[from] item: Leftovers
|-status|p2a: Gliscor|tox|[from] item: Toxic Orb
|upkeep
|turn|10
|
|t:|1757797752
|-terastallize|p2a: Gliscor|Water
|move|p2a: Gliscor|Crabhammer|p1a: Rhyperior
|-supereffective|p1a: Rhyperior
|-damage|p1a: Rhyperior|0 fnt
|faint|p1a: Rhyperior
|
|upkeep
|
|t:|1757797761
|switch|p1a: Salamence|Salamence, F|100/100
|-damage|p1a: Salamence|76/100|[from] Stealth Rock
|-ability|p1a: Salamence|Intimidate|boost
|-unboost|p2a: Gliscor|atk|1
|turn|11
|
|t:|1757797768
|move|p1a: Salamence|Dragon Claw|p2a: Gliscor
|-damage|p2a: Gliscor|67/100 tox
|move|p2a: Gliscor|Knock Off|p1a: Salamence
|-damage|p1a: Salamence|56/100
|-enditem|p1a: Salamence|Leftovers|[from] move: Knock Off|[of] p2a: Gliscor
|
|-heal|p2a: Gliscor|80/100 tox|[from] ability: Poison Heal
|upkeep
|turn|12
|inactive|luisfontanez45 has 120 seconds left.
|l|☆luisfontanez45
|inactive|luisfontanez45 disconnected and has a minute to reconnect!
|player|p1|
|j|☆luisfontanez45
|inactive|luisfontanez45 reconnected and has 105 seconds left.
|player|p1|luisfontanez45|170|
|
|t:|1757797820
|move|p2a: Gliscor|Protect|p2a: Gliscor
|-singleturn|p2a: Gliscor|Protect
|move|p1a: Salamence|Dragon Claw|p2a: Gliscor
|-activate|p2a: Gliscor|move: Protect
|
|-heal|p2a: Gliscor|92/100 tox|[from] ability: Poison Heal
|upkeep
|turn|13
|
|t:|1757797829
|switch|p2a: Ninetales|Ninetales-Alola, F|100/100
|-weather|Snowscape|[from] ability: Snow Warning|[of] p2a: Ninetales
|move|p1a: Salamence|Dragon Claw|p2a: Ninetales
|-immune|p2a: Ninetales
|
|-weather|Snowscape|[upkeep]
|upkeep
|turn|14
|
|t:|1757797839
|switch|p1a: Armarouge|Armarouge, M|100/100
|-damage|p1a: Armarouge|76/100|[from] Stealth Rock
|-damage|p1a: Armarouge|59/100|[from] Spikes
|move|p2a: Ninetales|Blizzard|p1a: Armarouge
|-resisted|p1a: Armarouge
|-damage|p1a: Armarouge|37/100
|
|-weather|Snowscape|[upkeep]
|upkeep
|turn|15
|
|t:|1757797849
|switch|p2a: Gliscor|Gliscor, M, tera:Water|92/100 tox
|move|p1a: Armarouge|Armor Cannon|p2a: Gliscor
|-resisted|p2a: Gliscor
|-crit|p2a: Gliscor
|-damage|p2a: Gliscor|48/100 tox
|-unboost|p1a: Armarouge|def|1
|-unboost|p1a: Armarouge|spd|1
|
|-weather|Snowscape|[upkeep]
|-heal|p2a: Gliscor|60/100 tox|[from] ability: Poison Heal
|upkeep
|turn|16
|inactive|luisfontanez45 has 120 seconds left.
|
|t:|1757797863
|move|p2a: Gliscor|Protect|p2a: Gliscor
|-singleturn|p2a: Gliscor|Protect
|move|p1a: Armarouge|Psychic|p2a: Gliscor
|-activate|p2a: Gliscor|move: Protect
|
|-weather|Snowscape|[upkeep]
|-heal|p2a: Gliscor|72/100 tox|[from] ability: Poison Heal
|upkeep
|turn|17
|inactive|luisfontanez45 has 120 seconds left.
|
|t:|1757797874
|move|p2a: Gliscor|Crabhammer|p1a: Armarouge
|-supereffective|p1a: Armarouge
|-damage|p1a: Armarouge|0 fnt
|faint|p1a: Armarouge
|
|-weather|none
|-heal|p2a: Gliscor|85/100 tox|[from] ability: Poison Heal
|upkeep
|inactive|luisfontanez45 has 120 seconds left.
|
|t:|1757797882
|switch|p1a: Weavile|Weavile, F|100/100
|-damage|p1a: Weavile|76/100|[from] Stealth Rock
|-damage|p1a: Weavile|59/100|[from] Spikes
|-ability|p1a: Weavile|Pressure
|turn|18
|
|t:|1757797891
|move|p2a: Gliscor|Protect|p2a: Gliscor
|-singleturn|p2a: Gliscor|Protect
|move|p1a: Weavile|Avalanche|p2a: Gliscor
|-activate|p2a: Gliscor|move: Protect
|
|-heal|p1a: Weavile|65/100|[from] item: Leftovers
|-heal|p2a: Gliscor|97/100 tox|[from] ability: Poison Heal
|upkeep
|turn|19
|
|t:|1757797911
|move|p1a: Weavile|Knock Off|p2a: Gliscor
|-damage|p2a: Gliscor|57/100 tox
|-enditem|p2a: Gliscor|Toxic Orb|[from] move: Knock Off|[of] p1a: Weavile
|move|p2a: Gliscor|Earthquake|p1a: Weavile
|-damage|p1a: Weavile|12/100
|
|-heal|p1a: Weavile|19/100|[from] item: Leftovers
|-heal|p2a: Gliscor|69/100 tox|[from] ability: Poison Heal
|upkeep
|turn|20
|
|t:|1757797923
|move|p2a: Gliscor|Protect|p2a: Gliscor
|-singleturn|p2a: Gliscor|Protect
|move|p1a: Weavile|Brick Break|p2a: Gliscor
|-activate|p2a: Gliscor|move: Protect
|
|-heal|p1a: Weavile|25/100|[from] item: Leftovers
|-heal|p2a: Gliscor|82/100 tox|[from] ability: Poison Heal
|upkeep
|turn|21
|
|t:|1757797939
|move|p1a: Weavile|Knock Off|p2a: Gliscor
|-damage|p2a: Gliscor|54/100 tox
|move|p2a: Gliscor|Earthquake|p1a: Weavile
|-damage|p1a: Weavile|0 fnt
|faint|p1a: Weavile
|
|-heal|p2a: Gliscor|67/100 tox|[from] ability: Poison Heal
|upkeep
|inactive|luisfontanez45 has 120 seconds left.
|-message|luisfontanez45 forfeited.
|
|win|conta top 2
|raw|luisfontanez45's rating: 1054 &rarr; <strong>1036</strong><br />(-18 for losing)
|raw|conta top 2's rating: 1061 &rarr; <strong>1091</strong><br />(+30 for winning)
|l|☆luisfontanez45
|player|p1|
|l|☆conta top 2
|player|p2|
