|j|☆LucyLikePizza
|j|☆daodanguitest
|t:|1757862274
|gametype|singles
|player|p1|LucyLikePizza|iris-gen5bw2|1491
|player|p2|daodanguitest|roughneck|1540
|gen|9
|tier|[Gen 9] OU
|rated|
|rule|HP Percentage Mod: HP is shown in percentages
|rule|Endless Battle Clause: Forcing endless battles is banned
|rule|Species Clause: Limit one of each Pokémon
|rule|OHKO Clause: OHKO moves are banned
|rule|Evasion Items Clause: Evasion items are banned
|rule|Evasion Moves Clause: Evasion moves are banned
|rule|Evasion Abilities Clause: Evasion abilities are banned
|rule|Sleep Moves Clause: Sleep-inducing moves are banned
|clearpoke
|poke|p1|Thundurus, M|
|poke|p1|Great Tusk|
|poke|p1|Jirachi|
|poke|p1|Toxapex, F|
|poke|p1|Rillaboom, F|
|poke|p1|Enamorus, F|
|poke|p2|Clodsire, F|
|poke|p2|Mandibuzz, F|
|poke|p2|Alomomola, M|
|poke|p2|Gholdengo|
|poke|p2|Goodra-Hisui, F|
|poke|p2|Cinderace, F|
|teampreview
|inactive|Battle timer is ON: inactive players will automatically lose when time's up. (requested by LucyLikePizza)
|
|t:|1757862286
|teamsize|p1|6
|teamsize|p2|6
|start
|switch|p1a: Thundurus|Thundurus, M|100/100
|switch|p2a: Cinderace|Cinderace, F|100/100
|turn|1
|j| JM_youyu
|inactive|LucyLikePizza has 120 seconds left.
|
|t:|1757862345
|move|p1a: Thundurus|Discharge|p2a: Cinderace
|-damage|p2a: Cinderace|52/100
|move|p2a: Cinderace|Will-O-Wisp|p1a: Thundurus
|-status|p1a: Thundurus|brn
|
|-damage|p1a: Thundurus|94/100 brn|[from] brn
|upkeep
|turn|2
|
|t:|1757862355
|switch|p2a: Clodsire|Clodsire, F|100/100
|move|p1a: Thundurus|Discharge|p2a: Clodsire
|-immune|p2a: Clodsire
|
|-damage|p1a: Thundurus|88/100 brn|[from] brn
|upkeep
|turn|3
|
|t:|1757862361
|move|p1a: Thundurus|Taunt|p2a: Clodsire
|-start|p2a: Clodsire|move: Taunt
|cant|p2a: Clodsire|move: Taunt|Spikes
|
|-damage|p1a: Thundurus|82/100 brn|[from] brn
|upkeep
|turn|4
|
|t:|1757862371
|move|p1a: Thundurus|Grass Knot|p2a: Clodsire
|-damage|p2a: Clodsire|69/100
|move|p2a: Clodsire|Earthquake|p1a: Thundurus
|-immune|p1a: Thundurus
|
|-heal|p2a: Clodsire|75/100|[from] item: Leftovers
|-damage|p1a: Thundurus|76/100 brn|[from] brn
|upkeep
|turn|5
|
|t:|1757862379
|switch|p2a: Goodra|Goodra-Hisui, F|100/100
|move|p1a: Thundurus|Discharge|p2a: Goodra
|-resisted|p2a: Goodra
|-damage|p2a: Goodra|88/100
|
|-heal|p2a: Goodra|94/100|[from] item: Leftovers
|-damage|p1a: Thundurus|70/100 brn|[from] brn
|upkeep
|turn|6
|
|t:|1757862386
|move|p1a: Thundurus|Thunder Wave|p2a: Goodra
|-status|p2a: Goodra|par
|move|p2a: Goodra|Ice Beam|p1a: Thundurus
|-supereffective|p1a: Thundurus
|-damage|p1a: Thundurus|0 fnt
|faint|p1a: Thundurus
|
|-heal|p2a: Goodra|99/100 par|[from] item: Leftovers
|upkeep
|
|t:|1757862393
|switch|p1a: Jirachi|Jirachi|100/100
|turn|7
|
|t:|1757862399
|switch|p2a: Gholdengo|Gholdengo|100/100
|move|p1a: Jirachi|Calm Mind|p1a: Jirachi
|-boost|p1a: Jirachi|spa|1
|-boost|p1a: Jirachi|spd|1
|
|upkeep
|turn|8
|
|t:|1757862403
|move|p1a: Jirachi|Thunder|p2a: Gholdengo|[miss]
|-miss|p1a: Jirachi|p2a: Gholdengo
|move|p2a: Gholdengo|Shadow Ball|p1a: Jirachi
|-supereffective|p1a: Jirachi
|-damage|p1a: Jirachi|14/100
|
|-heal|p1a: Jirachi|21/100|[from] item: Leftovers
|upkeep
|turn|9
|
|t:|1757862406
|move|p1a: Jirachi|Thunder|p2a: Gholdengo
|-damage|p2a: Gholdengo|60/100
|move|p2a: Gholdengo|Shadow Ball|p1a: Jirachi
|-supereffective|p1a: Jirachi
|-damage|p1a: Jirachi|0 fnt
|faint|p1a: Jirachi
|
|upkeep
|
|t:|1757862416
|switch|p1a: Rillaboom|Rillaboom, F|100/100
|-fieldstart|move: Grassy Terrain|[from] ability: Grassy Surge|[of] p1a: Rillaboom
|turn|10
|
|t:|1757862428
|switch|p2a: Mandibuzz|Mandibuzz, F|100/100
|move|p1a: Rillaboom|Knock Off|p2a: Mandibuzz
|-resisted|p2a: Mandibuzz
|-damage|p2a: Mandibuzz|78/100
|-enditem|p2a: Mandibuzz|Covert Cloak|[from] move: Knock Off|[of] p1a: Rillaboom
|
|upkeep
|turn|11
|
|t:|1757862436
|switch|p1a: Toxapex|Toxapex, F|100/100
|move|p2a: Mandibuzz|Knock Off|p1a: Toxapex
|-damage|p1a: Toxapex|86/100
|-damage|p2a: Mandibuzz|61/100|[from] item: Rocky Helmet|[of] p1a: Toxapex
|-enditem|p1a: Toxapex|Rocky Helmet|[from] move: Knock Off|[of] p2a: Mandibuzz
|
|-heal|p1a: Toxapex|93/100|[from] Grassy Terrain
|upkeep
|turn|12
|
|t:|1757862445
|switch|p2a: Goodra|Goodra-Hisui, F|99/100 par
|move|p1a: Toxapex|Surf|p2a: Goodra
|-resisted|p2a: Goodra
|-damage|p2a: Goodra|94/100 par
|
|-heal|p1a: Toxapex|99/100|[from] Grassy Terrain
|-heal|p2a: Goodra|99/100 par|[from] Grassy Terrain
|-heal|p2a: Goodra|100/100 par|[from] item: Leftovers
|upkeep
|turn|13
|
|t:|1757862458
|switch|p1a: Enamorus|Enamorus, F|100/100
|move|p2a: Goodra|Thunder|p1a: Enamorus
|-supereffective|p1a: Enamorus
|-damage|p1a: Enamorus|4/100
|-status|p1a: Enamorus|par
|
|upkeep
|turn|14
|
|t:|1757862468
|move|p1a: Enamorus|Moonblast|p2a: Goodra
|-damage|p2a: Goodra|69/100 par
|-unboost|p2a: Goodra|spa|1
|move|p2a: Goodra|Ice Beam|p1a: Enamorus
|-supereffective|p1a: Enamorus
|-damage|p1a: Enamorus|0 fnt
|faint|p1a: Enamorus
|
|-heal|p2a: Goodra|75/100 par|[from] Grassy Terrain
|-heal|p2a: Goodra|81/100 par|[from] item: Leftovers
|-fieldend|move: Grassy Terrain
|upkeep
|
|t:|1757862477
|switch|p1a: Great Tusk|Great Tusk|100/100
|turn|15
|
|t:|1757862485
|switch|p2a: Alomomola|Alomomola, M|100/100
|move|p1a: Great Tusk|High Horsepower|p2a: Alomomola
|-damage|p2a: Alomomola|80/100
|-damage|p1a: Great Tusk|84/100|[from] item: Rocky Helmet|[of] p2a: Alomomola
|
|-heal|p1a: Great Tusk|90/100|[from] item: Leftovers
|upkeep
|turn|16
|
|t:|1757862494
|-end|p1a: Great Tusk|Protosynthesis|[silent]
|switch|p1a: Rillaboom|Rillaboom, F|100/100
|-fieldstart|move: Grassy Terrain|[from] ability: Grassy Surge|[of] p1a: Rillaboom
|move|p2a: Alomomola|Flip Turn|p1a: Rillaboom
|-resisted|p1a: Rillaboom
|-damage|p1a: Rillaboom|91/100
|
|t:|1757862501
|switch|p2a: Cinderace|Cinderace, F|52/100|[from] Flip Turn
|
|-heal|p2a: Cinderace|58/100|[from] Grassy Terrain
|-heal|p1a: Rillaboom|97/100|[from] Grassy Terrain
|upkeep
|turn|17
|
|t:|1757862513
|switch|p1a: Toxapex|Toxapex, F|100/100
|move|p2a: Cinderace|U-turn|p1a: Toxapex
|-start|p2a: Cinderace|typechange|Bug|[from] ability: Libero
|-resisted|p1a: Toxapex
|-damage|p1a: Toxapex|90/100
|
|t:|1757862519
|switch|p2a: Gholdengo|Gholdengo|60/100|[from] U-turn
|
|-heal|p2a: Gholdengo|66/100|[from] Grassy Terrain
|-heal|p1a: Toxapex|97/100|[from] Grassy Terrain
|upkeep
|turn|18
|
|t:|1757862526
|switch|p1a: Rillaboom|Rillaboom, F|97/100
|move|p2a: Gholdengo|Shadow Ball|p1a: Rillaboom
|-damage|p1a: Rillaboom|2/100
|-unboost|p1a: Rillaboom|spd|1
|
|-heal|p1a: Rillaboom|8/100|[from] Grassy Terrain
|-heal|p2a: Gholdengo|72/100|[from] Grassy Terrain
|upkeep
|turn|19
|
|t:|1757862535
|switch|p2a: Mandibuzz|Mandibuzz, F|61/100
|move|p1a: Rillaboom|U-turn|p2a: Mandibuzz
|-damage|p2a: Mandibuzz|32/100
|
|t:|1757862537
|switch|p1a: Great Tusk|Great Tusk|90/100|[from] U-turn
|
|-heal|p1a: Great Tusk|96/100|[from] Grassy Terrain
|-heal|p1a: Great Tusk|100/100|[from] item: Leftovers
|upkeep
|turn|20
|
|t:|1757862543
|move|p1a: Great Tusk|Bulk Up|p1a: Great Tusk
|-boost|p1a: Great Tusk|atk|1
|-boost|p1a: Great Tusk|def|1
|move|p2a: Mandibuzz|Toxic|p1a: Great Tusk|[miss]
|-miss|p2a: Mandibuzz|p1a: Great Tusk
|
|-fieldend|move: Grassy Terrain
|upkeep
|turn|21
|
|t:|1757862549
|switch|p2a: Alomomola|Alomomola, M|100/100
|-terastallize|p1a: Great Tusk|Steel
|move|p1a: Great Tusk|Bulk Up|p1a: Great Tusk
|-boost|p1a: Great Tusk|atk|1
|-boost|p1a: Great Tusk|def|1
|
|upkeep
|turn|22
|
|t:|1757862553
|move|p1a: Great Tusk|Rapid Spin|p2a: Alomomola
|-damage|p2a: Alomomola|84/100
|-boost|p1a: Great Tusk|spe|1
|-damage|p1a: Great Tusk|84/100|[from] item: Rocky Helmet|[of] p2a: Alomomola
|move|p2a: Alomomola|Wish|p2a: Alomomola
|
|-heal|p1a: Great Tusk|90/100|[from] item: Leftovers
|upkeep
|turn|23
|
|t:|1757862556
|move|p1a: Great Tusk|Bulk Up|p1a: Great Tusk
|-boost|p1a: Great Tusk|atk|1
|-boost|p1a: Great Tusk|def|1
|move|p2a: Alomomola|Flip Turn|p1a: Great Tusk
|-damage|p1a: Great Tusk|87/100
|
|t:|1757862565
|switch|p2a: Clodsire|Clodsire, F|75/100|[from] Flip Turn
|
|-heal|p2a: Clodsire|100/100|[from] move: Wish|[wisher] Alomomola
|-heal|p1a: Great Tusk|93/100|[from] item: Leftovers
|upkeep
|turn|24
|
|t:|1757862572
|-terastallize|p2a: Clodsire|Grass
|move|p1a: Great Tusk|High Horsepower|p2a: Clodsire
|-resisted|p2a: Clodsire
|-damage|p2a: Clodsire|85/100
|move|p2a: Clodsire|Earthquake|p1a: Great Tusk
|-supereffective|p1a: Great Tusk
|-damage|p1a: Great Tusk|67/100
|
|-heal|p1a: Great Tusk|73/100|[from] item: Leftovers
|-heal|p2a: Clodsire|91/100|[from] item: Leftovers
|upkeep
|turn|25
|
|t:|1757862578
|move|p1a: Great Tusk|Ice Spinner|p2a: Clodsire
|-supereffective|p2a: Clodsire
|-damage|p2a: Clodsire|57/100
|move|p2a: Clodsire|Earthquake|p1a: Great Tusk
|-supereffective|p1a: Great Tusk
|-damage|p1a: Great Tusk|43/100
|
|-heal|p1a: Great Tusk|50/100|[from] item: Leftovers
|-heal|p2a: Clodsire|63/100|[from] item: Leftovers
|upkeep
|turn|26
|
|t:|1757862581
|move|p1a: Great Tusk|Ice Spinner|p2a: Clodsire
|-supereffective|p2a: Clodsire
|-damage|p2a: Clodsire|31/100
|move|p2a: Clodsire|Recover|p2a: Clodsire
|-heal|p2a: Clodsire|81/100
|
|-heal|p1a: Great Tusk|56/100|[from] item: Leftovers
|-heal|p2a: Clodsire|87/100|[from] item: Leftovers
|upkeep
|turn|27
|
|t:|1757862584
|move|p1a: Great Tusk|Ice Spinner|p2a: Clodsire
|-supereffective|p2a: Clodsire
|-damage|p2a: Clodsire|53/100
|move|p2a: Clodsire|Earthquake|p1a: Great Tusk
|-supereffective|p1a: Great Tusk
|-crit|p1a: Great Tusk
|-damage|p1a: Great Tusk|12/100
|
|-heal|p1a: Great Tusk|19/100|[from] item: Leftovers
|-heal|p2a: Clodsire|59/100|[from] item: Leftovers
|upkeep
|turn|28
|-message|LucyLikePizza forfeited.
|
|win|daodanguitest
|raw|LucyLikePizza's rating: 1491 &rarr; <strong>1474</strong><br />(-17 for losing)
|raw|daodanguitest's rating: 1540 &rarr; <strong>1557</strong><br />(+17 for winning)
|l|☆LucyLikePizza
|player|p1|
|l|☆daodanguitest
|player|p2|
