|j|☆Vaaash.
|j|☆IamLonny
|t:|1757859251
|gametype|singles
|player|p1|Vaaash.|steven|1101
|player|p2|IamLonny|bruno|1077
|gen|9
|tier|[Gen 9] OU
|rated|
|rule|HP Percentage Mod: HP is shown in percentages
|rule|Endless Battle Clause: Forcing endless battles is banned
|rule|Species Clause: Limit one of each Pokémon
|rule|OHKO Clause: OHKO moves are banned
|rule|Evasion Items Clause: Evasion items are banned
|rule|Evasion Moves Clause: Evasion moves are banned
|rule|Evasion Abilities Clause: Evasion abilities are banned
|rule|Sleep Moves Clause: Sleep-inducing moves are banned
|clearpoke
|poke|p1|Tyranitar, F|
|poke|p1|Gholdengo|
|poke|p1|Zamazenta-*|
|poke|p1|Rillaboom, M|
|poke|p1|Garchomp, F|
|poke|p1|Zapdos|
|poke|p2|Dusclops, F|
|poke|p2|Scizor, F|
|poke|p2|Conkeldurr, M|
|poke|p2|Clawitzer, M|
|poke|p2|Donphan, F|
|poke|p2|Toxtricity-Low-Key, F|
|teampreview
|
|t:|1757859267
|teamsize|p1|6
|teamsize|p2|6
|start
|switch|p1a: Tyranitar|Tyranitar, F|100/100
|switch|p2a: Conkeldurr|Conkeldurr, M|100/100
|-weather|Sandstorm|[from] ability: Sand Stream|[of] p1a: Tyranitar
|turn|1
|inactive|Battle timer is ON: inactive players will automatically lose when time's up. (requested by IamLonny)
|
|t:|1757859276
|switch|p1a: Zamazenta|Zamazenta|100/100
|-ability|p1a: Zamazenta|Dauntless Shield|boost
|-boost|p1a: Zamazenta|def|1
|move|p2a: Conkeldurr|Knock Off|p1a: Zamazenta
|-resisted|p1a: Zamazenta
|-damage|p1a: Zamazenta|89/100
|-enditem|p1a: Zamazenta|Heavy-Duty Boots|[from] move: Knock Off|[of] p2a: Conkeldurr
|
|-weather|Sandstorm|[upkeep]
|-damage|p1a: Zamazenta|83/100|[from] Sandstorm
|-damage|p2a: Conkeldurr|95/100|[from] Sandstorm
|upkeep
|turn|2
|
|t:|1757859294
|switch|p2a: Dusclops|Dusclops, F|100/100
|-ability|p2a: Dusclops|Pressure
|move|p1a: Zamazenta|Roar|p2a: Dusclops
|drag|p2a: Donphan|Donphan, F|100/100
|
|-weather|Sandstorm|[upkeep]
|-damage|p1a: Zamazenta|77/100|[from] Sandstorm
|upkeep
|turn|3
|
|t:|1757859305
|move|p1a: Zamazenta|Heavy Slam|p2a: Donphan
|-damage|p2a: Donphan|90/100
|move|p2a: Donphan|Stealth Rock|p1a: Zamazenta
|-sidestart|p1: Vaaash.|move: Stealth Rock
|
|-weather|Sandstorm|[upkeep]
|-damage|p1a: Zamazenta|71/100|[from] Sandstorm
|upkeep
|turn|4
|
|t:|1757859318
|switch|p1a: Zapdos|Zapdos|100/100
|move|p2a: Donphan|Earthquake|p1a: Zapdos
|-immune|p1a: Zapdos
|
|-weather|Sandstorm|[upkeep]
|-damage|p1a: Zapdos|94/100|[from] Sandstorm
|upkeep
|turn|5
|
|t:|1757859330
|-terastallize|p1a: Zapdos|Fire
|move|p1a: Zapdos|Heat Wave|p2a: Donphan
|-damage|p2a: Donphan|34/100
|move|p2a: Donphan|Ice Spinner|p1a: Zapdos
|-resisted|p1a: Zapdos
|-damage|p1a: Zapdos|76/100
|
|-weather|none
|upkeep
|turn|6
|
|t:|1757859344
|switch|p2a: Dusclops|Dusclops, F|100/100
|-ability|p2a: Dusclops|Pressure
|move|p1a: Zapdos|Heat Wave|p2a: Dusclops
|-damage|p2a: Dusclops|71/100
|
|upkeep
|turn|7
|
|t:|1757859352
|move|p1a: Zapdos|Volt Switch|p2a: Dusclops
|-damage|p2a: Dusclops|48/100
|
|t:|1757859358
|switch|p1a: Tyranitar|Tyranitar, F|100/100|[from] Volt Switch
|-weather|Sandstorm|[from] ability: Sand Stream|[of] p1a: Tyranitar
|move|p2a: Dusclops|Pain Split|p1a: Tyranitar
|-sethp|p1a: Tyranitar|70/100|[from] move: Pain Split|[silent]
|-sethp|p2a: Dusclops|87/100|[from] move: Pain Split
|
|-weather|Sandstorm|[upkeep]
|-damage|p2a: Dusclops|81/100|[from] Sandstorm
|upkeep
|turn|8
|
|t:|1757859371
|move|p1a: Tyranitar|Knock Off|p2a: Dusclops
|-supereffective|p2a: Dusclops
|-damage|p2a: Dusclops|12/100
|-enditem|p2a: Dusclops|Eviolite|[from] move: Knock Off|[of] p1a: Tyranitar
|move|p2a: Dusclops|Brick Break|p1a: Tyranitar
|-supereffective|p1a: Tyranitar
|-damage|p1a: Tyranitar|1/100
|
|-weather|Sandstorm|[upkeep]
|-damage|p2a: Dusclops|6/100|[from] Sandstorm
|upkeep
|turn|9
|
|t:|1757859381
|move|p1a: Tyranitar|Knock Off|p2a: Dusclops
|-supereffective|p2a: Dusclops
|-damage|p2a: Dusclops|0 fnt
|faint|p2a: Dusclops
|
|-weather|Sandstorm|[upkeep]
|upkeep
|
|t:|1757859400
|switch|p2a: Scizor|Scizor, F|100/100
|turn|10
|
|t:|1757859408
|switch|p1a: Garchomp|Garchomp, F|100/100
|-damage|p1a: Garchomp|94/100|[from] Stealth Rock
|move|p2a: Scizor|Bullet Punch|p1a: Garchomp
|-damage|p1a: Garchomp|72/100
|-damage|p2a: Scizor|88/100|[from] ability: Rough Skin|[of] p1a: Garchomp
|-damage|p2a: Scizor|72/100|[from] item: Rocky Helmet|[of] p1a: Garchomp
|
|-weather|Sandstorm|[upkeep]
|upkeep
|turn|11
|
|t:|1757859419
|move|p1a: Garchomp|Stealth Rock|p2a: Scizor
|-sidestart|p2: IamLonny|move: Stealth Rock
|move|p2a: Scizor|Swords Dance|p2a: Scizor
|-boost|p2a: Scizor|atk|2
|
|-weather|none
|upkeep
|turn|12
|
|t:|1757859426
|move|p1a: Garchomp|Spikes|p2a: Scizor
|-sidestart|p2: IamLonny|Spikes
|move|p2a: Scizor|Bug Bite|p1a: Garchomp
|-damage|p1a: Garchomp|5/100
|-damage|p2a: Scizor|59/100|[from] ability: Rough Skin|[of] p1a: Garchomp
|-damage|p2a: Scizor|43/100|[from] item: Rocky Helmet|[of] p1a: Garchomp
|
|upkeep
|turn|13
|
|t:|1757859435
|move|p2a: Scizor|Bullet Punch|p1a: Garchomp
|-damage|p1a: Garchomp|0 fnt
|-damage|p2a: Scizor|31/100|[from] ability: Rough Skin|[of] p1a: Garchomp
|-damage|p2a: Scizor|14/100|[from] item: Rocky Helmet|[of] p1a: Garchomp
|faint|p1a: Garchomp
|
|upkeep
|
|t:|1757859445
|switch|p1a: Zamazenta|Zamazenta|71/100
|-damage|p1a: Zamazenta|65/100|[from] Stealth Rock
|turn|14
|
|t:|1757859453
|move|p1a: Zamazenta|Close Combat|p2a: Scizor
|-damage|p2a: Scizor|0 fnt
|-unboost|p1a: Zamazenta|def|1
|-unboost|p1a: Zamazenta|spd|1
|faint|p2a: Scizor
|
|upkeep
|
|t:|1757859473
|switch|p2a: Conkeldurr|Conkeldurr, M|95/100
|-damage|p2a: Conkeldurr|89/100|[from] Stealth Rock
|-damage|p2a: Conkeldurr|76/100|[from] Spikes
|turn|15
|
|t:|1757859484
|move|p2a: Conkeldurr|Drain Punch|p1a: Zamazenta
|-damage|p1a: Zamazenta|4/100
|-heal|p2a: Conkeldurr|100/100|[from] drain|[of] p1a: Zamazenta
|move|p1a: Zamazenta|Roar|p2a: Conkeldurr
|drag|p2a: Toxtricity|Toxtricity-Low-Key, F|100/100
|-damage|p2a: Toxtricity|88/100|[from] Stealth Rock
|-damage|p2a: Toxtricity|76/100|[from] Spikes
|
|upkeep
|turn|16
|
|t:|1757859502
|move|p1a: Zamazenta|Heavy Slam|p2a: Toxtricity
|-resisted|p2a: Toxtricity
|-damage|p2a: Toxtricity|49/100
|move|p2a: Toxtricity|Substitute|p2a: Toxtricity
|-start|p2a: Toxtricity|Substitute
|-damage|p2a: Toxtricity|24/100
|
|upkeep
|turn|17
|
|t:|1757859511
|move|p1a: Zamazenta|Heavy Slam|p2a: Toxtricity
|-resisted|p2a: Toxtricity
|-end|p2a: Toxtricity|Substitute
|move|p2a: Toxtricity|Boomburst|p1a: Zamazenta
|-damage|p1a: Zamazenta|0 fnt
|faint|p1a: Zamazenta
|-enditem|p2a: Toxtricity|Throat Spray
|-boost|p2a: Toxtricity|spa|1|[from] item: Throat Spray
|
|upkeep
|
|t:|1757859515
|switch|p1a: Tyranitar|Tyranitar, F|1/100
|-weather|Sandstorm|[from] ability: Sand Stream|[of] p1a: Tyranitar
|turn|18
|
|t:|1757859526
|move|p1a: Tyranitar|Low Kick|p2a: Toxtricity
|-resisted|p2a: Toxtricity
|-damage|p2a: Toxtricity|11/100
|move|p2a: Toxtricity|Boomburst|p1a: Tyranitar
|-resisted|p1a: Tyranitar
|-damage|p1a: Tyranitar|0 fnt
|faint|p1a: Tyranitar
|
|-weather|Sandstorm|[upkeep]
|-damage|p2a: Toxtricity|5/100|[from] Sandstorm
|upkeep
|
|t:|1757859531
|switch|p1a: Zapdos|Zapdos, tera:Fire|76/100
|turn|19
|
|t:|1757859538
|move|p1a: Zapdos|Heat Wave|p2a: Toxtricity
|-damage|p2a: Toxtricity|0 fnt
|faint|p2a: Toxtricity
|
|-weather|Sandstorm|[upkeep]
|-damage|p1a: Zapdos|70/100|[from] Sandstorm
|upkeep
|
|t:|1757859547
|switch|p2a: Donphan|Donphan, F|34/100
|turn|20
|
|t:|1757859552
|move|p1a: Zapdos|Heat Wave|p2a: Donphan
|-damage|p2a: Donphan|0 fnt
|faint|p2a: Donphan
|
|-weather|Sandstorm|[upkeep]
|-damage|p1a: Zapdos|64/100|[from] Sandstorm
|upkeep
|
|t:|1757859560
|switch|p2a: Conkeldurr|Conkeldurr, M|100/100
|-damage|p2a: Conkeldurr|95/100|[from] Stealth Rock
|-damage|p2a: Conkeldurr|82/100|[from] Spikes
|turn|21
|inactive|Vaaash. has 120 seconds left.
|
|t:|1757859599
|move|p1a: Zapdos|Volt Switch|p2a: Conkeldurr
|-damage|p2a: Conkeldurr|59/100
|
|t:|1757859602
|switch|p1a: Rillaboom|Rillaboom, M|100/100|[from] Volt Switch
|-fieldstart|move: Grassy Terrain|[from] ability: Grassy Surge|[of] p1a: Rillaboom
|move|p2a: Conkeldurr|Knock Off|p1a: Rillaboom
|-damage|p1a: Rillaboom|59/100
|-enditem|p1a: Rillaboom|Heavy-Duty Boots|[from] move: Knock Off|[of] p2a: Conkeldurr
|
|-weather|Sandstorm|[upkeep]
|-damage|p1a: Rillaboom|53/100|[from] Sandstorm
|-damage|p2a: Conkeldurr|53/100|[from] Sandstorm
|-heal|p1a: Rillaboom|59/100|[from] Grassy Terrain
|-heal|p2a: Conkeldurr|59/100|[from] Grassy Terrain
|upkeep
|turn|22
|
|t:|1757859615
|move|p1a: Rillaboom|Grassy Glide|p2a: Conkeldurr
|-damage|p2a: Conkeldurr|19/100
|move|p2a: Conkeldurr|Poison Jab|p1a: Rillaboom
|-supereffective|p1a: Rillaboom
|-damage|p1a: Rillaboom|0 fnt
|faint|p1a: Rillaboom
|
|-weather|none
|-heal|p2a: Conkeldurr|25/100|[from] Grassy Terrain
|upkeep
|
|t:|1757859627
|switch|p1a: Gholdengo|Gholdengo|100/100
|-damage|p1a: Gholdengo|94/100|[from] Stealth Rock
|-item|p1a: Gholdengo|Air Balloon
|turn|23
|
|t:|1757859633
|move|p1a: Gholdengo|Hex|p2a: Conkeldurr
|-damage|p2a: Conkeldurr|4/100
|move|p2a: Conkeldurr|Knock Off|p1a: Gholdengo
|-supereffective|p1a: Gholdengo
|-damage|p1a: Gholdengo|42/100
|-enditem|p1a: Gholdengo|Air Balloon
|
|-heal|p1a: Gholdengo|48/100|[from] Grassy Terrain
|-heal|p2a: Conkeldurr|10/100|[from] Grassy Terrain
|upkeep
|turn|24
|
|t:|1757859644
|move|p1a: Gholdengo|Make It Rain|p2a: Conkeldurr
|-damage|p2a: Conkeldurr|0 fnt
|-unboost|p1a: Gholdengo|spa|1
|faint|p2a: Conkeldurr
|
|-heal|p1a: Gholdengo|54/100|[from] Grassy Terrain
|upkeep
|
|t:|1757859653
|switch|p2a: Clawitzer|Clawitzer, M|100/100
|-damage|p2a: Clawitzer|88/100|[from] Stealth Rock
|-damage|p2a: Clawitzer|76/100|[from] Spikes
|turn|25
|
|t:|1757859666
|move|p1a: Gholdengo|Make It Rain|p2a: Clawitzer
|-resisted|p2a: Clawitzer
|-damage|p2a: Clawitzer|57/100
|-unboost|p1a: Gholdengo|spa|1
|move|p2a: Clawitzer|Dark Pulse|p1a: Gholdengo
|-supereffective|p1a: Gholdengo
|-damage|p1a: Gholdengo|0 fnt
|faint|p1a: Gholdengo
|
|-heal|p2a: Clawitzer|63/100|[from] Grassy Terrain
|-fieldend|move: Grassy Terrain
|upkeep
|
|t:|1757859670
|switch|p1a: Zapdos|Zapdos, tera:Fire|64/100
|turn|26
|
|t:|1757859680
|move|p1a: Zapdos|Volt Switch|p2a: Clawitzer
|-supereffective|p2a: Clawitzer
|-damage|p2a: Clawitzer|0 fnt
|faint|p2a: Clawitzer
|
|win|Vaaash.
|raw|Vaaash.'s rating: 1101 &rarr; <strong>1124</strong><br />(+23 for winning)
|raw|IamLonny's rating: 1077 &rarr; <strong>1057</strong><br />(-20 for losing)
|l|☆IamLonny
|player|p2|
|l|☆Vaaash.
|player|p1|
