|j|☆Gameprom4
|j|☆jiangsan1
|t:|1757851522
|gametype|singles
|player|p1|Gameprom4|265|1673
|player|p2|jiangsan1|1|1611
|gen|9
|tier|[Gen 9] OU
|rated|
|rule|HP Percentage Mod: HP is shown in percentages
|rule|Endless Battle Clause: Forcing endless battles is banned
|rule|Species Clause: Limit one of each Pokémon
|rule|OHKO Clause: OHKO moves are banned
|rule|Evasion Items Clause: Evasion items are banned
|rule|Evasion Moves Clause: Evasion moves are banned
|rule|Evasion Abilities Clause: Evasion abilities are banned
|rule|Sleep Moves Clause: Sleep-inducing moves are banned
|clearpoke
|poke|p1|Sinistcha|
|poke|p1|Primarina, F|
|poke|p1|Iron Hands|
|poke|p1|Scizor, M|
|poke|p1|Araquanid, F|
|poke|p1|Great Tusk|
|poke|p2|Kingambit, M|
|poke|p2|Raging Bolt|
|poke|p2|Garganacl, M|
|poke|p2|Gholdengo|
|poke|p2|Glimmora, M|
|poke|p2|Landorus-Therian, M|
|teampreview
|inactive|Battle timer is ON: inactive players will automatically lose when time's up. (requested by Gameprom4)
|
|t:|1757851540
|teamsize|p1|6
|teamsize|p2|6
|start
|switch|p1a: Araquanid|Araquanid, F|100/100
|switch|p2a: Glimmora|Glimmora, M|100/100
|turn|1
|
|t:|1757851555
|move|p1a: Araquanid|Endure|p1a: Araquanid
|-singleturn|p1a: Araquanid|move: Endure
|move|p2a: Glimmora|Stealth Rock|p1a: Araquanid
|-sidestart|p1: Gameprom4|move: Stealth Rock
|
|upkeep
|turn|2
|
|t:|1757851563
|move|p2a: Glimmora|Spikes|p1a: Araquanid
|-sidestart|p1: Gameprom4|Spikes
|move|p1a: Araquanid|Sticky Web|p2a: Glimmora
|-sidestart|p2: jiangsan1|move: Sticky Web
|
|upkeep
|turn|3
|
|t:|1757851569
|move|p2a: Glimmora|Mortal Spin|p1a: Araquanid
|-damage|p1a: Araquanid|95/100
|-status|p1a: Araquanid|psn
|-sideend|p2: jiangsan1|Sticky Web|[from] move: Mortal Spin|[of] p2a: Glimmora
|move|p1a: Araquanid|Surf|p2a: Glimmora
|-supereffective|p2a: Glimmora
|-enditem|p2a: Glimmora|Focus Sash
|-damage|p2a: Glimmora|1/100
|
|-damage|p1a: Araquanid|83/100 psn|[from] psn
|upkeep
|turn|4
|j| Ultracentrifuge
|
|t:|1757851575
|move|p2a: Glimmora|Spikes|p1a: Araquanid
|-sidestart|p1: Gameprom4|Spikes
|move|p1a: Araquanid|Sticky Web|p2a: Glimmora
|-sidestart|p2: jiangsan1|move: Sticky Web
|
|-damage|p1a: Araquanid|70/100 psn|[from] psn
|upkeep
|turn|5
|
|t:|1757851580
|move|p2a: Glimmora|Mortal Spin|p1a: Araquanid
|-damage|p1a: Araquanid|65/100 psn
|-sideend|p2: jiangsan1|Sticky Web|[from] move: Mortal Spin|[of] p2a: Glimmora
|move|p1a: Araquanid|Surf|p2a: Glimmora
|-supereffective|p2a: Glimmora
|-damage|p2a: Glimmora|0 fnt
|faint|p2a: Glimmora
|
|-damage|p1a: Araquanid|53/100 psn|[from] psn
|upkeep
|
|t:|1757851592
|switch|p2a: Raging Bolt|Raging Bolt|100/100
|-enditem|p2a: Raging Bolt|Booster Energy
|-activate|p2a: Raging Bolt|ability: Protosynthesis|[fromitem]
|-start|p2a: Raging Bolt|protosynthesisspa
|turn|6
|
|t:|1757851602
|move|p2a: Raging Bolt|Dragon Pulse|p1a: Araquanid
|-damage|p1a: Araquanid|0 fnt
|faint|p1a: Araquanid
|
|upkeep
|
|t:|1757851606
|switch|p1a: Great Tusk|Great Tusk|100/100
|-damage|p1a: Great Tusk|98/100|[from] Stealth Rock
|-damage|p1a: Great Tusk|81/100|[from] Spikes
|-enditem|p1a: Great Tusk|Booster Energy
|-activate|p1a: Great Tusk|ability: Protosynthesis|[fromitem]
|-start|p1a: Great Tusk|protosynthesisatk
|turn|7
|
|t:|1757851620
|-end|p2a: Raging Bolt|Protosynthesis|[silent]
|switch|p2a: Gholdengo|Gholdengo|100/100
|move|p1a: Great Tusk|Headlong Rush|p2a: Gholdengo
|-supereffective|p2a: Gholdengo
|-damage|p2a: Gholdengo|0 fnt
|-unboost|p1a: Great Tusk|def|1
|-unboost|p1a: Great Tusk|spd|1
|faint|p2a: Gholdengo
|
|upkeep
|
|t:|1757851628
|switch|p2a: Landorus|Landorus-Therian, M|100/100
|-ability|p2a: Landorus|Intimidate|boost
|-unboost|p1a: Great Tusk|atk|1
|turn|8
|
|t:|1757851637
|move|p2a: Landorus|Earthquake|p1a: Great Tusk
|-damage|p1a: Great Tusk|22/100
|move|p1a: Great Tusk|Rapid Spin|p2a: Landorus
|-damage|p2a: Landorus|85/100
|-boost|p1a: Great Tusk|spe|1
|-sideend|p1: Gameprom4|Spikes|[from] move: Rapid Spin|[of] p1a: Great Tusk
|-sideend|p1: Gameprom4|Stealth Rock|[from] move: Rapid Spin|[of] p1a: Great Tusk
|
|upkeep
|turn|9
|
|t:|1757851641
|move|p2a: Landorus|Earthquake|p1a: Great Tusk
|-damage|p1a: Great Tusk|0 fnt
|faint|p1a: Great Tusk
|-end|p1a: Great Tusk|Protosynthesis|[silent]
|
|upkeep
|
|t:|1757851645
|switch|p1a: Sinistcha|Sinistcha|100/100
|turn|10
|
|t:|1757851649
|switch|p2a: Raging Bolt|Raging Bolt|100/100
|move|p1a: Sinistcha|Shadow Ball|p2a: Raging Bolt
|-damage|p2a: Raging Bolt|71/100
|
|upkeep
|turn|11
|
|t:|1757851653
|switch|p1a: Iron Hands|Iron Hands|100/100
|move|p2a: Raging Bolt|Calm Mind|p2a: Raging Bolt
|-boost|p2a: Raging Bolt|spa|1
|-boost|p2a: Raging Bolt|spd|1
|
|upkeep
|turn|12
|
|t:|1757851681
|-terastallize|p2a: Raging Bolt|Fairy
|move|p2a: Raging Bolt|Dragon Pulse|p1a: Iron Hands
|-damage|p1a: Iron Hands|60/100
|move|p1a: Iron Hands|Drain Punch|p2a: Raging Bolt
|-resisted|p2a: Raging Bolt
|-damage|p2a: Raging Bolt|49/100
|-heal|p1a: Iron Hands|70/100|[from] drain|[of] p2a: Raging Bolt
|
|upkeep
|turn|13
|
|t:|1757851697
|move|p2a: Raging Bolt|Thunderbolt|p1a: Iron Hands
|-resisted|p1a: Iron Hands
|-damage|p1a: Iron Hands|50/100
|move|p1a: Iron Hands|Thunder Punch|p2a: Raging Bolt
|-damage|p2a: Raging Bolt|8/100
|-status|p2a: Raging Bolt|par
|
|upkeep
|turn|14
|
|t:|1757851702
|-end|p1a: Iron Hands|Quark Drive|[silent]
|switch|p1a: Scizor|Scizor, M|100/100
|move|p2a: Raging Bolt|Dragon Pulse|p1a: Scizor
|-resisted|p1a: Scizor
|-damage|p1a: Scizor|47/100
|
|upkeep
|turn|15
|
|t:|1757851706
|-end|p2a: Raging Bolt|Protosynthesis|[silent]
|switch|p2a: Landorus|Landorus-Therian, M|85/100
|-ability|p2a: Landorus|Intimidate|boost
|-unboost|p1a: Scizor|atk|1
|move|p1a: Scizor|Bullet Punch|p2a: Landorus
|-damage|p2a: Landorus|49/100
|
|upkeep
|turn|16
|
|t:|1757851720
|switch|p1a: Sinistcha|Sinistcha|100/100
|move|p2a: Landorus|Stealth Rock|p1a: Sinistcha
|-sidestart|p1: Gameprom4|move: Stealth Rock
|
|upkeep
|turn|17
|
|t:|1757851733
|switch|p2a: Raging Bolt|Raging Bolt, tera:Fairy|8/100 par
|switch|p1a: Iron Hands|Iron Hands|50/100
|-damage|p1a: Iron Hands|43/100|[from] Stealth Rock
|
|upkeep
|turn|18
|
|t:|1757851736
|cant|p2a: Raging Bolt|par
|move|p1a: Iron Hands|Drain Punch|p2a: Raging Bolt
|-resisted|p2a: Raging Bolt
|-damage|p2a: Raging Bolt|0 fnt
|-heal|p1a: Iron Hands|47/100|[from] drain|[of] p2a: Raging Bolt
|faint|p2a: Raging Bolt
|-end|p2a: Raging Bolt|Protosynthesis|[silent]
|
|upkeep
|
|t:|1757851743
|switch|p2a: Landorus|Landorus-Therian, M|49/100
|-ability|p2a: Landorus|Intimidate|boost
|-unboost|p1a: Iron Hands|atk|1
|turn|19
|
|t:|1757851747
|move|p2a: Landorus|Earthquake|p1a: Iron Hands
|-supereffective|p1a: Iron Hands
|-damage|p1a: Iron Hands|0 fnt
|faint|p1a: Iron Hands
|-end|p1a: Iron Hands|Quark Drive|[silent]
|
|upkeep
|
|t:|1757851749
|switch|p1a: Sinistcha|Sinistcha|100/100
|-damage|p1a: Sinistcha|88/100|[from] Stealth Rock
|turn|20
|
|t:|1757851755
|switch|p2a: Kingambit|Kingambit, M|100/100
|-activate|p2a: Kingambit|ability: Supreme Overlord
|-start|p2a: Kingambit|fallen3|[silent]
|move|p1a: Sinistcha|Matcha Gotcha|p2a: Kingambit|[miss]
|-miss|p1a: Sinistcha|p2a: Kingambit
|
|-heal|p1a: Sinistcha|94/100|[from] item: Leftovers
|upkeep
|turn|21
|
|t:|1757851765
|move|p2a: Kingambit|Iron Head|p1a: Sinistcha
|-damage|p1a: Sinistcha|50/100
|cant|p1a: Sinistcha|flinch
|
|-heal|p1a: Sinistcha|56/100|[from] item: Leftovers
|upkeep
|turn|22
|
|t:|1757851779
|switch|p1a: Scizor|Scizor, M|47/100
|-damage|p1a: Scizor|35/100|[from] Stealth Rock
|move|p2a: Kingambit|Swords Dance|p2a: Kingambit
|-boost|p2a: Kingambit|atk|2
|
|upkeep
|turn|23
|
|t:|1757851783
|move|p2a: Kingambit|Sucker Punch|p1a: Scizor
|-damage|p1a: Scizor|0 fnt
|faint|p1a: Scizor
|
|upkeep
|
|t:|1757851785
|switch|p1a: Primarina|Primarina, F|100/100
|-damage|p1a: Primarina|88/100|[from] Stealth Rock
|turn|24
|
|t:|1757851790
|move|p1a: Primarina|Moonblast|p2a: Kingambit
|-damage|p2a: Kingambit|8/100
|move|p2a: Kingambit|Iron Head|p1a: Primarina
|-damage|p1a: Primarina|0 fnt
|faint|p1a: Primarina
|
|-heal|p2a: Kingambit|14/100|[from] item: Leftovers
|upkeep
|
|t:|1757851795
|switch|p1a: Sinistcha|Sinistcha|56/100
|-damage|p1a: Sinistcha|43/100|[from] Stealth Rock
|turn|25
|
|t:|1757851797
|-terastallize|p1a: Sinistcha|Poison
|move|p2a: Kingambit|Sucker Punch||[still]
|-fail|p2a: Kingambit
|move|p1a: Sinistcha|Strength Sap|p2a: Kingambit
|-unboost|p2a: Kingambit|atk|1
|-heal|p1a: Sinistcha|100/100
|
|-heal|p2a: Kingambit|20/100|[from] item: Leftovers
|upkeep
|turn|26
|j| Nikator98
|l| Nikator98
|
|t:|1757851808
|move|p2a: Kingambit|Iron Head|p1a: Sinistcha
|-damage|p1a: Sinistcha|33/100
|move|p1a: Sinistcha|Matcha Gotcha|p2a: Kingambit
|-resisted|p2a: Kingambit
|-damage|p2a: Kingambit|1/100
|-heal|p1a: Sinistcha|43/100|[from] drain|[of] p2a: Kingambit
|
|-heal|p2a: Kingambit|7/100|[from] item: Leftovers
|-heal|p1a: Sinistcha|49/100|[from] item: Leftovers
|upkeep
|turn|27
|
|t:|1757851818
|move|p2a: Kingambit|Iron Head|p1a: Sinistcha
|-damage|p1a: Sinistcha|0 fnt
|faint|p1a: Sinistcha
|
|win|jiangsan1
|raw|Gameprom4's rating: 1673 &rarr; <strong>1649</strong><br />(-24 for losing)
|raw|jiangsan1's rating: 1611 &rarr; <strong>1635</strong><br />(+24 for winning)
|l|☆Gameprom4
|player|p1|
|l|☆jiangsan1
|player|p2|
