|j|☆DonphanPPF
|j|☆lasg95
|t:|1757825621
|gametype|singles
|player|p1|DonphanPPF|170|1143
|player|p2|lasg95|102|1169
|gen|9
|tier|[Gen 9] OU
|rated|
|rule|HP Percentage Mod: HP is shown in percentages
|rule|Endless Battle Clause: Forcing endless battles is banned
|rule|Species Clause: Limit one of each Pokémon
|rule|OHKO Clause: OHKO moves are banned
|rule|Evasion Items Clause: Evasion items are banned
|rule|Evasion Moves Clause: Evasion moves are banned
|rule|Evasion Abilities Clause: Evasion abilities are banned
|rule|Sleep Moves Clause: Sleep-inducing moves are banned
|clearpoke
|poke|p1|Weezing-Galar, M|
|poke|p1|Hitmonlee, M|
|poke|p1|Dragonite, M|
|poke|p1|Scizor, M|
|poke|p1|Lycanroc-Dusk, M|
|poke|p1|Vaporeon, F|
|poke|p2|Lapras, F|
|poke|p2|Charizard, M|
|poke|p2|Dragonite, M|
|poke|p2|Venusaur, M|
|poke|p2|Gengar, F|
|poke|p2|Espeon, F|
|teampreview
|
|t:|1757825628
|teamsize|p1|6
|teamsize|p2|6
|start
|switch|p1a: Lycanroc|Lycanroc-Dusk, M, shiny|100/100
|switch|p2a: Venusaur|Venusaur, M|100/100
|turn|1
|
|t:|1757825646
|switch|p1a: Dragonite|Dragonite, M, shiny|100/100
|-terastallize|p2a: Venusaur|Fire
|move|p2a: Venusaur|Leech Seed|p1a: Dragonite
|-start|p1a: Dragonite|move: Leech Seed
|
|-damage|p1a: Dragonite|88/100|[from] Leech Seed|[of] p2a: Venusaur
|upkeep
|turn|2
|
|t:|1757825657
|move|p1a: Dragonite|Earthquake|p2a: Venusaur
|-supereffective|p2a: Venusaur
|-damage|p2a: Venusaur|49/100
|move|p2a: Venusaur|Sludge Bomb|p1a: Dragonite
|-damage|p1a: Dragonite|53/100
|
|-heal|p2a: Venusaur|55/100|[from] item: Leftovers
|-damage|p1a: Dragonite|41/100|[from] Leech Seed|[of] p2a: Venusaur
|-heal|p2a: Venusaur|66/100|[silent]
|upkeep
|turn|3
|
|t:|1757825671
|switch|p1a: Scizor|Scizor, M, shiny|100/100
|move|p2a: Venusaur|Sludge Bomb|p1a: Scizor
|-immune|p1a: Scizor
|
|-heal|p2a: Venusaur|72/100|[from] item: Leftovers
|upkeep
|turn|4
|
|t:|1757825681
|move|p2a: Venusaur|Leech Seed|p1a: Scizor
|-start|p1a: Scizor|move: Leech Seed
|move|p1a: Scizor|Knock Off|p2a: Venusaur
|-damage|p2a: Venusaur|30/100
|-enditem|p2a: Venusaur|Leftovers|[from] move: Knock Off|[of] p1a: Scizor
|
|-damage|p1a: Scizor|88/100|[from] Leech Seed|[of] p2a: Venusaur
|-heal|p2a: Venusaur|42/100|[silent]
|upkeep
|turn|5
|
|t:|1757825701
|switch|p1a: Dragonite|Dragonite, M, shiny|41/100
|move|p2a: Venusaur|Giga Drain|p1a: Dragonite
|-resisted|p1a: Dragonite
|-damage|p1a: Dragonite|35/100
|-heal|p2a: Venusaur|45/100|[from] drain|[of] p1a: Dragonite
|
|upkeep
|turn|6
|inactive|Battle timer is ON: inactive players will automatically lose when time's up. (requested by DonphanPPF)
|
|t:|1757825735
|move|p1a: Dragonite|Earthquake|p2a: Venusaur
|-supereffective|p2a: Venusaur
|-damage|p2a: Venusaur|0 fnt
|faint|p2a: Venusaur
|
|upkeep
|
|t:|1757825739
|switch|p2a: Dragonite|Dragonite, M|100/100
|turn|7
|
|t:|1757825746
|move|p1a: Dragonite|Scale Shot|p2a: Dragonite
|-supereffective|p2a: Dragonite
|-damage|p2a: Dragonite|84/100
|-supereffective|p2a: Dragonite
|-damage|p2a: Dragonite|55/100
|-supereffective|p2a: Dragonite
|-damage|p2a: Dragonite|25/100
|-supereffective|p2a: Dragonite
|-damage|p2a: Dragonite|0 fnt
|faint|p2a: Dragonite
|-hitcount|p2: Dragonite|4
|-unboost|p1a: Dragonite|def|1
|-boost|p1a: Dragonite|spe|1
|
|upkeep
|inactive|lasg95 has 120 seconds left.
|
|t:|1757825787
|switch|p2a: Lapras|Lapras, F|100/100
|turn|8
|
|t:|1757825791
|move|p1a: Dragonite|Scale Shot|p2a: Lapras
|-damage|p2a: Lapras|89/100
|-damage|p2a: Lapras|78/100
|-damage|p2a: Lapras|66/100
|-damage|p2a: Lapras|53/100
|-hitcount|p2a: Lapras|4
|-unboost|p1a: Dragonite|def|1
|-boost|p1a: Dragonite|spe|1
|move|p2a: Lapras|Ice Beam|p1a: Dragonite
|-supereffective|p1a: Dragonite
|-damage|p1a: Dragonite|0 fnt
|faint|p1a: Dragonite
|
|-heal|p2a: Lapras|59/100|[from] item: Leftovers
|upkeep
|
|t:|1757825802
|switch|p1a: Lycanroc|Lycanroc-Dusk, M, shiny|100/100
|turn|9
|inactive|lasg95 has 120 seconds left.
|
|t:|1757825828
|-terastallize|p1a: Lycanroc|Rock
|move|p1a: Lycanroc|Accelerock|p2a: Lapras
|-supereffective|p2a: Lapras
|-damage|p2a: Lapras|0 fnt
|faint|p2a: Lapras
|
|upkeep
|
|t:|1757825837
|switch|p2a: Charizard|Charizard, M|100/100
|turn|10
|
|t:|1757825840
|move|p1a: Lycanroc|Accelerock|p2a: Charizard
|-supereffective|p2a: Charizard
|-damage|p2a: Charizard|0 fnt
|faint|p2a: Charizard
|
|upkeep
|
|t:|1757825847
|switch|p2a: Gengar|Gengar, F|100/100
|turn|11
|
|t:|1757825850
|move|p1a: Lycanroc|Accelerock|p2a: Gengar
|-damage|p2a: Gengar|9/100
|-start|p1a: Lycanroc|Disable|Accelerock|[from] ability: Cursed Body|[of] p2a: Gengar
|move|p2a: Gengar|Focus Blast|p1a: Lycanroc|[miss]
|-miss|p2a: Gengar|p1a: Lycanroc
|
|upkeep
|turn|12
|
|t:|1757825859
|switch|p1a: Hitmonlee|Hitmonlee, M, shiny|100/100
|move|p2a: Gengar|Focus Blast|p1a: Hitmonlee
|-damage|p1a: Hitmonlee|45/100
|
|upkeep
|turn|13
|
|t:|1757825870
|move|p1a: Hitmonlee|Endure|p1a: Hitmonlee
|-singleturn|p1a: Hitmonlee|move: Endure
|move|p2a: Gengar|Sludge Wave|p1a: Hitmonlee
|-activate|p1a: Hitmonlee|move: Endure
|-damage|p1a: Hitmonlee|1/100
|-enditem|p1a: Hitmonlee|Liechi Berry|[eat]
|-boost|p1a: Hitmonlee|atk|1|[from] item: Liechi Berry
|
|upkeep
|turn|14
|
|t:|1757825884
|move|p1a: Hitmonlee|Knock Off|p2a: Gengar
|-supereffective|p2a: Gengar
|-damage|p2a: Gengar|0 fnt
|-start|p1a: Hitmonlee|Disable|Knock Off|[from] ability: Cursed Body|[of] p2a: Gengar
|-enditem|p2a: Gengar|Focus Sash|[from] move: Knock Off|[of] p1a: Hitmonlee
|faint|p2a: Gengar
|
|upkeep
|
|t:|1757825888
|switch|p2a: Espeon|Espeon, F|100/100
|turn|15
|
|t:|1757825894
|move|p1a: Hitmonlee|Reversal|p2a: Espeon
|-resisted|p2a: Espeon
|-damage|p2a: Espeon|0 fnt
|faint|p2a: Espeon
|
|win|DonphanPPF
|raw|DonphanPPF's rating: 1143 &rarr; <strong>1170</strong><br />(+27 for winning)
|raw|lasg95's rating: 1169 &rarr; <strong>1142</strong><br />(-27 for losing)
|l|☆DonphanPPF
|player|p1|
|l|☆lasg95
|player|p2|
