|j|☆SapphireRedux
|j|☆octillery chicken
|t:|1757814401
|gametype|singles
|player|p1|SapphireRedux|lacey|1427
|player|p2|octillery chicken|harlequin|1463
|gen|9
|tier|[Gen 9] OU
|rated|
|rule|HP Percentage Mod: HP is shown in percentages
|rule|Endless Battle Clause: Forcing endless battles is banned
|rule|Species Clause: Limit one of each Pokémon
|rule|OHKO Clause: OHKO moves are banned
|rule|Evasion Items Clause: Evasion items are banned
|rule|Evasion Moves Clause: Evasion moves are banned
|rule|Evasion Abilities Clause: Evasion abilities are banned
|rule|Sleep Moves Clause: Sleep-inducing moves are banned
|clearpoke
|poke|p1|Zamazenta-*|
|poke|p1|Ninetales-Alola, M|
|poke|p1|Darkrai|
|poke|p1|Ceruledge, M|
|poke|p1|Empoleon, F|
|poke|p1|Hatterene, F|
|poke|p2|Enamorus, F|
|poke|p2|Iron Treads|
|poke|p2|Kingambit, F|
|poke|p2|Samurott-Hisui, F|
|poke|p2|Necrozma|
|poke|p2|Pecharunt|
|teampreview
|inactive|Battle timer is ON: inactive players will automatically lose when time's up. (requested by SapphireRedux)
|
|t:|1757814418
|teamsize|p1|6
|teamsize|p2|6
|start
|switch|p1a: Ninetales|Ninetales-Alola, M|100/100
|switch|p2a: Kingambit|Kingambit, F|100/100
|-weather|Snowscape|[from] ability: Snow Warning|[of] p1a: Ninetales
|turn|1
|
|t:|1757814432
|move|p1a: Ninetales|Aurora Veil|p1a: Ninetales
|-sidestart|p1: SapphireRedux|move: Aurora Veil
|move|p2a: Kingambit|Swords Dance|p2a: Kingambit
|-boost|p2a: Kingambit|atk|2
|
|-weather|Snowscape|[upkeep]
|upkeep
|turn|2
|
|t:|1757814437
|move|p1a: Ninetales|Encore|p2a: Kingambit
|-start|p2a: Kingambit|Encore
|move|p2a: Kingambit|Swords Dance|p2a: Kingambit
|-boost|p2a: Kingambit|atk|2
|
|-weather|Snowscape|[upkeep]
|upkeep
|turn|3
|
|t:|1757814450
|-end|p2a: Kingambit|fallenundefined|[silent]
|switch|p2a: Enamorus|Enamorus, F, shiny|100/100
|move|p1a: Ninetales|Freeze-Dry|p2a: Enamorus
|-supereffective|p2a: Enamorus
|-damage|p2a: Enamorus|40/100
|-status|p2a: Enamorus|frz
|
|-weather|Snowscape|[upkeep]
|upkeep
|turn|4
|
|t:|1757814462
|cant|p2a: Enamorus|frz
|move|p1a: Ninetales|Roar|p2a: Enamorus
|drag|p2a: Samurott|Samurott-Hisui, F, shiny|100/100
|
|-weather|Snowscape|[upkeep]
|upkeep
|turn|5
|
|t:|1757814470
|move|p1a: Ninetales|Freeze-Dry|p2a: Samurott
|-supereffective|p2a: Samurott
|-damage|p2a: Samurott|44/100
|-status|p2a: Samurott|frz
|cant|p2a: Samurott|frz
|
|-weather|none
|upkeep
|turn|6
|
|t:|1757814478
|switch|p2a: Iron Treads|Iron Treads|100/100
|move|p1a: Ninetales|Freeze-Dry|p2a: Iron Treads
|-damage|p2a: Iron Treads|81/100
|
|upkeep
|turn|7
|
|t:|1757814486
|switch|p1a: Hatterene|Hatterene, F|100/100
|move|p2a: Iron Treads|Volt Switch|p1a: Hatterene
|-damage|p1a: Hatterene|94/100
|
|t:|1757814497
|-end|p2a: Iron Treads|Quark Drive|[silent]
|switch|p2a: Kingambit|Kingambit, F|100/100|[from] Volt Switch
|
|-heal|p1a: Hatterene|99/100|[from] item: Leftovers
|upkeep
|turn|8
|
|t:|1757814502
|move|p2a: Kingambit|Iron Head|p1a: Hatterene
|-supereffective|p1a: Hatterene
|-damage|p1a: Hatterene|61/100
|move|p1a: Hatterene|Mystical Fire|p2a: Kingambit
|-supereffective|p2a: Kingambit
|-damage|p2a: Kingambit|56/100
|-unboost|p2a: Kingambit|spa|1
|
|-heal|p1a: Hatterene|67/100|[from] item: Leftovers
|-sideend|p1: SapphireRedux|move: Aurora Veil
|upkeep
|turn|9
|
|t:|1757814510
|move|p2a: Kingambit|Iron Head|p1a: Hatterene
|-supereffective|p1a: Hatterene
|-damage|p1a: Hatterene|0 fnt
|faint|p1a: Hatterene
|
|upkeep
|
|t:|1757814512
|switch|p1a: Ninetales|Ninetales-Alola, M|100/100
|-weather|Snowscape|[from] ability: Snow Warning|[of] p1a: Ninetales
|turn|10
|
|t:|1757814519
|move|p1a: Ninetales|Aurora Veil|p1a: Ninetales
|-sidestart|p1: SapphireRedux|move: Aurora Veil
|move|p2a: Kingambit|Iron Head|p1a: Ninetales
|-supereffective|p1a: Ninetales
|-damage|p1a: Ninetales|28/100
|
|-weather|Snowscape|[upkeep]
|upkeep
|turn|11
|
|t:|1757814537
|switch|p1a: Darkrai|Darkrai|100/100
|move|p2a: Kingambit|Iron Head|p1a: Darkrai
|-damage|p1a: Darkrai|70/100
|
|-weather|Snowscape|[upkeep]
|-heal|p1a: Darkrai|76/100|[from] item: Leftovers
|upkeep
|turn|12
|
|t:|1757814558
|-end|p2a: Kingambit|fallenundefined|[silent]
|switch|p2a: Iron Treads|Iron Treads|81/100
|move|p1a: Darkrai|Nasty Plot|p1a: Darkrai
|-boost|p1a: Darkrai|spa|2
|
|-weather|Snowscape|[upkeep]
|-heal|p1a: Darkrai|82/100|[from] item: Leftovers
|upkeep
|turn|13
|
|t:|1757814566
|move|p1a: Darkrai|Dark Pulse|p2a: Iron Treads
|-damage|p2a: Iron Treads|4/100
|move|p2a: Iron Treads|Volt Switch|p1a: Darkrai
|-damage|p1a: Darkrai|75/100
|
|t:|1757814577
|-end|p2a: Iron Treads|Quark Drive|[silent]
|switch|p2a: Enamorus|Enamorus, F, shiny|40/100 frz|[from] Volt Switch
|
|-weather|Snowscape|[upkeep]
|-heal|p1a: Darkrai|81/100|[from] item: Leftovers
|upkeep
|turn|14
|
|t:|1757814580
|-curestatus|p2a: Enamorus|frz|[msg]
|move|p2a: Enamorus|Moonblast|p1a: Darkrai
|-supereffective|p1a: Darkrai
|-damage|p1a: Darkrai|10/100
|move|p1a: Darkrai|Dark Pulse|p2a: Enamorus
|-resisted|p2a: Enamorus
|-damage|p2a: Enamorus|0 fnt
|faint|p2a: Enamorus
|
|-weather|none
|-heal|p1a: Darkrai|16/100|[from] item: Leftovers
|upkeep
|
|t:|1757814585
|switch|p2a: Kingambit|Kingambit, F|56/100
|-activate|p2a: Kingambit|ability: Supreme Overlord
|-start|p2a: Kingambit|fallen1|[silent]
|turn|15
|
|t:|1757814590
|move|p1a: Darkrai|Focus Blast|p2a: Kingambit|[miss]
|-miss|p1a: Darkrai|p2a: Kingambit
|move|p2a: Kingambit|Iron Head|p1a: Darkrai
|-crit|p1a: Darkrai
|-damage|p1a: Darkrai|0 fnt
|faint|p1a: Darkrai
|
|upkeep
|
|t:|1757814597
|switch|p1a: Ceruledge|Ceruledge, M|100/100
|turn|16
|
|t:|1757814611
|-end|p2a: Kingambit|fallen1|[silent]
|switch|p2a: Iron Treads|Iron Treads|4/100
|-terastallize|p1a: Ceruledge|Bug
|move|p1a: Ceruledge|Taunt|p2a: Iron Treads
|-start|p2a: Iron Treads|move: Taunt
|
|upkeep
|turn|17
|
|t:|1757814616
|move|p2a: Iron Treads|Volt Switch|p1a: Ceruledge
|-damage|p1a: Ceruledge|96/100
|
|t:|1757814620
|-end|p2a: Iron Treads|Quark Drive|[silent]
|switch|p2a: Samurott|Samurott-Hisui, F, shiny|44/100 frz|[from] Volt Switch
|move|p1a: Ceruledge|Bulk Up|p1a: Ceruledge
|-boost|p1a: Ceruledge|atk|1
|-boost|p1a: Ceruledge|def|1
|
|-sideend|p1: SapphireRedux|move: Aurora Veil
|upkeep
|turn|18
|
|t:|1757814631
|cant|p2a: Samurott|frz
|move|p1a: Ceruledge|Bulk Up|p1a: Ceruledge
|-boost|p1a: Ceruledge|atk|1
|-boost|p1a: Ceruledge|def|1
|
|upkeep
|turn|19
|
|t:|1757814644
|switch|p2a: Pecharunt|Pecharunt|100/100
|-item|p2a: Pecharunt|Air Balloon
|move|p1a: Ceruledge|Bulk Up|p1a: Ceruledge
|-boost|p1a: Ceruledge|atk|1
|-boost|p1a: Ceruledge|def|1
|
|upkeep
|turn|20
|
|t:|1757814656
|-terastallize|p2a: Pecharunt|Grass
|move|p1a: Ceruledge|Shadow Sneak|p2a: Pecharunt
|-damage|p2a: Pecharunt|75/100
|-enditem|p2a: Pecharunt|Air Balloon
|move|p2a: Pecharunt|Malignant Chain|p1a: Ceruledge
|-damage|p1a: Ceruledge|71/100
|
|upkeep
|turn|21
|
|t:|1757814665
|move|p2a: Pecharunt|Malignant Chain|p1a: Ceruledge
|-damage|p1a: Ceruledge|46/100
|move|p1a: Ceruledge|Bitter Blade|p2a: Pecharunt
|-supereffective|p2a: Pecharunt
|-damage|p2a: Pecharunt|0 fnt
|-heal|p1a: Ceruledge|85/100|[from] drain|[of] p2a: Pecharunt
|faint|p2a: Pecharunt
|
|upkeep
|
|t:|1757814678
|switch|p2a: Samurott|Samurott-Hisui, F, shiny|44/100 frz
|turn|22
|
|t:|1757814685
|cant|p2a: Samurott|frz
|move|p1a: Ceruledge|Bulk Up|p1a: Ceruledge
|-boost|p1a: Ceruledge|atk|1
|-boost|p1a: Ceruledge|def|1
|
|upkeep
|turn|23
|
|t:|1757814688
|cant|p2a: Samurott|frz
|move|p1a: Ceruledge|Bitter Blade|p2a: Samurott
|-resisted|p2a: Samurott
|-crit|p2a: Samurott
|-damage|p2a: Samurott|0 fnt
|-heal|p1a: Ceruledge|100/100|[from] drain|[of] p2a: Samurott
|faint|p2a: Samurott
|
|upkeep
|
|t:|1757814693
|switch|p2a: Iron Treads|Iron Treads|4/100
|turn|24
|-message|octillery chicken forfeited.
|
|win|SapphireRedux
|raw|SapphireRedux's rating: 1427 &rarr; <strong>1449</strong><br />(+22 for winning)
|raw|octillery chicken's rating: 1463 &rarr; <strong>1441</strong><br />(-22 for losing)
|l|☆SapphireRedux
|player|p1|
