|j|☆yijing
|j|☆Zxasdfqw
|t:|1757828719
|gametype|singles
|player|p1|yijing|170|1219
|player|p2|Zxasdfqw|rosa|1212
|gen|9
|tier|[Gen 9] OU
|rated|
|rule|HP Percentage Mod: HP is shown in percentages
|rule|Endless Battle Clause: Forcing endless battles is banned
|rule|Species Clause: Limit one of each Pokémon
|rule|OHKO Clause: OHKO moves are banned
|rule|Evasion Items Clause: Evasion items are banned
|rule|Evasion Moves Clause: Evasion moves are banned
|rule|Evasion Abilities Clause: Evasion abilities are banned
|rule|Sleep Moves Clause: Sleep-inducing moves are banned
|clearpoke
|poke|p1|Ariados, M|
|poke|p1|Electabuzz, M|
|poke|p1|Golduck, M|
|poke|p1|Primeape, M|
|poke|p1|Rhydon, F|
|poke|p1|Hitmonchan, M|
|poke|p2|Rillaboom, F|
|poke|p2|Ogerpon, F|
|poke|p2|Moltres|
|poke|p2|Gholdengo|
|poke|p2|Samurott-Hisui, M|
|poke|p2|Great Tusk|
|teampreview
|inactive|Battle timer is ON: inactive players will automatically lose when time's up. (requested by Zxasdfqw)
|
|t:|1757828739
|teamsize|p1|6
|teamsize|p2|6
|start
|switch|p1a: Ariados|Ariados, M|100/100
|switch|p2a: Samurott|Samurott-Hisui, M, shiny|100/100
|turn|1
|
|t:|1757828746
|move|p2a: Samurott|Ceaseless Edge|p1a: Ariados
|-damage|p1a: Ariados|42/100
|-sidestart|p1: yijing|Spikes
|move|p1a: Ariados|Sticky Web|p2a: Samurott
|-sidestart|p2: Zxasdfqw|move: Sticky Web
|
|upkeep
|turn|2
|
|t:|1757828757
|switch|p1a: Electabuzz|Electabuzz, M|100/100
|-item|p1a: Electabuzz|Air Balloon
|move|p2a: Samurott|Ceaseless Edge|p1a: Electabuzz
|-damage|p1a: Electabuzz|27/100
|-status|p2a: Samurott|par|[from] ability: Static|[of] p1a: Electabuzz
|-enditem|p1a: Electabuzz|Air Balloon
|-sidestart|p1: yijing|Spikes
|
|upkeep
|turn|3
|
|t:|1757828774
|move|p2a: Samurott|Aqua Jet|p1a: Electabuzz
|-crit|p1a: Electabuzz
|-damage|p1a: Electabuzz|0 fnt
|faint|p1a: Electabuzz
|
|upkeep
|
|t:|1757828793
|switch|p1a: Primeape|Primeape, M, shiny|100/100
|-damage|p1a: Primeape|84/100|[from] Spikes
|turn|4
|
|t:|1757828804
|switch|p2a: Moltres|Moltres, shiny|100/100
|move|p1a: Primeape|Bulk Up|p1a: Primeape
|-boost|p1a: Primeape|atk|1
|-boost|p1a: Primeape|def|1
|
|upkeep
|turn|5
|
|t:|1757828813
|move|p1a: Primeape|Stone Edge|p2a: Moltres
|-supereffective|p2a: Moltres
|-damage|p2a: Moltres|0 fnt
|faint|p2a: Moltres
|
|upkeep
|inactive|Zxasdfqw has 120 seconds left.
|
|t:|1757828847
|switch|p2a: Ogerpon|Ogerpon, F|100/100
|-activate|p2a: Ogerpon|move: Sticky Web
|-unboost|p2a: Ogerpon|spe|1
|-ability|p2a: Ogerpon|Defiant|boost
|-boost|p2a: Ogerpon|atk|2
|turn|6
|inactive|Zxasdfqw has 120 seconds left.
|
|t:|1757828858
|-terastallize|p2a: Ogerpon|Grass
|detailschange|p2a: Ogerpon|Ogerpon-Teal-Tera, F, tera:Grass
|-ability|p2a: Ogerpon|Embody Aspect (Teal)|boost
|-boost|p2a: Ogerpon|spe|1
|move|p2a: Ogerpon|Ivy Cudgel|p1a: Primeape
|-damage|p1a: Primeape|0 fnt
|faint|p1a: Primeape
|
|upkeep
|inactive|yijing has 120 seconds left.
|
|t:|1757828887
|switch|p1a: Rhydon|Rhydon, F|100/100
|-damage|p1a: Rhydon|84/100|[from] Spikes
|turn|7
|
|t:|1757828893
|-terastallize|p1a: Rhydon|Flying
|move|p2a: Ogerpon|Ivy Cudgel|p1a: Rhydon
|-resisted|p1a: Rhydon
|-crit|p1a: Rhydon
|-damage|p1a: Rhydon|31/100
|move|p1a: Rhydon|Counter|p2a: Ogerpon
|-damage|p2a: Ogerpon|0 fnt
|faint|p2a: Ogerpon
|detailschange|p2: Ogerpon|Ogerpon, F|[silent]
|
|upkeep
|inactive|Zxasdfqw has 120 seconds left.
|
|t:|1757828919
|switch|p2a: Rillaboom|Rillaboom, F, shiny|100/100
|-activate|p2a: Rillaboom|move: Sticky Web
|-unboost|p2a: Rillaboom|spe|1
|-fieldstart|move: Grassy Terrain|[from] ability: Grassy Surge|[of] p2a: Rillaboom
|turn|8
|inactive|Zxasdfqw has 120 seconds left.
|
|t:|1757828928
|move|p2a: Rillaboom|Swords Dance|p2a: Rillaboom
|-boost|p2a: Rillaboom|atk|2
|move|p1a: Rhydon|Counter||[still]
|-fail|p1a: Rhydon
|
|upkeep
|turn|9
|
|t:|1757828936
|move|p2a: Rillaboom|Swords Dance|p2a: Rillaboom
|-boost|p2a: Rillaboom|atk|2
|move|p1a: Rhydon|Body Press|p2a: Rillaboom
|-damage|p2a: Rillaboom|72/100
|
|-heal|p2a: Rillaboom|79/100|[from] Grassy Terrain
|upkeep
|turn|10
|
|t:|1757828947
|move|p2a: Rillaboom|Grassy Glide|p1a: Rhydon
|-resisted|p1a: Rhydon
|-damage|p1a: Rhydon|12/100
|move|p1a: Rhydon|Blizzard|p2a: Rillaboom
|-supereffective|p2a: Rillaboom
|-damage|p2a: Rillaboom|43/100
|
|-heal|p2a: Rillaboom|49/100|[from] Grassy Terrain
|upkeep
|turn|11
|
|t:|1757828959
|move|p2a: Rillaboom|Grassy Glide|p1a: Rhydon
|-resisted|p1a: Rhydon
|-damage|p1a: Rhydon|0 fnt
|faint|p1a: Rhydon
|
|-heal|p2a: Rillaboom|55/100|[from] Grassy Terrain
|upkeep
|
|t:|1757828974
|switch|p1a: Ariados|Ariados, M|42/100
|-damage|p1a: Ariados|26/100|[from] Spikes
|turn|12
|
|t:|1757828980
|move|p2a: Rillaboom|Grassy Glide|p1a: Ariados
|-resisted|p1a: Ariados
|-damage|p1a: Ariados|0 fnt
|faint|p1a: Ariados
|
|-heal|p2a: Rillaboom|62/100|[from] Grassy Terrain
|upkeep
|
|t:|1757828995
|switch|p1a: Hitmonchan|Hitmonchan, M|100/100
|-damage|p1a: Hitmonchan|84/100|[from] Spikes
|turn|13
|
|t:|1757829004
|move|p2a: Rillaboom|Grassy Glide|p1a: Hitmonchan
|-damage|p1a: Hitmonchan|0 fnt
|faint|p1a: Hitmonchan
|
|-heal|p2a: Rillaboom|68/100|[from] Grassy Terrain
|upkeep
|-message|yijing forfeited.
|
|win|Zxasdfqw
|raw|yijing's rating: 1219 &rarr; <strong>1193</strong><br />(-26 for losing)
|raw|Zxasdfqw's rating: 1212 &rarr; <strong>1238</strong><br />(+26 for winning)
|l|☆yijing
|player|p1|
|l|☆Zxasdfqw
|player|p2|
