|badge|p1|bronze|gen9monotype|100-6
|uhtml|medal-msg|<div class="broadcast-blue">Curious what those medals under the avatar are? PS now has Ladder Seasons! For more information, check out the <a href="https://www.smogon.com/forums/threads/3740067/">thread on Smogon.</a></div>
|j|☆Railu
|j|☆YumeKasumi76
|t:|1757944154
|gametype|singles
|player|p1|Railu|janine|1452
|player|p2|YumeKasumi76|102|1479
|gen|9
|tier|[Gen 9] OU
|rated|
|rule|HP Percentage Mod: HP is shown in percentages
|rule|Endless Battle Clause: Forcing endless battles is banned
|rule|Species Clause: Limit one of each Pokémon
|rule|OHKO Clause: OHKO moves are banned
|rule|Evasion Items Clause: Evasion items are banned
|rule|Evasion Moves Clause: Evasion moves are banned
|rule|Evasion Abilities Clause: Evasion abilities are banned
|rule|Sleep Moves Clause: Sleep-inducing moves are banned
|clearpoke
|poke|p1|Ting-Lu|
|poke|p1|Skarmory, M|
|poke|p1|Gholdengo|
|poke|p1|Meowscarada, M|
|poke|p1|Zamazenta-*|
|poke|p1|Toxapex, F|
|poke|p2|Cobalion|
|poke|p2|Weezing-Galar, M|
|poke|p2|Lokix, F|
|poke|p2|Arboliva, M|
|poke|p2|Ceruledge, F|
|poke|p2|Latios, M|
|teampreview
|inactive|Battle timer is ON: inactive players will automatically lose when time's up. (requested by YumeKasumi76)
|
|t:|1757944162
|teamsize|p1|6
|teamsize|p2|6
|start
|switch|p1a: Meowscarada|Meowscarada, M|100/100
|switch|p2a: Satsuki|Lokix, F, shiny|100/100
|turn|1
|
|t:|1757944167
|switch|p1a: Skarmory|Skarmory, M|100/100
|switch|p2a: Ironhyde|Cobalion|100/100
|
|upkeep
|turn|2
|
|t:|1757944172
|move|p2a: Ironhyde|Volt Switch|p1a: Skarmory
|-supereffective|p1a: Skarmory
|-damage|p1a: Skarmory|60/100
|
|t:|1757944179
|switch|p2a: Jalter|Ceruledge, F|100/100|[from] Volt Switch
|move|p1a: Skarmory|Iron Defense|p1a: Skarmory
|-boost|p1a: Skarmory|def|2
|
|upkeep
|turn|3
|
|t:|1757944186
|move|p2a: Jalter|Bulk Up|p2a: Jalter
|-boost|p2a: Jalter|atk|1
|-boost|p2a: Jalter|def|1
|move|p1a: Skarmory|Spikes|p2a: Jalter
|-sidestart|p2: YumeKasumi76|Spikes
|
|upkeep
|turn|4
|
|t:|1757944189
|switch|p1a: Ting-Lu|Ting-Lu|100/100
|-ability|p1a: Ting-Lu|Vessel of Ruin
|move|p2a: Jalter|Bitter Blade|p1a: Ting-Lu
|-damage|p1a: Ting-Lu|72/100
|
|-heal|p1a: Ting-Lu|78/100|[from] item: Leftovers
|upkeep
|turn|5
|
|t:|1757944197
|move|p2a: Jalter|Bitter Blade|p1a: Ting-Lu
|-damage|p1a: Ting-Lu|47/100
|move|p1a: Ting-Lu|Whirlwind|p2a: Jalter
|drag|p2a: Pantheon|Arboliva, M|100/100
|-damage|p2a: Pantheon|88/100|[from] Spikes
|
|-heal|p1a: Ting-Lu|53/100|[from] item: Leftovers
|upkeep
|turn|6
|
|t:|1757944210
|switch|p2a: Ironhyde|Cobalion|100/100
|-damage|p2a: Ironhyde|88/100|[from] Spikes
|move|p1a: Ting-Lu|Stealth Rock|p2a: Ironhyde
|-sidestart|p2: YumeKasumi76|move: Stealth Rock
|
|-heal|p1a: Ting-Lu|59/100|[from] item: Leftovers
|upkeep
|turn|7
|
|t:|1757944216
|switch|p1a: Skarmory|Skarmory, M|60/100
|move|p2a: Ironhyde|Body Press|p1a: Skarmory
|-damage|p1a: Skarmory|34/100
|-damage|p2a: Ironhyde|72/100|[from] item: Rocky Helmet|[of] p1a: Skarmory
|
|upkeep
|turn|8
|
|t:|1757944221
|move|p2a: Ironhyde|Volt Switch|p1a: Skarmory
|-supereffective|p1a: Skarmory
|-crit|p1a: Skarmory
|-damage|p1a: Skarmory|0 fnt
|faint|p1a: Skarmory
|
|t:|1757944227
|switch|p2a: M'affald|Weezing-Galar, M|100/100|[from] Volt Switch
|-ability|p2a: M'affald|Neutralizing Gas
|
|upkeep
|
|t:|1757944236
|switch|p1a: Gholdengo|Gholdengo|100/100
|-item|p1a: Gholdengo|Air Balloon
|turn|9
|
|t:|1757944240
|-end|p2a: M'affald|ability: Neutralizing Gas
|switch|p2a: Pantheon|Arboliva, M|88/100
|-damage|p2a: Pantheon|75/100|[from] Spikes
|-damage|p2a: Pantheon|63/100|[from] Stealth Rock
|move|p1a: Gholdengo|Nasty Plot|p1a: Gholdengo
|-boost|p1a: Gholdengo|spa|2
|
|upkeep
|turn|10
|
|t:|1757944245
|move|p1a: Gholdengo|Make It Rain|p2a: Pantheon
|-damage|p2a: Pantheon|9/100
|-unboost|p1a: Gholdengo|spa|1
|-fieldstart|move: Grassy Terrain|[from] ability: Seed Sower|[of] p2a: Pantheon
|move|p2a: Pantheon|Mirror Coat|p1a: Gholdengo
|-damage|p1a: Gholdengo|0 fnt
|-enditem|p1a: Gholdengo|Air Balloon
|faint|p1a: Gholdengo
|
|-heal|p2a: Pantheon|15/100|[from] Grassy Terrain
|upkeep
|
|t:|1757944254
|switch|p1a: Meowscarada|Meowscarada, M|100/100
|turn|11
|
|t:|1757944261
|move|p1a: Meowscarada|U-turn|p2a: Pantheon
|-start|p1a: Meowscarada|typechange|Bug|[from] ability: Protean
|-supereffective|p2a: Pantheon
|-damage|p2a: Pantheon|0 fnt
|faint|p2a: Pantheon
|
|t:|1757944266
|switch|p1a: Ting-Lu|Ting-Lu|59/100|[from] U-turn
|-ability|p1a: Ting-Lu|Vessel of Ruin
|
|-heal|p1a: Ting-Lu|66/100|[from] Grassy Terrain
|-heal|p1a: Ting-Lu|72/100|[from] item: Leftovers
|upkeep
|
|t:|1757944270
|switch|p2a: M'affald|Weezing-Galar, M|100/100
|-ability|p2a: M'affald|Neutralizing Gas
|turn|12
|
|t:|1757944278
|move|p2a: M'affald|Will-O-Wisp|p1a: Ting-Lu
|-status|p1a: Ting-Lu|brn
|move|p1a: Ting-Lu|Ruination|p2a: M'affald
|-damage|p2a: M'affald|51/100
|
|-heal|p2a: M'affald|57/100|[from] Grassy Terrain
|-heal|p1a: Ting-Lu|78/100 brn|[from] Grassy Terrain
|-heal|p1a: Ting-Lu|84/100 brn|[from] item: Leftovers
|-damage|p1a: Ting-Lu|78/100 brn|[from] brn
|upkeep
|turn|13
|
|t:|1757944282
|move|p2a: M'affald|Defog|p1a: Ting-Lu
|-unboost|p1a: Ting-Lu|evasion|1
|-sideend|p2: YumeKasumi76|Spikes|[from] move: Defog|[of] p2a: M'affald
|-sideend|p2: YumeKasumi76|Stealth Rock|[from] move: Defog|[of] p2a: M'affald
|-fieldend|move: Grassy Terrain
|move|p1a: Ting-Lu|Whirlwind|p2a: M'affald
|-end|p2a: M'affald|ability: Neutralizing Gas
|-ability|p1a: Ting-Lu|Vessel of Ruin
|drag|p2a: Jalter|Ceruledge, F|100/100
|
|-heal|p1a: Ting-Lu|84/100 brn|[from] item: Leftovers
|-damage|p1a: Ting-Lu|78/100 brn|[from] brn
|upkeep
|turn|14
|
|t:|1757944287
|move|p2a: Jalter|Bulk Up|p2a: Jalter
|-boost|p2a: Jalter|atk|1
|-boost|p2a: Jalter|def|1
|move|p1a: Ting-Lu|Ruination|p2a: Jalter|[miss]
|-miss|p1a: Ting-Lu|p2a: Jalter
|
|-heal|p1a: Ting-Lu|84/100 brn|[from] item: Leftovers
|-damage|p1a: Ting-Lu|78/100 brn|[from] brn
|upkeep
|turn|15
|
|t:|1757944289
|move|p2a: Jalter|Bitter Blade|p1a: Ting-Lu
|-damage|p1a: Ting-Lu|47/100 brn
|move|p1a: Ting-Lu|Ruination|p2a: Jalter
|-damage|p2a: Jalter|51/100
|
|-heal|p2a: Jalter|57/100|[from] item: Leftovers
|-heal|p1a: Ting-Lu|54/100 brn|[from] item: Leftovers
|-damage|p1a: Ting-Lu|47/100 brn|[from] brn
|upkeep
|turn|16
|
|t:|1757944295
|move|p2a: Jalter|Bitter Blade|p1a: Ting-Lu
|-damage|p1a: Ting-Lu|18/100 brn
|-heal|p2a: Jalter|79/100|[from] drain|[of] p1a: Ting-Lu
|move|p1a: Ting-Lu|Stealth Rock|p2a: Jalter
|-sidestart|p2: YumeKasumi76|move: Stealth Rock
|
|-heal|p2a: Jalter|86/100|[from] item: Leftovers
|-heal|p1a: Ting-Lu|24/100 brn|[from] item: Leftovers
|-damage|p1a: Ting-Lu|18/100 brn|[from] brn
|upkeep
|turn|17
|
|t:|1757944300
|switch|p1a: Toxapex|Toxapex, F|100/100
|move|p2a: Jalter|Bitter Blade|p1a: Toxapex
|-resisted|p1a: Toxapex
|-crit|p1a: Toxapex
|-damage|p1a: Toxapex|67/100
|-heal|p2a: Jalter|100/100|[from] drain|[of] p1a: Toxapex
|
|upkeep
|turn|18
|
|t:|1757944305
|move|p2a: Jalter|Poltergeist|p1a: Toxapex
|-activate|p1a: Toxapex|move: Poltergeist|Heavy-Duty Boots
|-damage|p1a: Toxapex|10/100
|move|p1a: Toxapex|Toxic|p2a: Jalter
|-status|p2a: Jalter|tox
|
|-damage|p2a: Jalter|94/100 tox|[from] psn
|upkeep
|turn|19
|
|t:|1757944313
|switch|p1a: Ting-Lu|Ting-Lu|18/100 brn
|-ability|p1a: Ting-Lu|Vessel of Ruin
|move|p2a: Jalter|Bitter Blade|p1a: Ting-Lu
|-damage|p1a: Ting-Lu|0 fnt
|-heal|p2a: Jalter|100/100 tox|[from] drain|[of] p1a: Ting-Lu
|faint|p1a: Ting-Lu
|
|-damage|p2a: Jalter|88/100 tox|[from] psn
|upkeep
|
|t:|1757944317
|switch|p1a: Meowscarada|Meowscarada, M|100/100
|turn|20
|
|t:|1757944323
|move|p1a: Meowscarada|Knock Off|p2a: Jalter
|-start|p1a: Meowscarada|typechange|Dark|[from] ability: Protean
|-supereffective|p2a: Jalter
|-damage|p2a: Jalter|20/100 tox
|-enditem|p2a: Jalter|Leftovers|[from] move: Knock Off|[of] p1a: Meowscarada
|move|p2a: Jalter|Bitter Blade|p1a: Meowscarada
|-damage|p1a: Meowscarada|9/100
|-heal|p2a: Jalter|59/100 tox|[from] drain|[of] p1a: Meowscarada
|
|-damage|p2a: Jalter|40/100 tox|[from] psn
|upkeep
|turn|21
|
|t:|1757944332
|move|p2a: Jalter|Shadow Sneak|p1a: Meowscarada
|-resisted|p1a: Meowscarada
|-damage|p1a: Meowscarada|0 fnt
|faint|p1a: Meowscarada
|
|-damage|p2a: Jalter|16/100 tox|[from] psn
|upkeep
|
|t:|1757944335
|switch|p1a: Toxapex|Toxapex, F|44/100
|turn|22
|
|t:|1757944339
|move|p2a: Jalter|Poltergeist|p1a: Toxapex
|-activate|p1a: Toxapex|move: Poltergeist|Heavy-Duty Boots
|-damage|p1a: Toxapex|0 fnt
|faint|p1a: Toxapex
|
|-damage|p2a: Jalter|0 fnt|[from] psn
|faint|p2a: Jalter
|upkeep
|
|t:|1757944343
|switch|p2a: M'affald|Weezing-Galar, M|57/100
|switch|p1a: Zamazenta|Zamazenta|100/100
|-ability|p2a: M'affald|Neutralizing Gas
|turn|23
|
|t:|1757944347
|move|p1a: Zamazenta|Heavy Slam|p2a: M'affald
|-supereffective|p2a: M'affald
|-damage|p2a: M'affald|0 fnt
|faint|p2a: M'affald
|-end|p2a: M'affald|ability: Neutralizing Gas
|-ability|p1a: Zamazenta|Dauntless Shield|boost
|-boost|p1a: Zamazenta|def|1
|
|upkeep
|
|t:|1757944351
|switch|p2a: Iverson|Latios, M|100/100
|-damage|p2a: Iverson|88/100|[from] Stealth Rock
|turn|24
|
|t:|1757944354
|-terastallize|p1a: Zamazenta|Stellar
|move|p2a: Iverson|Flip Turn|p1a: Zamazenta
|-damage|p1a: Zamazenta|94/100
|
|t:|1757944359
|switch|p2a: Ironhyde|Cobalion|72/100|[from] Flip Turn
|-damage|p2a: Ironhyde|69/100|[from] Stealth Rock
|move|p1a: Zamazenta|Crunch|p2a: Ironhyde
|-resisted|p2a: Ironhyde
|-damage|p2a: Ironhyde|58/100
|-damage|p1a: Zamazenta|77/100|[from] item: Rocky Helmet|[of] p2a: Ironhyde
|-ability|p2a: Ironhyde|Justified|boost
|-boost|p2a: Ironhyde|atk|1
|
|upkeep
|turn|25
|
|t:|1757944367
|move|p1a: Zamazenta|Close Combat|p2a: Ironhyde
|-supereffective|p2a: Ironhyde
|-damage|p2a: Ironhyde|0 fnt
|-unboost|p1a: Zamazenta|def|1
|-unboost|p1a: Zamazenta|spd|1
|-damage|p1a: Zamazenta|61/100|[from] item: Rocky Helmet|[of] p2a: Ironhyde
|faint|p2a: Ironhyde
|
|upkeep
|
|t:|1757944370
|switch|p2a: Iverson|Latios, M|88/100
|-damage|p2a: Iverson|76/100|[from] Stealth Rock
|turn|26
|
|t:|1757944373
|move|p2a: Iverson|Luster Purge|p1a: Zamazenta
|-supereffective|p1a: Zamazenta
|-damage|p1a: Zamazenta|0 fnt
|faint|p1a: Zamazenta
|
|win|YumeKasumi76
|raw|Railu's rating: 1452 &rarr; <strong>1434</strong><br />(-18 for losing)
|raw|YumeKasumi76's rating: 1479 &rarr; <strong>1497</strong><br />(+18 for winning)
|l|☆Railu
|player|p1|
|l|☆YumeKasumi76
|player|p2|
