|j|☆Bogobor101
|j|☆calacadura
|t:|1757794754
|gametype|singles
|player|p1|Bogobor101|170|1453
|player|p2|calacadura|2|1386
|gen|9
|tier|[Gen 9] OU
|rated|
|rule|HP Percentage Mod: HP is shown in percentages
|rule|Endless Battle Clause: Forcing endless battles is banned
|rule|Species Clause: Limit one of each Pokémon
|rule|OHKO Clause: OHKO moves are banned
|rule|Evasion Items Clause: Evasion items are banned
|rule|Evasion Moves Clause: Evasion moves are banned
|rule|Evasion Abilities Clause: Evasion abilities are banned
|rule|Sleep Moves Clause: Sleep-inducing moves are banned
|clearpoke
|poke|p1|Kyurem|
|poke|p1|Weavile, F|
|poke|p1|Moltres|
|poke|p1|Clefable, M|
|poke|p1|Great Tusk|
|poke|p1|Slowking-Galar, M|
|poke|p2|Gholdengo|
|poke|p2|Malamar, M|
|poke|p2|Dondozo, F|
|poke|p2|Mandibuzz, F|
|poke|p2|Landorus-Therian, M|
|poke|p2|Araquanid, F|
|teampreview
|
|t:|1757794762
|teamsize|p1|6
|teamsize|p2|6
|start
|switch|p1a: Kyurem|Kyurem|100/100
|switch|p2a: Araquanid|Araquanid, F|100/100
|-ability|p1a: Kyurem|Pressure
|turn|1
|
|t:|1757794767
|-terastallize|p1a: Kyurem|Ice
|move|p1a: Kyurem|Freeze-Dry|p2a: Araquanid
|-supereffective|p2a: Araquanid
|-damage|p2a: Araquanid|0 fnt
|faint|p2a: Araquanid
|
|upkeep
|inactive|Battle timer is ON: inactive players will automatically lose when time's up. (requested by Bogobor101)
|c|☆Bogobor101|yeet
|
|t:|1757794782
|switch|p2a: Gholdengo|Gholdengo|100/100
|-item|p2a: Gholdengo|Air Balloon
|turn|2
|
|t:|1757794787
|switch|p1a: Slowking|Slowking-Galar, M|100/100
|move|p2a: Gholdengo|Nasty Plot|p2a: Gholdengo
|-boost|p2a: Gholdengo|spa|2
|
|upkeep
|turn|3
|
|t:|1757794794
|move|p2a: Gholdengo|Shadow Ball|p1a: Slowking
|-supereffective|p1a: Slowking
|-damage|p1a: Slowking|20/100
|-unboost|p1a: Slowking|spd|1
|-prepare|p1a: Slowking|Chilly Reception|[premajor]
|move|p1a: Slowking|Chilly Reception|p1a: Slowking
|-weather|Snowscape
|
|t:|1757794797
|switch|p1a: Great Tusk|Great Tusk|100/100|[from] Chilly Reception
|
|-weather|Snowscape|[upkeep]
|upkeep
|turn|4
|
|t:|1757794804
|move|p1a: Great Tusk|Knock Off|p2a: Gholdengo
|-supereffective|p2a: Gholdengo
|-damage|p2a: Gholdengo|56/100
|-enditem|p2a: Gholdengo|Air Balloon
|move|p2a: Gholdengo|Make It Rain|p1a: Great Tusk
|-damage|p1a: Great Tusk|0 fnt
|-unboost|p2a: Gholdengo|spa|1
|faint|p1a: Great Tusk
|-end|p1a: Great Tusk|Protosynthesis|[silent]
|
|-weather|Snowscape|[upkeep]
|upkeep
|
|t:|1757794812
|switch|p1a: Kyurem|Kyurem, tera:Ice|100/100
|-ability|p1a: Kyurem|Pressure
|turn|5
|
|t:|1757794820
|move|p1a: Kyurem|Blizzard|p2a: Gholdengo
|-resisted|p2a: Gholdengo
|-damage|p2a: Gholdengo|1/100
|move|p2a: Gholdengo|Recover|p2a: Gholdengo
|-heal|p2a: Gholdengo|51/100
|
|-weather|Snowscape|[upkeep]
|upkeep
|turn|6
|
|t:|1757794830
|switch|p2a: Dondozo|Dondozo, F|100/100
|move|p1a: Kyurem|Blizzard|p2a: Dondozo
|-resisted|p2a: Dondozo
|-damage|p2a: Dondozo|64/100
|
|-weather|Snowscape|[upkeep]
|-heal|p2a: Dondozo|70/100|[from] item: Leftovers
|upkeep
|turn|7
|
|t:|1757794838
|switch|p1a: Clefable|Clefable, M|100/100
|move|p2a: Dondozo|Curse|p2a: Dondozo
|-unboost|p2a: Dondozo|spe|1
|-boost|p2a: Dondozo|atk|1
|-boost|p2a: Dondozo|def|1
|
|-weather|none
|-heal|p2a: Dondozo|76/100|[from] item: Leftovers
|upkeep
|turn|8
|
|t:|1757794844
|move|p1a: Clefable|Encore|p2a: Dondozo
|-start|p2a: Dondozo|Encore
|move|p2a: Dondozo|Curse|p2a: Dondozo
|-unboost|p2a: Dondozo|spe|1
|-boost|p2a: Dondozo|atk|1
|-boost|p2a: Dondozo|def|1
|
|-heal|p2a: Dondozo|82/100|[from] item: Leftovers
|upkeep
|turn|9
|
|t:|1757794850
|switch|p2a: Landorus|Landorus-Therian, M|100/100
|-ability|p2a: Landorus|Intimidate|boost
|-unboost|p1a: Clefable|atk|1
|move|p1a: Clefable|Stealth Rock|p2a: Landorus
|-sidestart|p2: calacadura|move: Stealth Rock
|
|upkeep
|turn|10
|
|t:|1757794857
|move|p2a: Landorus|Stealth Rock|p1a: Clefable
|-sidestart|p1: Bogobor101|move: Stealth Rock
|move|p1a: Clefable|Moonblast|p2a: Landorus
|-damage|p2a: Landorus|46/100
|-unboost|p2a: Landorus|spa|1
|
|-heal|p2a: Landorus|52/100|[from] item: Leftovers
|upkeep
|turn|11
|
|t:|1757794862
|move|p2a: Landorus|U-turn|p1a: Clefable
|-resisted|p1a: Clefable
|-crit|p1a: Clefable
|-damage|p1a: Clefable|80/100
|
|t:|1757794864
|switch|p2a: Gholdengo|Gholdengo|51/100|[from] U-turn
|-damage|p2a: Gholdengo|45/100|[from] Stealth Rock
|move|p1a: Clefable|Moonblast|p2a: Gholdengo
|-resisted|p2a: Gholdengo
|-damage|p2a: Gholdengo|26/100
|
|upkeep
|turn|12
|
|t:|1757794873
|switch|p1a: Weavile|Weavile, F|100/100
|move|p2a: Gholdengo|Recover|p2a: Gholdengo
|-heal|p2a: Gholdengo|76/100
|
|upkeep
|turn|13
|
|t:|1757794883
|switch|p2a: Mandibuzz|Mandibuzz, F|100/100
|move|p1a: Weavile|Knock Off|p2a: Mandibuzz
|-resisted|p2a: Mandibuzz
|-damage|p2a: Mandibuzz|86/100
|-enditem|p2a: Mandibuzz|Heavy-Duty Boots|[from] move: Knock Off|[of] p1a: Weavile
|
|upkeep
|turn|14
|
|t:|1757794890
|switch|p2a: Dondozo|Dondozo, F|82/100
|-damage|p2a: Dondozo|70/100|[from] Stealth Rock
|move|p1a: Weavile|Triple Axel|p2a: Dondozo
|-resisted|p2a: Dondozo
|-damage|p2a: Dondozo|67/100
|-resisted|p2a: Dondozo
|-damage|p2a: Dondozo|61/100
|-hitcount|p2a: Dondozo|2
|
|-heal|p2a: Dondozo|68/100|[from] item: Leftovers
|upkeep
|turn|15
|
|t:|1757794897
|move|p1a: Weavile|Knock Off|p2a: Dondozo
|-damage|p2a: Dondozo|41/100
|-enditem|p2a: Dondozo|Leftovers|[from] move: Knock Off|[of] p1a: Weavile
|move|p2a: Dondozo|Curse|p2a: Dondozo
|-unboost|p2a: Dondozo|spe|1
|-boost|p2a: Dondozo|atk|1
|-boost|p2a: Dondozo|def|1
|
|upkeep
|turn|16
|
|t:|1757794907
|switch|p1a: Clefable|Clefable, M|80/100
|move|p2a: Dondozo|Rest|p2a: Dondozo
|-status|p2a: Dondozo|slp|[from] move: Rest
|-heal|p2a: Dondozo|100/100 slp|[silent]
|
|upkeep
|turn|17
|
|t:|1757794913
|switch|p2a: Gholdengo|Gholdengo|76/100
|-damage|p2a: Gholdengo|70/100|[from] Stealth Rock
|move|p1a: Clefable|Moonblast|p2a: Gholdengo
|-resisted|p2a: Gholdengo
|-damage|p2a: Gholdengo|48/100
|
|upkeep
|turn|18
|
|t:|1757794918
|switch|p1a: Moltres|Moltres|100/100
|move|p2a: Gholdengo|Recover|p2a: Gholdengo
|-heal|p2a: Gholdengo|98/100
|
|upkeep
|turn|19
|
|t:|1757794928
|switch|p2a: Dondozo|Dondozo, F|100/100 slp
|-damage|p2a: Dondozo|88/100 slp|[from] Stealth Rock
|move|p1a: Moltres|Flamethrower|p2a: Dondozo
|-resisted|p2a: Dondozo
|-damage|p2a: Dondozo|77/100 slp
|
|upkeep
|turn|20
|
|t:|1757794935
|switch|p1a: Slowking|Slowking-Galar, M|53/100
|cant|p2a: Dondozo|slp
|
|upkeep
|turn|21
|
|t:|1757794946
|cant|p2a: Dondozo|slp
|-prepare|p1a: Slowking|Chilly Reception|[premajor]
|move|p1a: Slowking|Chilly Reception|p1a: Slowking
|-weather|Snowscape
|
|t:|1757794949
|switch|p1a: Kyurem|Kyurem, tera:Ice|100/100|[from] Chilly Reception
|-damage|p1a: Kyurem|76/100|[from] Stealth Rock
|-ability|p1a: Kyurem|Pressure
|
|-weather|Snowscape|[upkeep]
|upkeep
|turn|22
|
|t:|1757794961
|-terastallize|p2a: Dondozo|Poison
|move|p1a: Kyurem|Freeze-Dry|p2a: Dondozo
|-damage|p2a: Dondozo|29/100 slp
|-curestatus|p2a: Dondozo|slp|[msg]
|move|p2a: Dondozo|Body Press|p1a: Kyurem
|-supereffective|p1a: Kyurem
|-damage|p1a: Kyurem|48/100
|
|-weather|Snowscape|[upkeep]
|upkeep
|turn|23
|
|t:|1757794976
|switch|p1a: Moltres|Moltres|100/100
|move|p2a: Dondozo|Rest|p2a: Dondozo
|-status|p2a: Dondozo|slp|[from] move: Rest
|-heal|p2a: Dondozo|100/100 slp|[silent]
|
|-weather|Snowscape|[upkeep]
|upkeep
|turn|24
|
|t:|1757794981
|switch|p2a: Landorus|Landorus-Therian, M|52/100
|-damage|p2a: Landorus|39/100|[from] Stealth Rock
|-ability|p2a: Landorus|Intimidate|boost
|-unboost|p1a: Moltres|atk|1
|move|p1a: Moltres|Hurricane|p2a: Landorus
|-damage|p2a: Landorus|0 fnt
|faint|p2a: Landorus
|
|-weather|Snowscape|[upkeep]
|upkeep
|
|t:|1757794995
|switch|p2a: Better Hoopa U|Malamar, M, shiny|100/100
|-damage|p2a: Better Hoopa U|88/100|[from] Stealth Rock
|turn|25
|
|t:|1757795003
|move|p2a: Better Hoopa U|Knock Off|p1a: Moltres
|-damage|p1a: Moltres|72/100
|-enditem|p1a: Moltres|Heavy-Duty Boots|[from] move: Knock Off|[of] p2a: Better Hoopa U
|move|p1a: Moltres|Will-O-Wisp|p2a: Better Hoopa U
|-status|p2a: Better Hoopa U|brn
|
|-weather|none
|-damage|p2a: Better Hoopa U|82/100 brn|[from] brn
|upkeep
|turn|26
|
|t:|1757795014
|switch|p2a: Gholdengo|Gholdengo|98/100
|-damage|p2a: Gholdengo|92/100|[from] Stealth Rock
|move|p1a: Moltres|Hurricane|p2a: Gholdengo
|-resisted|p2a: Gholdengo
|-damage|p2a: Gholdengo|69/100
|
|upkeep
|turn|27
|
|t:|1757795024
|switch|p2a: Dondozo|Dondozo, F, tera:Poison|100/100 slp
|-damage|p2a: Dondozo|88/100 slp|[from] Stealth Rock
|move|p1a: Moltres|Flamethrower|p2a: Dondozo
|-crit|p2a: Dondozo
|-damage|p2a: Dondozo|52/100 slp
|
|upkeep
|turn|28
|
|t:|1757795035
|move|p1a: Moltres|Hurricane|p2a: Dondozo
|-damage|p2a: Dondozo|21/100 slp
|-start|p2a: Dondozo|confusion
|cant|p2a: Dondozo|slp
|
|upkeep
|turn|29
|
|t:|1757795041
|move|p1a: Moltres|Flamethrower|p2a: Dondozo
|-damage|p2a: Dondozo|0 fnt
|faint|p2a: Dondozo
|
|upkeep
|
|t:|1757795049
|switch|p2a: Gholdengo|Gholdengo|69/100
|-damage|p2a: Gholdengo|63/100|[from] Stealth Rock
|turn|30
|
|t:|1757795057
|move|p1a: Moltres|Flamethrower|p2a: Gholdengo
|-supereffective|p2a: Gholdengo
|-damage|p2a: Gholdengo|0 fnt
|faint|p2a: Gholdengo
|
|upkeep
|
|t:|1757795060
|switch|p2a: Mandibuzz|Mandibuzz, F|86/100
|-damage|p2a: Mandibuzz|61/100|[from] Stealth Rock
|turn|31
|
|t:|1757795063
|move|p1a: Moltres|Hurricane|p2a: Mandibuzz|[miss]
|-miss|p1a: Moltres|p2a: Mandibuzz
|move|p2a: Mandibuzz|Roost|p2a: Mandibuzz
|-heal|p2a: Mandibuzz|100/100
|-singleturn|p2a: Mandibuzz|move: Roost
|
|upkeep
|turn|32
|
|t:|1757795068
|move|p1a: Moltres|Hurricane|p2a: Mandibuzz
|-damage|p2a: Mandibuzz|66/100
|-start|p2a: Mandibuzz|confusion
|-activate|p2a: Mandibuzz|confusion
|move|p2a: Mandibuzz|Foul Play|p1a: Moltres
|-damage|p1a: Moltres|61/100
|
|upkeep
|turn|33
|
|t:|1757795082
|move|p1a: Moltres|Roost|p1a: Moltres
|-heal|p1a: Moltres|100/100
|-singleturn|p1a: Moltres|move: Roost
|-activate|p2a: Mandibuzz|confusion
|move|p2a: Mandibuzz|Roost|p2a: Mandibuzz
|-heal|p2a: Mandibuzz|100/100
|-singleturn|p2a: Mandibuzz|move: Roost
|
|upkeep
|turn|34
|
|t:|1757795111
|move|p1a: Moltres|Will-O-Wisp|p2a: Mandibuzz
|-status|p2a: Mandibuzz|brn
|-activate|p2a: Mandibuzz|confusion
|move|p2a: Mandibuzz|Foul Play|p1a: Moltres
|-damage|p1a: Moltres|95/100
|
|-damage|p2a: Mandibuzz|94/100 brn|[from] brn
|upkeep
|turn|35
|-message|calacadura forfeited.
|
|win|Bogobor101
|raw|Bogobor101's rating: 1453 &rarr; <strong>1469</strong><br />(+16 for winning)
|raw|calacadura's rating: 1386 &rarr; <strong>1370</strong><br />(-16 for losing)
