|j|☆G00D00D
|j|☆reccaviii
|t:|1757891111
|gametype|singles
|player|p1|G00D00D|skyla|1660
|player|p2|reccaviii|akari|1682
|gen|9
|tier|[Gen 9] OU
|rated|
|rule|HP Percentage Mod: HP is shown in percentages
|rule|Endless Battle Clause: Forcing endless battles is banned
|rule|Species Clause: Limit one of each Pokémon
|rule|OHKO Clause: OHKO moves are banned
|rule|Evasion Items Clause: Evasion items are banned
|rule|Evasion Moves Clause: Evasion moves are banned
|rule|Evasion Abilities Clause: Evasion abilities are banned
|rule|Sleep Moves Clause: Sleep-inducing moves are banned
|clearpoke
|poke|p1|Alomomola, M|
|poke|p1|Darkrai|
|poke|p1|Iron Crown|
|poke|p1|Lokix, F|
|poke|p1|Weezing-Galar, M|
|poke|p1|Landorus-Therian, M|
|poke|p2|Glimmora, F|
|poke|p2|Torterra, F|
|poke|p2|Gholdengo|
|poke|p2|Enamorus, F|
|poke|p2|Samurott-Hisui, F|
|poke|p2|Zamazenta-*|
|teampreview
|inactive|Battle timer is ON: inactive players will automatically lose when time's up. (requested by reccaviii)
|j| Jey2
|inactive|reccaviii has 120 seconds left.
|inactive|reccaviii has 90 seconds left.
|
|t:|1757891197
|teamsize|p1|6
|teamsize|p2|6
|start
|switch|p1a: Iron Crown|Iron Crown|100/100
|switch|p2a: Samurott|Samurott-Hisui, F, shiny|100/100
|turn|1
|inactive|reccaviii has 120 seconds left.
|j| Ctannn
|inactive|reccaviii has 90 seconds left.
|
|t:|1757891253
|-end|p1a: Iron Crown|Quark Drive|[silent]
|switch|p1a: Weezing|Weezing-Galar, M|100/100
|-ability|p1a: Weezing|Neutralizing Gas
|move|p2a: Samurott|Ceaseless Edge|p1a: Weezing
|-resisted|p1a: Weezing
|-damage|p1a: Weezing|91/100
|-sidestart|p1: G00D00D|Spikes
|
|upkeep
|turn|2
|
|t:|1757891263
|switch|p2a: Gholdengo|Gholdengo|100/100
|move|p1a: Weezing|Defog|p2a: Gholdengo
|-unboost|p2a: Gholdengo|evasion|1
|-sideend|p1: G00D00D|Spikes|[from] move: Defog|[of] p1a: Weezing
|
|upkeep
|turn|3
|inactive|reccaviii has 90 seconds left.
|
|t:|1757891287
|-end|p1a: Weezing|ability: Neutralizing Gas
|switch|p1a: Alomomola|Alomomola, M|100/100
|move|p2a: Gholdengo|Thunder Wave|p1a: Alomomola
|-status|p1a: Alomomola|par
|
|upkeep
|turn|4
|
|t:|1757891299
|move|p2a: Gholdengo|Hex|p1a: Alomomola
|-damage|p1a: Alomomola|27/100 par
|-enditem|p1a: Alomomola|Eject Button
|
|t:|1757891303
|switch|p1a: Darkrai|Darkrai|100/100
|
|upkeep
|turn|5
|
|t:|1757891317
|switch|p2a: Samurott|Samurott-Hisui, F, shiny|100/100
|move|p1a: Darkrai|Dark Pulse|p2a: Samurott
|-resisted|p2a: Samurott
|-damage|p2a: Samurott|63/100
|
|upkeep
|turn|6
|inactive|reccaviii has 60 seconds left.
|
|t:|1757891363
|move|p1a: Darkrai|Dark Pulse|p2a: Samurott
|-resisted|p2a: Samurott
|-damage|p2a: Samurott|25/100
|move|p2a: Samurott|Ceaseless Edge|p1a: Darkrai|[miss]
|-miss|p2a: Samurott|p1a: Darkrai
|
|upkeep
|turn|7
|
|t:|1757891378
|switch|p2a: Zamazenta|Zamazenta|100/100
|-ability|p2a: Zamazenta|Dauntless Shield|boost
|-boost|p2a: Zamazenta|def|1
|move|p1a: Darkrai|Dark Pulse|p2a: Zamazenta
|-resisted|p2a: Zamazenta
|-damage|p2a: Zamazenta|79/100
|
|-heal|p2a: Zamazenta|85/100|[from] item: Leftovers
|upkeep
|turn|8
|
|t:|1757891396
|switch|p1a: Weezing|Weezing-Galar, M|91/100
|-ability|p1a: Weezing|Neutralizing Gas
|switch|p2a: Glimmora|Glimmora, F|100/100
|
|upkeep
|turn|9
|
|t:|1757891410
|-end|p1a: Weezing|ability: Neutralizing Gas
|switch|p1a: Iron Crown|Iron Crown|100/100
|move|p2a: Glimmora|Stealth Rock|p1a: Iron Crown
|-sidestart|p1: G00D00D|move: Stealth Rock
|
|upkeep
|turn|10
|inactive|reccaviii has 30 seconds left.
|inactive|reccaviii has 20 seconds left.
|
|t:|1757891441
|switch|p2a: Gholdengo|Gholdengo|100/100
|move|p1a: Iron Crown|Tachyon Cutter|p2a: Gholdengo
|-resisted|p2a: Gholdengo
|-damage|p2a: Gholdengo|87/100
|-resisted|p2a: Gholdengo
|-damage|p2a: Gholdengo|75/100
|-hitcount|p2a: Gholdengo|2
|
|upkeep
|turn|11
|inactive|reccaviii has 30 seconds left this turn.
|inactive|reccaviii has 20 seconds left.
|
|t:|1757891456
|move|p1a: Iron Crown|Volt Switch|p2a: Gholdengo
|-crit|p2a: Gholdengo
|-damage|p2a: Gholdengo|39/100
|
|t:|1757891459
|-end|p1a: Iron Crown|Quark Drive|[silent]
|switch|p1a: Landorus|Landorus-Therian, M|100/100|[from] Volt Switch
|-damage|p1a: Landorus|88/100|[from] Stealth Rock
|-ability|p1a: Landorus|Intimidate|boost
|-unboost|p2a: Gholdengo|atk|1
|move|p2a: Gholdengo|Recover|p2a: Gholdengo
|-heal|p2a: Gholdengo|89/100
|
|upkeep
|turn|12
|inactive|reccaviii has 30 seconds left.
|inactive|reccaviii has 20 seconds left.
|inactive|reccaviii has 15 seconds left.
|inactive|reccaviii has 10 seconds left.
|
|t:|1757891485
|switch|p2a: Enamorus|Enamorus, F|100/100
|move|p1a: Landorus|U-turn|p2a: Enamorus
|-resisted|p2a: Enamorus
|-damage|p2a: Enamorus|92/100
|
|t:|1757891494
|switch|p1a: Iron Crown|Iron Crown|100/100|[from] U-turn
|-damage|p1a: Iron Crown|94/100|[from] Stealth Rock
|
|upkeep
|turn|13
|inactive|reccaviii has 25 seconds left this turn.
|inactive|reccaviii has 20 seconds left.
|inactive|reccaviii has 15 seconds left.
|
|t:|1757891506
|switch|p2a: Samurott|Samurott-Hisui, F, shiny|25/100
|move|p1a: Iron Crown|Volt Switch|p2a: Samurott
|-supereffective|p2a: Samurott
|-damage|p2a: Samurott|0 fnt
|faint|p2a: Samurott
|
|t:|1757891513
|-end|p1a: Iron Crown|Quark Drive|[silent]
|switch|p1a: Darkrai|Darkrai|100/100|[from] Volt Switch
|-damage|p1a: Darkrai|88/100|[from] Stealth Rock
|
|upkeep
|inactive|reccaviii has 25 seconds left this turn.
|inactive|reccaviii has 20 seconds left.
|inactive|reccaviii has 15 seconds left.
|inactive|reccaviii has 10 seconds left.
|
|t:|1757891533
|switch|p2a: Glimmora|Glimmora, F|100/100
|turn|14
|inactive|reccaviii has 20 seconds left this turn.
|inactive|reccaviii has 15 seconds left.
|
|t:|1757891542
|switch|p1a: Iron Crown|Iron Crown|94/100
|-damage|p1a: Iron Crown|88/100|[from] Stealth Rock
|move|p2a: Glimmora|Earth Power|p1a: Iron Crown
|-supereffective|p1a: Iron Crown
|-damage|p1a: Iron Crown|44/100
|
|upkeep
|turn|15
|inactive|reccaviii has 25 seconds left this turn.
|inactive|reccaviii has 20 seconds left.
|inactive|reccaviii has 15 seconds left.
|inactive|reccaviii has 10 seconds left.
|inactive|reccaviii has 5 seconds left.
|
|t:|1757891564
|switch|p2a: Gholdengo|Gholdengo|89/100
|move|p1a: Iron Crown|Tachyon Cutter|p2a: Gholdengo
|-resisted|p2a: Gholdengo
|-crit|p2a: Gholdengo
|-damage|p2a: Gholdengo|71/100
|-resisted|p2a: Gholdengo
|-damage|p2a: Gholdengo|59/100
|-hitcount|p2a: Gholdengo|2
|
|upkeep
|turn|16
|inactive|reccaviii has 15 seconds left this turn.
|inactive|reccaviii has 10 seconds left.
|
|t:|1757891573
|move|p1a: Iron Crown|Psychic Noise|p2a: Gholdengo
|-resisted|p2a: Gholdengo
|-crit|p2a: Gholdengo
|-damage|p2a: Gholdengo|33/100
|-start|p2a: Gholdengo|move: Heal Block
|cant|p2a: Gholdengo|move: Heal Block|Recover
|
|upkeep
|turn|17
|inactive|reccaviii has 20 seconds left this turn.
|inactive|reccaviii has 15 seconds left.
|inactive|reccaviii has 10 seconds left.
|
|t:|1757891587
|move|p1a: Iron Crown|Volt Switch|p2a: Gholdengo
|-damage|p2a: Gholdengo|9/100
|
|t:|1757891590
|-end|p1a: Iron Crown|Quark Drive|[silent]
|switch|p1a: Landorus|Landorus-Therian, M|88/100|[from] Volt Switch
|-damage|p1a: Landorus|76/100|[from] Stealth Rock
|-ability|p1a: Landorus|Intimidate|boost
|-unboost|p2a: Gholdengo|atk|1
|move|p2a: Gholdengo|Hex|p1a: Landorus
|-damage|p1a: Landorus|44/100
|
|-end|p2a: Gholdengo|move: Heal Block
|upkeep
|turn|18
|inactive|reccaviii has 25 seconds left this turn.
|inactive|reccaviii has 20 seconds left.
|inactive|reccaviii has 15 seconds left.
|inactive|reccaviii has 10 seconds left.
|
|t:|1757891606
|switch|p2a: Enamorus|Enamorus, F|92/100
|move|p1a: Landorus|Stone Edge|p2a: Enamorus
|-supereffective|p2a: Enamorus
|-damage|p2a: Enamorus|0 fnt
|faint|p2a: Enamorus
|
|upkeep
|inactive|reccaviii has 15 seconds left this turn.
|
|t:|1757891611
|switch|p2a: Torterra|Torterra, F|100/100
|turn|19
|inactive|reccaviii has 25 seconds left this turn.
|inactive|reccaviii has 20 seconds left.
|inactive|reccaviii has 15 seconds left.
|
|t:|1757891621
|-terastallize|p2a: Torterra|Poison
|move|p1a: Landorus|U-turn|p2a: Torterra
|-resisted|p2a: Torterra
|-damage|p2a: Torterra|90/100
|
|t:|1757891634
|switch|p1a: Weezing|Weezing-Galar, M|91/100|[from] U-turn
|-ability|p1a: Weezing|Neutralizing Gas
|move|p2a: Torterra|Shell Smash|p2a: Torterra
|-unboost|p2a: Torterra|def|1
|-unboost|p2a: Torterra|spd|1
|-boost|p2a: Torterra|atk|2
|-boost|p2a: Torterra|spa|2
|-boost|p2a: Torterra|spe|2
|
|upkeep
|turn|20
|inactive|reccaviii has 30 seconds left this turn.
|inactive|reccaviii has 20 seconds left.
|
|t:|1757891645
|-end|p1a: Weezing|ability: Neutralizing Gas
|switch|p1a: Landorus|Landorus-Therian, M|44/100
|-damage|p1a: Landorus|32/100|[from] Stealth Rock
|-ability|p1a: Landorus|Intimidate|boost
|-unboost|p2a: Torterra|atk|1
|move|p2a: Torterra|Rock Blast|p1a: Landorus
|-damage|p1a: Landorus|20/100
|-damage|p1a: Landorus|8/100
|-damage|p1a: Landorus|0 fnt
|faint|p1a: Landorus
|-hitcount|p1: Landorus|3
|
|upkeep
|
|t:|1757891656
|switch|p1a: Lokix|Lokix, F|100/100
|-damage|p1a: Lokix|76/100|[from] Stealth Rock
|turn|21
|inactive|reccaviii has 30 seconds left.
|
|t:|1757891662
|switch|p2a: Glimmora|Glimmora, F|100/100
|-terastallize|p1a: Lokix|Bug
|move|p1a: Lokix|First Impression|p2a: Glimmora
|-resisted|p2a: Glimmora
|-enditem|p2a: Glimmora|Focus Sash
|-damage|p2a: Glimmora|1/100
|-activate|p2a: Glimmora|ability: Toxic Debris
|-sidestart|p1: G00D00D|move: Toxic Spikes
|
|upkeep
|turn|22
|inactive|reccaviii has 30 seconds left.
|
|t:|1757891677
|switch|p1a: Iron Crown|Iron Crown|44/100
|-damage|p1a: Iron Crown|38/100|[from] Stealth Rock
|move|p2a: Glimmora|Earth Power|p1a: Iron Crown
|-supereffective|p1a: Iron Crown
|-damage|p1a: Iron Crown|0 fnt
|faint|p1a: Iron Crown
|-end|p1a: Iron Crown|Quark Drive|[silent]
|
|upkeep
|
|t:|1757891687
|switch|p1a: Weezing|Weezing-Galar, M|91/100
|-ability|p1a: Weezing|Neutralizing Gas
|-sideend|p1: G00D00D|move: Toxic Spikes|[of] p1a: Weezing
|turn|23
|inactive|reccaviii has 30 seconds left.
|
|t:|1757891703
|switch|p2a: Gholdengo|Gholdengo|9/100
|-end|p1a: Weezing|ability: Neutralizing Gas
|switch|p1a: Darkrai|Darkrai|88/100
|-damage|p1a: Darkrai|76/100|[from] Stealth Rock
|
|upkeep
|turn|24
|inactive|reccaviii has 30 seconds left.
|
|t:|1757891714
|move|p1a: Darkrai|Ice Beam|p2a: Gholdengo
|-resisted|p2a: Gholdengo
|-damage|p2a: Gholdengo|0 fnt
|faint|p2a: Gholdengo
|
|upkeep
|inactive|reccaviii has 30 seconds left.
|inactive|reccaviii has 20 seconds left.
|
|t:|1757891729
|switch|p2a: Torterra|Torterra, F, tera:Poison|90/100
|turn|25
|inactive|reccaviii has 30 seconds left this turn.
|
|t:|1757891731
|move|p1a: Darkrai|Ice Beam|p2a: Torterra
|-damage|p2a: Torterra|47/100
|move|p2a: Torterra|Headlong Rush|p1a: Darkrai
|-damage|p1a: Darkrai|1/100
|-unboost|p2a: Torterra|def|1
|-unboost|p2a: Torterra|spd|1
|
|upkeep
|turn|26
|inactive|reccaviii has 30 seconds left.
|
|t:|1757891748
|switch|p2a: Glimmora|Glimmora, F|1/100
|move|p1a: Darkrai|Ice Beam|p2a: Glimmora
|-damage|p2a: Glimmora|0 fnt
|faint|p2a: Glimmora
|
|upkeep
|inactive|reccaviii has 30 seconds left this turn.
|
|t:|1757891750
|switch|p2a: Zamazenta|Zamazenta|85/100
|turn|27
|
|t:|1757891757
|move|p1a: Darkrai|Ice Beam|p2a: Zamazenta
|-damage|p2a: Zamazenta|51/100
|move|p2a: Zamazenta|Body Press|p1a: Darkrai
|-supereffective|p1a: Darkrai
|-damage|p1a: Darkrai|0 fnt
|faint|p1a: Darkrai
|
|-heal|p2a: Zamazenta|57/100|[from] item: Leftovers
|upkeep
|
|t:|1757891765
|switch|p1a: Weezing|Weezing-Galar, M|91/100
|-ability|p1a: Weezing|Neutralizing Gas
|turn|28
|inactive|reccaviii has 30 seconds left.
|inactive|reccaviii has 20 seconds left.
|
|t:|1757891796
|move|p2a: Zamazenta|Iron Defense|p2a: Zamazenta
|-boost|p2a: Zamazenta|def|2
|move|p1a: Weezing|Will-O-Wisp|p2a: Zamazenta
|-status|p2a: Zamazenta|brn
|
|-heal|p2a: Zamazenta|64/100 brn|[from] item: Leftovers
|-damage|p2a: Zamazenta|57/100 brn|[from] brn
|upkeep
|turn|29
|inactive|reccaviii has 30 seconds left this turn.
|l| Jey2
|
|t:|1757891804
|move|p2a: Zamazenta|Body Press|p1a: Weezing
|-resisted|p1a: Weezing
|-crit|p1a: Weezing
|-damage|p1a: Weezing|82/100
|move|p1a: Weezing|Defog|p2a: Zamazenta
|-unboost|p2a: Zamazenta|evasion|1
|-sideend|p1: G00D00D|Stealth Rock|[from] move: Defog|[of] p1a: Weezing
|
|-heal|p2a: Zamazenta|64/100 brn|[from] item: Leftovers
|-damage|p2a: Zamazenta|57/100 brn|[from] brn
|upkeep
|turn|30
|
|t:|1757891814
|move|p2a: Zamazenta|Body Press|p1a: Weezing
|-resisted|p1a: Weezing
|-damage|p1a: Weezing|76/100
|move|p1a: Weezing|Will-O-Wisp|p2a: Zamazenta
|-fail|p2a: Zamazenta|brn
|
|-heal|p2a: Zamazenta|64/100 brn|[from] item: Leftovers
|-damage|p2a: Zamazenta|57/100 brn|[from] brn
|upkeep
|turn|31
|-message|reccaviii forfeited.
|
|win|G00D00D
|raw|G00D00D's rating: 1660 &rarr; <strong>1681</strong><br />(+21 for winning)
|raw|reccaviii's rating: 1682 &rarr; <strong>1661</strong><br />(-21 for losing)
|l|☆G00D00D
|player|p1|
