|j|☆suprya
|j|☆jushu
|t:|1757952416
|gametype|singles
|player|p1|suprya|preschooler|1702
|player|p2|jushu|dawn-gen4pt|1739
|gen|9
|tier|[Gen 9] OU
|rated|
|rule|HP Percentage Mod: HP is shown in percentages
|rule|Endless Battle Clause: Forcing endless battles is banned
|rule|Species Clause: Limit one of each Pokémon
|rule|OHKO Clause: OHKO moves are banned
|rule|Evasion Items Clause: Evasion items are banned
|rule|Evasion Moves Clause: Evasion moves are banned
|rule|Evasion Abilities Clause: Evasion abilities are banned
|rule|Sleep Moves Clause: Sleep-inducing moves are banned
|clearpoke
|poke|p1|Samurott-Hisui, M|
|poke|p1|Fezandipiti, M|
|poke|p1|Zamazenta-*|
|poke|p1|Weavile, F|
|poke|p1|Corviknight, M|
|poke|p1|Palossand, M|
|poke|p2|Ogerpon-Wellspring, F|
|poke|p2|Kingambit, M|
|poke|p2|Landorus-Therian, M|
|poke|p2|Glimmora, M|
|poke|p2|Dragapult, M|
|poke|p2|Iron Valiant|
|teampreview
|inactive|Battle timer is ON: inactive players will automatically lose when time's up. (requested by suprya)
|j| LifeIsALieee
|c| LifeIsALieee|hf
|inactive|jushu has 120 seconds left.
|j| shyahngyoo
|
|t:|1757952467
|teamsize|p1|6
|teamsize|p2|6
|start
|switch|p1a: Corviknight|Corviknight, M|100/100
|switch|p2a: Glimmora|Glimmora, M|100/100
|-ability|p1a: Corviknight|Pressure
|turn|1
|
|t:|1757952471
|switch|p1a: Palossand|Palossand, M|100/100
|move|p2a: Glimmora|Meteor Beam||[still]
|-prepare|p2a: Glimmora|Meteor Beam
|-boost|p2a: Glimmora|spa|1
|-enditem|p2a: Glimmora|Power Herb
|-anim|p2a: Glimmora|Meteor Beam|p1a: Palossand
|-resisted|p1a: Palossand
|-damage|p1a: Palossand|46/100
|
|upkeep
|turn|2
|
|t:|1757952486
|move|p2a: Glimmora|Earth Power|p1a: Palossand
|-damage|p1a: Palossand|0 fnt
|faint|p1a: Palossand
|
|upkeep
|
|t:|1757952492
|switch|p1a: Weavile|Weavile, F|100/100
|-ability|p1a: Weavile|Pressure
|turn|3
|
|t:|1757952500
|-terastallize|p1a: Weavile|Ice
|move|p1a: Weavile|Triple Axel|p2a: Glimmora
|-damage|p2a: Glimmora|86/100
|-activate|p2a: Glimmora|ability: Toxic Debris
|-sidestart|p1: suprya|move: Toxic Spikes
|-damage|p2a: Glimmora|56/100
|-activate|p2a: Glimmora|ability: Toxic Debris
|-sidestart|p1: suprya|move: Toxic Spikes
|-damage|p2a: Glimmora|6/100
|-hitcount|p2a: Glimmora|3
|move|p2a: Glimmora|Earth Power|p1a: Weavile
|-damage|p1a: Weavile|32/100
|
|upkeep
|turn|4
|
|t:|1757952505
|move|p1a: Weavile|Knock Off|p2a: Glimmora
|-damage|p2a: Glimmora|0 fnt
|faint|p2a: Glimmora
|
|upkeep
|j| wgw2333
|
|t:|1757952519
|switch|p2a: Kingambit|Kingambit, M|100/100
|-activate|p2a: Kingambit|ability: Supreme Overlord
|-start|p2a: Kingambit|fallen1|[silent]
|turn|5
|
|t:|1757952527
|-end|p2a: Kingambit|fallen1|[silent]
|switch|p2a: Landorus|Landorus-Therian, M|100/100
|-ability|p2a: Landorus|Intimidate|boost
|-unboost|p1a: Weavile|atk|1
|move|p1a: Weavile|Low Kick|p2a: Landorus
|-resisted|p2a: Landorus
|-damage|p2a: Landorus|92/100
|-damage|p1a: Weavile|15/100|[from] item: Rocky Helmet|[of] p2a: Landorus
|
|upkeep
|turn|6
|
|t:|1757952534
|switch|p1a: Corviknight|Corviknight, M|100/100
|-ability|p1a: Corviknight|Pressure
|move|p2a: Landorus|Stealth Rock|p1a: Corviknight
|-sidestart|p1: suprya|move: Stealth Rock
|
|upkeep
|turn|7
|
|t:|1757952538
|move|p2a: Landorus|Taunt|p1a: Corviknight
|-start|p1a: Corviknight|move: Taunt
|move|p1a: Corviknight|U-turn|p2a: Landorus
|-resisted|p2a: Landorus
|-damage|p2a: Landorus|85/100
|-damage|p1a: Corviknight|84/100|[from] item: Rocky Helmet|[of] p2a: Landorus
|
|t:|1757952541
|switch|p1a: Fezandipiti|Fezandipiti, M|100/100|[from] U-turn
|-sideend|p1: suprya|move: Toxic Spikes|[of] p1a: Fezandipiti
|-damage|p1a: Fezandipiti|88/100|[from] Stealth Rock
|
|-heal|p1a: Fezandipiti|94/100|[from] item: Leftovers
|upkeep
|turn|8
|
|t:|1757952544
|switch|p1a: Corviknight|Corviknight, M|84/100
|-damage|p1a: Corviknight|71/100|[from] Stealth Rock
|-ability|p1a: Corviknight|Pressure
|move|p2a: Landorus|Earthquake|p1a: Corviknight
|-immune|p1a: Corviknight
|
|upkeep
|turn|9
|j| amimec
|j| 54 Insane Rats
|
|t:|1757952559
|switch|p1a: Samurott|Samurott-Hisui, M|100/100
|move|p2a: Landorus|Taunt|p1a: Samurott
|-start|p1a: Samurott|move: Taunt
|
|upkeep
|turn|10
|
|t:|1757952566
|move|p2a: Landorus|U-turn|p1a: Samurott
|-supereffective|p1a: Samurott
|-damage|p1a: Samurott|47/100
|
|t:|1757952569
|switch|p2a: Ogerpon|Ogerpon-Wellspring, F|100/100|[from] U-turn
|move|p1a: Samurott|Ceaseless Edge|p2a: Ogerpon
|-damage|p2a: Ogerpon|34/100
|-sidestart|p2: jushu|Spikes
|
|upkeep
|turn|11
|
|t:|1757952578
|switch|p2a: Landorus|Landorus-Therian, M|85/100
|-ability|p2a: Landorus|Intimidate|boost
|-unboost|p1a: Samurott|atk|1
|move|p1a: Samurott|Ceaseless Edge|p2a: Landorus
|-damage|p2a: Landorus|55/100
|-damage|p1a: Samurott|30/100|[from] item: Rocky Helmet|[of] p2a: Landorus
|-sidestart|p2: jushu|Spikes
|
|-end|p1a: Samurott|move: Taunt
|upkeep
|turn|12
|
|t:|1757952586
|move|p1a: Samurott|Aqua Jet|p2a: Landorus
|-supereffective|p2a: Landorus
|-damage|p2a: Landorus|29/100
|-damage|p1a: Samurott|14/100|[from] item: Rocky Helmet|[of] p2a: Landorus
|move|p2a: Landorus|Earthquake|p1a: Samurott
|-damage|p1a: Samurott|0 fnt
|faint|p1a: Samurott
|
|upkeep
|
|t:|1757952591
|switch|p1a: Fezandipiti|Fezandipiti, M|94/100
|-damage|p1a: Fezandipiti|82/100|[from] Stealth Rock
|turn|13
|
|t:|1757952594
|move|p1a: Fezandipiti|Moonblast|p2a: Landorus
|-damage|p2a: Landorus|0 fnt
|faint|p2a: Landorus
|
|-heal|p1a: Fezandipiti|88/100|[from] item: Leftovers
|upkeep
|
|t:|1757952601
|switch|p2a: Ogerpon|Ogerpon-Wellspring, F|34/100
|-damage|p2a: Ogerpon|18/100|[from] Spikes
|turn|14
|
|t:|1757952610
|switch|p1a: Weavile|Weavile, F, tera:Ice|15/100
|-ability|p1a: Weavile|Pressure
|move|p2a: Ogerpon|Ivy Cudgel|p1a: Weavile|[anim] Ivy Cudgel Water
|-damage|p1a: Weavile|0 fnt
|faint|p1a: Weavile
|
|upkeep
|
|t:|1757952612
|switch|p1a: Zamazenta|Zamazenta|100/100
|-damage|p1a: Zamazenta|94/100|[from] Stealth Rock
|-ability|p1a: Zamazenta|Dauntless Shield|boost
|-boost|p1a: Zamazenta|def|1
|turn|15
|
|t:|1757952614
|move|p1a: Zamazenta|Crunch|p2a: Ogerpon
|-damage|p2a: Ogerpon|0 fnt
|faint|p2a: Ogerpon
|
|-heal|p1a: Zamazenta|100/100|[from] item: Leftovers
|upkeep
|
|t:|1757952623
|switch|p2a: Iron Valiant|Iron Valiant|100/100
|-damage|p2a: Iron Valiant|84/100|[from] Spikes
|-enditem|p2a: Iron Valiant|Booster Energy
|-activate|p2a: Iron Valiant|ability: Quark Drive|[fromitem]
|-start|p2a: Iron Valiant|quarkdrivespe
|turn|16
|
|t:|1757952626
|move|p2a: Iron Valiant|Swords Dance|p2a: Iron Valiant
|-boost|p2a: Iron Valiant|atk|2
|move|p1a: Zamazenta|Heavy Slam|p2a: Iron Valiant
|-supereffective|p2a: Iron Valiant
|-damage|p2a: Iron Valiant|8/100
|
|upkeep
|turn|17
|
|t:|1757952629
|switch|p1a: Corviknight|Corviknight, M|71/100
|-damage|p1a: Corviknight|59/100|[from] Stealth Rock
|-ability|p1a: Corviknight|Pressure
|move|p2a: Iron Valiant|Spirit Break|p1a: Corviknight
|-resisted|p1a: Corviknight
|-damage|p1a: Corviknight|35/100
|-unboost|p1a: Corviknight|spa|1
|-damage|p2a: Iron Valiant|0 fnt|[from] item: Rocky Helmet|[of] p1a: Corviknight
|faint|p2a: Iron Valiant
|-end|p2a: Iron Valiant|Quark Drive|[silent]
|
|upkeep
|
|t:|1757952632
|switch|p2a: Dragapult|Dragapult, M|100/100
|-damage|p2a: Dragapult|84/100|[from] Spikes
|turn|18
|
|t:|1757952635
|move|p2a: Dragapult|Shadow Ball|p1a: Corviknight
|-damage|p1a: Corviknight|0 fnt
|faint|p1a: Corviknight
|
|upkeep
|
|t:|1757952638
|switch|p1a: Fezandipiti|Fezandipiti, M|88/100
|-damage|p1a: Fezandipiti|76/100|[from] Stealth Rock
|turn|19
|
|t:|1757952640
|-terastallize|p2a: Dragapult|Ghost
|move|p2a: Dragapult|Shadow Ball|p1a: Fezandipiti
|-damage|p1a: Fezandipiti|8/100
|move|p1a: Fezandipiti|Moonblast|p2a: Dragapult
|-damage|p2a: Dragapult|42/100
|
|-heal|p1a: Fezandipiti|14/100|[from] item: Leftovers
|upkeep
|turn|20
|
|t:|1757952648
|move|p2a: Dragapult|Shadow Ball|p1a: Fezandipiti
|-damage|p1a: Fezandipiti|0 fnt
|faint|p1a: Fezandipiti
|
|upkeep
|
|t:|1757952650
|switch|p1a: Zamazenta|Zamazenta|100/100
|-damage|p1a: Zamazenta|94/100|[from] Stealth Rock
|turn|21
|
|t:|1757952652
|move|p1a: Zamazenta|Crunch|p2a: Dragapult
|-supereffective|p2a: Dragapult
|-damage|p2a: Dragapult|0 fnt
|faint|p2a: Dragapult
|
|-heal|p1a: Zamazenta|100/100|[from] item: Leftovers
|upkeep
|j| KingPikaPika
|
|t:|1757952654
|switch|p2a: Kingambit|Kingambit, M|100/100
|-damage|p2a: Kingambit|84/100|[from] Spikes
|-activate|p2a: Kingambit|ability: Supreme Overlord
|-start|p2a: Kingambit|fallen5|[silent]
|turn|22
|-message|jushu forfeited.
|
|win|suprya
|raw|suprya's rating: 1702 &rarr; <strong>1724</strong><br />(+22 for winning)
|raw|jushu's rating: 1739 &rarr; <strong>1717</strong><br />(-22 for losing)
|l|☆jushu
|player|p2|
|l|☆suprya
|player|p1|
|l| 54 Insane Rats
|l| KingPikaPika
|l| LifeIsALieee
