|j|☆Isole trainer
|j|☆Mestregriffins
|t:|1757909472
|gametype|singles
|player|p1|Isole trainer|riley|1073
|player|p2|Mestregriffins|palmer|1095
|gen|9
|tier|[Gen 9] OU
|rated|
|rule|HP Percentage Mod: HP is shown in percentages
|rule|Endless Battle Clause: Forcing endless battles is banned
|rule|Species Clause: Limit one of each Pokémon
|rule|OHKO Clause: OHKO moves are banned
|rule|Evasion Items Clause: Evasion items are banned
|rule|Evasion Moves Clause: Evasion moves are banned
|rule|Evasion Abilities Clause: Evasion abilities are banned
|rule|Sleep Moves Clause: Sleep-inducing moves are banned
|clearpoke
|poke|p1|Umbreon, F|
|poke|p1|Sceptile, M|
|poke|p1|Gengar, F|
|poke|p1|Blastoise, M|
|poke|p1|Raichu, M|
|poke|p1|Flygon, M|
|poke|p2|Heatran, M|
|poke|p2|Zapdos|
|poke|p2|Mamoswine, M|
|poke|p2|Dragonite, F|
|poke|p2|Gengar, F|
|poke|p2|Ribombee, M|
|teampreview
|inactive|Battle timer is ON: inactive players will automatically lose when time's up. (requested by Mestregriffins)
|
|t:|1757909480
|teamsize|p1|6
|teamsize|p2|6
|start
|switch|p1a: Flygon|Flygon, M|100/100
|switch|p2a: Ribombee|Ribombee, M|100/100
|turn|1
|
|t:|1757909486
|move|p2a: Ribombee|Sticky Web|p1a: Flygon
|-sidestart|p1: Isole trainer|move: Sticky Web
|move|p1a: Flygon|Stealth Rock|p2a: Ribombee
|-sidestart|p2: Mestregriffins|move: Stealth Rock
|
|upkeep
|turn|2
|
|t:|1757909492
|move|p2a: Ribombee|Stun Spore|p1a: Flygon
|-status|p1a: Flygon|par
|move|p1a: Flygon|U-turn|p2a: Ribombee
|-resisted|p2a: Ribombee
|-damage|p2a: Ribombee|76/100
|-damage|p1a: Flygon|91/100 par|[from] item: Life Orb
|
|t:|1757909501
|switch|p1a: Raichu|Raichu, M|100/100|[from] U-turn
|-item|p1a: Raichu|Air Balloon
|
|upkeep
|turn|3
|
|t:|1757909508
|move|p1a: Raichu|Light Screen|p1a: Raichu
|-sidestart|p1: Isole trainer|move: Light Screen
|move|p2a: Ribombee|Moonblast|p1a: Raichu
|-damage|p1a: Raichu|67/100
|-unboost|p1a: Raichu|spa|1
|-enditem|p1a: Raichu|Air Balloon
|
|upkeep
|turn|4
|
|t:|1757909515
|move|p1a: Raichu|Thunder Wave|p2a: Ribombee
|-status|p2a: Ribombee|par
|move|p2a: Ribombee|Moonblast|p1a: Raichu
|-damage|p1a: Raichu|31/100
|
|upkeep
|turn|5
|
|t:|1757909524
|move|p1a: Raichu|Thunder|p2a: Ribombee
|-damage|p2a: Ribombee|23/100 par
|move|p2a: Ribombee|Moonblast|p1a: Raichu
|-damage|p1a: Raichu|0 fnt
|faint|p1a: Raichu
|
|upkeep
|
|t:|1757909529
|switch|p1a: Blastoise|Blastoise, M|100/100
|-activate|p1a: Blastoise|move: Sticky Web
|-unboost|p1a: Blastoise|spe|1
|turn|6
|
|t:|1757909535
|move|p2a: Ribombee|Stun Spore|p1a: Blastoise
|-status|p1a: Blastoise|par
|move|p1a: Blastoise|Rapid Spin|p2a: Ribombee
|-crit|p2a: Ribombee
|-damage|p2a: Ribombee|0 fnt
|-boost|p1a: Blastoise|spe|1
|-sideend|p1: Isole trainer|Sticky Web|[from] move: Rapid Spin|[of] p1a: Blastoise
|faint|p2a: Ribombee
|
|upkeep
|
|t:|1757909543
|switch|p2a: Zapdos|Zapdos|100/100
|turn|7
|
|t:|1757909550
|switch|p1a: Flygon|Flygon, M|91/100 par
|move|p2a: Zapdos|Volt Switch|p1a: Flygon
|-immune|p1a: Flygon
|
|-sideend|p1: Isole trainer|move: Light Screen
|upkeep
|turn|8
|
|t:|1757909563
|move|p2a: Zapdos|Hurricane|p1a: Flygon
|-damage|p1a: Flygon|32/100 par
|-start|p1a: Flygon|confusion
|-activate|p1a: Flygon|confusion
|-damage|p1a: Flygon|15/100 par|[from] confusion
|
|upkeep
|turn|9
|
|t:|1757909571
|move|p2a: Zapdos|Hurricane|p1a: Flygon|[miss]
|-miss|p2a: Zapdos|p1a: Flygon
|-activate|p1a: Flygon|confusion
|cant|p1a: Flygon|par
|
|upkeep
|turn|10
|
|t:|1757909577
|move|p2a: Zapdos|Hurricane|p1a: Flygon
|-damage|p1a: Flygon|0 fnt
|faint|p1a: Flygon
|
|upkeep
|
|t:|1757909582
|switch|p1a: Umbreon|Umbreon, F|100/100
|turn|11
|
|t:|1757909587
|move|p2a: Zapdos|Thunder Wave|p1a: Umbreon
|-status|p1a: Umbreon|par
|-activate|p1a: Umbreon|ability: Synchronize
|-immune|p2a: Zapdos
|move|p1a: Umbreon|Calm Mind|p1a: Umbreon
|-boost|p1a: Umbreon|spa|1
|-boost|p1a: Umbreon|spd|1
|
|upkeep
|turn|12
|
|t:|1757909599
|switch|p2a: Mamoswine|Mamoswine, M|100/100
|-damage|p2a: Mamoswine|88/100|[from] Stealth Rock
|cant|p1a: Umbreon|par
|
|upkeep
|turn|13
|
|t:|1757909605
|move|p2a: Mamoswine|Icicle Crash|p1a: Umbreon
|-damage|p1a: Umbreon|64/100 par
|-damage|p2a: Mamoswine|78/100|[from] item: Life Orb
|cant|p1a: Umbreon|par
|
|-heal|p1a: Umbreon|70/100 par|[from] item: Leftovers
|upkeep
|turn|14
|
|t:|1757909613
|move|p2a: Mamoswine|Icicle Crash|p1a: Umbreon
|-damage|p1a: Umbreon|31/100 par
|-damage|p2a: Mamoswine|68/100|[from] item: Life Orb
|move|p1a: Umbreon|Wish|p1a: Umbreon
|
|-heal|p1a: Umbreon|37/100 par|[from] item: Leftovers
|upkeep
|turn|15
|
|t:|1757909623
|move|p2a: Mamoswine|Icicle Crash|p1a: Umbreon
|-crit|p1a: Umbreon
|-damage|p1a: Umbreon|0 fnt
|faint|p1a: Umbreon
|-damage|p2a: Mamoswine|58/100|[from] item: Life Orb
|
|upkeep
|
|t:|1757909626
|switch|p1a: Sceptile|Sceptile, M, shiny|100/100
|turn|16
|
|t:|1757909630
|-terastallize|p1a: Sceptile|Fire
|move|p2a: Mamoswine|Ice Shard|p1a: Sceptile
|-resisted|p1a: Sceptile
|-damage|p1a: Sceptile|74/100
|-damage|p2a: Mamoswine|48/100|[from] item: Life Orb
|move|p1a: Sceptile|Dragon Dance|p1a: Sceptile
|-boost|p1a: Sceptile|atk|1
|-boost|p1a: Sceptile|spe|1
|
|upkeep
|turn|17
|
|t:|1757909641
|move|p1a: Sceptile|Leaf Blade|p2a: Mamoswine
|-supereffective|p2a: Mamoswine
|-damage|p2a: Mamoswine|0 fnt
|faint|p2a: Mamoswine
|
|upkeep
|
|t:|1757909647
|switch|p2a: Zapdos|Zapdos|100/100
|turn|18
|
|t:|1757909651
|move|p1a: Sceptile|Tera Blast|p2a: Zapdos|[anim] Tera Blast Fire
|-damage|p2a: Zapdos|61/100
|move|p2a: Zapdos|Hurricane|p1a: Sceptile
|-damage|p1a: Sceptile|14/100
|-enditem|p1a: Sceptile|Sitrus Berry|[eat]
|-heal|p1a: Sceptile|39/100|[from] item: Sitrus Berry
|
|upkeep
|turn|19
|
|t:|1757909661
|move|p1a: Sceptile|Acrobatics|p2a: Zapdos
|-resisted|p2a: Zapdos
|-damage|p2a: Zapdos|45/100
|move|p2a: Zapdos|Hurricane|p1a: Sceptile
|-damage|p1a: Sceptile|0 fnt
|faint|p1a: Sceptile
|
|upkeep
|
|t:|1757909669
|switch|p1a: Gengar|Gengar, F|100/100
|turn|20
|
|t:|1757909675
|switch|p2a: Heatran|Heatran, M|100/100
|-damage|p2a: Heatran|88/100|[from] Stealth Rock
|move|p1a: Gengar|Hex|p2a: Heatran
|-damage|p2a: Heatran|66/100
|
|-heal|p2a: Heatran|73/100|[from] item: Leftovers
|upkeep
|turn|21
|
|t:|1757909684
|move|p1a: Gengar|Nasty Plot|p1a: Gengar
|-boost|p1a: Gengar|spa|2
|move|p2a: Heatran|Earth Power|p1a: Gengar
|-supereffective|p1a: Gengar
|-damage|p1a: Gengar|21/100
|
|-heal|p2a: Heatran|79/100|[from] item: Leftovers
|upkeep
|turn|22
|
|t:|1757909692
|move|p1a: Gengar|Hex|p2a: Heatran
|-damage|p2a: Heatran|39/100
|move|p2a: Heatran|Earth Power|p1a: Gengar
|-supereffective|p1a: Gengar
|-damage|p1a: Gengar|0 fnt
|faint|p1a: Gengar
|
|-heal|p2a: Heatran|45/100|[from] item: Leftovers
|upkeep
|
|t:|1757909697
|switch|p1a: Blastoise|Blastoise, M|100/100 par
|turn|23
|
|t:|1757909702
|move|p2a: Heatran|Magma Storm|p1a: Blastoise
|-resisted|p1a: Blastoise
|-damage|p1a: Blastoise|81/100 par
|-activate|p1a: Blastoise|move: Magma Storm|[of] p2a: Heatran
|move|p1a: Blastoise|Surf|p2a: Heatran
|-supereffective|p2a: Heatran
|-damage|p2a: Heatran|0 fnt
|faint|p2a: Heatran
|
|-end|p1a: Blastoise|Magma Storm|[partiallytrapped]|[silent]
|upkeep
|
|t:|1757909710
|switch|p2a: Zapdos|Zapdos|45/100
|turn|24
|
|t:|1757909713
|move|p2a: Zapdos|Volt Switch|p1a: Blastoise
|-supereffective|p1a: Blastoise
|-damage|p1a: Blastoise|26/100 par
|
|t:|1757909717
|switch|p2a: Gengar|Gengar, F|100/100|[from] Volt Switch
|move|p1a: Blastoise|Blizzard|p2a: Gengar
|-damage|p2a: Gengar|47/100
|
|upkeep
|turn|25
|
|t:|1757909727
|move|p2a: Gengar|Energy Ball|p1a: Blastoise
|-supereffective|p1a: Blastoise
|-damage|p1a: Blastoise|0 fnt
|faint|p1a: Blastoise
|
|win|Mestregriffins
|raw|Isole trainer's rating: 1073 &rarr; <strong>1053</strong><br />(-20 for losing)
|raw|Mestregriffins's rating: 1095 &rarr; <strong>1119</strong><br />(+24 for winning)
|l|☆Isole trainer
|player|p1|
|l|☆Mestregriffins
|player|p2|
