|j|☆accmail
|j|☆jennytayla
|t:|1757837878
|gametype|singles
|player|p1|accmail|101|1087
|player|p2|jennytayla|acetrainerf|1087
|gen|9
|tier|[Gen 9] OU
|rated|
|rule|HP Percentage Mod: HP is shown in percentages
|rule|Endless Battle Clause: Forcing endless battles is banned
|rule|Species Clause: Limit one of each Pokémon
|rule|OHKO Clause: OHKO moves are banned
|rule|Evasion Items Clause: Evasion items are banned
|rule|Evasion Moves Clause: Evasion moves are banned
|rule|Evasion Abilities Clause: Evasion abilities are banned
|rule|Sleep Moves Clause: Sleep-inducing moves are banned
|clearpoke
|poke|p1|Slaking, M|
|poke|p1|Zapdos|
|poke|p1|Primeape, F|
|poke|p1|Weavile, F|
|poke|p1|Heatran, M|
|poke|p1|Swampert, M|
|poke|p2|Torkoal, M|
|poke|p2|Walking Wake|
|poke|p2|Lilligant-Hisui, F|
|poke|p2|Garganacl, M|
|poke|p2|Cinderace, F|
|poke|p2|Mew|
|teampreview
|
|t:|1757837882
|teamsize|p1|6
|teamsize|p2|6
|start
|switch|p1a: Swampert|Swampert, M, shiny|100/100
|switch|p2a: Torkoal|Torkoal, M|100/100
|-weather|SunnyDay|[from] ability: Drought|[of] p2a: Torkoal
|turn|1
|
|t:|1757837893
|-terastallize|p2a: Torkoal|Flying
|move|p1a: Swampert|Stealth Rock|p2a: Torkoal
|-sidestart|p2: jennytayla|move: Stealth Rock
|move|p2a: Torkoal|Stealth Rock|p1a: Swampert
|-sidestart|p1: accmail|move: Stealth Rock
|
|-weather|SunnyDay|[upkeep]
|upkeep
|turn|2
|
|t:|1757837900
|move|p1a: Swampert|Flip Turn|p2a: Torkoal
|-damage|p2a: Torkoal|95/100
|inactive|Battle timer is ON: inactive players will automatically lose when time's up. (requested by jennytayla)
|
|t:|1757837914
|switch|p1a: Zapdos|Zapdos, shiny|100/100|[from] Flip Turn
|-damage|p1a: Zapdos|76/100|[from] Stealth Rock
|-ability|p1a: Zapdos|Pressure
|move|p2a: Torkoal|Will-O-Wisp|p1a: Zapdos
|-status|p1a: Zapdos|brn
|
|-weather|SunnyDay|[upkeep]
|-damage|p1a: Zapdos|69/100 brn|[from] brn
|upkeep
|turn|3
|
|t:|1757837926
|move|p1a: Zapdos|Volt Switch|p2a: Torkoal
|-supereffective|p2a: Torkoal
|-damage|p2a: Torkoal|0 fnt
|faint|p2a: Torkoal
|
|t:|1757837942
|switch|p1a: Slaking|Slaking, M, shiny|100/100|[from] Volt Switch
|-damage|p1a: Slaking|88/100|[from] Stealth Rock
|
|-weather|SunnyDay|[upkeep]
|upkeep
|
|t:|1757837954
|switch|p2a: Lilligant|Lilligant-Hisui, F|100/100
|-damage|p2a: Lilligant|94/100|[from] Stealth Rock
|turn|4
|
|t:|1757837966
|move|p2a: Lilligant|Close Combat|p1a: Slaking
|-supereffective|p1a: Slaking
|-damage|p1a: Slaking|0 fnt
|-unboost|p2a: Lilligant|def|1
|-unboost|p2a: Lilligant|spd|1
|faint|p1a: Slaking
|-damage|p2a: Lilligant|84/100|[from] item: Life Orb
|
|-weather|SunnyDay|[upkeep]
|upkeep
|
|t:|1757837976
|switch|p1a: Zapdos|Zapdos, shiny|69/100 brn
|-damage|p1a: Zapdos|44/100 brn|[from] Stealth Rock
|-ability|p1a: Zapdos|Pressure
|turn|5
|
|t:|1757837987
|move|p2a: Lilligant|Close Combat|p1a: Zapdos
|-resisted|p1a: Zapdos
|-damage|p1a: Zapdos|0 fnt
|-unboost|p2a: Lilligant|def|1
|-unboost|p2a: Lilligant|spd|1
|faint|p1a: Zapdos
|-damage|p2a: Lilligant|75/100|[from] item: Life Orb
|
|-weather|SunnyDay|[upkeep]
|upkeep
|
|t:|1757837995
|switch|p1a: Primeape|Primeape, F|100/100
|-damage|p1a: Primeape|95/100|[from] Stealth Rock
|turn|6
|
|t:|1757838003
|move|p2a: Lilligant|Close Combat|p1a: Primeape
|-damage|p1a: Primeape|29/100
|-unboost|p2a: Lilligant|def|1
|-unboost|p2a: Lilligant|spd|1
|-damage|p2a: Lilligant|65/100|[from] item: Life Orb
|move|p1a: Primeape|Rage Fist|p2a: Lilligant
|-damage|p2a: Lilligant|0 fnt
|faint|p2a: Lilligant
|
|-weather|SunnyDay|[upkeep]
|upkeep
|
|t:|1757838010
|switch|p2a: Walking Wake|Walking Wake|100/100
|-damage|p2a: Walking Wake|88/100|[from] Stealth Rock
|-activate|p2a: Walking Wake|ability: Protosynthesis
|-start|p2a: Walking Wake|protosynthesisspe
|turn|7
|
|t:|1757838024
|move|p2a: Walking Wake|Dragon Pulse|p1a: Primeape
|-crit|p1a: Primeape
|-damage|p1a: Primeape|0 fnt
|faint|p1a: Primeape
|
|-weather|SunnyDay|[upkeep]
|upkeep
|
|t:|1757838037
|switch|p1a: Swampert|Swampert, M, shiny|100/100
|-damage|p1a: Swampert|94/100|[from] Stealth Rock
|turn|8
|
|t:|1757838044
|move|p2a: Walking Wake|Dragon Pulse|p1a: Swampert
|-damage|p1a: Swampert|54/100
|move|p1a: Swampert|Roar|p2a: Walking Wake
|-end|p2a: Walking Wake|Protosynthesis|[silent]
|drag|p2a: Cinderace|Cinderace, F|100/100
|
|-weather|none
|-heal|p1a: Swampert|60/100|[from] item: Leftovers
|upkeep
|turn|9
|
|t:|1757838057
|move|p2a: Cinderace|U-turn|p1a: Swampert
|-start|p2a: Cinderace|typechange|Bug|[from] ability: Libero
|-damage|p1a: Swampert|33/100
|
|t:|1757838061
|switch|p2a: Mew|Mew, shiny|100/100|[from] U-turn
|-damage|p2a: Mew|88/100|[from] Stealth Rock
|move|p1a: Swampert|Flip Turn|p2a: Mew
|-damage|p2a: Mew|69/100
|-damage|p1a: Swampert|16/100|[from] item: Rocky Helmet|[of] p2a: Mew
|
|t:|1757838072
|switch|p1a: Weavile|Weavile, F|100/100|[from] Flip Turn
|-ability|p1a: Weavile|Pressure
|
|upkeep
|turn|10
|
|t:|1757838084
|move|p1a: Weavile|Knock Off|p2a: Mew
|-supereffective|p2a: Mew
|-damage|p2a: Mew|7/100
|-damage|p1a: Weavile|84/100|[from] item: Rocky Helmet|[of] p2a: Mew
|-enditem|p2a: Mew|Rocky Helmet|[from] move: Knock Off|[of] p1a: Weavile
|move|p2a: Mew|Knock Off|p1a: Weavile
|-resisted|p1a: Weavile
|-damage|p1a: Weavile|66/100
|-enditem|p1a: Weavile|Heavy-Duty Boots|[from] move: Knock Off|[of] p2a: Mew
|
|upkeep
|turn|11
|
|t:|1757838098
|move|p1a: Weavile|Knock Off|p2a: Mew
|-supereffective|p2a: Mew
|-damage|p2a: Mew|0 fnt
|faint|p2a: Mew
|
|upkeep
|
|t:|1757838102
|switch|p2a: Garganacl|Garganacl, M, shiny|100/100
|-damage|p2a: Garganacl|88/100|[from] Stealth Rock
|turn|12
|
|t:|1757838123
|switch|p1a: Swampert|Swampert, M, shiny|16/100
|-damage|p1a: Swampert|10/100|[from] Stealth Rock
|move|p2a: Garganacl|Salt Cure|p1a: Swampert
|-resisted|p1a: Swampert
|-damage|p1a: Swampert|4/100
|-start|p1a: Swampert|Salt Cure
|
|-heal|p1a: Swampert|10/100|[from] item: Leftovers
|-heal|p2a: Garganacl|94/100|[from] item: Leftovers
|-damage|p1a: Swampert|0 fnt|[from] Salt Cure
|faint|p1a: Swampert
|upkeep
|
|t:|1757838133
|switch|p1a: Heatran|Heatran, M, shiny|100/100
|-damage|p1a: Heatran|88/100|[from] Stealth Rock
|-item|p1a: Heatran|Air Balloon
|turn|13
|
|t:|1757838143
|move|p1a: Heatran|Earth Power|p2a: Garganacl
|-supereffective|p2a: Garganacl
|-damage|p2a: Garganacl|48/100
|move|p2a: Garganacl|Salt Cure|p1a: Heatran
|-damage|p1a: Heatran|75/100
|-start|p1a: Heatran|Salt Cure
|-enditem|p1a: Heatran|Air Balloon
|
|-heal|p2a: Garganacl|54/100|[from] item: Leftovers
|-damage|p1a: Heatran|50/100|[from] Salt Cure
|upkeep
|turn|14
|
|t:|1757838155
|move|p1a: Heatran|Earth Power|p2a: Garganacl
|-supereffective|p2a: Garganacl
|-damage|p2a: Garganacl|13/100
|move|p2a: Garganacl|Recover|p2a: Garganacl
|-heal|p2a: Garganacl|63/100
|
|-heal|p2a: Garganacl|69/100|[from] item: Leftovers
|-damage|p1a: Heatran|25/100|[from] Salt Cure
|upkeep
|turn|15
|
|t:|1757838165
|move|p1a: Heatran|Earth Power|p2a: Garganacl
|-supereffective|p2a: Garganacl
|-damage|p2a: Garganacl|30/100
|move|p2a: Garganacl|Recover|p2a: Garganacl
|-heal|p2a: Garganacl|80/100
|
|-heal|p2a: Garganacl|86/100|[from] item: Leftovers
|-damage|p1a: Heatran|0 fnt|[from] Salt Cure
|faint|p1a: Heatran
|upkeep
|
|t:|1757838174
|switch|p1a: Weavile|Weavile, F|66/100
|-damage|p1a: Weavile|41/100|[from] Stealth Rock
|-ability|p1a: Weavile|Pressure
|turn|16
|
|t:|1757838180
|move|p1a: Weavile|Low Kick|p2a: Garganacl
|-supereffective|p2a: Garganacl
|-damage|p2a: Garganacl|39/100
|move|p2a: Garganacl|Salt Cure|p1a: Weavile
|-supereffective|p1a: Weavile
|-damage|p1a: Weavile|0 fnt
|faint|p1a: Weavile
|
|win|jennytayla
|raw|accmail's rating: 1087 &rarr; <strong>1064</strong><br />(-23 for losing)
|raw|jennytayla's rating: 1087 &rarr; <strong>1114</strong><br />(+27 for winning)
|l|☆jennytayla
|player|p2|
|l|☆accmail
|player|p1|
