|j|☆Qwilfishler
|j|☆sugabron
|t:|1757797773
|gametype|singles
|player|p1|Qwilfishler|fisherman-gen4|1427
|player|p2|sugabron|burglar|1399
|gen|9
|tier|[Gen 9] OU
|rated|
|rule|HP Percentage Mod: HP is shown in percentages
|rule|Endless Battle Clause: Forcing endless battles is banned
|rule|Species Clause: Limit one of each Pokémon
|rule|OHKO Clause: OHKO moves are banned
|rule|Evasion Items Clause: Evasion items are banned
|rule|Evasion Moves Clause: Evasion moves are banned
|rule|Evasion Abilities Clause: Evasion abilities are banned
|rule|Sleep Moves Clause: Sleep-inducing moves are banned
|clearpoke
|poke|p1|Iron Valiant|
|poke|p1|Slowking-Galar, M|
|poke|p1|Alomomola, M|
|poke|p1|Scizor, F|
|poke|p1|Mandibuzz, F|
|poke|p1|Tyranitar, F|
|poke|p2|Kingambit, F|
|poke|p2|Deoxys-Speed|
|poke|p2|Great Tusk|
|poke|p2|Dragonite, M|
|poke|p2|Iron Moth|
|poke|p2|Primarina, M|
|teampreview
|j| Wuerfel
|inactive|Battle timer is ON: inactive players will automatically lose when time's up. (requested by sugabron)
|
|t:|1757797830
|teamsize|p1|6
|teamsize|p2|6
|start
|switch|p1a: Scizor|Scizor, F|100/100
|switch|p2a: Deoxys|Deoxys-Speed|100/100
|-ability|p2a: Deoxys|Pressure
|turn|1
|
|t:|1757797852
|switch|p2a: Dragonite|Dragonite, M|100/100
|move|p1a: Scizor|Knock Off|p2a: Dragonite
|-damage|p2a: Dragonite|80/100
|-enditem|p2a: Dragonite|Choice Band|[from] move: Knock Off|[of] p1a: Scizor
|
|upkeep
|turn|2
|
|t:|1757797861
|switch|p1a: Alomomola|Alomomola, M|100/100
|move|p2a: Dragonite|Fire Punch|p1a: Alomomola
|-resisted|p1a: Alomomola
|-crit|p1a: Alomomola
|-damage|p1a: Alomomola|89/100
|
|upkeep
|turn|3
|
|t:|1757797874
|switch|p2a: Primarina|Primarina, M|100/100
|move|p1a: Alomomola|Flip Turn|p2a: Primarina
|-resisted|p2a: Primarina
|-damage|p2a: Primarina|90/100
|
|t:|1757797880
|switch|p1a: Slowking|Slowking-Galar, M|100/100|[from] Flip Turn
|
|upkeep
|turn|4
|
|t:|1757797886
|switch|p2a: Kingambit|Kingambit, F|100/100
|move|p1a: Slowking|Future Sight|p2a: Kingambit
|-start|p1a: Slowking|move: Future Sight
|
|upkeep
|turn|5
|
|t:|1757797893
|switch|p1a: Mandibuzz|Mandibuzz, F|100/100
|move|p2a: Kingambit|Iron Head|p1a: Mandibuzz
|-damage|p1a: Mandibuzz|73/100
|
|upkeep
|turn|6
|
|t:|1757797920
|move|p1a: Mandibuzz|U-turn|p2a: Kingambit
|-damage|p2a: Kingambit|92/100
|
|t:|1757797925
|switch|p1a: Alomomola|Alomomola, M|100/100|[from] U-turn
|move|p2a: Kingambit|Iron Head|p1a: Alomomola
|-resisted|p1a: Alomomola
|-damage|p1a: Alomomola|87/100
|
|-end|p2a: Kingambit|move: Future Sight
|-immune|p2a: Kingambit
|-heal|p2a: Kingambit|98/100|[from] item: Leftovers
|upkeep
|turn|7
|inactive|sugabron has 120 seconds left.
|
|t:|1757797977
|move|p2a: Kingambit|Swords Dance|p2a: Kingambit
|-boost|p2a: Kingambit|atk|2
|move|p1a: Alomomola|Flip Turn|p2a: Kingambit
|-damage|p2a: Kingambit|87/100
|
|t:|1757797983
|switch|p1a: Mandibuzz|Mandibuzz, F|73/100|[from] Flip Turn
|
|-heal|p2a: Kingambit|93/100|[from] item: Leftovers
|upkeep
|turn|8
|
|t:|1757797987
|move|p1a: Mandibuzz|Iron Defense|p1a: Mandibuzz
|-boost|p1a: Mandibuzz|def|2
|move|p2a: Kingambit|Iron Head|p1a: Mandibuzz
|-damage|p1a: Mandibuzz|47/100
|
|-heal|p2a: Kingambit|99/100|[from] item: Leftovers
|upkeep
|turn|9
|
|t:|1757797993
|-end|p2a: Kingambit|fallenundefined|[silent]
|switch|p2a: Primarina|Primarina, M|90/100
|move|p1a: Mandibuzz|Roost|p1a: Mandibuzz
|-heal|p1a: Mandibuzz|97/100
|-singleturn|p1a: Mandibuzz|move: Roost
|
|upkeep
|turn|10
|inactive|sugabron has 120 seconds left.
|
|t:|1757798014
|switch|p2a: Great Tusk|Great Tusk|100/100
|-enditem|p2a: Great Tusk|Booster Energy
|-activate|p2a: Great Tusk|ability: Protosynthesis|[fromitem]
|-start|p2a: Great Tusk|protosynthesisatk
|switch|p1a: Slowking|Slowking-Galar, M|100/100
|
|upkeep
|turn|11
|
|t:|1757798020
|switch|p1a: Alomomola|Alomomola, M|100/100
|move|p2a: Great Tusk|Rapid Spin|p1a: Alomomola
|-damage|p1a: Alomomola|88/100
|-boost|p2a: Great Tusk|spe|1
|
|upkeep
|turn|12
|
|t:|1757798027
|move|p2a: Great Tusk|Headlong Rush|p1a: Alomomola
|-damage|p1a: Alomomola|44/100
|-unboost|p2a: Great Tusk|def|1
|-unboost|p2a: Great Tusk|spd|1
|move|p1a: Alomomola|Icy Wind|p2a: Great Tusk
|-supereffective|p2a: Great Tusk
|-damage|p2a: Great Tusk|73/100
|-unboost|p2a: Great Tusk|spe|1
|
|upkeep
|turn|13
|
|t:|1757798043
|switch|p1a: Mandibuzz|Mandibuzz, F|97/100
|move|p2a: Great Tusk|Close Combat|p1a: Mandibuzz
|-damage|p1a: Mandibuzz|49/100
|-unboost|p2a: Great Tusk|def|1
|-unboost|p2a: Great Tusk|spd|1
|
|upkeep
|turn|14
|
|t:|1757798056
|switch|p1a: Alomomola|Alomomola, M|77/100
|move|p2a: Great Tusk|Close Combat|p1a: Alomomola
|-damage|p1a: Alomomola|35/100
|-unboost|p2a: Great Tusk|def|1
|-unboost|p2a: Great Tusk|spd|1
|
|upkeep
|turn|15
|inactive|Qwilfishler has 120 seconds left.
|
|t:|1757798093
|switch|p1a: Iron Valiant|Iron Valiant|100/100
|move|p2a: Great Tusk|Headlong Rush|p1a: Iron Valiant
|-damage|p1a: Iron Valiant|0 fnt
|-unboost|p2a: Great Tusk|def|1
|-unboost|p2a: Great Tusk|spd|1
|faint|p1a: Iron Valiant
|-end|p1a: Iron Valiant|Quark Drive|[silent]
|
|upkeep
|
|t:|1757798107
|switch|p1a: Alomomola|Alomomola, M|68/100
|turn|16
|
|t:|1757798113
|-end|p2a: Great Tusk|Protosynthesis|[silent]
|switch|p2a: Primarina|Primarina, M|90/100
|move|p1a: Alomomola|Flip Turn|p2a: Primarina
|-resisted|p2a: Primarina
|-damage|p2a: Primarina|79/100
|
|t:|1757798123
|switch|p1a: Slowking|Slowking-Galar, M|100/100|[from] Flip Turn
|
|upkeep
|turn|17
|
|t:|1757798127
|switch|p2a: Kingambit|Kingambit, F|99/100
|move|p1a: Slowking|Flamethrower|p2a: Kingambit
|-supereffective|p2a: Kingambit
|-damage|p2a: Kingambit|39/100
|-status|p2a: Kingambit|brn
|
|-heal|p2a: Kingambit|45/100 brn|[from] item: Leftovers
|-damage|p2a: Kingambit|39/100 brn|[from] brn
|upkeep
|turn|18
|
|t:|1757798137
|-end|p2a: Kingambit|fallenundefined|[silent]
|switch|p2a: Primarina|Primarina, M|79/100
|switch|p1a: Mandibuzz|Mandibuzz, F|49/100
|
|upkeep
|turn|19
|
|t:|1757798147
|switch|p1a: Slowking|Slowking-Galar, M|100/100
|move|p2a: Primarina|Moonblast|p1a: Slowking
|-resisted|p1a: Slowking
|-damage|p1a: Slowking|86/100
|
|upkeep
|turn|20
|
|t:|1757798171
|switch|p2a: Kingambit|Kingambit, F|39/100 brn
|move|p1a: Slowking|Future Sight|p2a: Kingambit
|-start|p1a: Slowking|move: Future Sight
|
|-heal|p2a: Kingambit|45/100 brn|[from] item: Leftovers
|-damage|p2a: Kingambit|39/100 brn|[from] brn
|upkeep
|turn|21
|
|t:|1757798178
|-end|p2a: Kingambit|fallenundefined|[silent]
|switch|p2a: Primarina|Primarina, M|79/100
|switch|p1a: Mandibuzz|Mandibuzz, F|49/100
|
|upkeep
|turn|22
|
|t:|1757798197
|switch|p1a: Scizor|Scizor, F|100/100
|move|p2a: Primarina|Moonblast|p1a: Scizor
|-resisted|p1a: Scizor
|-damage|p1a: Scizor|68/100
|
|-end|p2a: Primarina|move: Future Sight
|-damage|p2a: Primarina|37/100
|upkeep
|turn|23
|
|t:|1757798216
|switch|p2a: Kingambit|Kingambit, F|39/100 brn
|move|p1a: Scizor|U-turn|p2a: Kingambit
|-damage|p2a: Kingambit|8/100 brn
|inactive|Qwilfishler has 120 seconds left.
|
|t:|1757798232
|switch|p1a: Mandibuzz|Mandibuzz, F|49/100|[from] U-turn
|
|-heal|p2a: Kingambit|14/100 brn|[from] item: Leftovers
|-damage|p2a: Kingambit|8/100 brn|[from] brn
|upkeep
|turn|24
|
|t:|1757798252
|-end|p2a: Kingambit|fallenundefined|[silent]
|switch|p2a: Iron Moth|Iron Moth|100/100
|-enditem|p2a: Iron Moth|Booster Energy
|-activate|p2a: Iron Moth|ability: Quark Drive|[fromitem]
|-start|p2a: Iron Moth|quarkdrivespe
|move|p1a: Mandibuzz|Roost|p1a: Mandibuzz
|-heal|p1a: Mandibuzz|99/100
|-singleturn|p1a: Mandibuzz|move: Roost
|
|upkeep
|turn|25
|
|t:|1757798260
|switch|p1a: Slowking|Slowking-Galar, M|100/100
|move|p2a: Iron Moth|Fiery Dance|p1a: Slowking
|-damage|p1a: Slowking|80/100
|-boost|p2a: Iron Moth|spa|1
|
|upkeep
|turn|26
|
|t:|1757798266
|move|p2a: Iron Moth|Fiery Dance|p1a: Slowking
|-damage|p1a: Slowking|47/100
|-boost|p2a: Iron Moth|spa|1
|move|p1a: Slowking|Future Sight|p2a: Iron Moth
|-start|p1a: Slowking|move: Future Sight
|
|upkeep
|turn|27
|inactive|Qwilfishler has 120 seconds left.
|
|t:|1757798313
|switch|p1a: Scizor|Scizor, F|68/100
|move|p2a: Iron Moth|Fiery Dance|p1a: Scizor
|-supereffective|p1a: Scizor
|-damage|p1a: Scizor|0 fnt
|-boost|p2a: Iron Moth|spa|1
|faint|p1a: Scizor
|
|upkeep
|
|t:|1757798325
|switch|p1a: Tyranitar|Tyranitar, F|100/100
|-weather|Sandstorm|[from] ability: Sand Stream|[of] p1a: Tyranitar
|turn|28
|
|t:|1757798334
|-terastallize|p2a: Iron Moth|Ground
|move|p1a: Tyranitar|Protect|p1a: Tyranitar
|-singleturn|p1a: Tyranitar|Protect
|move|p2a: Iron Moth|Tera Blast|p1a: Tyranitar|[anim] Tera Blast Ground
|-activate|p1a: Tyranitar|move: Protect
|
|-weather|Sandstorm|[upkeep]
|-end|p2a: Iron Moth|move: Future Sight
|-damage|p2a: Iron Moth|40/100
|upkeep
|turn|29
|
|t:|1757798346
|-terastallize|p1a: Tyranitar|Fairy
|move|p2a: Iron Moth|Tera Blast|p1a: Tyranitar|[anim] Tera Blast Ground
|-damage|p1a: Tyranitar|34/100
|move|p1a: Tyranitar|Ice Beam|p2a: Iron Moth
|-supereffective|p2a: Iron Moth
|-damage|p2a: Iron Moth|0 fnt
|faint|p2a: Iron Moth
|-end|p2a: Iron Moth|Quark Drive|[silent]
|
|-weather|Sandstorm|[upkeep]
|-damage|p1a: Tyranitar|27/100|[from] Sandstorm
|-heal|p1a: Tyranitar|34/100|[from] item: Leftovers
|upkeep
|inactive|sugabron has 120 seconds left.
|
|t:|1757798381
|switch|p2a: Primarina|Primarina, M|37/100
|turn|30
|
|t:|1757798385
|switch|p1a: Slowking|Slowking-Galar, M|81/100
|move|p2a: Primarina|Surf|p1a: Slowking
|-damage|p1a: Slowking|56/100
|
|-weather|Sandstorm|[upkeep]
|-damage|p2a: Primarina|31/100|[from] Sandstorm
|-damage|p1a: Slowking|50/100|[from] Sandstorm
|upkeep
|turn|31
|inactive|Qwilfishler has 120 seconds left.
|inactive|sugabron has 120 seconds left.
|
|t:|1757798413
|switch|p1a: Alomomola|Alomomola, M|100/100
|move|p2a: Primarina|Surf|p1a: Alomomola
|-resisted|p1a: Alomomola
|-damage|p1a: Alomomola|54/100
|
|-weather|Sandstorm|[upkeep]
|-damage|p2a: Primarina|25/100|[from] Sandstorm
|-damage|p1a: Alomomola|48/100|[from] Sandstorm
|upkeep
|turn|32
|
|t:|1757798419
|switch|p1a: Slowking|Slowking-Galar, M|83/100
|move|p2a: Primarina|Moonblast|p1a: Slowking
|-resisted|p1a: Slowking
|-damage|p1a: Slowking|68/100
|
|-weather|none
|upkeep
|turn|33
|inactive|Qwilfishler has 120 seconds left.
|
|t:|1757798434
|switch|p2a: Kingambit|Kingambit, F|8/100 brn
|-activate|p2a: Kingambit|ability: Supreme Overlord
|-start|p2a: Kingambit|fallen1|[silent]
|move|p1a: Slowking|Sludge Bomb|p2a: Kingambit
|-immune|p2a: Kingambit
|
|-heal|p2a: Kingambit|14/100 brn|[from] item: Leftovers
|-damage|p2a: Kingambit|8/100 brn|[from] brn
|upkeep
|turn|34
|
|t:|1757798442
|switch|p1a: Mandibuzz|Mandibuzz, F|99/100
|move|p2a: Kingambit|Kowtow Cleave|p1a: Mandibuzz
|-resisted|p1a: Mandibuzz
|-damage|p1a: Mandibuzz|92/100
|
|-heal|p2a: Kingambit|14/100 brn|[from] item: Leftovers
|-damage|p2a: Kingambit|8/100 brn|[from] brn
|upkeep
|turn|35
|
|t:|1757798452
|-end|p2a: Kingambit|fallen1|[silent]
|switch|p2a: Primarina|Primarina, M|25/100
|move|p1a: Mandibuzz|U-turn|p2a: Primarina
|-resisted|p2a: Primarina
|-damage|p2a: Primarina|18/100
|
|t:|1757798459
|switch|p1a: Slowking|Slowking-Galar, M|100/100|[from] U-turn
|
|upkeep
|turn|36
|inactive|sugabron has 120 seconds left.
|
|t:|1757798497
|switch|p2a: Great Tusk|Great Tusk|73/100
|move|p1a: Slowking|Ice Beam|p2a: Great Tusk
|-supereffective|p2a: Great Tusk
|-damage|p2a: Great Tusk|0 fnt
|faint|p2a: Great Tusk
|-end|p2a: Great Tusk|Protosynthesis|[silent]
|
|upkeep
|
|t:|1757798504
|switch|p2a: Deoxys|Deoxys-Speed|100/100
|-ability|p2a: Deoxys|Pressure
|turn|37
|
|t:|1757798514
|move|p2a: Deoxys|Nasty Plot|p2a: Deoxys
|-boost|p2a: Deoxys|spa|2
|move|p1a: Slowking|Sludge Bomb|p2a: Deoxys
|-damage|p2a: Deoxys|29/100
|
|upkeep
|turn|38
|
|t:|1757798532
|move|p2a: Deoxys|Psycho Boost|p1a: Slowking
|-damage|p1a: Slowking|9/100
|-unboost|p2a: Deoxys|spa|2
|-damage|p2a: Deoxys|19/100|[from] item: Life Orb
|move|p1a: Slowking|Sludge Bomb|p2a: Deoxys
|-damage|p2a: Deoxys|0 fnt
|faint|p2a: Deoxys
|
|upkeep
|
|t:|1757798546
|switch|p2a: Primarina|Primarina, M|18/100
|turn|39
|
|t:|1757798567
|switch|p1a: Tyranitar|Tyranitar, F, tera:Fairy|34/100
|-weather|Sandstorm|[from] ability: Sand Stream|[of] p1a: Tyranitar
|move|p2a: Primarina|Moonblast|p1a: Tyranitar
|-damage|p1a: Tyranitar|0 fnt
|faint|p1a: Tyranitar
|
|-weather|Sandstorm|[upkeep]
|-damage|p2a: Primarina|12/100|[from] Sandstorm
|upkeep
|
|t:|1757798575
|switch|p1a: Slowking|Slowking-Galar, M|42/100
|turn|40
|
|t:|1757798583
|switch|p2a: Dragonite|Dragonite, M|80/100
|switch|p1a: Mandibuzz|Mandibuzz, F|92/100
|
|-weather|Sandstorm|[upkeep]
|-damage|p2a: Dragonite|74/100|[from] Sandstorm
|upkeep
|turn|41
|
|t:|1757798607
|switch|p2a: Primarina|Primarina, M|12/100
|move|p1a: Mandibuzz|Foul Play|p2a: Primarina
|-resisted|p2a: Primarina
|-damage|p2a: Primarina|0 fnt
|faint|p2a: Primarina
|
|-weather|Sandstorm|[upkeep]
|upkeep
|l|☆sugabron
|inactive|sugabron disconnected and has a minute to reconnect!
|player|p2|
|inactive|sugabron has 30 seconds to reconnect!
|inactive|sugabron has 20 seconds to reconnect!
|inactive|sugabron has 15 seconds to reconnect!
|inactive|sugabron has 10 seconds to reconnect!
|inactive|sugabron has 5 seconds to reconnect!
|-message|sugabron lost due to inactivity.
|
|win|Qwilfishler
|raw|Qwilfishler's rating: 1427 &rarr; <strong>1445</strong><br />(+18 for winning)
|raw|sugabron's rating: 1399 &rarr; <strong>1381</strong><br />(-18 for losing)
