|j|☆Poke Chenn
|j|☆fakedin
|t:|1757921264
|gametype|singles
|player|p1|Poke Chenn|dawn|1149
|player|p2|fakedin|1|1136
|gen|9
|tier|[Gen 9] OU
|rated|
|rule|HP Percentage Mod: HP is shown in percentages
|rule|Endless Battle Clause: Forcing endless battles is banned
|rule|Species Clause: Limit one of each Pokémon
|rule|OHKO Clause: OHKO moves are banned
|rule|Evasion Items Clause: Evasion items are banned
|rule|Evasion Moves Clause: Evasion moves are banned
|rule|Evasion Abilities Clause: Evasion abilities are banned
|rule|Sleep Moves Clause: Sleep-inducing moves are banned
|clearpoke
|poke|p1|Garganacl, M|
|poke|p1|Clodsire, M|
|poke|p1|Dragonite, M|
|poke|p1|Gholdengo|
|poke|p1|Weavile, F|
|poke|p1|Dragapult, M|
|poke|p2|Great Tusk|
|poke|p2|Comfey, F|
|poke|p2|Whimsicott, M|
|poke|p2|Iron Moth|
|poke|p2|Walking Wake|
|poke|p2|Ninetales, M|
|teampreview
|inactive|Battle timer is ON: inactive players will automatically lose when time's up. (requested by Poke Chenn)
|
|t:|1757921284
|teamsize|p1|6
|teamsize|p2|6
|start
|switch|p1a: Garganacl|Garganacl, M, shiny|100/100
|switch|p2a: Great Tusk|Great Tusk|100/100
|turn|1
|
|t:|1757921304
|move|p2a: Great Tusk|Stealth Rock|p1a: Garganacl
|-sidestart|p1: Poke Chenn|move: Stealth Rock
|move|p1a: Garganacl|Salt Cure|p2a: Great Tusk
|-resisted|p2a: Great Tusk
|-damage|p2a: Great Tusk|98/100
|-start|p2a: Great Tusk|Salt Cure
|
|-damage|p2a: Great Tusk|86/100|[from] Salt Cure
|upkeep
|turn|2
|
|t:|1757921317
|move|p1a: Garganacl|Protect|p1a: Garganacl
|-singleturn|p1a: Garganacl|Protect
|move|p2a: Great Tusk|Headlong Rush|p1a: Garganacl
|-activate|p1a: Garganacl|move: Protect
|
|-damage|p2a: Great Tusk|73/100|[from] Salt Cure
|upkeep
|turn|3
|
|t:|1757921327
|move|p2a: Great Tusk|Ice Spinner|p1a: Garganacl
|-damage|p1a: Garganacl|86/100
|move|p1a: Garganacl|Stealth Rock|p2a: Great Tusk
|-sidestart|p2: fakedin|move: Stealth Rock
|
|-heal|p1a: Garganacl|92/100|[from] item: Leftovers
|-damage|p2a: Great Tusk|61/100|[from] Salt Cure
|upkeep
|turn|4
|
|t:|1757921340
|-end|p2a: Great Tusk|Protosynthesis|[silent]
|switch|p2a: Ninetales|Ninetales, M|100/100
|-damage|p2a: Ninetales|76/100|[from] Stealth Rock
|-weather|SunnyDay|[from] ability: Drought|[of] p2a: Ninetales
|move|p1a: Garganacl|Protect||[still]
|-fail|p1a: Garganacl
|
|-weather|SunnyDay|[upkeep]
|-heal|p1a: Garganacl|98/100|[from] item: Leftovers
|upkeep
|turn|5
|
|t:|1757921356
|move|p2a: Ninetales|Encore|p1a: Garganacl
|-start|p1a: Garganacl|Encore
|move|p1a: Garganacl|Protect||[still]
|-fail|p1a: Garganacl
|
|-weather|SunnyDay|[upkeep]
|-heal|p1a: Garganacl|100/100|[from] item: Leftovers
|upkeep
|turn|6
|
|t:|1757921364
|move|p1a: Garganacl|Protect|p1a: Garganacl
|-singleturn|p1a: Garganacl|Protect
|move|p2a: Ninetales|Will-O-Wisp|p1a: Garganacl
|-activate|p1a: Garganacl|move: Protect
|
|-weather|SunnyDay|[upkeep]
|upkeep
|turn|7
|
|t:|1757921376
|move|p1a: Garganacl|Protect||[still]
|-fail|p1a: Garganacl
|move|p2a: Ninetales|Will-O-Wisp|p1a: Garganacl
|-status|p1a: Garganacl|brn
|
|-weather|SunnyDay|[upkeep]
|-damage|p1a: Garganacl|94/100 brn|[from] brn
|-end|p1a: Garganacl|Encore
|upkeep
|turn|8
|
|t:|1757921397
|switch|p2a: Whimsicott|Whimsicott, M|100/100
|-damage|p2a: Whimsicott|88/100|[from] Stealth Rock
|move|p1a: Garganacl|Salt Cure|p2a: Whimsicott
|-damage|p2a: Whimsicott|79/100
|-start|p2a: Whimsicott|Salt Cure
|
|-weather|SunnyDay|[upkeep]
|-heal|p1a: Garganacl|100/100 brn|[from] item: Leftovers
|-damage|p1a: Garganacl|94/100 brn|[from] brn
|-damage|p2a: Whimsicott|67/100|[from] Salt Cure
|upkeep
|turn|9
|
|t:|1757921410
|move|p1a: Garganacl|Protect|p1a: Garganacl
|-singleturn|p1a: Garganacl|Protect
|move|p2a: Whimsicott|Growth|p2a: Whimsicott
|-boost|p2a: Whimsicott|atk|2
|-boost|p2a: Whimsicott|spa|2
|
|-weather|SunnyDay|[upkeep]
|-heal|p1a: Garganacl|100/100 brn|[from] item: Leftovers
|-damage|p1a: Garganacl|94/100 brn|[from] brn
|-damage|p2a: Whimsicott|54/100|[from] Salt Cure
|upkeep
|turn|10
|
|t:|1757921426
|move|p2a: Whimsicott|Giga Drain|p1a: Garganacl
|-supereffective|p1a: Garganacl
|-damage|p1a: Garganacl|0 fnt
|-heal|p2a: Whimsicott|100/100|[from] drain|[of] p1a: Garganacl
|faint|p1a: Garganacl
|-damage|p2a: Whimsicott|91/100|[from] item: Life Orb
|
|-weather|SunnyDay|[upkeep]
|-damage|p2a: Whimsicott|78/100|[from] Salt Cure
|upkeep
|
|t:|1757921437
|switch|p1a: Clodsire|Clodsire, M|100/100
|-damage|p1a: Clodsire|94/100|[from] Stealth Rock
|turn|11
|
|t:|1757921449
|move|p1a: Clodsire|Protect|p1a: Clodsire
|-singleturn|p1a: Clodsire|Protect
|move|p2a: Whimsicott|Giga Drain|p1a: Clodsire
|-activate|p1a: Clodsire|move: Protect
|
|-weather|none
|-heal|p1a: Clodsire|100/100|[from] item: Leftovers
|-damage|p2a: Whimsicott|66/100|[from] Salt Cure
|upkeep
|turn|12
|inactive|Poke Chenn has 120 seconds left.
|
|t:|1757921466
|-terastallize|p1a: Clodsire|Fire
|move|p2a: Whimsicott|Giga Drain|p1a: Clodsire
|-resisted|p1a: Clodsire
|-damage|p1a: Clodsire|66/100
|-heal|p2a: Whimsicott|89/100|[from] drain|[of] p1a: Clodsire
|-damage|p2a: Whimsicott|79/100|[from] item: Life Orb
|move|p1a: Clodsire|Toxic|p2a: Whimsicott|[miss]
|-miss|p1a: Clodsire|p2a: Whimsicott
|
|-heal|p1a: Clodsire|72/100|[from] item: Leftovers
|-damage|p2a: Whimsicott|66/100|[from] Salt Cure
|upkeep
|turn|13
|inactive|Poke Chenn has 120 seconds left.
|
|t:|1757921481
|move|p1a: Clodsire|Protect|p1a: Clodsire
|-singleturn|p1a: Clodsire|Protect
|move|p2a: Whimsicott|Growth|p2a: Whimsicott
|-boost|p2a: Whimsicott|atk|1
|-boost|p2a: Whimsicott|spa|1
|
|-heal|p1a: Clodsire|78/100|[from] item: Leftovers
|-damage|p2a: Whimsicott|54/100|[from] Salt Cure
|upkeep
|turn|14
|inactive|Poke Chenn has 120 seconds left.
|
|t:|1757921492
|move|p2a: Whimsicott|Shadow Ball|p1a: Clodsire
|-crit|p1a: Clodsire
|-damage|p1a: Clodsire|0 fnt
|faint|p1a: Clodsire
|-damage|p2a: Whimsicott|44/100|[from] item: Life Orb
|
|-damage|p2a: Whimsicott|32/100|[from] Salt Cure
|upkeep
|inactive|Poke Chenn has 120 seconds left.
|
|t:|1757921509
|switch|p1a: Dragonite|Dragonite, M|100/100
|-damage|p1a: Dragonite|76/100|[from] Stealth Rock
|turn|15
|
|t:|1757921525
|move|p1a: Dragonite|Extreme Speed|p2a: Whimsicott
|-damage|p2a: Whimsicott|0 fnt
|faint|p2a: Whimsicott
|
|upkeep
|
|t:|1757921536
|switch|p2a: Comfey|Comfey, F|100/100
|-damage|p2a: Comfey|88/100|[from] Stealth Rock
|turn|16
|
|t:|1757921554
|move|p1a: Dragonite|Extreme Speed|p2a: Comfey
|-damage|p2a: Comfey|52/100
|move|p2a: Comfey|Growth|p2a: Comfey
|-boost|p2a: Comfey|atk|1
|-boost|p2a: Comfey|spa|1
|
|upkeep
|turn|17
|
|t:|1757921563
|move|p2a: Comfey|Draining Kiss|p1a: Dragonite
|-supereffective|p1a: Dragonite
|-damage|p1a: Dragonite|0 fnt
|-heal|p2a: Comfey|100/100|[from] drain|[of] p1a: Dragonite
|faint|p1a: Dragonite
|-damage|p2a: Comfey|91/100|[from] item: Life Orb
|
|upkeep
|inactive|Poke Chenn has 90 seconds left.
|
|t:|1757921597
|switch|p1a: Gholdengo|Gholdengo|100/100
|-damage|p1a: Gholdengo|94/100|[from] Stealth Rock
|turn|18
|inactive|Poke Chenn has 90 seconds left.
|
|t:|1757921611
|move|p1a: Gholdengo|Trick|p2a: Comfey
|-activate|p1a: Gholdengo|move: Trick|[of] p2a: Comfey
|-item|p2a: Comfey|Choice Scarf|[from] move: Trick
|-item|p1a: Gholdengo|Life Orb|[from] move: Trick
|move|p2a: Comfey|Stored Power|p1a: Gholdengo
|-resisted|p1a: Gholdengo
|-damage|p1a: Gholdengo|79/100
|
|upkeep
|turn|19
|inactive|Poke Chenn has 90 seconds left.
|
|t:|1757921628
|switch|p2a: Ninetales|Ninetales, M|76/100
|-damage|p2a: Ninetales|51/100|[from] Stealth Rock
|-weather|SunnyDay|[from] ability: Drought|[of] p2a: Ninetales
|move|p1a: Gholdengo|Make It Rain|p2a: Ninetales
|-resisted|p2a: Ninetales
|-crit|p2a: Ninetales
|-damage|p2a: Ninetales|0 fnt
|-unboost|p1a: Gholdengo|spa|1
|faint|p2a: Ninetales
|-damage|p1a: Gholdengo|69/100|[from] item: Life Orb
|
|-weather|SunnyDay|[upkeep]
|upkeep
|
|t:|1757921646
|switch|p2a: Great Tusk|Great Tusk|61/100
|-damage|p2a: Great Tusk|58/100|[from] Stealth Rock
|-activate|p2a: Great Tusk|ability: Protosynthesis
|-start|p2a: Great Tusk|protosynthesisspe
|turn|20
|
|t:|1757921660
|move|p2a: Great Tusk|Headlong Rush|p1a: Gholdengo
|-supereffective|p1a: Gholdengo
|-damage|p1a: Gholdengo|0 fnt
|-unboost|p2a: Great Tusk|def|1
|-unboost|p2a: Great Tusk|spd|1
|faint|p1a: Gholdengo
|
|-weather|SunnyDay|[upkeep]
|upkeep
|inactive|Poke Chenn has 90 seconds left.
|
|t:|1757921688
|switch|p1a: Weavile|Weavile, F|100/100
|-damage|p1a: Weavile|76/100|[from] Stealth Rock
|turn|21
|
|t:|1757921698
|move|p1a: Weavile|Fake Out|p2a: Great Tusk
|-damage|p2a: Great Tusk|45/100
|-damage|p1a: Weavile|59/100|[from] item: Rocky Helmet|[of] p2a: Great Tusk
|cant|p2a: Great Tusk|flinch
|
|-weather|SunnyDay|[upkeep]
|upkeep
|turn|22
|
|t:|1757921714
|move|p1a: Weavile|Ice Shard|p2a: Great Tusk
|-supereffective|p2a: Great Tusk
|-damage|p2a: Great Tusk|2/100
|move|p2a: Great Tusk|Headlong Rush|p1a: Weavile
|-damage|p1a: Weavile|0 fnt
|-unboost|p2a: Great Tusk|def|1
|-unboost|p2a: Great Tusk|spd|1
|faint|p1a: Weavile
|
|-weather|SunnyDay|[upkeep]
|upkeep
|
|t:|1757921726
|switch|p1a: Dragapult|Dragapult, M|100/100
|-damage|p1a: Dragapult|88/100|[from] Stealth Rock
|turn|23
|
|t:|1757921739
|move|p2a: Great Tusk|Ice Spinner|p1a: Dragapult
|-supereffective|p1a: Dragapult
|-crit|p1a: Dragapult
|-damage|p1a: Dragapult|0 fnt
|faint|p1a: Dragapult
|
|win|fakedin
|raw|Poke Chenn's rating: 1149 &rarr; <strong>1123</strong><br />(-26 for losing)
|raw|fakedin's rating: 1136 &rarr; <strong>1162</strong><br />(+26 for winning)
|l|☆fakedin
|player|p2|
|l|☆Poke Chenn
|player|p1|
