|badge|p2|bronze|gen9randombattle|100-6
|uhtml|medal-msg|<div class="broadcast-blue">Curious what those medals under the avatar are? PS now has Ladder Seasons! For more information, check out the <a href="https://www.smogon.com/forums/threads/3740067/">thread on Smogon.</a></div>
|j|☆omari p
|j|☆larp legion
|t:|1757819907
|gametype|singles
|player|p1|omari p|pokemonrangerf|1657
|player|p2|larp legion|#scl5spartans|1681
|gen|9
|tier|[Gen 9] OU
|rated|
|rule|HP Percentage Mod: HP is shown in percentages
|rule|Endless Battle Clause: Forcing endless battles is banned
|rule|Species Clause: Limit one of each Pokémon
|rule|OHKO Clause: OHKO moves are banned
|rule|Evasion Items Clause: Evasion items are banned
|rule|Evasion Moves Clause: Evasion moves are banned
|rule|Evasion Abilities Clause: Evasion abilities are banned
|rule|Sleep Moves Clause: Sleep-inducing moves are banned
|clearpoke
|poke|p1|Ting-Lu|
|poke|p1|Glastrier|
|poke|p1|Thundurus-Therian, M|
|poke|p1|Cinderace, F|
|poke|p1|Latios, M|
|poke|p1|Corviknight, F|
|poke|p2|Moltres|
|poke|p2|Zapdos-Galar|
|poke|p2|Landorus-Therian, M|
|poke|p2|Corviknight, F|
|poke|p2|Thundurus-Therian, M|
|poke|p2|Dragonite, F|
|teampreview
|inactive|Battle timer is ON: inactive players will automatically lose when time's up. (requested by larp legion)
|c|☆omari p|???
|
|t:|1757819985
|teamsize|p1|6
|teamsize|p2|6
|start
|switch|p1a: Latios|Latios, M|100/100
|switch|p2a: Landorus|Landorus-Therian, M|100/100
|-ability|p2a: Landorus|Intimidate|boost
|-unboost|p1a: Latios|atk|1
|turn|1
|
|t:|1757819994
|switch|p2a: Corviknight|Corviknight, F|100/100
|-ability|p2a: Corviknight|Pressure
|move|p1a: Latios|Ice Beam|p2a: Corviknight
|-damage|p2a: Corviknight|68/100
|
|upkeep
|turn|2
|c|☆omari p|u had better be tera flying
|c|☆omari p|on that thundy
|
|t:|1757820007
|switch|p1a: Ting-Lu|Ting-Lu|100/100
|-ability|p1a: Ting-Lu|Vessel of Ruin
|move|p2a: Corviknight|Roost|p2a: Corviknight
|-heal|p2a: Corviknight|100/100
|-singleturn|p2a: Corviknight|move: Roost
|
|upkeep
|turn|3
|
|t:|1757820013
|move|p2a: Corviknight|U-turn|p1a: Ting-Lu
|-supereffective|p1a: Ting-Lu
|-damage|p1a: Ting-Lu|81/100
|-enditem|p1a: Ting-Lu|Weakness Policy
|-boost|p1a: Ting-Lu|atk|2|[from] item: Weakness Policy
|-boost|p1a: Ting-Lu|spa|2|[from] item: Weakness Policy
|
|t:|1757820016
|switch|p2a: Zapdos|Zapdos-Galar|100/100|[from] U-turn
|move|p1a: Ting-Lu|Stealth Rock|p2a: Zapdos
|-sidestart|p2: larp legion|move: Stealth Rock
|
|upkeep
|turn|4
|
|t:|1757820023
|move|p2a: Zapdos|Close Combat|p1a: Ting-Lu
|-supereffective|p1a: Ting-Lu
|-damage|p1a: Ting-Lu|0 fnt
|-unboost|p2a: Zapdos|def|1
|-unboost|p2a: Zapdos|spd|1
|faint|p1a: Ting-Lu
|
|upkeep
|
|t:|1757820028
|switch|p1a: Cinderace|Cinderace, F|100/100
|turn|5
|
|t:|1757820035
|switch|p2a: Moltres|Moltres|100/100
|move|p1a: Cinderace|Pyro Ball|p2a: Moltres
|-resisted|p2a: Moltres
|-damage|p2a: Moltres|61/100
|
|upkeep
|turn|6
|
|t:|1757820039
|switch|p1a: Thundurus|Thundurus-Therian, M|100/100
|move|p2a: Moltres|Roost|p2a: Moltres
|-heal|p2a: Moltres|100/100
|-singleturn|p2a: Moltres|move: Roost
|
|upkeep
|turn|7
|
|t:|1757820041
|switch|p2a: Landorus|Landorus-Therian, M|100/100
|-damage|p2a: Landorus|88/100|[from] Stealth Rock
|-ability|p2a: Landorus|Intimidate|boost
|-unboost|p1a: Thundurus|atk|1
|move|p1a: Thundurus|Nasty Plot|p1a: Thundurus
|-boost|p1a: Thundurus|spa|2
|
|upkeep
|turn|8
|
|t:|1757820049
|move|p2a: Landorus|Stone Edge|p1a: Thundurus
|-supereffective|p1a: Thundurus
|-crit|p1a: Thundurus
|-damage|p1a: Thundurus|0 fnt
|faint|p1a: Thundurus
|
|upkeep
|
|t:|1757820053
|switch|p1a: Latios|Latios, M|100/100
|turn|9
|
|t:|1757820059
|switch|p2a: Corviknight|Corviknight, F|100/100
|-damage|p2a: Corviknight|88/100|[from] Stealth Rock
|-ability|p2a: Corviknight|Pressure
|move|p1a: Latios|Ice Beam|p2a: Corviknight
|-damage|p2a: Corviknight|58/100
|
|upkeep
|turn|10
|
|t:|1757820064
|move|p1a: Latios|Ice Beam|p2a: Corviknight
|-damage|p2a: Corviknight|30/100
|move|p2a: Corviknight|Roost|p2a: Corviknight
|-heal|p2a: Corviknight|80/100
|-singleturn|p2a: Corviknight|move: Roost
|
|upkeep
|turn|11
|
|t:|1757820069
|switch|p1a: Cinderace|Cinderace, F|100/100
|move|p2a: Corviknight|U-turn|p1a: Cinderace
|-resisted|p1a: Cinderace
|-damage|p1a: Cinderace|90/100
|
|t:|1757820075
|switch|p2a: Moltres|Moltres|100/100|[from] U-turn
|
|upkeep
|turn|12
|
|t:|1757820078
|switch|p1a: Latios|Latios, M|100/100
|move|p2a: Moltres|Flamethrower|p1a: Latios
|-resisted|p1a: Latios
|-damage|p1a: Latios|83/100
|
|upkeep
|turn|13
|
|t:|1757820087
|move|p1a: Latios|Trick|p2a: Moltres
|-activate|p1a: Latios|move: Trick|[of] p2a: Moltres
|-item|p2a: Moltres|Choice Scarf|[from] move: Trick
|-item|p1a: Latios|Heavy-Duty Boots|[from] move: Trick
|move|p2a: Moltres|U-turn|p1a: Latios
|-supereffective|p1a: Latios
|-damage|p1a: Latios|46/100
|
|t:|1757820093
|switch|p2a: Corviknight|Corviknight, F|80/100|[from] U-turn
|-damage|p2a: Corviknight|67/100|[from] Stealth Rock
|-ability|p2a: Corviknight|Pressure
|
|upkeep
|turn|14
|
|t:|1757820099
|switch|p1a: Glastrier|Glastrier|100/100
|move|p2a: Corviknight|Defog|p1a: Glastrier
|-unboost|p1a: Glastrier|evasion|1
|-sideend|p2: larp legion|Stealth Rock|[from] move: Defog|[of] p2a: Corviknight
|
|upkeep
|turn|15
|
|t:|1757820106
|move|p2a: Corviknight|U-turn|p1a: Glastrier
|-damage|p1a: Glastrier|89/100
|
|t:|1757820108
|switch|p2a: Moltres|Moltres|100/100|[from] U-turn
|move|p1a: Glastrier|Swords Dance|p1a: Glastrier
|-boost|p1a: Glastrier|atk|2
|
|-heal|p1a: Glastrier|95/100|[from] item: Leftovers
|upkeep
|turn|16
|
|t:|1757820116
|-terastallize|p1a: Glastrier|Fire
|move|p2a: Moltres|Flamethrower|p1a: Glastrier
|-resisted|p1a: Glastrier
|-damage|p1a: Glastrier|81/100
|move|p1a: Glastrier|Icicle Crash|p2a: Moltres
|-damage|p2a: Moltres|5/100
|
|-heal|p1a: Glastrier|87/100|[from] item: Leftovers
|upkeep
|turn|17
|
|t:|1757820122
|move|p2a: Moltres|Flamethrower|p1a: Glastrier
|-resisted|p1a: Glastrier
|-damage|p1a: Glastrier|73/100
|move|p1a: Glastrier|Icicle Crash|p2a: Moltres
|-damage|p2a: Moltres|0 fnt
|faint|p2a: Moltres
|-ability|p1a: Glastrier|Chilling Neigh|boost
|-boost|p1a: Glastrier|atk|1
|
|-heal|p1a: Glastrier|79/100|[from] item: Leftovers
|upkeep
|
|t:|1757820130
|switch|p2a: Landorus|Landorus-Therian, M|88/100
|-ability|p2a: Landorus|Intimidate|boost
|-unboost|p1a: Glastrier|atk|1
|turn|18
|
|t:|1757820133
|move|p2a: Landorus|Earthquake|p1a: Glastrier
|-supereffective|p1a: Glastrier
|-damage|p1a: Glastrier|0 fnt
|faint|p1a: Glastrier
|
|upkeep
|
|t:|1757820137
|switch|p1a: Latios|Latios, M|46/100
|turn|19
|
|t:|1757820143
|switch|p2a: Corviknight|Corviknight, F|67/100
|-ability|p2a: Corviknight|Pressure
|move|p1a: Latios|Ice Beam|p2a: Corviknight
|-damage|p2a: Corviknight|35/100
|
|upkeep
|turn|20
|
|t:|1757820154
|move|p1a: Latios|Ice Beam|p2a: Corviknight
|-damage|p2a: Corviknight|4/100
|move|p2a: Corviknight|Roost|p2a: Corviknight
|-heal|p2a: Corviknight|54/100
|-singleturn|p2a: Corviknight|move: Roost
|
|upkeep
|turn|21
|
|t:|1757820157
|switch|p1a: Cinderace|Cinderace, F|90/100
|move|p2a: Corviknight|Roost|p2a: Corviknight
|-heal|p2a: Corviknight|100/100
|-singleturn|p2a: Corviknight|move: Roost
|
|upkeep
|turn|22
|
|t:|1757820180
|switch|p2a: Dragonite|Dragonite, F|100/100
|move|p1a: Cinderace|Pyro Ball|p2a: Dragonite
|-resisted|p2a: Dragonite
|-damage|p2a: Dragonite|78/100
|
|upkeep
|turn|23
|
|t:|1757820191
|switch|p1a: Corviknight|Corviknight, F|100/100
|-ability|p1a: Corviknight|Pressure
|move|p2a: Dragonite|Fire Punch|p1a: Corviknight
|-supereffective|p1a: Corviknight
|-damage|p1a: Corviknight|36/100
|-status|p1a: Corviknight|brn
|-damage|p2a: Dragonite|62/100|[from] item: Rocky Helmet|[of] p1a: Corviknight
|
|-damage|p1a: Corviknight|30/100 brn|[from] brn
|upkeep
|turn|24
|
|t:|1757820197
|move|p2a: Dragonite|Fire Punch|p1a: Corviknight
|-supereffective|p1a: Corviknight
|-damage|p1a: Corviknight|0 fnt
|-damage|p2a: Dragonite|45/100|[from] item: Rocky Helmet|[of] p1a: Corviknight
|faint|p1a: Corviknight
|
|upkeep
|
|t:|1757820201
|switch|p1a: Latios|Latios, M|46/100
|turn|25
|
|t:|1757820203
|switch|p2a: Corviknight|Corviknight, F|100/100
|-ability|p2a: Corviknight|Pressure
|move|p1a: Latios|Ice Beam|p2a: Corviknight
|-damage|p2a: Corviknight|71/100
|
|upkeep
|turn|26
|
|t:|1757820208
|move|p1a: Latios|Trick|p2a: Corviknight
|-activate|p1a: Latios|move: Trick|[of] p2a: Corviknight
|-item|p2a: Corviknight|Heavy-Duty Boots|[from] move: Trick
|-item|p1a: Latios|Rocky Helmet|[from] move: Trick
|move|p2a: Corviknight|U-turn|p1a: Latios
|-supereffective|p1a: Latios
|-damage|p1a: Latios|0 fnt
|-damage|p2a: Corviknight|54/100|[from] item: Rocky Helmet|[of] p1a: Latios
|faint|p1a: Latios
|
|t:|1757820210
|switch|p2a: Dragonite|Dragonite, F|45/100|[from] U-turn
|
|upkeep
|
|t:|1757820214
|switch|p1a: Cinderace|Cinderace, F|90/100
|turn|27
|
|t:|1757820216
|-terastallize|p2a: Dragonite|Normal
|move|p2a: Dragonite|Extreme Speed|p1a: Cinderace
|-damage|p1a: Cinderace|0 fnt
|faint|p1a: Cinderace
|
|win|larp legion
|raw|omari p's rating: 1657 &rarr; <strong>1638</strong><br />(-19 for losing)
|raw|larp legion's rating: 1681 &rarr; <strong>1700</strong><br />(+19 for winning)
|c|☆larp legion|gg
|c|☆larp legion|bir d
|l| larplegion
|j|☆larp legion
|l|☆larp legion
|player|p2|
|j|☆larp legion
|player|p2|larp legion|#scl5spartans|
|l|☆larp legion
|player|p2|
|j|☆larp legion
|player|p2|larp legion|lass-gen4dp|
