|j|☆BurpleBurper
|j|☆hdsjvshs
|t:|1757947246
|gametype|singles
|player|p1|BurpleBurper|102|1085
|player|p2|hdsjvshs|266|1073
|gen|9
|tier|[Gen 9] OU
|rated|
|rule|HP Percentage Mod: HP is shown in percentages
|rule|Endless Battle Clause: Forcing endless battles is banned
|rule|Species Clause: Limit one of each Pokémon
|rule|OHKO Clause: OHKO moves are banned
|rule|Evasion Items Clause: Evasion items are banned
|rule|Evasion Moves Clause: Evasion moves are banned
|rule|Evasion Abilities Clause: Evasion abilities are banned
|rule|Sleep Moves Clause: Sleep-inducing moves are banned
|clearpoke
|poke|p1|Hydreigon, F|
|poke|p1|Darkrai|
|poke|p1|Hoopa-Unbound|
|poke|p1|Araquanid, M|
|poke|p1|Cinderace, M|
|poke|p1|Dragapult, M|
|poke|p2|Ogerpon-Cornerstone, F|
|poke|p2|Meowscarada, F|
|poke|p2|Alomomola, F|
|poke|p2|Raging Bolt|
|poke|p2|Slowking-Galar, F|
|poke|p2|Iron Treads|
|teampreview
|inactive|Battle timer is ON: inactive players will automatically lose when time's up. (requested by hdsjvshs)
|inactive|BurpleBurper has 120 seconds left.
|inactive|BurpleBurper has 90 seconds left.
|
|t:|1757947324
|teamsize|p1|6
|teamsize|p2|6
|start
|switch|p1a: Hydreigon|Hydreigon, F|100/100
|switch|p2a: Meowscarada|Meowscarada, F|100/100
|turn|1
|
|t:|1757947344
|switch|p1a: Cinderace|Cinderace, M|100/100
|move|p2a: Meowscarada|U-turn|p1a: Cinderace
|-start|p2a: Meowscarada|typechange|Bug|[from] ability: Protean
|-resisted|p1a: Cinderace
|-damage|p1a: Cinderace|79/100
|
|t:|1757947346
|switch|p2a: Alomomola|Alomomola, F|100/100|[from] U-turn
|
|upkeep
|turn|2
|
|t:|1757947366
|switch|p1a: Dragapult|Dragapult, M|100/100
|move|p2a: Alomomola|Flip Turn|p1a: Dragapult
|-resisted|p1a: Dragapult
|-damage|p1a: Dragapult|90/100
|
|t:|1757947369
|switch|p2a: Meowscarada|Meowscarada, F|100/100|[from] Flip Turn
|
|upkeep
|turn|3
|
|t:|1757947379
|move|p2a: Meowscarada|Knock Off|p1a: Dragapult
|-start|p2a: Meowscarada|typechange|Dark|[from] ability: Protean
|-supereffective|p1a: Dragapult
|-damage|p1a: Dragapult|0 fnt
|-enditem|p1a: Dragapult|Heavy-Duty Boots|[from] move: Knock Off|[of] p2a: Meowscarada
|faint|p1a: Dragapult
|
|upkeep
|
|t:|1757947390
|switch|p1a: Hydreigon|Hydreigon, F|100/100
|turn|4
|
|t:|1757947393
|switch|p2a: Slowking|Slowking-Galar, F|100/100
|move|p1a: Hydreigon|Nasty Plot|p1a: Hydreigon
|-boost|p1a: Hydreigon|spa|2
|
|upkeep
|turn|5
|
|t:|1757947411
|switch|p2a: Meowscarada|Meowscarada, F|100/100
|-terastallize|p1a: Hydreigon|Steel
|move|p1a: Hydreigon|Substitute|p1a: Hydreigon
|-start|p1a: Hydreigon|Substitute
|-damage|p1a: Hydreigon|76/100
|
|-heal|p1a: Hydreigon|82/100|[from] item: Leftovers
|upkeep
|turn|6
|
|t:|1757947425
|move|p2a: Meowscarada|U-turn|p1a: Hydreigon
|-start|p2a: Meowscarada|typechange|Bug|[from] ability: Protean
|-resisted|p1a: Hydreigon
|-activate|p1a: Hydreigon|move: Substitute|[damage]
|
|t:|1757947431
|switch|p2a: Iron Treads|Iron Treads|100/100|[from] U-turn
|move|p1a: Hydreigon|Nasty Plot|p1a: Hydreigon
|-boost|p1a: Hydreigon|spa|2
|
|-heal|p1a: Hydreigon|88/100|[from] item: Leftovers
|upkeep
|turn|7
|
|t:|1757947442
|move|p2a: Iron Treads|Ice Spinner|p1a: Hydreigon
|-resisted|p1a: Hydreigon
|-end|p1a: Hydreigon|Substitute
|move|p1a: Hydreigon|Draco Meteor|p2a: Iron Treads
|-resisted|p2a: Iron Treads
|-damage|p2a: Iron Treads|0 fnt
|-unboost|p1a: Hydreigon|spa|2
|faint|p2a: Iron Treads
|-end|p2a: Iron Treads|Quark Drive|[silent]
|
|-heal|p1a: Hydreigon|94/100|[from] item: Leftovers
|upkeep
|
|t:|1757947449
|switch|p2a: Ogerpon|Ogerpon-Cornerstone, F|100/100
|turn|8
|
|t:|1757947457
|move|p2a: Ogerpon|Low Kick|p1a: Hydreigon
|-supereffective|p1a: Hydreigon
|-damage|p1a: Hydreigon|0 fnt
|faint|p1a: Hydreigon
|
|upkeep
|
|t:|1757947462
|switch|p1a: Darkrai|Darkrai|100/100
|turn|9
|
|t:|1757947469
|move|p1a: Darkrai|Ice Beam|p2a: Ogerpon
|-supereffective|p2a: Ogerpon
|-ability|p2a: Ogerpon|Sturdy
|-damage|p2a: Ogerpon|1/100
|-damage|p1a: Darkrai|91/100|[from] item: Life Orb
|move|p2a: Ogerpon|Low Kick|p1a: Darkrai
|-supereffective|p1a: Darkrai
|-damage|p1a: Darkrai|4/100
|
|upkeep
|turn|10
|
|t:|1757947488
|switch|p2a: Alomomola|Alomomola, F|100/100
|move|p1a: Darkrai|Dark Pulse|p2a: Alomomola
|-damage|p2a: Alomomola|36/100
|-damage|p1a: Darkrai|0 fnt|[from] item: Life Orb
|faint|p1a: Darkrai
|
|upkeep
|
|t:|1757947495
|switch|p1a: Araquanid|Araquanid, M|100/100
|turn|11
|
|t:|1757947499
|move|p2a: Alomomola|Wish|p2a: Alomomola
|move|p1a: Araquanid|Sticky Web|p2a: Alomomola
|-sidestart|p2: hdsjvshs|move: Sticky Web
|
|upkeep
|turn|12
|
|t:|1757947505
|move|p2a: Alomomola|Protect|p2a: Alomomola
|-singleturn|p2a: Alomomola|Protect
|move|p1a: Araquanid|Surf|p2a: Alomomola
|-activate|p2a: Alomomola|move: Protect
|
|-heal|p2a: Alomomola|86/100|[from] move: Wish|[wisher] Alomomola
|upkeep
|turn|13
|
|t:|1757947509
|move|p2a: Alomomola|Wish|p2a: Alomomola
|move|p1a: Araquanid|Surf|p2a: Alomomola
|-resisted|p2a: Alomomola
|-damage|p2a: Alomomola|54/100
|
|upkeep
|turn|14
|
|t:|1757947513
|move|p2a: Alomomola|Flip Turn|p1a: Araquanid
|-resisted|p1a: Araquanid
|-damage|p1a: Araquanid|93/100
|
|t:|1757947516
|switch|p2a: Slowking|Slowking-Galar, F|100/100|[from] Flip Turn
|move|p1a: Araquanid|Surf|p2a: Slowking
|-damage|p2a: Slowking|69/100
|
|-heal|p2a: Slowking|100/100|[from] move: Wish|[wisher] Alomomola
|upkeep
|turn|15
|
|t:|1757947522
|move|p1a: Araquanid|Liquidation|p2a: Slowking
|-damage|p2a: Slowking|58/100
|move|p2a: Slowking|Sludge Bomb|p1a: Araquanid
|-damage|p1a: Araquanid|68/100
|
|upkeep
|turn|16
|
|t:|1757947529
|move|p1a: Araquanid|Liquidation|p2a: Slowking
|-damage|p2a: Slowking|17/100
|-prepare|p2a: Slowking|Chilly Reception|[premajor]
|move|p2a: Slowking|Chilly Reception|p2a: Slowking
|-weather|Snowscape
|
|t:|1757947532
|switch|p2a: Meowscarada|Meowscarada, F|100/100|[from] Chilly Reception
|-activate|p2a: Meowscarada|move: Sticky Web
|-unboost|p2a: Meowscarada|spe|1
|
|-weather|Snowscape|[upkeep]
|upkeep
|turn|17
|
|t:|1757947537
|move|p2a: Meowscarada|U-turn|p1a: Araquanid
|-start|p2a: Meowscarada|typechange|Bug|[from] ability: Protean
|-damage|p1a: Araquanid|36/100
|
|t:|1757947543
|switch|p2a: Alomomola|Alomomola, F|87/100|[from] U-turn
|move|p1a: Araquanid|Surf|p2a: Alomomola
|-resisted|p2a: Alomomola
|-damage|p2a: Alomomola|55/100
|
|-weather|Snowscape|[upkeep]
|upkeep
|turn|18
|
|t:|1757947551
|move|p2a: Alomomola|Flip Turn|p1a: Araquanid
|-resisted|p1a: Araquanid
|-damage|p1a: Araquanid|28/100
|
|t:|1757947554
|switch|p2a: Slowking|Slowking-Galar, F|50/100|[from] Flip Turn
|move|p1a: Araquanid|Surf|p2a: Slowking
|-damage|p2a: Slowking|18/100
|
|-weather|Snowscape|[upkeep]
|upkeep
|turn|19
|
|t:|1757947563
|switch|p2a: Alomomola|Alomomola, F|89/100
|move|p1a: Araquanid|Surf|p2a: Alomomola
|-resisted|p2a: Alomomola
|-damage|p2a: Alomomola|55/100
|
|-weather|Snowscape|[upkeep]
|upkeep
|turn|20
|inactive|hdsjvshs has 120 seconds left.
|
|t:|1757947606
|move|p2a: Alomomola|Wish|p2a: Alomomola
|move|p1a: Araquanid|Surf|p2a: Alomomola
|-resisted|p2a: Alomomola
|-damage|p2a: Alomomola|21/100
|
|-weather|none
|upkeep
|turn|21
|
|t:|1757947611
|move|p2a: Alomomola|Protect|p2a: Alomomola
|-singleturn|p2a: Alomomola|Protect
|move|p1a: Araquanid|Surf|p2a: Alomomola
|-activate|p2a: Alomomola|move: Protect
|
|-heal|p2a: Alomomola|71/100|[from] move: Wish|[wisher] Alomomola
|upkeep
|turn|22
|
|t:|1757947615
|move|p2a: Alomomola|Wish|p2a: Alomomola
|move|p1a: Araquanid|Endeavor|p2a: Alomomola
|-damage|p2a: Alomomola|18/100
|
|upkeep
|turn|23
|
|t:|1757947621
|switch|p2a: Slowking|Slowking-Galar, F|51/100
|move|p1a: Araquanid|Surf|p2a: Slowking
|-damage|p2a: Slowking|16/100
|
|-heal|p2a: Slowking|87/100|[from] move: Wish|[wisher] Alomomola
|upkeep
|turn|24
|
|t:|1757947630
|move|p1a: Araquanid|Endeavor|p2a: Slowking
|-damage|p2a: Slowking|25/100
|-prepare|p2a: Slowking|Chilly Reception|[premajor]
|move|p2a: Slowking|Chilly Reception|p2a: Slowking
|-weather|Snowscape
|
|t:|1757947635
|switch|p2a: Ogerpon|Ogerpon-Cornerstone, F|1/100|[from] Chilly Reception
|-activate|p2a: Ogerpon|move: Sticky Web
|-unboost|p2a: Ogerpon|spe|1
|
|-weather|Snowscape|[upkeep]
|upkeep
|turn|25
|
|t:|1757947644
|move|p2a: Ogerpon|Ivy Cudgel|p1a: Araquanid|[anim] Ivy Cudgel Rock
|-supereffective|p1a: Araquanid
|-damage|p1a: Araquanid|0 fnt
|faint|p1a: Araquanid
|
|-weather|Snowscape|[upkeep]
|upkeep
|
|t:|1757947647
|switch|p1a: Hoopa|Hoopa-Unbound|100/100
|turn|26
|
|t:|1757947667
|move|p1a: Hoopa|Dark Pulse|p2a: Ogerpon
|-damage|p2a: Ogerpon|0 fnt
|faint|p2a: Ogerpon
|
|-weather|Snowscape|[upkeep]
|upkeep
|
|t:|1757947670
|switch|p2a: Meowscarada|Meowscarada, F|100/100
|-activate|p2a: Meowscarada|move: Sticky Web
|-unboost|p2a: Meowscarada|spe|1
|turn|27
|
|t:|1757947677
|switch|p1a: Cinderace|Cinderace, M|79/100
|move|p2a: Meowscarada|U-turn|p1a: Cinderace
|-start|p2a: Meowscarada|typechange|Bug|[from] ability: Protean
|-resisted|p1a: Cinderace
|-damage|p1a: Cinderace|56/100
|
|t:|1757947678
|switch|p2a: Alomomola|Alomomola, F|51/100|[from] U-turn
|
|-weather|Snowscape|[upkeep]
|upkeep
|turn|28
|
|t:|1757947684
|move|p1a: Cinderace|Bulk Up|p1a: Cinderace
|-boost|p1a: Cinderace|atk|1
|-boost|p1a: Cinderace|def|1
|move|p2a: Alomomola|Flip Turn|p1a: Cinderace
|-supereffective|p1a: Cinderace
|-damage|p1a: Cinderace|25/100
|
|t:|1757947688
|switch|p2a: Meowscarada|Meowscarada, F|100/100|[from] Flip Turn
|-activate|p2a: Meowscarada|move: Sticky Web
|-unboost|p2a: Meowscarada|spe|1
|
|-weather|none
|upkeep
|turn|29
|
|t:|1757947696
|move|p2a: Meowscarada|Knock Off|p1a: Cinderace
|-start|p2a: Meowscarada|typechange|Dark|[from] ability: Protean
|-damage|p1a: Cinderace|0 fnt
|-enditem|p1a: Cinderace|Heavy-Duty Boots|[from] move: Knock Off|[of] p2a: Meowscarada
|faint|p1a: Cinderace
|
|upkeep
|
|t:|1757947700
|switch|p1a: Hoopa|Hoopa-Unbound|100/100
|turn|30
|
|t:|1757947704
|switch|p2a: Slowking|Slowking-Galar, F|59/100
|move|p1a: Hoopa|Drain Punch|p2a: Slowking
|-resisted|p2a: Slowking
|-damage|p2a: Slowking|53/100
|
|upkeep
|turn|31
|
|t:|1757947710
|move|p1a: Hoopa|Dark Pulse|p2a: Slowking
|-supereffective|p2a: Slowking
|-damage|p2a: Slowking|0 fnt
|faint|p2a: Slowking
|
|upkeep
|
|t:|1757947712
|switch|p2a: Meowscarada|Meowscarada, F|100/100
|-activate|p2a: Meowscarada|move: Sticky Web
|-unboost|p2a: Meowscarada|spe|1
|turn|32
|-message|BurpleBurper forfeited.
|
|win|hdsjvshs
|raw|BurpleBurper's rating: 1085 &rarr; <strong>1061</strong><br />(-24 for losing)
|raw|hdsjvshs's rating: 1073 &rarr; <strong>1103</strong><br />(+30 for winning)
|l|☆BurpleBurper
|player|p1|
|l|☆hdsjvshs
|player|p2|
|j|☆BurpleBurper
|player|p1|BurpleBurper|102|
