|j|☆ScarlattiTilt
|j|☆Shea6045
|t:|1757810641
|gametype|singles
|player|p1|ScarlattiTilt|265|1403
|player|p2|Shea6045|101|1396
|gen|9
|tier|[Gen 9] OU
|rated|
|rule|HP Percentage Mod: HP is shown in percentages
|rule|Endless Battle Clause: Forcing endless battles is banned
|rule|Species Clause: Limit one of each Pokémon
|rule|OHKO Clause: OHKO moves are banned
|rule|Evasion Items Clause: Evasion items are banned
|rule|Evasion Moves Clause: Evasion moves are banned
|rule|Evasion Abilities Clause: Evasion abilities are banned
|rule|Sleep Moves Clause: Sleep-inducing moves are banned
|clearpoke
|poke|p1|Slowbro-Galar, M|
|poke|p1|Kingambit, M|
|poke|p1|Ninetales-Alola, M|
|poke|p1|Sinistcha|
|poke|p1|Heatran, F|
|poke|p1|Iron Hands|
|poke|p2|Pecharunt|
|poke|p2|Great Tusk|
|poke|p2|Ogerpon-Wellspring, F|
|poke|p2|Iron Crown|
|poke|p2|Landorus-Therian, M|
|poke|p2|Samurott-Hisui, M|
|teampreview
|inactive|Battle timer is ON: inactive players will automatically lose when time's up. (requested by Shea6045)
|inactive|ScarlattiTilt also wants the timer to be on.
|
|t:|1757810647
|teamsize|p1|6
|teamsize|p2|6
|start
|switch|p1a: frances|Heatran, F|100/100
|switch|p2a: Landorus|Landorus-Therian, M|100/100
|-ability|p2a: Landorus|Intimidate|boost
|-unboost|p1a: frances|atk|1
|turn|1
|-activate|p1a: frances|item: Quick Claw
|
|t:|1757810654
|move|p1a: frances|Lava Plume|p2a: Landorus
|-damage|p2a: Landorus|47/100
|-status|p2a: Landorus|brn
|move|p2a: Landorus|Earthquake|p1a: frances
|-supereffective|p1a: frances
|-damage|p1a: frances|0 fnt
|faint|p1a: frances
|
|-damage|p2a: Landorus|41/100 brn|[from] brn
|upkeep
|
|t:|1757810661
|switch|p1a: floyd|Iron Hands|100/100
|turn|2
|-activate|p1a: floyd|item: Quick Claw
|
|t:|1757810664
|move|p1a: floyd|Swords Dance|p1a: floyd
|-boost|p1a: floyd|atk|2
|move|p2a: Landorus|Earthquake|p1a: floyd
|-supereffective|p1a: floyd
|-damage|p1a: floyd|61/100
|
|-damage|p2a: Landorus|35/100 brn|[from] brn
|upkeep
|turn|3
|
|t:|1757810670
|move|p2a: Landorus|Earthquake|p1a: floyd
|-supereffective|p1a: floyd
|-damage|p1a: floyd|23/100
|move|p1a: floyd|Drain Punch|p2a: Landorus
|-resisted|p2a: Landorus
|-damage|p2a: Landorus|0 fnt
|-heal|p1a: floyd|34/100|[from] drain|[of] p2a: Landorus
|faint|p2a: Landorus
|
|upkeep
|
|t:|1757810677
|switch|p2a: Great Tusk|Great Tusk|100/100
|-enditem|p2a: Great Tusk|Booster Energy
|-activate|p2a: Great Tusk|ability: Protosynthesis|[fromitem]
|-start|p2a: Great Tusk|protosynthesisspe
|turn|4
|-activate|p1a: floyd|item: Quick Claw
|
|t:|1757810682
|-terastallize|p1a: floyd|Flying
|move|p1a: floyd|Drain Punch|p2a: Great Tusk
|-damage|p2a: Great Tusk|47/100
|-heal|p1a: floyd|56/100|[from] drain|[of] p2a: Great Tusk
|move|p2a: Great Tusk|Headlong Rush|p1a: floyd
|-immune|p1a: floyd
|
|upkeep
|turn|5
|
|t:|1757810690
|move|p2a: Great Tusk|Knock Off|p1a: floyd
|-damage|p1a: floyd|40/100
|-enditem|p1a: floyd|Quick Claw|[from] move: Knock Off|[of] p2a: Great Tusk
|move|p1a: floyd|Drain Punch|p2a: Great Tusk
|-damage|p2a: Great Tusk|0 fnt
|-heal|p1a: floyd|60/100|[from] drain|[of] p2a: Great Tusk
|faint|p2a: Great Tusk
|-end|p2a: Great Tusk|Protosynthesis|[silent]
|
|upkeep
|
|t:|1757810694
|switch|p2a: Iron Crown|Iron Crown|100/100
|turn|6
|
|t:|1757810696
|move|p2a: Iron Crown|Volt Switch|p1a: floyd
|-supereffective|p1a: floyd
|-crit|p1a: floyd
|-damage|p1a: floyd|0 fnt
|faint|p1a: floyd
|-end|p1a: floyd|Quark Drive|[silent]
|
|t:|1757810702
|-end|p2a: Iron Crown|Quark Drive|[silent]
|switch|p2a: Ogerpon|Ogerpon-Wellspring, F|100/100|[from] Volt Switch
|
|upkeep
|
|t:|1757810704
|switch|p1a: inbloom|Slowbro-Galar, M|100/100
|turn|7
|
|t:|1757810708
|switch|p2a: Samurott|Samurott-Hisui, M|100/100
|move|p1a: inbloom|Sludge Wave|p2a: Samurott
|-damage|p2a: Samurott|58/100
|
|upkeep
|turn|8
|-activate|p1a: inbloom|ability: Quick Draw
|
|t:|1757810711
|move|p1a: inbloom|Sludge Wave|p2a: Samurott
|-damage|p2a: Samurott|20/100
|move|p2a: Samurott|Ceaseless Edge|p1a: inbloom
|-supereffective|p1a: inbloom
|-damage|p1a: inbloom|10/100
|-sidestart|p1: ScarlattiTilt|Spikes
|
|upkeep
|turn|9
|
|t:|1757810719
|move|p2a: Samurott|Ceaseless Edge|p1a: inbloom
|-supereffective|p1a: inbloom
|-damage|p1a: inbloom|0 fnt
|-sidestart|p1: ScarlattiTilt|Spikes
|faint|p1a: inbloom
|
|upkeep
|
|t:|1757810722
|switch|p1a: gallons|Ninetales-Alola, M|100/100
|-damage|p1a: gallons|84/100|[from] Spikes
|-weather|Snowscape|[from] ability: Snow Warning|[of] p1a: gallons
|turn|10
|
|t:|1757810728
|move|p1a: gallons|Moonblast|p2a: Samurott
|-supereffective|p2a: Samurott
|-damage|p2a: Samurott|0 fnt
|faint|p2a: Samurott
|
|-weather|Snowscape|[upkeep]
|upkeep
|
|t:|1757810730
|switch|p2a: Iron Crown|Iron Crown|100/100
|turn|11
|-message|Shea6045 forfeited.
|
|win|ScarlattiTilt
|raw|ScarlattiTilt's rating: 1403 &rarr; <strong>1423</strong><br />(+20 for winning)
|raw|Shea6045's rating: 1396 &rarr; <strong>1376</strong><br />(-20 for losing)
|l|☆Shea6045
|player|p2|
|l|☆ScarlattiTilt
|player|p1|
