|j|☆Iamgarbageee
|j|☆SlayerArceus25
|t:|1757899463
|gametype|singles
|player|p1|Iamgarbageee|plumeria|1400
|player|p2|SlayerArceus25|lusamine-nihilego|1397
|gen|9
|tier|[Gen 9] OU
|rated|
|rule|HP Percentage Mod: HP is shown in percentages
|rule|Endless Battle Clause: Forcing endless battles is banned
|rule|Species Clause: Limit one of each Pokémon
|rule|OHKO Clause: OHKO moves are banned
|rule|Evasion Items Clause: Evasion items are banned
|rule|Evasion Moves Clause: Evasion moves are banned
|rule|Evasion Abilities Clause: Evasion abilities are banned
|rule|Sleep Moves Clause: Sleep-inducing moves are banned
|clearpoke
|poke|p1|Slowking-Galar, M|
|poke|p1|Volcanion|
|poke|p1|Ursaluna, M|
|poke|p1|Scizor, F|
|poke|p1|Glastrier|
|poke|p1|Hatterene, F|
|poke|p2|Dragonite, F|
|poke|p2|Darkrai|
|poke|p2|Gholdengo|
|poke|p2|Alomomola, F|
|poke|p2|Slowking-Galar, F|
|poke|p2|Samurott-Hisui, M|
|teampreview
|inactive|Battle timer is ON: inactive players will automatically lose when time's up. (requested by SlayerArceus25)
|inactive|Iamgarbageee also wants the timer to be on.
|
|t:|1757899469
|teamsize|p1|6
|teamsize|p2|6
|start
|switch|p1a: Chunkee|Slowking-Galar, M, shiny|100/100
|switch|p2a: Samurott|Samurott-Hisui, M|100/100
|turn|1
|
|t:|1757899478
|move|p2a: Samurott|Ceaseless Edge|p1a: Chunkee
|-supereffective|p1a: Chunkee
|-damage|p1a: Chunkee|54/100
|-sidestart|p1: Iamgarbageee|Spikes
|move|p1a: Chunkee|Trick Room|p1a: Chunkee
|-fieldstart|move: Trick Room|[of] p1a: Chunkee
|
|-heal|p1a: Chunkee|60/100|[from] item: Leftovers
|upkeep
|turn|2
|
|t:|1757899484
|move|p2a: Samurott|Sucker Punch||[still]
|-fail|p2a: Samurott
|-prepare|p1a: Chunkee|Chilly Reception|[premajor]
|move|p1a: Chunkee|Chilly Reception|p1a: Chunkee
|-weather|Snowscape
|
|t:|1757899487
|switch|p1a: Walmart Shimp|Scizor, F|100/100|[from] Chilly Reception
|-damage|p1a: Walmart Shimp|88/100|[from] Spikes
|
|-weather|Snowscape|[upkeep]
|upkeep
|turn|3
|
|t:|1757899490
|move|p1a: Walmart Shimp|U-turn|p2a: Samurott
|-supereffective|p2a: Samurott
|-enditem|p2a: Samurott|Focus Sash
|-damage|p2a: Samurott|1/100
|
|t:|1757899505
|switch|p1a: Chunkee|Slowking-Galar, M, shiny|93/100|[from] U-turn
|-damage|p1a: Chunkee|81/100|[from] Spikes
|move|p2a: Samurott|Ceaseless Edge|p1a: Chunkee
|-supereffective|p1a: Chunkee
|-damage|p1a: Chunkee|38/100
|-sidestart|p1: Iamgarbageee|Spikes
|
|-weather|Snowscape|[upkeep]
|-heal|p1a: Chunkee|44/100|[from] item: Leftovers
|upkeep
|turn|4
|
|t:|1757899511
|-prepare|p1a: Chunkee|Chilly Reception|[premajor]
|move|p1a: Chunkee|Chilly Reception|p1a: Chunkee
|
|t:|1757899513
|switch|p1a: snowball|Glastrier|100/100|[from] Chilly Reception
|-damage|p1a: snowball|84/100|[from] Spikes
|move|p2a: Samurott|Ceaseless Edge|p1a: snowball|[miss]
|-miss|p2a: Samurott|p1a: snowball
|
|-weather|Snowscape|[upkeep]
|upkeep
|turn|5
|
|t:|1757899518
|switch|p2a: Alomomola|Alomomola, F|100/100
|move|p1a: snowball|Curse|p1a: snowball
|-unboost|p1a: snowball|spe|1
|-boost|p1a: snowball|atk|1
|-boost|p1a: snowball|def|1
|
|-weather|Snowscape|[upkeep]
|-fieldend|move: Trick Room
|upkeep
|turn|6
|
|t:|1757899521
|move|p2a: Alomomola|Scald|p1a: snowball
|-damage|p1a: snowball|73/100
|move|p1a: snowball|Curse|p1a: snowball
|-unboost|p1a: snowball|spe|1
|-boost|p1a: snowball|atk|1
|-boost|p1a: snowball|def|1
|
|-weather|none
|upkeep
|turn|7
|
|t:|1757899523
|move|p2a: Alomomola|Scald|p1a: snowball
|-damage|p1a: snowball|63/100
|move|p1a: snowball|Curse|p1a: snowball
|-unboost|p1a: snowball|spe|1
|-boost|p1a: snowball|atk|1
|-boost|p1a: snowball|def|1
|
|upkeep
|turn|8
|
|t:|1757899527
|move|p2a: Alomomola|Scald|p1a: snowball
|-damage|p1a: snowball|52/100
|move|p1a: snowball|Curse|p1a: snowball
|-unboost|p1a: snowball|spe|1
|-boost|p1a: snowball|atk|1
|-boost|p1a: snowball|def|1
|
|upkeep
|turn|9
|
|t:|1757899531
|move|p2a: Alomomola|Flip Turn|p1a: snowball
|-damage|p1a: snowball|48/100
|
|t:|1757899535
|switch|p2a: Darkrai|Darkrai|100/100|[from] Flip Turn
|move|p1a: snowball|High Horsepower|p2a: Darkrai
|-damage|p2a: Darkrai|0 fnt
|faint|p2a: Darkrai
|-ability|p1a: snowball|Chilling Neigh|boost
|-boost|p1a: snowball|atk|1
|
|upkeep
|
|t:|1757899550
|switch|p2a: Dragonite|Dragonite, F|100/100
|turn|10
|
|t:|1757899557
|move|p2a: Dragonite|Fire Blast|p1a: snowball|[miss]
|-miss|p2a: Dragonite|p1a: snowball
|move|p1a: snowball|Rest|p1a: snowball
|-status|p1a: snowball|slp|[from] move: Rest
|-heal|p1a: snowball|100/100 slp|[silent]
|-enditem|p1a: snowball|Chesto Berry|[eat]
|-curestatus|p1a: snowball|slp|[msg]
|
|upkeep
|turn|11
|
|t:|1757899564
|move|p2a: Dragonite|Fire Blast|p1a: snowball|[miss]
|-miss|p2a: Dragonite|p1a: snowball
|move|p1a: snowball|Icicle Crash|p2a: Dragonite
|-supereffective|p2a: Dragonite
|-damage|p2a: Dragonite|0 fnt
|faint|p2a: Dragonite
|-ability|p1a: snowball|Chilling Neigh|boost
|-boost|p1a: snowball|atk|1
|
|upkeep
|
|t:|1757899569
|switch|p2a: Gholdengo|Gholdengo|100/100
|-item|p2a: Gholdengo|Air Balloon
|turn|12
|
|t:|1757899573
|-terastallize|p1a: snowball|Water
|move|p2a: Gholdengo|Make It Rain|p1a: snowball
|-resisted|p1a: snowball
|-damage|p1a: snowball|81/100
|-unboost|p2a: Gholdengo|spa|1
|move|p1a: snowball|Icicle Crash|p2a: Gholdengo
|-resisted|p2a: Gholdengo
|-damage|p2a: Gholdengo|31/100
|-enditem|p2a: Gholdengo|Air Balloon
|
|upkeep
|turn|13
|
|t:|1757899576
|move|p2a: Gholdengo|Shadow Ball|p1a: snowball
|-damage|p1a: snowball|64/100
|move|p1a: snowball|High Horsepower|p2a: Gholdengo
|-supereffective|p2a: Gholdengo
|-damage|p2a: Gholdengo|0 fnt
|faint|p2a: Gholdengo
|
|upkeep
|-message|SlayerArceus25 forfeited.
|
|win|Iamgarbageee
|raw|Iamgarbageee's rating: 1400 &rarr; <strong>1420</strong><br />(+20 for winning)
|raw|SlayerArceus25's rating: 1397 &rarr; <strong>1377</strong><br />(-20 for losing)
|l|☆SlayerArceus25
|player|p2|
|l|☆Iamgarbageee
|player|p1|
