|j|☆goobinatorprime
|j|☆Coffee Falk
|t:|1757929849
|gametype|singles
|player|p1|goobinatorprime|giovanni|1306
|player|p2|Coffee Falk|miku-water|1384
|gen|9
|tier|[Gen 9] OU
|rated|
|rule|HP Percentage Mod: HP is shown in percentages
|rule|Endless Battle Clause: Forcing endless battles is banned
|rule|Species Clause: Limit one of each Pokémon
|rule|OHKO Clause: OHKO moves are banned
|rule|Evasion Items Clause: Evasion items are banned
|rule|Evasion Moves Clause: Evasion moves are banned
|rule|Evasion Abilities Clause: Evasion abilities are banned
|rule|Sleep Moves Clause: Sleep-inducing moves are banned
|clearpoke
|poke|p1|Glimmora, F|
|poke|p1|Serperior, F|
|poke|p1|Landorus-Therian, M|
|poke|p1|Conkeldurr, F|
|poke|p1|Gholdengo|
|poke|p1|Slowking-Galar, F|
|poke|p2|Galvantula, F|
|poke|p2|Dragonite, F|
|poke|p2|Primarina, M|
|poke|p2|Great Tusk|
|poke|p2|Gholdengo|
|poke|p2|Kingambit, F|
|teampreview
|inactive|Battle timer is ON: inactive players will automatically lose when time's up. (requested by goobinatorprime)
|inactive|goobinatorprime has 120 seconds left.
|
|t:|1757929882
|teamsize|p1|6
|teamsize|p2|6
|start
|switch|p1a: Glimmora|Glimmora, F|100/100
|switch|p2a: Galvantula|Galvantula, F|100/100
|turn|1
|
|t:|1757929888
|move|p2a: Galvantula|Thunder|p1a: Glimmora
|-damage|p1a: Glimmora|43/100
|move|p1a: Glimmora|Mortal Spin|p2a: Galvantula
|-damage|p2a: Galvantula|90/100
|-status|p2a: Galvantula|psn
|
|-damage|p2a: Galvantula|77/100 psn|[from] psn
|upkeep
|turn|2
|
|t:|1757929894
|move|p2a: Galvantula|Thunder|p1a: Glimmora
|-damage|p1a: Glimmora|0 fnt
|faint|p1a: Glimmora
|
|-damage|p2a: Galvantula|65/100 psn|[from] psn
|upkeep
|
|t:|1757929905
|switch|p1a: Landorus|Landorus-Therian, M|100/100
|-ability|p1a: Landorus|Intimidate|boost
|-unboost|p2a: Galvantula|atk|1
|turn|3
|
|t:|1757929912
|-terastallize|p2a: Galvantula|Ice
|move|p1a: Landorus|U-turn|p2a: Galvantula
|-damage|p2a: Galvantula|20/100 psn
|
|t:|1757929917
|switch|p1a: Serperior|Serperior, F, shiny|100/100|[from] U-turn
|move|p2a: Galvantula|Tera Blast|p1a: Serperior|[anim] Tera Blast Ice
|-supereffective|p1a: Serperior
|-damage|p1a: Serperior|21/100
|
|-heal|p1a: Serperior|28/100|[from] item: Leftovers
|-damage|p2a: Galvantula|8/100 psn|[from] psn
|upkeep
|turn|4
|inactive|Coffee Falk has 120 seconds left.
|
|t:|1757929952
|move|p1a: Serperior|Leaf Storm|p2a: Galvantula|[miss]
|-miss|p1a: Serperior|p2a: Galvantula
|move|p2a: Galvantula|Tera Blast|p1a: Serperior|[anim] Tera Blast Ice
|-supereffective|p1a: Serperior
|-damage|p1a: Serperior|0 fnt
|faint|p1a: Serperior
|
|-damage|p2a: Galvantula|0 fnt|[from] psn
|faint|p2a: Galvantula
|upkeep
|
|t:|1757929969
|switch|p1a: Landorus|Landorus-Therian, M|100/100
|switch|p2a: Dragonite|Dragonite, F|100/100
|-ability|p1a: Landorus|Intimidate|boost
|-unboost|p2a: Dragonite|atk|1
|turn|5
|
|t:|1757929973
|move|p1a: Landorus|Stone Edge|p2a: Dragonite|[miss]
|-miss|p1a: Landorus|p2a: Dragonite
|move|p2a: Dragonite|Dragon Dance|p2a: Dragonite
|-boost|p2a: Dragonite|atk|1
|-boost|p2a: Dragonite|spe|1
|
|upkeep
|turn|6
|
|t:|1757929976
|move|p1a: Landorus|Stone Edge|p2a: Dragonite
|-supereffective|p2a: Dragonite
|-crit|p2a: Dragonite
|-damage|p2a: Dragonite|35/100
|move|p2a: Dragonite|Ice Spinner|p1a: Landorus
|-supereffective|p1a: Landorus
|-damage|p1a: Landorus|0 fnt
|faint|p1a: Landorus
|
|upkeep
|
|t:|1757929987
|switch|p1a: Gholdengo|Gholdengo|100/100
|turn|7
|
|t:|1757929992
|move|p1a: Gholdengo|Trick|p2a: Dragonite
|-activate|p1a: Gholdengo|move: Trick|[of] p2a: Dragonite
|-item|p2a: Dragonite|Choice Scarf|[from] move: Trick
|-item|p1a: Gholdengo|Heavy-Duty Boots|[from] move: Trick
|move|p2a: Dragonite|Earthquake|p1a: Gholdengo
|-supereffective|p1a: Gholdengo
|-damage|p1a: Gholdengo|10/100
|
|upkeep
|turn|8
|
|t:|1757929999
|switch|p1a: Slowking|Slowking-Galar, F|100/100
|move|p2a: Dragonite|Earthquake|p1a: Slowking
|-supereffective|p1a: Slowking
|-damage|p1a: Slowking|20/100
|
|upkeep
|turn|9
|
|t:|1757930002
|move|p2a: Dragonite|Earthquake|p1a: Slowking
|-supereffective|p1a: Slowking
|-damage|p1a: Slowking|0 fnt
|faint|p1a: Slowking
|
|upkeep
|
|t:|1757930003
|switch|p1a: Conkeldurr|Conkeldurr, F|100/100
|turn|10
|
|t:|1757930014
|switch|p2a: Primarina|Primarina, M|100/100
|move|p1a: Conkeldurr|Knock Off|p2a: Primarina
|-resisted|p2a: Primarina
|-damage|p2a: Primarina|76/100
|-enditem|p2a: Primarina|Assault Vest|[from] move: Knock Off|[of] p1a: Conkeldurr
|
|-status|p1a: Conkeldurr|brn|[from] item: Flame Orb
|upkeep
|turn|11
|
|t:|1757930018
|-terastallize|p1a: Conkeldurr|Normal
|move|p2a: Primarina|Moonblast|p1a: Conkeldurr
|-damage|p1a: Conkeldurr|39/100 brn
|move|p1a: Conkeldurr|Facade|p2a: Primarina
|-damage|p2a: Primarina|0 fnt
|faint|p2a: Primarina
|
|-damage|p1a: Conkeldurr|33/100 brn|[from] brn
|upkeep
|
|t:|1757930027
|switch|p2a: Gholdengo|Gholdengo|100/100
|-item|p2a: Gholdengo|Air Balloon
|turn|12
|
|t:|1757930032
|move|p2a: Gholdengo|Make It Rain|p1a: Conkeldurr
|-damage|p1a: Conkeldurr|0 fnt
|-unboost|p2a: Gholdengo|spa|1
|faint|p1a: Conkeldurr
|
|upkeep
|
|t:|1757930034
|switch|p1a: Gholdengo|Gholdengo|10/100
|turn|13
|
|t:|1757930036
|move|p2a: Gholdengo|Shadow Ball|p1a: Gholdengo
|-supereffective|p1a: Gholdengo
|-damage|p1a: Gholdengo|0 fnt
|faint|p1a: Gholdengo
|
|win|Coffee Falk
|raw|goobinatorprime's rating: 1306 &rarr; <strong>1290</strong><br />(-16 for losing)
|raw|Coffee Falk's rating: 1384 &rarr; <strong>1400</strong><br />(+16 for winning)
|l|☆goobinatorprime
|player|p1|
|l|☆Coffee Falk
|player|p2|
