|j|☆supraxd
|j|☆BackuBlast
|t:|1757841818
|gametype|singles
|player|p1|supraxd|steven|1169
|player|p2|BackuBlast|170|1236
|gen|9
|tier|[Gen 9] OU
|rated|
|rule|HP Percentage Mod: HP is shown in percentages
|rule|Endless Battle Clause: Forcing endless battles is banned
|rule|Species Clause: Limit one of each Pokémon
|rule|OHKO Clause: OHKO moves are banned
|rule|Evasion Items Clause: Evasion items are banned
|rule|Evasion Moves Clause: Evasion moves are banned
|rule|Evasion Abilities Clause: Evasion abilities are banned
|rule|Sleep Moves Clause: Sleep-inducing moves are banned
|clearpoke
|poke|p1|Raichu-Alola, F|
|poke|p1|Pincurchin, M|
|poke|p1|Iron Jugulis|
|poke|p1|Iron Hands|
|poke|p1|Iron Valiant|
|poke|p1|Iron Treads|
|poke|p2|Greninja-*, M|
|poke|p2|Rillaboom, M|
|poke|p2|Moltres|
|poke|p2|Thundurus-Therian, M|
|poke|p2|Slowking-Galar, M|
|poke|p2|Iron Treads|
|teampreview
|inactive|Battle timer is ON: inactive players will automatically lose when time's up. (requested by BackuBlast)
|
|t:|1757841864
|teamsize|p1|6
|teamsize|p2|6
|start
|switch|p1a: Pincurchin|Pincurchin, M|100/100
|switch|p2a: Slowking|Slowking-Galar, M|100/100
|-fieldstart|move: Electric Terrain|[from] ability: Electric Surge|[of] p1a: Pincurchin
|turn|1
|
|t:|1757841872
|switch|p1a: Iron Jugulis|Iron Jugulis|100/100
|-activate|p1a: Iron Jugulis|ability: Quark Drive
|-start|p1a: Iron Jugulis|quarkdrivespe
|move|p2a: Slowking|Future Sight|p1a: Iron Jugulis
|-start|p2a: Slowking|move: Future Sight
|
|upkeep
|turn|2
|
|t:|1757841883
|switch|p2a: Iron Treads|Iron Treads|100/100
|-activate|p2a: Iron Treads|ability: Quark Drive
|-start|p2a: Iron Treads|quarkdrivespe
|move|p1a: Iron Jugulis|Dark Pulse|p2a: Iron Treads
|-damage|p2a: Iron Treads|41/100
|
|upkeep
|turn|3
|inactive|supraxd has 120 seconds left.
|inactive|supraxd has 90 seconds left.
|inactive|supraxd has 60 seconds left.
|inactive|supraxd has 30 seconds left.
|inactive|supraxd has 20 seconds left.
|
|t:|1757842015
|move|p1a: Iron Jugulis|Flamethrower|p2a: Iron Treads
|-supereffective|p2a: Iron Treads
|-damage|p2a: Iron Treads|0 fnt
|faint|p2a: Iron Treads
|-end|p2a: Iron Treads|Quark Drive|[silent]
|
|-end|p1a: Iron Jugulis|move: Future Sight
|-immune|p1a: Iron Jugulis
|upkeep
|
|t:|1757842020
|switch|p2a: Rillaboom|Rillaboom, M|100/100
|-fieldstart|move: Grassy Terrain|[from] ability: Grassy Surge|[of] p2a: Rillaboom
|-end|p1a: Iron Jugulis|Quark Drive
|turn|4
|inactive|supraxd has 30 seconds left.
|inactive|supraxd has 20 seconds left.
|
|t:|1757842037
|switch|p2a: Greninja|Greninja, M|100/100
|move|p1a: Iron Jugulis|Hurricane|p2a: Greninja|[miss]
|-miss|p1a: Iron Jugulis|p2a: Greninja
|
|upkeep
|turn|5
|inactive|supraxd has 30 seconds left this turn.
|inactive|supraxd has 20 seconds left.
|inactive|supraxd has 15 seconds left.
|
|t:|1757842054
|-end|p1a: Iron Jugulis|Quark Drive|[silent]
|switch|p1a: Pincurchin|Pincurchin, M|100/100
|-fieldstart|move: Electric Terrain|[from] ability: Electric Surge|[of] p1a: Pincurchin
|move|p2a: Greninja|Hydro Pump|p1a: Pincurchin
|-damage|p1a: Pincurchin|15/100
|-damage|p2a: Greninja|91/100|[from] item: Life Orb
|
|upkeep
|turn|6
|inactive|supraxd has 25 seconds left this turn.
|
|t:|1757842064
|switch|p1a: Iron Hands|Iron Hands|100/100
|-activate|p1a: Iron Hands|ability: Quark Drive
|-start|p1a: Iron Hands|quarkdriveatk
|move|p2a: Greninja|Hydro Pump|p1a: Iron Hands
|-damage|p1a: Iron Hands|60/100
|-damage|p2a: Greninja|81/100|[from] item: Life Orb
|
|upkeep
|turn|7
|inactive|supraxd has 30 seconds left.
|inactive|supraxd has 20 seconds left.
|inactive|supraxd has 15 seconds left.
|inactive|supraxd has 10 seconds left.
|inactive|supraxd has 5 seconds left.
|
|t:|1757842098
|switch|p2a: Rillaboom|Rillaboom, M|100/100
|-fieldstart|move: Grassy Terrain|[from] ability: Grassy Surge|[of] p2a: Rillaboom
|-end|p1a: Iron Hands|Quark Drive
|move|p1a: Iron Hands|Supercell Slam|p2a: Rillaboom
|-resisted|p2a: Rillaboom
|-damage|p2a: Rillaboom|70/100
|
|-heal|p2a: Rillaboom|76/100|[from] Grassy Terrain
|-heal|p1a: Iron Hands|66/100|[from] Grassy Terrain
|upkeep
|turn|8
|inactive|supraxd has 15 seconds left this turn.
|inactive|supraxd has 10 seconds left.
|
|t:|1757842108
|move|p2a: Rillaboom|U-turn|p1a: Iron Hands
|-resisted|p1a: Iron Hands
|-damage|p1a: Iron Hands|57/100
|
|t:|1757842111
|switch|p2a: Moltres|Moltres|100/100|[from] U-turn
|move|p1a: Iron Hands|Ice Punch|p2a: Moltres
|-damage|p2a: Moltres|81/100
|
|-heal|p1a: Iron Hands|63/100|[from] Grassy Terrain
|upkeep
|turn|9
|inactive|supraxd has 25 seconds left this turn.
|inactive|supraxd has 20 seconds left.
|
|t:|1757842120
|-end|p1a: Iron Hands|Quark Drive|[silent]
|switch|p1a: Raichu|Raichu-Alola, F|100/100
|move|p2a: Moltres|Roost|p2a: Moltres
|-heal|p2a: Moltres|100/100
|-singleturn|p2a: Moltres|move: Roost
|
|upkeep
|turn|10
|inactive|supraxd has 30 seconds left this turn.
|
|t:|1757842128
|switch|p2a: Slowking|Slowking-Galar, M|100/100
|move|p1a: Raichu|Psychic Noise|p2a: Slowking
|-damage|p2a: Slowking|82/100
|-start|p2a: Slowking|move: Heal Block
|-damage|p1a: Raichu|91/100|[from] item: Life Orb
|
|-heal|p1a: Raichu|97/100|[from] Grassy Terrain
|upkeep
|turn|11
|inactive|supraxd has 30 seconds left.
|
|t:|1757842135
|move|p1a: Raichu|Volt Switch|p2a: Slowking
|-damage|p2a: Slowking|65/100
|-damage|p1a: Raichu|87/100|[from] item: Life Orb
|
|t:|1757842137
|switch|p1a: Pincurchin|Pincurchin, M|15/100|[from] Volt Switch
|-fieldstart|move: Electric Terrain|[from] ability: Electric Surge|[of] p1a: Pincurchin
|move|p2a: Slowking|Future Sight|p1a: Pincurchin
|-start|p2a: Slowking|move: Future Sight
|
|-end|p2a: Slowking|move: Heal Block
|upkeep
|turn|12
|
|t:|1757842141
|switch|p1a: Raichu|Raichu-Alola, F|87/100
|move|p2a: Slowking|Sludge Bomb|p1a: Raichu
|-damage|p1a: Raichu|28/100
|
|upkeep
|turn|13
|
|t:|1757842155
|move|p1a: Raichu|Psychic Noise|p2a: Slowking
|-damage|p2a: Slowking|48/100
|-start|p2a: Slowking|move: Heal Block
|-damage|p1a: Raichu|18/100|[from] item: Life Orb
|move|p2a: Slowking|Psychic Noise|p1a: Raichu
|-resisted|p1a: Raichu
|-crit|p1a: Raichu
|-damage|p1a: Raichu|0 fnt
|faint|p1a: Raichu
|
|-hint|Future Sight did not hit because the target is fainted.
|upkeep
|
|t:|1757842159
|switch|p1a: Iron Jugulis|Iron Jugulis|100/100
|-activate|p1a: Iron Jugulis|ability: Quark Drive
|-start|p1a: Iron Jugulis|quarkdrivespe
|turn|14
|
|t:|1757842175
|switch|p2a: Greninja|Greninja, M|81/100
|move|p1a: Iron Jugulis|Hurricane|p2a: Greninja
|-damage|p2a: Greninja|0 fnt
|faint|p2a: Greninja
|
|upkeep
|
|t:|1757842179
|switch|p2a: Rillaboom|Rillaboom, M|76/100
|-fieldstart|move: Grassy Terrain|[from] ability: Grassy Surge|[of] p2a: Rillaboom
|-end|p1a: Iron Jugulis|Quark Drive
|turn|15
|
|t:|1757842194
|move|p1a: Iron Jugulis|Hurricane|p2a: Rillaboom
|-supereffective|p2a: Rillaboom
|-damage|p2a: Rillaboom|0 fnt
|faint|p2a: Rillaboom
|
|upkeep
|
|t:|1757842197
|switch|p2a: Thundurus|Thundurus-Therian, M|100/100
|turn|16
|
|t:|1757842201
|-end|p1a: Iron Jugulis|Quark Drive|[silent]
|switch|p1a: Pincurchin|Pincurchin, M|15/100
|-fieldstart|move: Electric Terrain|[from] ability: Electric Surge|[of] p1a: Pincurchin
|move|p2a: Thundurus|Nasty Plot|p2a: Thundurus
|-boost|p2a: Thundurus|spa|2
|
|upkeep
|turn|17
|inactive|supraxd has 90 seconds left.
|
|t:|1757842212
|switch|p1a: Iron Hands|Iron Hands|63/100
|-activate|p1a: Iron Hands|ability: Quark Drive
|-start|p1a: Iron Hands|quarkdriveatk
|move|p2a: Thundurus|Thunderbolt|p1a: Iron Hands
|-resisted|p1a: Iron Hands
|-damage|p1a: Iron Hands|34/100
|
|upkeep
|turn|18
|
|t:|1757842226
|-terastallize|p2a: Thundurus|Fairy
|move|p2a: Thundurus|Tera Blast|p1a: Iron Hands|[anim] Tera Blast Fairy
|-supereffective|p1a: Iron Hands
|-damage|p1a: Iron Hands|0 fnt
|faint|p1a: Iron Hands
|-end|p1a: Iron Hands|Quark Drive|[silent]
|
|upkeep
|
|t:|1757842236
|switch|p1a: Iron Treads|Iron Treads|100/100
|-activate|p1a: Iron Treads|ability: Quark Drive
|-start|p1a: Iron Treads|quarkdrivespe
|turn|19
|
|t:|1757842240
|move|p1a: Iron Treads|Steel Beam|p2a: Thundurus
|-supereffective|p2a: Thundurus
|-damage|p2a: Thundurus|16/100
|-damage|p1a: Iron Treads|50/100|[from] steelbeam
|move|p2a: Thundurus|Grass Knot|p1a: Iron Treads
|-damage|p1a: Iron Treads|0 fnt
|faint|p1a: Iron Treads
|-end|p1a: Iron Treads|Quark Drive|[silent]
|
|upkeep
|
|t:|1757842250
|switch|p1a: Iron Jugulis|Iron Jugulis|100/100
|-activate|p1a: Iron Jugulis|ability: Quark Drive
|-start|p1a: Iron Jugulis|quarkdrivespe
|turn|20
|-message|BackuBlast forfeited.
|
|win|supraxd
|raw|supraxd's rating: 1169 &rarr; <strong>1199</strong><br />(+30 for winning)
|raw|BackuBlast's rating: 1236 &rarr; <strong>1206</strong><br />(-30 for losing)
|l|☆BackuBlast
|player|p2|
|l|☆supraxd
|player|p1|
