|j|☆mathismathin
|j|☆SamiFawad
|t:|1757962928
|gametype|singles
|player|p1|mathismathin|hilbert|1594
|player|p2|SamiFawad|170|1675
|gen|9
|tier|[Gen 9] OU
|rated|
|rule|HP Percentage Mod: HP is shown in percentages
|rule|Endless Battle Clause: Forcing endless battles is banned
|rule|Species Clause: Limit one of each Pokémon
|rule|OHKO Clause: OHKO moves are banned
|rule|Evasion Items Clause: Evasion items are banned
|rule|Evasion Moves Clause: Evasion moves are banned
|rule|Evasion Abilities Clause: Evasion abilities are banned
|rule|Sleep Moves Clause: Sleep-inducing moves are banned
|clearpoke
|poke|p1|Inteleon, F|
|poke|p1|Zapdos|
|poke|p1|Iron Crown|
|poke|p1|Iron Valiant|
|poke|p1|Glimmora, M|
|poke|p1|Arboliva, M|
|poke|p2|Slowking-Galar, F|
|poke|p2|Pecharunt|
|poke|p2|Garchomp, F|
|poke|p2|Samurott-Hisui, F|
|poke|p2|Kyurem|
|poke|p2|Great Tusk|
|teampreview
|j| StarlyStarmie
|
|t:|1757962938
|teamsize|p1|6
|teamsize|p2|6
|start
|switch|p1a: Arboliva|Arboliva, M|100/100
|switch|p2a: Samurott|Samurott-Hisui, F|100/100
|turn|1
|l| StarlyStarmie
|
|t:|1757962945
|move|p2a: Samurott|Ceaseless Edge|p1a: Arboliva
|-damage|p1a: Arboliva|51/100
|-fieldstart|move: Grassy Terrain|[from] ability: Seed Sower|[of] p1a: Arboliva
|-sidestart|p1: mathismathin|Spikes
|move|p1a: Arboliva|Giga Drain|p2a: Samurott
|-supereffective|p2a: Samurott
|-enditem|p2a: Samurott|Focus Sash
|-damage|p2a: Samurott|1/100
|-heal|p1a: Arboliva|96/100|[from] drain|[of] p2a: Samurott
|
|-heal|p2a: Samurott|7/100|[from] Grassy Terrain
|-heal|p1a: Arboliva|100/100|[from] Grassy Terrain
|upkeep
|turn|2
|
|t:|1757962959
|move|p2a: Samurott|Ceaseless Edge|p1a: Arboliva
|-damage|p1a: Arboliva|55/100
|-sidestart|p1: mathismathin|Spikes
|move|p1a: Arboliva|Giga Drain|p2a: Samurott
|-supereffective|p2a: Samurott
|-damage|p2a: Samurott|0 fnt
|-heal|p1a: Arboliva|58/100|[from] drain|[of] p2a: Samurott
|faint|p2a: Samurott
|
|-heal|p1a: Arboliva|64/100|[from] Grassy Terrain
|-heal|p1a: Arboliva|70/100|[from] item: Leftovers
|upkeep
|
|t:|1757962970
|switch|p2a: Pecharunt|Pecharunt|100/100
|turn|3
|
|t:|1757962975
|move|p2a: Pecharunt|Parting Shot|p1a: Arboliva
|-unboost|p1a: Arboliva|atk|1
|-unboost|p1a: Arboliva|spa|1
|
|t:|1757962979
|switch|p2a: Slowking|Slowking-Galar, F|100/100|[from] Parting Shot
|move|p1a: Arboliva|Mirror Coat||[still]
|-fail|p1a: Arboliva
|
|-heal|p1a: Arboliva|77/100|[from] Grassy Terrain
|-heal|p1a: Arboliva|83/100|[from] item: Leftovers
|upkeep
|turn|4
|
|t:|1757962983
|move|p2a: Slowking|Future Sight|p1a: Arboliva
|-start|p2a: Slowking|move: Future Sight
|move|p1a: Arboliva|Mirror Coat||[still]
|-fail|p1a: Arboliva
|
|-heal|p1a: Arboliva|89/100|[from] Grassy Terrain
|-heal|p1a: Arboliva|95/100|[from] item: Leftovers
|upkeep
|turn|5
|
|t:|1757962989
|switch|p1a: Iron Crown|Iron Crown|100/100
|-damage|p1a: Iron Crown|84/100|[from] Spikes
|move|p2a: Slowking|Sludge Bomb|p1a: Iron Crown
|-immune|p1a: Iron Crown
|
|-heal|p1a: Iron Crown|90/100|[from] Grassy Terrain
|-fieldend|move: Grassy Terrain
|upkeep
|turn|6
|
|t:|1757962996
|move|p1a: Iron Crown|Tachyon Cutter|p2a: Slowking
|-damage|p2a: Slowking|88/100
|-damage|p2a: Slowking|76/100
|-hitcount|p2a: Slowking|2
|move|p2a: Slowking|Flamethrower|p1a: Iron Crown
|-supereffective|p1a: Iron Crown
|-damage|p1a: Iron Crown|34/100
|
|-end|p1a: Iron Crown|move: Future Sight
|-resisted|p1a: Iron Crown
|-damage|p1a: Iron Crown|19/100
|upkeep
|turn|7
|
|t:|1757963003
|move|p1a: Iron Crown|Tachyon Cutter|p2a: Slowking
|-damage|p2a: Slowking|62/100
|-damage|p2a: Slowking|48/100
|-hitcount|p2a: Slowking|2
|move|p2a: Slowking|Future Sight|p1a: Iron Crown
|-start|p2a: Slowking|move: Future Sight
|
|upkeep
|turn|8
|
|t:|1757963007
|move|p1a: Iron Crown|Tachyon Cutter|p2a: Slowking
|-damage|p2a: Slowking|35/100
|-damage|p2a: Slowking|22/100
|-hitcount|p2a: Slowking|2
|move|p2a: Slowking|Flamethrower|p1a: Iron Crown
|-supereffective|p1a: Iron Crown
|-damage|p1a: Iron Crown|0 fnt
|faint|p1a: Iron Crown
|-end|p1a: Iron Crown|Quark Drive|[silent]
|
|upkeep
|
|t:|1757963018
|switch|p1a: Inteleon|Inteleon, F|100/100
|-damage|p1a: Inteleon|84/100|[from] Spikes
|turn|9
|
|t:|1757963023
|switch|p2a: Kyurem|Kyurem|100/100
|-ability|p2a: Kyurem|Pressure
|move|p1a: Inteleon|Snipe Shot|p2a: Kyurem
|-resisted|p2a: Kyurem
|-damage|p2a: Kyurem|80/100
|
|-end|p1a: Inteleon|move: Future Sight
|-damage|p1a: Inteleon|0 fnt
|faint|p1a: Inteleon
|upkeep
|
|t:|1757963031
|switch|p1a: seek help|Iron Valiant|100/100
|-damage|p1a: seek help|84/100|[from] Spikes
|-enditem|p1a: seek help|Booster Energy
|-activate|p1a: seek help|ability: Quark Drive|[fromitem]
|-start|p1a: seek help|quarkdrivespe
|turn|10
|
|t:|1757963036
|switch|p2a: Pecharunt|Pecharunt|100/100
|move|p1a: seek help|Calm Mind|p1a: seek help
|-boost|p1a: seek help|spa|1
|-boost|p1a: seek help|spd|1
|
|upkeep
|turn|11
|
|t:|1757963049
|-terastallize|p1a: seek help|Stellar
|move|p1a: seek help|Shadow Ball|p2a: Pecharunt
|-supereffective|p2a: Pecharunt
|-damage|p2a: Pecharunt|4/100
|move|p2a: Pecharunt|Shadow Ball|p1a: seek help
|-damage|p1a: seek help|39/100
|-unboost|p1a: seek help|spd|1
|
|upkeep
|turn|12
|
|t:|1757963060
|move|p1a: seek help|Shadow Ball|p2a: Pecharunt
|-supereffective|p2a: Pecharunt
|-damage|p2a: Pecharunt|0 fnt
|faint|p2a: Pecharunt
|
|upkeep
|
|t:|1757963067
|switch|p2a: Slowking|Slowking-Galar, F|55/100
|turn|13
|
|t:|1757963077
|-terastallize|p2a: Slowking|Fire
|move|p1a: seek help|Shadow Ball|p2a: Slowking
|-damage|p2a: Slowking|33/100
|move|p2a: Slowking|Sludge Bomb|p1a: seek help
|-supereffective|p1a: seek help
|-damage|p1a: seek help|0 fnt
|faint|p1a: seek help
|-end|p1a: seek help|Quark Drive|[silent]
|
|upkeep
|
|t:|1757963150
|switch|p1a: Zapdos|Zapdos|100/100
|turn|14
|
|t:|1757963153
|switch|p2a: Garchomp|Garchomp, F|100/100
|move|p1a: Zapdos|Metal Sound|p2a: Garchomp
|-unboost|p2a: Garchomp|spd|2
|-enditem|p1a: Zapdos|Throat Spray
|-boost|p1a: Zapdos|spa|1|[from] item: Throat Spray
|
|upkeep
|turn|15
|
|t:|1757963181
|switch|p2a: Kyurem|Kyurem|80/100
|-ability|p2a: Kyurem|Pressure
|move|p1a: Zapdos|Hurricane|p2a: Kyurem
|-damage|p2a: Kyurem|4/100
|
|upkeep
|turn|16
|
|t:|1757963188
|move|p2a: Kyurem|Ice Beam|p1a: Zapdos
|-supereffective|p1a: Zapdos
|-damage|p1a: Zapdos|0 fnt
|faint|p1a: Zapdos
|
|upkeep
|
|t:|1757963193
|switch|p1a: Glimmora|Glimmora, M, shiny|100/100
|-damage|p1a: Glimmora|84/100|[from] Spikes
|turn|17
|
|t:|1757963205
|move|p2a: Kyurem|Ice Beam|p1a: Glimmora
|-damage|p1a: Glimmora|14/100
|move|p1a: Glimmora|Dazzling Gleam|p2a: Kyurem
|-supereffective|p2a: Kyurem
|-damage|p2a: Kyurem|0 fnt
|faint|p2a: Kyurem
|
|upkeep
|
|t:|1757963216
|switch|p2a: Great Tusk|Great Tusk|100/100
|turn|18
|
|t:|1757963252
|move|p1a: Glimmora|Dazzling Gleam|p2a: Great Tusk
|-supereffective|p2a: Great Tusk
|-damage|p2a: Great Tusk|25/100
|move|p2a: Great Tusk|Knock Off|p1a: Glimmora
|-damage|p1a: Glimmora|0 fnt
|-activate|p1a: Glimmora|ability: Toxic Debris
|-sidestart|p2: SamiFawad|move: Toxic Spikes
|-enditem|p1a: Glimmora|Power Herb|[from] move: Knock Off|[of] p2a: Great Tusk
|faint|p1a: Glimmora
|
|upkeep
|
|t:|1757963254
|switch|p1a: Arboliva|Arboliva, M|95/100
|-damage|p1a: Arboliva|78/100|[from] Spikes
|turn|19
|
|t:|1757963258
|move|p2a: Great Tusk|Rapid Spin|p1a: Arboliva
|-damage|p1a: Arboliva|63/100
|-boost|p2a: Great Tusk|spe|1
|-fieldstart|move: Grassy Terrain|[from] ability: Seed Sower|[of] p1a: Arboliva
|-sideend|p2: SamiFawad|Toxic Spikes|[from] move: Rapid Spin|[of] p2a: Great Tusk
|move|p1a: Arboliva|Giga Drain|p2a: Great Tusk
|-supereffective|p2a: Great Tusk
|-damage|p2a: Great Tusk|0 fnt
|-heal|p1a: Arboliva|78/100|[from] drain|[of] p2a: Great Tusk
|faint|p2a: Great Tusk
|-end|p2a: Great Tusk|Protosynthesis|[silent]
|
|-heal|p1a: Arboliva|84/100|[from] Grassy Terrain
|-heal|p1a: Arboliva|90/100|[from] item: Leftovers
|upkeep
|
|t:|1757963265
|switch|p2a: Slowking|Slowking-Galar, F, tera:Fire|66/100
|turn|20
|
|t:|1757963286
|move|p2a: Slowking|Future Sight|p1a: Arboliva
|-start|p2a: Slowking|move: Future Sight
|move|p1a: Arboliva|Mirror Coat||[still]
|-fail|p1a: Arboliva
|
|-heal|p1a: Arboliva|96/100|[from] Grassy Terrain
|-heal|p1a: Arboliva|100/100|[from] item: Leftovers
|-heal|p2a: Slowking|72/100|[from] Grassy Terrain
|upkeep
|turn|21
|
|t:|1757963290
|switch|p2a: Garchomp|Garchomp, F|100/100
|move|p1a: Arboliva|Mirror Coat||[still]
|-fail|p1a: Arboliva
|
|upkeep
|turn|22
|
|t:|1757963311
|switch|p2a: Slowking|Slowking-Galar, F, tera:Fire|100/100
|move|p1a: Arboliva|Strength Sap|p2a: Slowking
|-unboost|p2a: Slowking|atk|1
|
|-end|p1a: Arboliva|move: Future Sight
|-damage|p1a: Arboliva|49/100
|-heal|p1a: Arboliva|55/100|[from] Grassy Terrain
|-heal|p1a: Arboliva|61/100|[from] item: Leftovers
|upkeep
|turn|23
|
|t:|1757963319
|move|p1a: Arboliva|Giga Drain|p2a: Slowking
|-resisted|p2a: Slowking
|-damage|p2a: Slowking|87/100
|-heal|p1a: Arboliva|69/100|[from] drain|[of] p2a: Slowking
|move|p2a: Slowking|Future Sight|p1a: Arboliva
|-start|p2a: Slowking|move: Future Sight
|
|-heal|p1a: Arboliva|75/100|[from] Grassy Terrain
|-heal|p1a: Arboliva|81/100|[from] item: Leftovers
|-heal|p2a: Slowking|93/100|[from] Grassy Terrain
|-fieldend|move: Grassy Terrain
|upkeep
|turn|24
|
|t:|1757963346
|move|p2a: Slowking|Flamethrower|p1a: Arboliva
|-supereffective|p1a: Arboliva
|-damage|p1a: Arboliva|5/100
|-fieldstart|move: Grassy Terrain|[from] ability: Seed Sower|[of] p1a: Arboliva
|move|p1a: Arboliva|Mirror Coat|p2a: Slowking
|-damage|p2a: Slowking|0 fnt
|faint|p2a: Slowking
|
|-heal|p1a: Arboliva|11/100|[from] Grassy Terrain
|-heal|p1a: Arboliva|17/100|[from] item: Leftovers
|upkeep
|
|t:|1757963352
|switch|p2a: Garchomp|Garchomp, F|100/100
|turn|25
|
|t:|1757963360
|move|p2a: Garchomp|Flamethrower|p1a: Arboliva
|-supereffective|p1a: Arboliva
|-damage|p1a: Arboliva|0 fnt
|faint|p1a: Arboliva
|
|win|SamiFawad
|raw|mathismathin's rating: 1594 &rarr; <strong>1579</strong><br />(-15 for losing)
|raw|SamiFawad's rating: 1675 &rarr; <strong>1690</strong><br />(+15 for winning)
