|j|☆Gen1OGBaby
|j|☆misshan
|t:|1757849204
|gametype|singles
|player|p1|Gen1OGBaby|265|1000
|player|p2|misshan|dawn|1052
|gen|9
|tier|[Gen 9] OU
|rated|
|rule|HP Percentage Mod: HP is shown in percentages
|rule|Endless Battle Clause: Forcing endless battles is banned
|rule|Species Clause: Limit one of each Pokémon
|rule|OHKO Clause: OHKO moves are banned
|rule|Evasion Items Clause: Evasion items are banned
|rule|Evasion Moves Clause: Evasion moves are banned
|rule|Evasion Abilities Clause: Evasion abilities are banned
|rule|Sleep Moves Clause: Sleep-inducing moves are banned
|clearpoke
|poke|p1|Pikachu-Sinnoh, M|
|poke|p1|Moltres|
|poke|p1|Gyarados, M|
|poke|p1|Vileplume, M|
|poke|p1|Primeape, M|
|poke|p1|Blastoise, F|
|poke|p2|Gliscor, F|
|poke|p2|Dragonite, M|
|poke|p2|Scizor, M|
|poke|p2|Serperior, M|
|poke|p2|Mamoswine, M|
|poke|p2|Conkeldurr, F|
|teampreview
|inactive|Battle timer is ON: inactive players will automatically lose when time's up. (requested by Gen1OGBaby)
|inactive|Gen1OGBaby has 120 seconds left.
|
|t:|1757849242
|teamsize|p1|6
|teamsize|p2|6
|start
|switch|p1a: Cash me outside|Primeape, M, shiny|100/100
|switch|p2a: Gliscor|Gliscor, F|100/100
|turn|1
|
|t:|1757849249
|move|p2a: Gliscor|Stealth Rock|p1a: Cash me outside
|-sidestart|p1: Gen1OGBaby|move: Stealth Rock
|move|p1a: Cash me outside|Stealth Rock|p2a: Gliscor
|-sidestart|p2: misshan|move: Stealth Rock
|
|-status|p2a: Gliscor|tox|[from] item: Toxic Orb
|upkeep
|turn|2
|
|t:|1757849254
|move|p2a: Gliscor|Toxic Spikes|p1a: Cash me outside
|-sidestart|p1: Gen1OGBaby|move: Toxic Spikes
|move|p1a: Cash me outside|Bulk Up|p1a: Cash me outside
|-boost|p1a: Cash me outside|atk|1
|-boost|p1a: Cash me outside|def|1
|
|upkeep
|turn|3
|
|t:|1757849262
|move|p2a: Gliscor|Protect|p2a: Gliscor
|-singleturn|p2a: Gliscor|Protect
|move|p1a: Cash me outside|Bulk Up|p1a: Cash me outside
|-boost|p1a: Cash me outside|atk|1
|-boost|p1a: Cash me outside|def|1
|
|upkeep
|turn|4
|
|t:|1757849269
|switch|p2a: Conkeldurr|Conkeldurr, F|100/100
|-damage|p2a: Conkeldurr|95/100|[from] Stealth Rock
|move|p1a: Cash me outside|Bulk Up|p1a: Cash me outside
|-boost|p1a: Cash me outside|atk|1
|-boost|p1a: Cash me outside|def|1
|
|upkeep
|turn|5
|
|t:|1757849277
|move|p1a: Cash me outside|Bulk Up|p1a: Cash me outside
|-boost|p1a: Cash me outside|atk|1
|-boost|p1a: Cash me outside|def|1
|move|p2a: Conkeldurr|Defog|p1a: Cash me outside
|-unboost|p1a: Cash me outside|evasion|1
|-ability|p1a: Cash me outside|Defiant|boost
|-boost|p1a: Cash me outside|atk|2
|-sideend|p1: Gen1OGBaby|Toxic Spikes|[from] move: Defog|[of] p2a: Conkeldurr
|-sideend|p1: Gen1OGBaby|Stealth Rock|[from] move: Defog|[of] p2a: Conkeldurr
|-sideend|p2: misshan|Stealth Rock|[from] move: Defog|[of] p2a: Conkeldurr
|
|upkeep
|turn|6
|-message|misshan forfeited.
|
|win|Gen1OGBaby
|raw|Gen1OGBaby's rating: 1000 &rarr; <strong>1046</strong><br />(+46 for winning)
|raw|misshan's rating: 1052 &rarr; <strong>1032</strong><br />(-20 for losing)
|l|☆misshan
|player|p2|
