|j|☆Moistham
|j|☆Ryan's World
|t:|1757812134
|gametype|singles
|player|p1|Moistham|102|1445
|player|p2|Ryan's World|1|1496
|gen|9
|tier|[Gen 9] OU
|rated|
|rule|HP Percentage Mod: HP is shown in percentages
|rule|Endless Battle Clause: Forcing endless battles is banned
|rule|Species Clause: Limit one of each Pokémon
|rule|OHKO Clause: OHKO moves are banned
|rule|Evasion Items Clause: Evasion items are banned
|rule|Evasion Moves Clause: Evasion moves are banned
|rule|Evasion Abilities Clause: Evasion abilities are banned
|rule|Sleep Moves Clause: Sleep-inducing moves are banned
|clearpoke
|poke|p1|Blaziken, M|
|poke|p1|Metagross|
|poke|p1|Salamence, F|
|poke|p1|Ambipom, M|
|poke|p1|Houndstone, F|
|poke|p1|Iron Hands|
|poke|p2|Hatterene, F|
|poke|p2|Iron Valiant|
|poke|p2|Scizor, M|
|poke|p2|Ting-Lu|
|poke|p2|Corviknight, M|
|poke|p2|Ogerpon-Wellspring, F|
|teampreview
|inactive|Battle timer is ON: inactive players will automatically lose when time's up. (requested by Ryan's World)
|
|t:|1757812149
|teamsize|p1|6
|teamsize|p2|6
|start
|switch|p1a: Iron Hands|Iron Hands|100/100
|switch|p2a: Iron Valiant|Iron Valiant|100/100
|-enditem|p1a: Iron Hands|Booster Energy
|-activate|p1a: Iron Hands|ability: Quark Drive|[fromitem]
|-start|p1a: Iron Hands|quarkdriveatk
|turn|1
|
|t:|1757812162
|-end|p2a: Iron Valiant|Quark Drive|[silent]
|switch|p2a: Ting-Lu|Ting-Lu|100/100
|-ability|p2a: Ting-Lu|Vessel of Ruin
|move|p1a: Iron Hands|Fake Out|p2a: Ting-Lu
|-damage|p2a: Ting-Lu|89/100
|
|-heal|p2a: Ting-Lu|95/100|[from] item: Leftovers
|upkeep
|turn|2
|
|t:|1757812174
|switch|p2a: Hatterene|Hatterene, F|100/100
|move|p1a: Iron Hands|Drain Punch|p2a: Hatterene
|-resisted|p2a: Hatterene
|-damage|p2a: Hatterene|85/100
|
|upkeep
|turn|3
|
|t:|1757812177
|move|p1a: Iron Hands|Thunder Punch|p2a: Hatterene
|-damage|p2a: Hatterene|18/100
|move|p2a: Hatterene|Draining Kiss|p1a: Iron Hands
|-supereffective|p1a: Iron Hands
|-damage|p1a: Iron Hands|63/100
|-heal|p2a: Hatterene|64/100|[from] drain|[of] p1a: Iron Hands
|
|upkeep
|turn|4
|
|t:|1757812190
|move|p1a: Iron Hands|Thunder Punch|p2a: Hatterene
|-damage|p2a: Hatterene|0 fnt
|faint|p2a: Hatterene
|
|upkeep
|
|t:|1757812192
|switch|p2a: Iron Valiant|Iron Valiant|100/100
|turn|5
|
|t:|1757812197
|move|p2a: Iron Valiant|Moonblast|p1a: Iron Hands
|-supereffective|p1a: Iron Hands
|-damage|p1a: Iron Hands|0 fnt
|faint|p1a: Iron Hands
|-end|p1a: Iron Hands|Quark Drive|[silent]
|
|upkeep
|inactive|Moistham has 120 seconds left.
|
|t:|1757812241
|switch|p1a: Metagross|Metagross|100/100
|turn|6
|
|t:|1757812250
|-end|p2a: Iron Valiant|Quark Drive|[silent]
|switch|p2a: Ting-Lu|Ting-Lu|95/100
|-ability|p2a: Ting-Lu|Vessel of Ruin
|move|p1a: Metagross|Agility|p1a: Metagross
|-boost|p1a: Metagross|spe|2
|
|-heal|p2a: Ting-Lu|100/100|[from] item: Leftovers
|upkeep
|turn|7
|
|t:|1757812276
|move|p1a: Metagross|Brick Break|p2a: Ting-Lu
|-supereffective|p2a: Ting-Lu
|-damage|p2a: Ting-Lu|77/100
|move|p2a: Ting-Lu|Earthquake|p1a: Metagross
|-supereffective|p1a: Metagross
|-damage|p1a: Metagross|37/100
|
|-heal|p2a: Ting-Lu|83/100|[from] item: Leftovers
|upkeep
|turn|8
|
|t:|1757812283
|move|p1a: Metagross|Brick Break|p2a: Ting-Lu
|-supereffective|p2a: Ting-Lu
|-damage|p2a: Ting-Lu|61/100
|move|p2a: Ting-Lu|Earthquake|p1a: Metagross
|-supereffective|p1a: Metagross
|-damage|p1a: Metagross|0 fnt
|faint|p1a: Metagross
|
|-heal|p2a: Ting-Lu|67/100|[from] item: Leftovers
|upkeep
|
|t:|1757812294
|switch|p1a: Ambipom|Ambipom, M|100/100
|turn|9
|
|t:|1757812300
|switch|p2a: Corviknight|Corviknight, M|100/100
|-ability|p2a: Corviknight|Pressure
|move|p1a: Ambipom|Triple Axel|p2a: Corviknight
|-damage|p2a: Corviknight|95/100
|-damage|p1a: Ambipom|84/100|[from] item: Rocky Helmet|[of] p2a: Corviknight
|-hitcount|p2a: Corviknight|1
|
|upkeep
|turn|10
|
|t:|1757812303
|move|p1a: Ambipom|Triple Axel|p2a: Corviknight
|-damage|p2a: Corviknight|90/100
|-damage|p1a: Ambipom|68/100|[from] item: Rocky Helmet|[of] p2a: Corviknight
|-hitcount|p2a: Corviknight|1
|move|p2a: Corviknight|Brave Bird|p1a: Ambipom
|-damage|p1a: Ambipom|4/100
|-damage|p2a: Corviknight|74/100|[from] Recoil
|
|upkeep
|turn|11
|
|t:|1757812307
|move|p1a: Ambipom|Triple Axel|p2a: Corviknight|[miss]
|-miss|p1a: Ambipom|p2a: Corviknight
|move|p2a: Corviknight|Roost|p2a: Corviknight
|-heal|p2a: Corviknight|100/100
|-singleturn|p2a: Corviknight|move: Roost
|
|upkeep
|turn|12
|
|t:|1757812309
|move|p1a: Ambipom|Triple Axel|p2a: Corviknight
|-damage|p2a: Corviknight|95/100
|-damage|p1a: Ambipom|0 fnt|[from] item: Rocky Helmet|[of] p2a: Corviknight
|faint|p1a: Ambipom
|-hitcount|p2a: Corviknight|1
|move|p2a: Corviknight|U-turn|p1: Ambipom|[notarget]
|-fail|p2a: Corviknight
|
|upkeep
|
|t:|1757812312
|switch|p1a: Salamence|Salamence, F|100/100
|turn|13
|
|t:|1757812316
|move|p1a: Salamence|Dragon Dance|p1a: Salamence
|-boost|p1a: Salamence|atk|1
|-boost|p1a: Salamence|spe|1
|move|p2a: Corviknight|U-turn|p1a: Salamence
|-resisted|p1a: Salamence
|-damage|p1a: Salamence|91/100
|
|t:|1757812318
|switch|p2a: Iron Valiant|Iron Valiant|100/100|[from] U-turn
|
|upkeep
|turn|14
|
|t:|1757812325
|-terastallize|p1a: Salamence|Fire
|move|p2a: Iron Valiant|Moonblast|p1a: Salamence
|-resisted|p1a: Salamence
|-damage|p1a: Salamence|63/100
|move|p1a: Salamence|Dragon Dance|p1a: Salamence
|-boost|p1a: Salamence|atk|1
|-boost|p1a: Salamence|spe|1
|
|upkeep
|turn|15
|
|t:|1757812332
|move|p1a: Salamence|Dragon Dance|p1a: Salamence
|-boost|p1a: Salamence|atk|1
|-boost|p1a: Salamence|spe|1
|move|p2a: Iron Valiant|Moonblast|p1a: Salamence
|-resisted|p1a: Salamence
|-damage|p1a: Salamence|33/100
|-unboost|p1a: Salamence|spa|1
|
|upkeep
|turn|16
|
|t:|1757812334
|move|p1a: Salamence|Dual Wingbeat|p2a: Iron Valiant
|-supereffective|p2a: Iron Valiant
|-damage|p2a: Iron Valiant|0 fnt
|faint|p2a: Iron Valiant
|-end|p2a: Iron Valiant|Quark Drive|[silent]
|-ability|p1a: Salamence|Moxie|boost
|-boost|p1a: Salamence|atk|1
|-hitcount|p2: Iron Valiant|1
|
|upkeep
|
|t:|1757812342
|switch|p2a: Ting-Lu|Ting-Lu|67/100
|-ability|p2a: Ting-Lu|Vessel of Ruin
|turn|17
|
|t:|1757812347
|move|p1a: Salamence|Dual Wingbeat|p2a: Ting-Lu
|-damage|p2a: Ting-Lu|28/100
|-damage|p2a: Ting-Lu|0 fnt
|faint|p2a: Ting-Lu
|-ability|p1a: Salamence|Moxie|boost
|-boost|p1a: Salamence|atk|1
|-hitcount|p2: Ting-Lu|2
|
|upkeep
|
|t:|1757812354
|switch|p2a: Corviknight|Corviknight, M|95/100
|-ability|p2a: Corviknight|Pressure
|turn|18
|
|t:|1757812356
|move|p1a: Salamence|Temper Flare|p2a: Corviknight
|-supereffective|p2a: Corviknight
|-damage|p2a: Corviknight|0 fnt
|-damage|p1a: Salamence|17/100|[from] item: Rocky Helmet|[of] p2a: Corviknight
|faint|p2a: Corviknight
|-ability|p1a: Salamence|Moxie|boost
|-boost|p1a: Salamence|atk|1
|
|upkeep
|
|t:|1757812360
|switch|p2a: Scizor|Scizor, M|100/100
|turn|19
|
|t:|1757812361
|-terastallize|p2a: Scizor|Steel
|move|p2a: Scizor|Bullet Punch|p1a: Salamence
|-resisted|p1a: Salamence
|-damage|p1a: Salamence|0 fnt
|faint|p1a: Salamence
|
|upkeep
|
|t:|1757812364
|switch|p1a: Blaziken|Blaziken, M|100/100
|turn|20
|
|t:|1757812366
|switch|p2a: Ogerpon|Ogerpon-Wellspring, F|100/100
|move|p1a: Blaziken|Flare Blitz|p2a: Ogerpon
|-damage|p2a: Ogerpon|0 fnt
|faint|p2a: Ogerpon
|-damage|p1a: Blaziken|68/100|[from] Recoil
|-damage|p1a: Blaziken|58/100|[from] item: Life Orb
|
|-ability|p1a: Blaziken|Speed Boost|boost
|-boost|p1a: Blaziken|spe|1
|upkeep
|-message|Ryan's World forfeited.
|
|win|Moistham
|raw|Moistham's rating: 1445 &rarr; <strong>1468</strong><br />(+23 for winning)
|raw|Ryan&apos;s World's rating: 1496 &rarr; <strong>1473</strong><br />(-23 for losing)
|l|☆Ryan's World
|player|p2|
