|j|☆clail
|j|☆fafewf
|t:|1757809667
|gametype|singles
|player|p1|clail|170|1588
|player|p2|fafewf|wallace|1723
|gen|9
|tier|[Gen 9] OU
|rated|
|rule|HP Percentage Mod: HP is shown in percentages
|rule|Endless Battle Clause: Forcing endless battles is banned
|rule|Species Clause: Limit one of each Pokémon
|rule|OHKO Clause: OHKO moves are banned
|rule|Evasion Items Clause: Evasion items are banned
|rule|Evasion Moves Clause: Evasion moves are banned
|rule|Evasion Abilities Clause: Evasion abilities are banned
|rule|Sleep Moves Clause: Sleep-inducing moves are banned
|clearpoke
|poke|p1|Ribombee, F|
|poke|p1|Ogerpon-Wellspring, F|
|poke|p1|Great Tusk|
|poke|p1|Gholdengo|
|poke|p1|Ceruledge, F|
|poke|p1|Glimmora, M|
|poke|p2|Suicune|
|poke|p2|Corviknight, F|
|poke|p2|Cresselia, F|
|poke|p2|Darkrai|
|poke|p2|Landorus-Therian, M|
|poke|p2|Skeledirge, M|
|teampreview
|
|t:|1757809672
|teamsize|p1|6
|teamsize|p2|6
|start
|switch|p1a: Ribombee|Ribombee, F|100/100
|switch|p2a: The Light|Cresselia, F|100/100
|turn|1
|
|t:|1757809674
|move|p2a: The Light|Trick|p1a: Ribombee
|-activate|p2a: The Light|move: Trick|[of] p1a: Ribombee
|-item|p1a: Ribombee|Choice Scarf|[from] move: Trick
|-item|p2a: The Light|Focus Sash|[from] move: Trick
|move|p1a: Ribombee|Sticky Web|p2a: The Light
|-sidestart|p2: fafewf|move: Sticky Web
|
|upkeep
|turn|2
|
|t:|1757809682
|switch|p1a: Ogerpon|Ogerpon-Wellspring, F|100/100
|move|p2a: The Light|Light Screen|p2a: The Light
|-sidestart|p2: fafewf|move: Light Screen
|
|upkeep
|turn|3
|
|t:|1757809685
|move|p1a: Ogerpon|Encore|p2a: The Light
|-start|p2a: The Light|Encore
|move|p2a: The Light|Light Screen||[still]
|-fail|p2a: The Light
|
|upkeep
|turn|4
|
|t:|1757809696
|switch|p2a: The Indomitable|Suicune|100/100
|-activate|p2a: The Indomitable|move: Sticky Web
|-unboost|p2a: The Indomitable|spe|1
|-ability|p2a: The Indomitable|Pressure
|move|p1a: Ogerpon|Ivy Cudgel|p2a: The Indomitable|[anim] Ivy Cudgel Water
|-resisted|p2a: The Indomitable
|-damage|p2a: The Indomitable|77/100
|
|-heal|p2a: The Indomitable|83/100|[from] item: Leftovers
|upkeep
|turn|5
|
|t:|1757809699
|switch|p2a: Landorus.|Landorus-Therian, M|100/100
|-ability|p2a: Landorus.|Intimidate|boost
|-unboost|p1a: Ogerpon|atk|1
|move|p1a: Ogerpon|Ivy Cudgel|p2a: Landorus.|[anim] Ivy Cudgel Water
|-supereffective|p2a: Landorus.
|-crit|p2a: Landorus.
|-damage|p2a: Landorus.|0 fnt
|faint|p2a: Landorus.
|
|upkeep
|
|t:|1757809723
|switch|p2a: The Menace|Darkrai|100/100
|-activate|p2a: The Menace|move: Sticky Web
|-unboost|p2a: The Menace|spe|1
|turn|6
|
|t:|1757809736
|move|p1a: Ogerpon|U-turn|p2a: The Menace
|-supereffective|p2a: The Menace
|-damage|p2a: The Menace|56/100
|
|t:|1757809742
|switch|p1a: Ribombee|Ribombee, F|100/100|[from] U-turn
|move|p2a: The Menace|Sludge Bomb|p1a: Ribombee
|-supereffective|p1a: Ribombee
|-damage|p1a: Ribombee|0 fnt
|faint|p1a: Ribombee
|
|-heal|p2a: The Menace|62/100|[from] item: Leftovers
|-sideend|p2: fafewf|move: Light Screen
|upkeep
|
|t:|1757809748
|switch|p1a: Ogerpon|Ogerpon-Wellspring, F|100/100
|turn|7
|
|t:|1757809755
|switch|p2a: The Replacement|Corviknight, F|100/100
|-ability|p2a: The Replacement|Pressure
|move|p1a: Ogerpon|Power Whip|p2a: The Replacement
|-resisted|p2a: The Replacement
|-damage|p2a: The Replacement|90/100
|-damage|p1a: Ogerpon|84/100|[from] item: Rocky Helmet|[of] p2a: The Replacement
|
|upkeep
|turn|8
|
|t:|1757809795
|switch|p1a: Gholdengo|Gholdengo|100/100
|-item|p1a: Gholdengo|Air Balloon
|switch|p2a: The Light|Cresselia, F|100/100
|
|upkeep
|turn|9
|
|t:|1757809798
|move|p2a: The Light|Trick|p1a: Gholdengo
|-immune|p1a: Gholdengo|[from] ability: Good as Gold
|move|p1a: Gholdengo|Nasty Plot|p1a: Gholdengo
|-boost|p1a: Gholdengo|spa|2
|
|upkeep
|turn|10
|
|t:|1757809804
|move|p2a: The Light|Light Screen|p2a: The Light
|-sidestart|p2: fafewf|move: Light Screen
|move|p1a: Gholdengo|Nasty Plot|p1a: Gholdengo
|-boost|p1a: Gholdengo|spa|2
|
|upkeep
|turn|11
|
|t:|1757809806
|switch|p2a: The Unbothered|Skeledirge, M|100/100
|move|p1a: Gholdengo|Shadow Ball|p2a: The Unbothered
|-supereffective|p2a: The Unbothered
|-damage|p2a: The Unbothered|68/100
|
|upkeep
|turn|12
|
|t:|1757809813
|switch|p1a: Ceruledge|Ceruledge, F|100/100
|move|p2a: The Unbothered|Torch Song|p1a: Ceruledge
|-start|p1a: Ceruledge|ability: Flash Fire
|
|upkeep
|turn|13
|
|t:|1757809825
|-terastallize|p2a: The Unbothered|Water
|move|p1a: Ceruledge|Poltergeist|p2a: The Unbothered
|-activate|p2a: The Unbothered|move: Poltergeist|Heavy-Duty Boots
|-damage|p2a: The Unbothered|23/100
|move|p2a: The Unbothered|Hex|p1a: Ceruledge
|-supereffective|p1a: Ceruledge
|-damage|p1a: Ceruledge|43/100
|
|upkeep
|turn|14
|
|t:|1757809830
|move|p1a: Ceruledge|Bitter Blade|p2a: The Unbothered
|-resisted|p2a: The Unbothered
|-damage|p2a: The Unbothered|0 fnt
|-heal|p1a: Ceruledge|59/100|[from] drain|[of] p2a: The Unbothered
|faint|p2a: The Unbothered
|
|-sideend|p2: fafewf|move: Light Screen
|upkeep
|-message|fafewf forfeited.
|
|win|clail
|raw|clail's rating: 1588 &rarr; <strong>1615</strong><br />(+27 for winning)
|raw|fafewf's rating: 1723 &rarr; <strong>1696</strong><br />(-27 for losing)
|l|☆fafewf
|player|p2|
|l|☆clail
|player|p1|
