|j|☆MyNameJeeeeff
|j|☆blazingshadow46
|t:|1757818710
|gametype|singles
|player|p1|MyNameJeeeeff|169|1360
|player|p2|blazingshadow46|ghetsis|1327
|gen|9
|tier|[Gen 9] OU
|rated|
|rule|HP Percentage Mod: HP is shown in percentages
|rule|Endless Battle Clause: Forcing endless battles is banned
|rule|Species Clause: Limit one of each Pokémon
|rule|OHKO Clause: OHKO moves are banned
|rule|Evasion Items Clause: Evasion items are banned
|rule|Evasion Moves Clause: Evasion moves are banned
|rule|Evasion Abilities Clause: Evasion abilities are banned
|rule|Sleep Moves Clause: Sleep-inducing moves are banned
|clearpoke
|poke|p1|Garganacl, F|
|poke|p1|Kyurem|
|poke|p1|Enamorus, F|
|poke|p1|Rillaboom, M|
|poke|p1|Hoopa-Unbound|
|poke|p1|Latios, M|
|poke|p2|Noivern, F|
|poke|p2|Chandelure, F|
|poke|p2|Krookodile, M|
|poke|p2|Slowking-Galar, M|
|poke|p2|Scizor, M|
|poke|p2|Great Tusk|
|teampreview
|inactive|Battle timer is ON: inactive players will automatically lose when time's up. (requested by MyNameJeeeeff)
|inactive|blazingshadow46 also wants the timer to be on.
|
|t:|1757818725
|teamsize|p1|6
|teamsize|p2|6
|start
|switch|p1a: Enamorus|Enamorus, F|100/100
|switch|p2a: Wombat|Noivern, F|100/100
|turn|1
|
|t:|1757818734
|switch|p2a: Shell Rotation|Slowking-Galar, M|100/100
|move|p1a: Enamorus|Tailwind|p1a: Enamorus
|-sidestart|p1: MyNameJeeeeff|move: Tailwind
|
|upkeep
|turn|2
|
|t:|1757818743
|move|p1a: Enamorus|Superpower|p2a: Shell Rotation
|-resisted|p2a: Shell Rotation
|-damage|p2a: Shell Rotation|90/100
|-boost|p1a: Enamorus|atk|1
|-boost|p1a: Enamorus|def|1
|move|p2a: Shell Rotation|Thunder Wave|p1a: Enamorus
|-status|p1a: Enamorus|par
|
|upkeep
|turn|3
|
|t:|1757818747
|cant|p1a: Enamorus|par
|move|p2a: Shell Rotation|Sludge Bomb|p1a: Enamorus
|-supereffective|p1a: Enamorus
|-damage|p1a: Enamorus|2/100 par
|
|upkeep
|turn|4
|
|t:|1757818751
|move|p1a: Enamorus|Iron Head|p2a: Shell Rotation
|-damage|p2a: Shell Rotation|48/100
|cant|p2a: Shell Rotation|flinch
|
|-sideend|p1: MyNameJeeeeff|move: Tailwind
|upkeep
|turn|5
|
|t:|1757818756
|cant|p1a: Enamorus|par
|move|p2a: Shell Rotation|Sludge Bomb|p1a: Enamorus
|-supereffective|p1a: Enamorus
|-damage|p1a: Enamorus|0 fnt
|faint|p1a: Enamorus
|
|upkeep
|
|t:|1757818761
|switch|p1a: Latios|Latios, M|100/100
|turn|6
|
|t:|1757818767
|switch|p2a: Krooked Nose|Krookodile, M|100/100
|move|p1a: Latios|Dragon Pulse|p2a: Krooked Nose
|-damage|p2a: Krooked Nose|26/100
|
|upkeep
|turn|7
|
|t:|1757818775
|-terastallize|p1a: Latios|Electric
|move|p2a: Krooked Nose|Knock Off|p1a: Latios
|-damage|p1a: Latios|26/100
|-enditem|p1a: Latios|Soul Dew|[from] move: Knock Off|[of] p2a: Krooked Nose
|move|p1a: Latios|Dragon Pulse|p2a: Krooked Nose
|-damage|p2a: Krooked Nose|0 fnt
|faint|p2a: Krooked Nose
|
|upkeep
|
|t:|1757818798
|switch|p2a: Wombat|Noivern, F|100/100
|turn|8
|
|t:|1757818803
|switch|p1a: Garganacl|Garganacl, F|100/100
|move|p2a: Wombat|Draco Meteor|p1a: Garganacl|[miss]
|-miss|p2a: Wombat|p1a: Garganacl
|
|upkeep
|turn|9
|
|t:|1757818809
|switch|p2a: Knee Surgery|Great Tusk|100/100
|move|p1a: Garganacl|Recover||[still]
|-fail|p1a: Garganacl|heal
|
|upkeep
|turn|10
|
|t:|1757818820
|move|p2a: Knee Surgery|Stealth Rock|p1a: Garganacl
|-sidestart|p1: MyNameJeeeeff|move: Stealth Rock
|move|p1a: Garganacl|Iron Defense|p1a: Garganacl
|-boost|p1a: Garganacl|def|2
|
|upkeep
|turn|11
|
|t:|1757818825
|move|p2a: Knee Surgery|Close Combat|p1a: Garganacl
|-supereffective|p1a: Garganacl
|-damage|p1a: Garganacl|64/100
|-unboost|p2a: Knee Surgery|def|1
|-unboost|p2a: Knee Surgery|spd|1
|move|p1a: Garganacl|Salt Cure|p2a: Knee Surgery
|-resisted|p2a: Knee Surgery
|-damage|p2a: Knee Surgery|98/100
|-start|p2a: Knee Surgery|Salt Cure
|
|-heal|p1a: Garganacl|70/100|[from] item: Leftovers
|-damage|p2a: Knee Surgery|86/100|[from] Salt Cure
|upkeep
|turn|12
|
|t:|1757818831
|-end|p2a: Knee Surgery|Protosynthesis|[silent]
|switch|p2a: SS Stall trooper|Chandelure, F|100/100
|move|p1a: Garganacl|Recover|p1a: Garganacl
|-heal|p1a: Garganacl|100/100
|
|upkeep
|turn|13
|
|t:|1757818835
|-terastallize|p2a: SS Stall trooper|Grass
|move|p2a: SS Stall trooper|Energy Ball|p1a: Garganacl
|-supereffective|p1a: Garganacl
|-damage|p1a: Garganacl|0 fnt
|faint|p1a: Garganacl
|
|upkeep
|
|t:|1757818845
|switch|p1a: Hoopa|Hoopa-Unbound|100/100
|-damage|p1a: Hoopa|88/100|[from] Stealth Rock
|turn|14
|
|t:|1757818850
|move|p1a: Hoopa|Hyperspace Fury|p2a: SS Stall trooper
|-damage|p2a: SS Stall trooper|23/100
|-unboost|p1a: Hoopa|def|1
|move|p2a: SS Stall trooper|Energy Ball|p1a: Hoopa
|-damage|p1a: Hoopa|13/100
|
|upkeep
|turn|15
|
|t:|1757818857
|move|p1a: Hoopa|Psychic Noise|p2a: SS Stall trooper
|-damage|p2a: SS Stall trooper|0 fnt
|faint|p2a: SS Stall trooper
|
|upkeep
|
|t:|1757818866
|switch|p2a: Wombat|Noivern, F|100/100
|turn|16
|
|t:|1757818871
|move|p2a: Wombat|U-turn|p1a: Hoopa
|-supereffective|p1a: Hoopa
|-damage|p1a: Hoopa|0 fnt
|faint|p1a: Hoopa
|
|t:|1757818879
|switch|p2a: Knee Surgery|Great Tusk|86/100|[from] U-turn
|
|upkeep
|
|t:|1757818883
|switch|p1a: Rillaboom|Rillaboom, M|100/100
|-damage|p1a: Rillaboom|88/100|[from] Stealth Rock
|-fieldstart|move: Grassy Terrain|[from] ability: Grassy Surge|[of] p1a: Rillaboom
|turn|17
|
|t:|1757818887
|-end|p2a: Knee Surgery|Protosynthesis|[silent]
|switch|p2a: Wombat|Noivern, F|100/100
|move|p1a: Rillaboom|Swords Dance|p1a: Rillaboom
|-boost|p1a: Rillaboom|atk|2
|
|-heal|p1a: Rillaboom|94/100|[from] Grassy Terrain
|upkeep
|turn|18
|
|t:|1757818890
|move|p1a: Rillaboom|Grassy Glide|p2a: Wombat
|-resisted|p2a: Wombat
|-damage|p2a: Wombat|67/100
|-damage|p1a: Rillaboom|84/100|[from] item: Life Orb
|move|p2a: Wombat|Hurricane|p1a: Rillaboom
|-supereffective|p1a: Rillaboom
|-damage|p1a: Rillaboom|0 fnt
|faint|p1a: Rillaboom
|
|upkeep
|
|t:|1757818897
|switch|p1a: Kyurem|Kyurem|100/100
|-damage|p1a: Kyurem|76/100|[from] Stealth Rock
|-ability|p1a: Kyurem|Pressure
|turn|19
|
|t:|1757818900
|move|p2a: Wombat|Draco Meteor|p1a: Kyurem
|-supereffective|p1a: Kyurem
|-crit|p1a: Kyurem
|-damage|p1a: Kyurem|0 fnt
|-unboost|p2a: Wombat|spa|2
|faint|p1a: Kyurem
|
|upkeep
|
|t:|1757818903
|switch|p1a: Latios|Latios, M, tera:Electric|26/100
|-damage|p1a: Latios|13/100|[from] Stealth Rock
|turn|20
|
|t:|1757818905
|move|p2a: Wombat|Draco Meteor|p1a: Latios
|-damage|p1a: Latios|0 fnt
|-unboost|p2a: Wombat|spa|2
|faint|p1a: Latios
|
|win|blazingshadow46
|raw|MyNameJeeeeff's rating: 1360 &rarr; <strong>1338</strong><br />(-22 for losing)
|raw|blazingshadow46's rating: 1327 &rarr; <strong>1349</strong><br />(+22 for winning)
|l|☆MyNameJeeeeff
|player|p1|
|l|☆blazingshadow46
|player|p2|
