|j|☆Ducky93
|j|☆chenfanyqw
|t:|1757934650
|gametype|singles
|player|p1|Ducky93|102|1169
|player|p2|chenfanyqw|red|1161
|gen|9
|tier|[Gen 9] OU
|rated|
|rule|HP Percentage Mod: HP is shown in percentages
|rule|Endless Battle Clause: Forcing endless battles is banned
|rule|Species Clause: Limit one of each Pokémon
|rule|OHKO Clause: OHKO moves are banned
|rule|Evasion Items Clause: Evasion items are banned
|rule|Evasion Moves Clause: Evasion moves are banned
|rule|Evasion Abilities Clause: Evasion abilities are banned
|rule|Sleep Moves Clause: Sleep-inducing moves are banned
|clearpoke
|poke|p1|Pelipper, F|
|poke|p1|Barraskewda, F|
|poke|p1|Dragonite, F|
|poke|p1|Zapdos|
|poke|p1|Ting-Lu|
|poke|p1|Great Tusk|
|poke|p2|Serperior, F|
|poke|p2|Samurott-Hisui, F|
|poke|p2|Iron Treads|
|poke|p2|Gholdengo|
|poke|p2|Moltres|
|poke|p2|Zamazenta-*|
|teampreview
|
|t:|1757934658
|teamsize|p1|6
|teamsize|p2|6
|start
|switch|p1a: Pelipper|Pelipper, F|100/100
|switch|p2a: Samurott|Samurott-Hisui, F|100/100
|-weather|RainDance|[from] ability: Drizzle|[of] p1a: Pelipper
|turn|1
|
|t:|1757934671
|move|p2a: Samurott|Ceaseless Edge|p1a: Pelipper|[miss]
|-miss|p2a: Samurott|p1a: Pelipper
|move|p1a: Pelipper|U-turn|p2a: Samurott
|-supereffective|p2a: Samurott
|-crit|p2a: Samurott
|-damage|p2a: Samurott|71/100
|
|t:|1757934684
|switch|p1a: Barraskewda|Barraskewda, F|100/100|[from] U-turn
|
|-weather|RainDance|[upkeep]
|upkeep
|turn|2
|
|t:|1757934692
|move|p1a: Barraskewda|Close Combat|p2a: Samurott
|-supereffective|p2a: Samurott
|-damage|p2a: Samurott|0 fnt
|-unboost|p1a: Barraskewda|def|1
|-unboost|p1a: Barraskewda|spd|1
|faint|p2a: Samurott
|
|-weather|RainDance|[upkeep]
|upkeep
|
|t:|1757934701
|switch|p2a: Zamazenta|Zamazenta|100/100
|-ability|p2a: Zamazenta|Dauntless Shield|boost
|-boost|p2a: Zamazenta|def|1
|turn|3
|
|t:|1757934714
|switch|p1a: Zapdos|Zapdos|100/100
|move|p2a: Zamazenta|Close Combat|p1a: Zapdos
|-resisted|p1a: Zapdos
|-damage|p1a: Zapdos|77/100
|-unboost|p2a: Zamazenta|def|1
|-unboost|p2a: Zamazenta|spd|1
|
|-weather|RainDance|[upkeep]
|upkeep
|turn|4
|
|t:|1757934727
|switch|p2a: Gholdengo|Gholdengo|100/100
|-item|p2a: Gholdengo|Air Balloon
|move|p1a: Zapdos|Hurricane|p2a: Gholdengo
|-resisted|p2a: Gholdengo
|-damage|p2a: Gholdengo|77/100
|-enditem|p2a: Gholdengo|Air Balloon
|
|-weather|RainDance|[upkeep]
|upkeep
|turn|5
|
|t:|1757934741
|move|p1a: Zapdos|Volt Switch|p2a: Gholdengo
|-damage|p2a: Gholdengo|50/100
|
|t:|1757934743
|switch|p1a: Ting-Lu|Ting-Lu|100/100|[from] Volt Switch
|-ability|p1a: Ting-Lu|Vessel of Ruin
|move|p2a: Gholdengo|Hex|p1a: Ting-Lu
|-resisted|p1a: Ting-Lu
|-damage|p1a: Ting-Lu|95/100
|
|-weather|RainDance|[upkeep]
|-heal|p1a: Ting-Lu|100/100|[from] item: Leftovers
|upkeep
|turn|6
|
|t:|1757934755
|switch|p2a: Serperior|Serperior, F|100/100
|move|p1a: Ting-Lu|Stealth Rock|p2a: Serperior
|-sidestart|p2: chenfanyqw|move: Stealth Rock
|
|-weather|RainDance|[upkeep]
|upkeep
|turn|7
|
|t:|1757934762
|move|p2a: Serperior|Substitute|p2a: Serperior
|-start|p2a: Serperior|Substitute
|-damage|p2a: Serperior|76/100
|move|p1a: Ting-Lu|Spikes|p2a: Serperior
|-sidestart|p2: chenfanyqw|Spikes
|
|-weather|RainDance|[upkeep]
|-heal|p2a: Serperior|82/100|[from] item: Leftovers
|upkeep
|turn|8
|
|t:|1757934770
|move|p2a: Serperior|Leaf Storm|p1a: Ting-Lu
|-supereffective|p1a: Ting-Lu
|-damage|p1a: Ting-Lu|67/100
|-boost|p2a: Serperior|spa|2
|move|p1a: Ting-Lu|Spikes|p2a: Serperior
|-sidestart|p2: chenfanyqw|Spikes
|
|-weather|none
|-heal|p2a: Serperior|88/100|[from] item: Leftovers
|-heal|p1a: Ting-Lu|74/100|[from] item: Leftovers
|upkeep
|turn|9
|
|t:|1757934784
|move|p2a: Serperior|Leaf Storm|p1a: Ting-Lu
|-supereffective|p1a: Ting-Lu
|-damage|p1a: Ting-Lu|6/100
|-boost|p2a: Serperior|spa|2
|move|p1a: Ting-Lu|Spikes|p2a: Serperior
|-sidestart|p2: chenfanyqw|Spikes
|
|-heal|p2a: Serperior|94/100|[from] item: Leftovers
|-heal|p1a: Ting-Lu|12/100|[from] item: Leftovers
|upkeep
|turn|10
|
|t:|1757934797
|move|p2a: Serperior|Leaf Storm|p1a: Ting-Lu
|-supereffective|p1a: Ting-Lu
|-damage|p1a: Ting-Lu|0 fnt
|-boost|p2a: Serperior|spa|2
|faint|p1a: Ting-Lu
|
|-heal|p2a: Serperior|100/100|[from] item: Leftovers
|upkeep
|
|t:|1757934811
|switch|p1a: Dragonite|Dragonite, F|100/100
|turn|11
|
|t:|1757934816
|move|p2a: Serperior|Leech Seed|p1a: Dragonite
|-start|p1a: Dragonite|move: Leech Seed
|move|p1a: Dragonite|Dragon Dance|p1a: Dragonite
|-boost|p1a: Dragonite|atk|1
|-boost|p1a: Dragonite|spe|1
|
|-damage|p1a: Dragonite|88/100|[from] Leech Seed|[of] p2a: Serperior
|upkeep
|turn|12
|
|t:|1757934830
|move|p1a: Dragonite|Dragon Dance|p1a: Dragonite
|-boost|p1a: Dragonite|atk|1
|-boost|p1a: Dragonite|spe|1
|move|p2a: Serperior|Leaf Storm|p1a: Dragonite
|-resisted|p1a: Dragonite
|-damage|p1a: Dragonite|41/100
|
|-damage|p1a: Dragonite|29/100|[from] Leech Seed|[of] p2a: Serperior
|upkeep
|turn|13
|
|t:|1757934847
|move|p1a: Dragonite|Ice Spinner|p2a: Serperior
|-supereffective|p2a: Serperior
|-end|p2a: Serperior|Substitute
|move|p2a: Serperior|Glare|p1a: Dragonite
|-status|p1a: Dragonite|par
|
|-damage|p1a: Dragonite|16/100 par|[from] Leech Seed|[of] p2a: Serperior
|upkeep
|turn|14
|
|t:|1757934856
|move|p2a: Serperior|Substitute|p2a: Serperior
|-start|p2a: Serperior|Substitute
|-damage|p2a: Serperior|76/100
|move|p1a: Dragonite|Ice Spinner|p2a: Serperior
|-supereffective|p2a: Serperior
|-end|p2a: Serperior|Substitute
|
|-heal|p2a: Serperior|82/100|[from] item: Leftovers
|-damage|p1a: Dragonite|4/100 par|[from] Leech Seed|[of] p2a: Serperior
|-heal|p2a: Serperior|94/100|[silent]
|upkeep
|turn|15
|
|t:|1757934872
|move|p2a: Serperior|Substitute|p2a: Serperior
|-start|p2a: Serperior|Substitute
|-damage|p2a: Serperior|69/100
|move|p1a: Dragonite|Ice Spinner|p2a: Serperior
|-supereffective|p2a: Serperior
|-end|p2a: Serperior|Substitute
|
|-heal|p2a: Serperior|76/100|[from] item: Leftovers
|-damage|p1a: Dragonite|0 fnt|[from] Leech Seed|[of] p2a: Serperior
|-heal|p2a: Serperior|79/100|[silent]
|faint|p1a: Dragonite
|upkeep
|
|t:|1757934884
|switch|p1a: Zapdos|Zapdos|77/100
|turn|16
|
|t:|1757934892
|move|p2a: Serperior|Substitute|p2a: Serperior
|-start|p2a: Serperior|Substitute
|-damage|p2a: Serperior|54/100
|move|p1a: Zapdos|Hurricane|p2a: Serperior
|-supereffective|p2a: Serperior
|-end|p2a: Serperior|Substitute
|
|-heal|p2a: Serperior|60/100|[from] item: Leftovers
|upkeep
|turn|17
|
|t:|1757934904
|-terastallize|p2a: Serperior|Ghost
|move|p2a: Serperior|Leaf Storm|p1a: Zapdos
|-resisted|p1a: Zapdos
|-damage|p1a: Zapdos|0 fnt
|faint|p1a: Zapdos
|
|-heal|p2a: Serperior|67/100|[from] item: Leftovers
|upkeep
|
|t:|1757934913
|switch|p1a: Pelipper|Pelipper, F|100/100
|-weather|RainDance|[from] ability: Drizzle|[of] p1a: Pelipper
|turn|18
|
|t:|1757934925
|move|p2a: Serperior|Leaf Storm|p1a: Pelipper
|-damage|p1a: Pelipper|0 fnt
|faint|p1a: Pelipper
|
|-weather|RainDance|[upkeep]
|-heal|p2a: Serperior|73/100|[from] item: Leftovers
|upkeep
|
|t:|1757934933
|switch|p1a: Barraskewda|Barraskewda, F|100/100
|turn|19
|
|t:|1757934945
|move|p1a: Barraskewda|Liquidation|p2a: Serperior
|-damage|p2a: Serperior|0 fnt
|faint|p2a: Serperior
|
|-weather|RainDance|[upkeep]
|upkeep
|
|t:|1757934953
|switch|p2a: Moltres|Moltres|100/100
|turn|20
|
|t:|1757934957
|move|p1a: Barraskewda|Liquidation|p2a: Moltres
|-supereffective|p2a: Moltres
|-damage|p2a: Moltres|0 fnt
|faint|p2a: Moltres
|
|-weather|RainDance|[upkeep]
|upkeep
|
|t:|1757934964
|switch|p2a: Iron Treads|Iron Treads|100/100
|-damage|p2a: Iron Treads|97/100|[from] Stealth Rock
|-item|p2a: Iron Treads|Air Balloon
|turn|21
|
|t:|1757934970
|move|p1a: Barraskewda|Liquidation|p2a: Iron Treads
|-supereffective|p2a: Iron Treads
|-damage|p2a: Iron Treads|0 fnt
|-enditem|p2a: Iron Treads|Air Balloon
|faint|p2a: Iron Treads
|-end|p2a: Iron Treads|Quark Drive|[silent]
|
|-weather|RainDance|[upkeep]
|upkeep
|
|t:|1757934978
|switch|p2a: Gholdengo|Gholdengo|50/100
|-damage|p2a: Gholdengo|44/100|[from] Stealth Rock
|-damage|p2a: Gholdengo|19/100|[from] Spikes
|turn|22
|
|t:|1757934983
|move|p1a: Barraskewda|Liquidation|p2a: Gholdengo
|-damage|p2a: Gholdengo|0 fnt
|faint|p2a: Gholdengo
|
|-weather|RainDance|[upkeep]
|upkeep
|
|t:|1757934990
|switch|p2a: Zamazenta|Zamazenta|100/100
|-damage|p2a: Zamazenta|94/100|[from] Stealth Rock
|-damage|p2a: Zamazenta|70/100|[from] Spikes
|turn|23
|
|t:|1757934996
|move|p1a: Barraskewda|Liquidation|p2a: Zamazenta
|-damage|p2a: Zamazenta|3/100
|move|p2a: Zamazenta|Iron Defense|p2a: Zamazenta
|-boost|p2a: Zamazenta|def|2
|
|-weather|RainDance|[upkeep]
|-heal|p2a: Zamazenta|9/100|[from] item: Leftovers
|upkeep
|turn|24
|
|t:|1757935005
|move|p1a: Barraskewda|Liquidation|p2a: Zamazenta
|-damage|p2a: Zamazenta|0 fnt
|faint|p2a: Zamazenta
|
|win|Ducky93
|raw|Ducky93's rating: 1169 &rarr; <strong>1193</strong><br />(+24 for winning)
|raw|chenfanyqw's rating: 1161 &rarr; <strong>1137</strong><br />(-24 for losing)
