|j|☆aexilyth
|j|☆Gunfa
|t:|1757787299
|gametype|singles
|player|p1|aexilyth|102|1084
|player|p2|Gunfa|steven|1142
|gen|9
|tier|[Gen 9] OU
|rated|
|rule|HP Percentage Mod: HP is shown in percentages
|rule|Endless Battle Clause: Forcing endless battles is banned
|rule|Species Clause: Limit one of each Pokémon
|rule|OHKO Clause: OHKO moves are banned
|rule|Evasion Items Clause: Evasion items are banned
|rule|Evasion Moves Clause: Evasion moves are banned
|rule|Evasion Abilities Clause: Evasion abilities are banned
|rule|Sleep Moves Clause: Sleep-inducing moves are banned
|clearpoke
|poke|p1|Dragonite, F|
|poke|p1|Toxapex, F|
|poke|p1|Excadrill, F|
|poke|p1|Gliscor, M|
|poke|p1|Hippowdon, M|
|poke|p1|Heatran, M|
|poke|p2|Malamar, F|
|poke|p2|Ribombee, M|
|poke|p2|Cinderace, F|
|poke|p2|Serperior, F|
|poke|p2|Dragapult, F|
|poke|p2|Tentacruel, M|
|teampreview
|inactive|Battle timer is ON: inactive players will automatically lose when time's up. (requested by aexilyth)
|
|t:|1757787327
|teamsize|p1|6
|teamsize|p2|6
|start
|switch|p1a: Gliscor|Gliscor, M|100/100
|switch|p2a: IsAtramp|Ribombee, M|100/100
|turn|1
|
|t:|1757787335
|move|p2a: IsAtramp|Sticky Web|p1a: Gliscor
|-sidestart|p1: aexilyth|move: Sticky Web
|move|p1a: Gliscor|Substitute|p1a: Gliscor
|-start|p1a: Gliscor|Substitute
|-damage|p1a: Gliscor|75/100
|
|-status|p1a: Gliscor|tox|[from] item: Toxic Orb
|upkeep
|turn|2
|
|t:|1757787342
|move|p1a: Gliscor|Protect|p1a: Gliscor
|-singleturn|p1a: Gliscor|Protect
|move|p2a: IsAtramp|Psychic Noise|p1a: Gliscor
|-activate|p1a: Gliscor|move: Protect
|
|-heal|p1a: Gliscor|88/100 tox|[from] ability: Poison Heal
|upkeep
|turn|3
|
|t:|1757787350
|move|p2a: IsAtramp|Psychic Noise|p1a: Gliscor
|-damage|p1a: Gliscor|61/100 tox
|-start|p1a: Gliscor|move: Heal Block
|move|p1a: Gliscor|Spikes|p2a: IsAtramp
|-sidestart|p2: Gunfa|Spikes
|
|upkeep
|turn|4
|
|t:|1757787360
|switch|p1a: Hippowdon|Hippowdon, M|100/100
|-activate|p1a: Hippowdon|move: Sticky Web
|-unboost|p1a: Hippowdon|spe|1
|-weather|Sandstorm|[from] ability: Sand Stream|[of] p1a: Hippowdon
|move|p2a: IsAtramp|Psychic Noise|p1a: Hippowdon
|-damage|p1a: Hippowdon|77/100
|-start|p1a: Hippowdon|move: Heal Block
|
|-weather|Sandstorm|[upkeep]
|-damage|p2a: IsAtramp|94/100|[from] Sandstorm
|upkeep
|turn|5
|
|t:|1757787374
|switch|p2a: Superior|Serperior, F|100/100
|-damage|p2a: Superior|88/100|[from] Spikes
|move|p1a: Hippowdon|Stealth Rock|p2a: Superior
|-sidestart|p2: Gunfa|move: Stealth Rock
|
|-weather|Sandstorm|[upkeep]
|-damage|p2a: Superior|82/100|[from] Sandstorm
|-heal|p2a: Superior|88/100|[from] item: Leftovers
|-end|p1a: Hippowdon|move: Heal Block
|upkeep
|turn|6
|
|t:|1757787387
|switch|p1a: Heatran|Heatran, M|100/100
|-activate|p1a: Heatran|move: Sticky Web
|-unboost|p1a: Heatran|spe|1
|move|p2a: Superior|Leaf Storm|p1a: Heatran
|-resisted|p1a: Heatran
|-damage|p1a: Heatran|93/100
|-boost|p2a: Superior|spa|2
|
|-weather|Sandstorm|[upkeep]
|-damage|p2a: Superior|82/100|[from] Sandstorm
|-heal|p2a: Superior|88/100|[from] item: Leftovers
|-heal|p1a: Heatran|99/100|[from] item: Leftovers
|upkeep
|turn|7
|
|t:|1757787400
|switch|p2a: Fireball|Cinderace, F|100/100
|move|p1a: Heatran|Magma Storm|p2a: Fireball
|-resisted|p2a: Fireball
|-damage|p2a: Fireball|70/100
|-activate|p2a: Fireball|move: Magma Storm|[of] p1a: Heatran
|
|-weather|Sandstorm|[upkeep]
|-damage|p2a: Fireball|64/100|[from] Sandstorm
|-heal|p1a: Heatran|100/100|[from] item: Leftovers
|-damage|p2a: Fireball|51/100|[from] move: Magma Storm|[partiallytrapped]
|upkeep
|turn|8
|
|t:|1757787410
|move|p2a: Fireball|Court Change|p2a: Fireball
|-start|p2a: Fireball|typechange|Normal|[from] ability: Libero
|-swapsideconditions
|-activate|p2a: Fireball|move: Court Change
|move|p1a: Heatran|Earth Power|p2a: Fireball
|-damage|p2a: Fireball|12/100
|
|-weather|none
|-damage|p2a: Fireball|0 fnt|[from] move: Magma Storm|[partiallytrapped]
|faint|p2a: Fireball
|upkeep
|
|t:|1757787418
|switch|p2a: MyFriend|Malamar, F|100/100
|-activate|p2a: MyFriend|move: Sticky Web
|-boost|p2a: MyFriend|spe|1
|turn|9
|
|t:|1757787434
|move|p2a: MyFriend|Superpower|p1a: Heatran
|-supereffective|p1a: Heatran
|-damage|p1a: Heatran|40/100
|-boost|p2a: MyFriend|atk|1
|-boost|p2a: MyFriend|def|1
|move|p1a: Heatran|Magma Storm|p2a: MyFriend
|-damage|p2a: MyFriend|60/100
|-activate|p2a: MyFriend|move: Magma Storm|[of] p1a: Heatran
|
|-heal|p1a: Heatran|47/100|[from] item: Leftovers
|-damage|p2a: MyFriend|47/100|[from] move: Magma Storm|[partiallytrapped]
|upkeep
|turn|10
|
|t:|1757787446
|-terastallize|p2a: MyFriend|Water
|-terastallize|p1a: Heatran|Fire
|move|p2a: MyFriend|Superpower|p1a: Heatran
|-damage|p1a: Heatran|3/100
|-boost|p2a: MyFriend|atk|1
|-boost|p2a: MyFriend|def|1
|move|p1a: Heatran|Earth Power|p2a: MyFriend
|-damage|p2a: MyFriend|24/100
|
|-heal|p1a: Heatran|10/100|[from] item: Leftovers
|-damage|p2a: MyFriend|11/100|[from] move: Magma Storm|[partiallytrapped]
|upkeep
|turn|11
|
|t:|1757787465
|move|p2a: MyFriend|Liquidation|p1a: Heatran
|-supereffective|p1a: Heatran
|-damage|p1a: Heatran|0 fnt
|faint|p1a: Heatran
|
|-end|p2a: MyFriend|Magma Storm|[partiallytrapped]|[silent]
|upkeep
|
|t:|1757787467
|switch|p1a: Dragonite|Dragonite, F|100/100
|turn|12
|
|t:|1757787472
|move|p1a: Dragonite|Extreme Speed|p2a: MyFriend
|-damage|p2a: MyFriend|0 fnt
|faint|p2a: MyFriend
|
|upkeep
|
|t:|1757787478
|switch|p2a: Dracomon|Dragapult, F|100/100
|-activate|p2a: Dracomon|move: Sticky Web
|-fail|p2a: Dracomon|unboost|[from] ability: Clear Body|[of] p2a: Dracomon
|turn|13
|
|t:|1757787486
|move|p2a: Dracomon|Draco Meteor|p1a: Dragonite
|-supereffective|p1a: Dragonite
|-damage|p1a: Dragonite|15/100
|-unboost|p2a: Dracomon|spa|2
|move|p1a: Dragonite|Ice Spinner|p2a: Dracomon
|-supereffective|p2a: Dracomon
|-damage|p2a: Dracomon|15/100
|
|upkeep
|turn|14
|
|t:|1757787494
|move|p1a: Dragonite|Extreme Speed|p2a: Dracomon
|-immune|p2a: Dracomon
|move|p2a: Dracomon|Draco Meteor|p1a: Dragonite
|-supereffective|p1a: Dragonite
|-damage|p1a: Dragonite|0 fnt
|-unboost|p2a: Dracomon|spa|2
|faint|p1a: Dragonite
|
|upkeep
|
|t:|1757787501
|switch|p1a: Excadrill|Excadrill, F|100/100
|-damage|p1a: Excadrill|97/100|[from] Stealth Rock
|-item|p1a: Excadrill|Air Balloon
|turn|15
|
|t:|1757787510
|switch|p2a: Superior|Serperior, F|88/100
|-activate|p2a: Superior|move: Sticky Web
|-boost|p2a: Superior|spe|1
|move|p1a: Excadrill|Iron Head|p2a: Superior
|-damage|p2a: Superior|30/100
|
|-heal|p2a: Superior|37/100|[from] item: Leftovers
|upkeep
|turn|16
|
|t:|1757787523
|switch|p1a: Hippowdon|Hippowdon, M|77/100
|-damage|p1a: Hippowdon|65/100|[from] Spikes
|-damage|p1a: Hippowdon|58/100|[from] Stealth Rock
|-weather|Sandstorm|[from] ability: Sand Stream|[of] p1a: Hippowdon
|move|p2a: Superior|Leaf Storm|p1a: Hippowdon
|-supereffective|p1a: Hippowdon
|-damage|p1a: Hippowdon|0 fnt
|-boost|p2a: Superior|spa|2
|faint|p1a: Hippowdon
|
|-weather|Sandstorm|[upkeep]
|-damage|p2a: Superior|30/100|[from] Sandstorm
|-heal|p2a: Superior|37/100|[from] item: Leftovers
|upkeep
|
|t:|1757787532
|switch|p1a: Excadrill|Excadrill, F|97/100
|-damage|p1a: Excadrill|94/100|[from] Stealth Rock
|-item|p1a: Excadrill|Air Balloon
|turn|17
|
|t:|1757787539
|move|p1a: Excadrill|Iron Head|p2a: Superior
|-damage|p2a: Superior|0 fnt
|faint|p2a: Superior
|
|-weather|Sandstorm|[upkeep]
|upkeep
|
|t:|1757787547
|switch|p2a: H3ntai|Tentacruel, M|100/100
|-activate|p2a: H3ntai|move: Sticky Web
|-fail|p2a: H3ntai|unboost|[from] ability: Clear Body|[of] p2a: H3ntai
|turn|18
|
|t:|1757787561
|move|p1a: Excadrill|Iron Head|p2a: H3ntai
|-resisted|p2a: H3ntai
|-damage|p2a: H3ntai|61/100
|move|p2a: H3ntai|Surf|p1a: Excadrill
|-supereffective|p1a: Excadrill
|-damage|p1a: Excadrill|6/100
|-enditem|p1a: Excadrill|Air Balloon
|
|-weather|Sandstorm|[upkeep]
|-damage|p2a: H3ntai|55/100|[from] Sandstorm
|-heal|p2a: H3ntai|61/100|[from] item: Black Sludge
|upkeep
|turn|19
|
|t:|1757787574
|move|p1a: Excadrill|Earthquake|p2a: H3ntai
|-supereffective|p2a: H3ntai
|-damage|p2a: H3ntai|0 fnt
|faint|p2a: H3ntai
|
|-weather|Sandstorm|[upkeep]
|upkeep
|
|t:|1757787580
|switch|p2a: Dracomon|Dragapult, F|15/100
|-activate|p2a: Dracomon|move: Sticky Web
|-fail|p2a: Dracomon|unboost|[from] ability: Clear Body|[of] p2a: Dracomon
|turn|20
|
|t:|1757787587
|move|p1a: Excadrill|Iron Head|p2a: Dracomon
|-damage|p2a: Dracomon|0 fnt
|faint|p2a: Dracomon
|
|-weather|none
|upkeep
|
|t:|1757787592
|switch|p2a: IsAtramp|Ribombee, M|94/100
|-activate|p2a: IsAtramp|move: Sticky Web
|-unboost|p2a: IsAtramp|spe|1
|turn|21
|
|t:|1757787597
|move|p1a: Excadrill|Iron Head|p2a: IsAtramp
|-supereffective|p2a: IsAtramp
|-damage|p2a: IsAtramp|0 fnt
|faint|p2a: IsAtramp
|
|win|aexilyth
|raw|aexilyth's rating: 1084 &rarr; <strong>1116</strong><br />(+32 for winning)
|raw|Gunfa's rating: 1142 &rarr; <strong>1113</strong><br />(-29 for losing)
|l|☆Gunfa
|player|p2|
|c|☆aexilyth|Ggs
|c|☆aexilyth|Shake my hand
