|j|☆Sonzaisonder
|j|☆Danxsh17
|t:|1757915190
|gametype|singles
|player|p1|Sonzaisonder|steven|1456
|player|p2|Danxsh17|265|1492
|gen|9
|tier|[Gen 9] OU
|rated|
|rule|HP Percentage Mod: HP is shown in percentages
|rule|Endless Battle Clause: Forcing endless battles is banned
|rule|Species Clause: Limit one of each Pokémon
|rule|OHKO Clause: OHKO moves are banned
|rule|Evasion Items Clause: Evasion items are banned
|rule|Evasion Moves Clause: Evasion moves are banned
|rule|Evasion Abilities Clause: Evasion abilities are banned
|rule|Sleep Moves Clause: Sleep-inducing moves are banned
|clearpoke
|poke|p1|Slowking-Galar, M|
|poke|p1|Great Tusk|
|poke|p1|Hoopa-Unbound|
|poke|p1|Alomomola, M|
|poke|p1|Zamazenta-*|
|poke|p1|Raging Bolt|
|poke|p2|Kingambit, F|
|poke|p2|Deoxys-Speed|
|poke|p2|Great Tusk|
|poke|p2|Dragonite, M|
|poke|p2|Iron Moth|
|poke|p2|Primarina, F|
|teampreview
|inactive|Battle timer is ON: inactive players will automatically lose when time's up. (requested by Danxsh17)
|
|t:|1757915209
|teamsize|p1|6
|teamsize|p2|6
|start
|switch|p1a: Slowking|Slowking-Galar, M|100/100
|switch|p2a: Moebius|Deoxys-Speed|100/100
|-ability|p2a: Moebius|Pressure
|turn|1
|
|t:|1757915218
|move|p2a: Moebius|Nasty Plot|p2a: Moebius
|-boost|p2a: Moebius|spa|2
|move|p1a: Slowking|Sludge Bomb|p2a: Moebius
|-damage|p2a: Moebius|49/100
|
|upkeep
|turn|2
|
|t:|1757915225
|move|p2a: Moebius|Shadow Ball|p1a: Slowking
|-supereffective|p1a: Slowking
|-crit|p1a: Slowking
|-damage|p1a: Slowking|0 fnt
|faint|p1a: Slowking
|-damage|p2a: Moebius|40/100|[from] item: Life Orb
|
|upkeep
|
|t:|1757915230
|switch|p1a: Hoopa|Hoopa-Unbound|100/100
|turn|3
|
|t:|1757915235
|move|p2a: Moebius|Focus Blast|p1a: Hoopa
|-damage|p1a: Hoopa|23/100
|-damage|p2a: Moebius|30/100|[from] item: Life Orb
|move|p1a: Hoopa|Knock Off|p2a: Moebius
|-supereffective|p2a: Moebius
|-damage|p2a: Moebius|0 fnt
|-enditem|p2a: Moebius|Life Orb|[from] move: Knock Off|[of] p1a: Hoopa
|faint|p2a: Moebius
|
|upkeep
|
|t:|1757915247
|switch|p2a: Yoshi|Dragonite, M, shiny|100/100
|turn|4
|
|t:|1757915252
|move|p2a: Yoshi|Extreme Speed|p1a: Hoopa
|-damage|p1a: Hoopa|0 fnt
|faint|p1a: Hoopa
|
|upkeep
|
|t:|1757915258
|switch|p1a: Alomomola|Alomomola, M|100/100
|turn|5
|
|t:|1757915261
|switch|p2a: Siren|Primarina, F|100/100
|move|p1a: Alomomola|Flip Turn|p2a: Siren
|-resisted|p2a: Siren
|-damage|p2a: Siren|88/100
|
|t:|1757915265
|switch|p1a: Raging Bolt|Raging Bolt|100/100|[from] Flip Turn
|
|upkeep
|turn|6
|
|t:|1757915284
|-terastallize|p1a: Raging Bolt|Fairy
|move|p1a: Raging Bolt|Thunderbolt|p2a: Siren
|-supereffective|p2a: Siren
|-damage|p2a: Siren|24/100
|move|p2a: Siren|Moonblast|p1a: Raging Bolt
|-damage|p1a: Raging Bolt|45/100
|-unboost|p1a: Raging Bolt|spa|1
|
|upkeep
|turn|7
|
|t:|1757915292
|switch|p2a: Anomaly|Great Tusk|100/100
|-enditem|p2a: Anomaly|Booster Energy
|-activate|p2a: Anomaly|ability: Protosynthesis|[fromitem]
|-start|p2a: Anomaly|protosynthesisatk
|move|p1a: Raging Bolt|Dragon Pulse|p2a: Anomaly
|-damage|p2a: Anomaly|52/100
|
|upkeep
|turn|8
|
|t:|1757915299
|-end|p1a: Raging Bolt|Protosynthesis|[silent]
|switch|p1a: Alomomola|Alomomola, M|100/100
|move|p2a: Anomaly|Headlong Rush|p1a: Alomomola
|-damage|p1a: Alomomola|43/100
|-unboost|p2a: Anomaly|def|1
|-unboost|p2a: Anomaly|spd|1
|
|upkeep
|turn|9
|
|t:|1757915305
|move|p2a: Anomaly|Headlong Rush|p1a: Alomomola
|-damage|p1a: Alomomola|0 fnt
|-unboost|p2a: Anomaly|def|1
|-unboost|p2a: Anomaly|spd|1
|faint|p1a: Alomomola
|
|upkeep
|
|t:|1757915307
|switch|p1a: Great Tusk|Great Tusk|100/100
|turn|10
|
|t:|1757915310
|move|p1a: Great Tusk|Headlong Rush|p2a: Anomaly
|-damage|p2a: Anomaly|0 fnt
|-unboost|p1a: Great Tusk|def|1
|-unboost|p1a: Great Tusk|spd|1
|faint|p2a: Anomaly
|-end|p2a: Anomaly|Protosynthesis|[silent]
|
|upkeep
|
|t:|1757915316
|switch|p2a: Anomаly|Iron Moth|100/100
|-enditem|p2a: Anomаly|Booster Energy
|-activate|p2a: Anomаly|ability: Quark Drive|[fromitem]
|-start|p2a: Anomаly|quarkdrivespe
|turn|11
|
|t:|1757915323
|move|p2a: Anomаly|Fiery Dance|p1a: Great Tusk
|-damage|p1a: Great Tusk|6/100
|move|p1a: Great Tusk|Headlong Rush|p2a: Anomаly
|-supereffective|p2a: Anomаly
|-damage|p2a: Anomаly|0 fnt
|-unboost|p1a: Great Tusk|def|1
|-unboost|p1a: Great Tusk|spd|1
|faint|p2a: Anomаly
|-end|p2a: Anomаly|Quark Drive|[silent]
|
|upkeep
|
|t:|1757915327
|switch|p2a: Yoshi|Dragonite, M, shiny|100/100
|turn|12
|
|t:|1757915332
|move|p2a: Yoshi|Extreme Speed|p1a: Great Tusk
|-damage|p1a: Great Tusk|0 fnt
|faint|p1a: Great Tusk
|-end|p1a: Great Tusk|Protosynthesis|[silent]
|
|upkeep
|
|t:|1757915339
|switch|p1a: Raging Bolt|Raging Bolt, tera:Fairy|45/100
|turn|13
|
|t:|1757915342
|-terastallize|p2a: Yoshi|Normal
|move|p2a: Yoshi|Extreme Speed|p1a: Raging Bolt
|-damage|p1a: Raging Bolt|0 fnt
|faint|p1a: Raging Bolt
|-end|p1a: Raging Bolt|Protosynthesis|[silent]
|
|upkeep
|
|t:|1757915346
|switch|p1a: Zamazenta|Zamazenta|100/100
|-ability|p1a: Zamazenta|Dauntless Shield|boost
|-boost|p1a: Zamazenta|def|1
|turn|14
|
|t:|1757915359
|move|p2a: Yoshi|Extreme Speed|p1a: Zamazenta
|-damage|p1a: Zamazenta|66/100
|move|p1a: Zamazenta|Body Press|p2a: Yoshi
|-supereffective|p2a: Yoshi
|-damage|p2a: Yoshi|42/100
|
|-heal|p1a: Zamazenta|72/100|[from] item: Leftovers
|upkeep
|turn|15
|
|t:|1757915362
|move|p2a: Yoshi|Extreme Speed|p1a: Zamazenta
|-damage|p1a: Zamazenta|38/100
|move|p1a: Zamazenta|Iron Defense|p1a: Zamazenta
|-boost|p1a: Zamazenta|def|2
|
|-heal|p1a: Zamazenta|45/100|[from] item: Leftovers
|upkeep
|turn|16
|
|t:|1757915365
|move|p2a: Yoshi|Extreme Speed|p1a: Zamazenta
|-damage|p1a: Zamazenta|23/100
|move|p1a: Zamazenta|Body Press|p2a: Yoshi
|-supereffective|p2a: Yoshi
|-damage|p2a: Yoshi|0 fnt
|faint|p2a: Yoshi
|
|-heal|p1a: Zamazenta|29/100|[from] item: Leftovers
|upkeep
|
|t:|1757915367
|switch|p2a: Siren|Primarina, F|24/100
|turn|17
|
|t:|1757915369
|move|p1a: Zamazenta|Body Press|p2a: Siren
|-resisted|p2a: Siren
|-damage|p2a: Siren|0 fnt
|faint|p2a: Siren
|
|-heal|p1a: Zamazenta|35/100|[from] item: Leftovers
|upkeep
|
|t:|1757915371
|switch|p2a: Meruem|Kingambit, F|100/100
|-activate|p2a: Meruem|ability: Supreme Overlord
|-start|p2a: Meruem|fallen5|[silent]
|turn|18
|
|t:|1757915373
|move|p1a: Zamazenta|Body Press|p2a: Meruem
|-supereffective|p2a: Meruem
|-damage|p2a: Meruem|0 fnt
|faint|p2a: Meruem
|-end|p2a: Meruem|fallen5|[silent]
|
|win|Sonzaisonder
|raw|Sonzaisonder's rating: 1456 &rarr; <strong>1478</strong><br />(+22 for winning)
|raw|Danxsh17's rating: 1492 &rarr; <strong>1470</strong><br />(-22 for losing)
|l|☆Danxsh17
|player|p2|
