|j|☆axoubibou
|j|☆i_love_lulu
|t:|1757923614
|gametype|singles
|player|p1|axoubibou|bellelba|1304
|player|p2|i_love_lulu|hoopster|1272
|gen|9
|tier|[Gen 9] OU
|rated|
|rule|HP Percentage Mod: HP is shown in percentages
|rule|Endless Battle Clause: Forcing endless battles is banned
|rule|Species Clause: Limit one of each Pokémon
|rule|OHKO Clause: OHKO moves are banned
|rule|Evasion Items Clause: Evasion items are banned
|rule|Evasion Moves Clause: Evasion moves are banned
|rule|Evasion Abilities Clause: Evasion abilities are banned
|rule|Sleep Moves Clause: Sleep-inducing moves are banned
|clearpoke
|poke|p1|Clodsire, F|
|poke|p1|Dondozo, F|
|poke|p1|Gliscor, F|
|poke|p1|Alomomola, L99, F|
|poke|p1|Corviknight, M|
|poke|p1|Azumarill, F|
|poke|p2|Braviary-Hisui, M|
|poke|p2|Dragapult, M|
|poke|p2|Kingambit, F|
|poke|p2|Corviknight, F|
|poke|p2|Landorus-Therian, M|
|poke|p2|Primarina, F|
|teampreview
|inactive|Battle timer is ON: inactive players will automatically lose when time's up. (requested by i_love_lulu)
|inactive|axoubibou also wants the timer to be on.
|inactive|i_love_lulu has 120 seconds left.
|inactive|i_love_lulu has 90 seconds left.
|
|t:|1757923684
|teamsize|p1|6
|teamsize|p2|6
|start
|switch|p1a: Cancer|Gliscor, F|100/100
|switch|p2a: Dragapult|Dragapult, M|100/100
|turn|1
|
|t:|1757923690
|move|p1a: Cancer|Protect|p1a: Cancer
|-singleturn|p1a: Cancer|Protect
|move|p2a: Dragapult|Will-O-Wisp|p1a: Cancer
|-activate|p1a: Cancer|move: Protect
|
|-status|p1a: Cancer|tox|[from] item: Toxic Orb
|upkeep
|turn|2
|
|t:|1757923701
|switch|p1a: Bebou|Clodsire, F|100/100
|move|p2a: Dragapult|Hex|p1a: Bebou
|-damage|p1a: Bebou|85/100
|
|upkeep
|turn|3
|inactive|i_love_lulu has 120 seconds left.
|
|t:|1757923743
|move|p2a: Dragapult|U-turn|p1a: Bebou
|-resisted|p1a: Bebou
|-damage|p1a: Bebou|76/100
|
|t:|1757923750
|switch|p2a: Braviary|Braviary-Hisui, M, shiny|100/100|[from] U-turn
|move|p1a: Bebou|Toxic|p2a: Braviary
|-status|p2a: Braviary|tox
|
|-damage|p2a: Braviary|94/100 tox|[from] psn
|upkeep
|turn|4
|
|t:|1757923760
|switch|p1a: Slurp|Corviknight, M, shiny|100/100
|-ability|p1a: Slurp|Pressure
|move|p2a: Braviary|Psychic|p1a: Slurp
|-resisted|p1a: Slurp
|-damage|p1a: Slurp|70/100
|
|-heal|p1a: Slurp|76/100|[from] item: Leftovers
|-damage|p2a: Braviary|82/100 tox|[from] psn
|upkeep
|turn|5
|
|t:|1757923764
|move|p1a: Slurp|Protect|p1a: Slurp
|-singleturn|p1a: Slurp|Protect
|move|p2a: Braviary|Heat Wave|p1a: Slurp
|-activate|p1a: Slurp|move: Protect
|
|-heal|p1a: Slurp|82/100|[from] item: Leftovers
|-damage|p2a: Braviary|64/100 tox|[from] psn
|upkeep
|turn|6
|
|t:|1757923772
|switch|p1a: Bebou|Clodsire, F|76/100
|move|p2a: Braviary|Psychic|p1a: Bebou
|-supereffective|p1a: Bebou
|-damage|p1a: Bebou|0 fnt
|faint|p1a: Bebou
|
|-damage|p2a: Braviary|40/100 tox|[from] psn
|upkeep
|
|t:|1757923780
|switch|p1a: Kant|Alomomola, L99, F, shiny|100/100
|turn|7
|
|t:|1757923790
|switch|p2a: Dragapult|Dragapult, M|100/100
|move|p1a: Kant|Scald|p2a: Dragapult
|-resisted|p2a: Dragapult
|-damage|p2a: Dragapult|91/100
|
|upkeep
|turn|8
|
|t:|1757923796
|move|p2a: Dragapult|U-turn|p1a: Kant
|-damage|p1a: Kant|85/100
|
|t:|1757923799
|switch|p2a: Primarina|Primarina, F|100/100|[from] U-turn
|move|p1a: Kant|Flip Turn|p2a: Primarina
|-resisted|p2a: Primarina
|-damage|p2a: Primarina|91/100
|
|t:|1757923806
|switch|p1a: Golden shower|Azumarill, F, shiny|100/100|[from] Flip Turn
|
|-heal|p2a: Primarina|97/100|[from] item: Leftovers
|upkeep
|turn|9
|
|t:|1757923814
|move|p2a: Primarina|Perish Song|p2a: Primarina
|-start|p1a: Golden shower|perish3|[silent]
|-start|p2a: Primarina|perish3|[silent]
|-fieldactivate|move: Perish Song
|move|p1a: Golden shower|Whirlpool|p2a: Primarina
|-resisted|p2a: Primarina
|-damage|p2a: Primarina|94/100
|-activate|p2a: Primarina|move: Whirlpool|[of] p1a: Golden shower
|
|-heal|p2a: Primarina|99/100|[from] item: Leftovers
|-damage|p2a: Primarina|87/100|[from] move: Whirlpool|[partiallytrapped]
|-start|p2a: Primarina|perish3
|-start|p1a: Golden shower|perish3
|upkeep
|turn|10
|
|t:|1757923825
|move|p2a: Primarina|Flip Turn|p1a: Golden shower
|-resisted|p1a: Golden shower
|-damage|p1a: Golden shower|95/100
|
|t:|1757923828
|switch|p2a: Landorus|Landorus-Therian, M|100/100|[from] Flip Turn
|-ability|p2a: Landorus|Intimidate|boost
|-unboost|p1a: Golden shower|atk|1
|move|p1a: Golden shower|Alluring Voice|p2a: Landorus
|-damage|p2a: Landorus|79/100
|
|-start|p1a: Golden shower|perish2
|upkeep
|turn|11
|
|t:|1757923837
|switch|p1a: Slurp|Corviknight, M, shiny|82/100
|-ability|p1a: Slurp|Pressure
|move|p2a: Landorus|U-turn|p1a: Slurp
|-resisted|p1a: Slurp
|-damage|p1a: Slurp|78/100
|
|t:|1757923844
|switch|p2a: Braviary|Braviary-Hisui, M, shiny|40/100 tox|[from] U-turn
|
|-heal|p1a: Slurp|84/100|[from] item: Leftovers
|-damage|p2a: Braviary|33/100 tox|[from] psn
|upkeep
|turn|12
|
|t:|1757923848
|move|p1a: Slurp|Protect|p1a: Slurp
|-singleturn|p1a: Slurp|Protect
|move|p2a: Braviary|Agility|p2a: Braviary
|-boost|p2a: Braviary|spe|2
|
|-heal|p1a: Slurp|90/100|[from] item: Leftovers
|-damage|p2a: Braviary|21/100 tox|[from] psn
|upkeep
|turn|13
|
|t:|1757923857
|switch|p1a: Kant|Alomomola, L99, F, shiny|100/100
|move|p2a: Braviary|Heat Wave|p1a: Kant
|-resisted|p1a: Kant
|-damage|p1a: Kant|80/100
|
|-damage|p2a: Braviary|3/100 tox|[from] psn
|upkeep
|turn|14
|inactive|i_love_lulu has 120 seconds left.
|
|t:|1757923917
|move|p2a: Braviary|Hurricane|p1a: Kant|[miss]
|-miss|p2a: Braviary|p1a: Kant
|move|p1a: Kant|Flip Turn|p2a: Braviary
|-damage|p2a: Braviary|0 fnt
|faint|p2a: Braviary
|
|t:|1757923921
|switch|p1a: Cancer|Gliscor, F|100/100 tox|[from] Flip Turn
|
|upkeep
|
|t:|1757923928
|switch|p2a: Landorus|Landorus-Therian, M|79/100
|-ability|p2a: Landorus|Intimidate|boost
|-unboost|p1a: Cancer|atk|1
|turn|15
|
|t:|1757923933
|move|p2a: Landorus|Taunt|p1a: Cancer
|-start|p1a: Cancer|move: Taunt
|cant|p1a: Cancer|move: Taunt|Toxic
|
|upkeep
|turn|16
|
|t:|1757923937
|move|p2a: Landorus|Stealth Rock|p1a: Cancer
|-sidestart|p1: axoubibou|move: Stealth Rock
|move|p1a: Cancer|Knock Off|p2a: Landorus
|-damage|p2a: Landorus|65/100
|-damage|p1a: Cancer|84/100 tox|[from] item: Rocky Helmet|[of] p2a: Landorus
|-enditem|p2a: Landorus|Rocky Helmet|[from] move: Knock Off|[of] p1a: Cancer
|
|-heal|p1a: Cancer|97/100 tox|[from] ability: Poison Heal
|upkeep
|turn|17
|
|t:|1757923943
|switch|p1a: Golden shower|Azumarill, F, shiny|95/100
|move|p2a: Landorus|U-turn|p1a: Golden shower
|-resisted|p1a: Golden shower
|-damage|p1a: Golden shower|88/100
|
|t:|1757923946
|switch|p2a: Dragapult|Dragapult, M|91/100|[from] U-turn
|
|upkeep
|turn|18
|
|t:|1757923952
|move|p2a: Dragapult|Will-O-Wisp|p1a: Golden shower
|-status|p1a: Golden shower|brn
|move|p1a: Golden shower|Whirlpool|p2a: Dragapult
|-resisted|p2a: Dragapult
|-damage|p2a: Dragapult|86/100
|-activate|p2a: Dragapult|move: Whirlpool|[of] p1a: Golden shower
|
|-damage|p1a: Golden shower|81/100 brn|[from] brn
|-damage|p2a: Dragapult|73/100|[from] move: Whirlpool|[partiallytrapped]
|upkeep
|turn|19
|
|t:|1757923974
|move|p2a: Dragapult|U-turn|p1a: Golden shower
|-resisted|p1a: Golden shower
|-damage|p1a: Golden shower|74/100 brn
|
|t:|1757923978
|switch|p2a: Primarina|Primarina, F|87/100|[from] U-turn
|move|p1a: Golden shower|Alluring Voice|p2a: Primarina
|-damage|p2a: Primarina|75/100
|
|-heal|p2a: Primarina|81/100|[from] item: Leftovers
|-damage|p1a: Golden shower|68/100 brn|[from] brn
|upkeep
|turn|20
|
|t:|1757923986
|move|p2a: Primarina|Perish Song|p2a: Primarina
|-start|p1a: Golden shower|perish3|[silent]
|-start|p2a: Primarina|perish3|[silent]
|-fieldactivate|move: Perish Song
|move|p1a: Golden shower|Whirlpool|p2a: Primarina
|-resisted|p2a: Primarina
|-damage|p2a: Primarina|78/100
|-activate|p2a: Primarina|move: Whirlpool|[of] p1a: Golden shower
|
|-heal|p2a: Primarina|84/100|[from] item: Leftovers
|-damage|p1a: Golden shower|62/100 brn|[from] brn
|-damage|p2a: Primarina|71/100|[from] move: Whirlpool|[partiallytrapped]
|-start|p2a: Primarina|perish3
|-start|p1a: Golden shower|perish3
|upkeep
|turn|21
|
|t:|1757923997
|switch|p1a: Slurp|Corviknight, M, shiny|90/100
|-damage|p1a: Slurp|78/100|[from] Stealth Rock
|-ability|p1a: Slurp|Pressure
|move|p2a: Primarina|Flip Turn|p1a: Slurp
|-damage|p1a: Slurp|64/100
|
|t:|1757924002
|switch|p2a: Landorus|Landorus-Therian, M|65/100|[from] Flip Turn
|-ability|p2a: Landorus|Intimidate|boost
|-unboost|p1a: Slurp|atk|1
|
|-heal|p1a: Slurp|70/100|[from] item: Leftovers
|upkeep
|turn|22
|inactive|axoubibou has 120 seconds left.
|inactive|axoubibou has 90 seconds left.
|
|t:|1757924083
|switch|p1a: Golden shower|Azumarill, F, shiny|62/100 brn
|move|p2a: Landorus|Taunt|p1a: Golden shower
|-start|p1a: Golden shower|move: Taunt
|
|-damage|p1a: Golden shower|56/100 brn|[from] brn
|upkeep
|turn|23
|
|t:|1757924092
|move|p2a: Landorus|Earth Power|p1a: Golden shower
|-damage|p1a: Golden shower|22/100 brn
|move|p1a: Golden shower|Whirlpool|p2a: Landorus|[miss]
|-miss|p1a: Golden shower|p2a: Landorus
|
|-damage|p1a: Golden shower|16/100 brn|[from] brn
|upkeep
|turn|24
|
|t:|1757924104
|switch|p1a: Kant|Alomomola, L99, F, shiny|100/100
|move|p2a: Landorus|U-turn|p1a: Kant
|-damage|p1a: Kant|84/100
|
|t:|1757924118
|switch|p2a: Dragapult|Dragapult, M|73/100|[from] U-turn
|
|upkeep
|turn|25
|
|t:|1757924123
|move|p2a: Dragapult|Will-O-Wisp|p1a: Kant
|-status|p1a: Kant|brn
|move|p1a: Kant|Wish|p1a: Kant
|
|-damage|p1a: Kant|78/100 brn|[from] brn
|upkeep
|turn|26
|inactive|i_love_lulu has 120 seconds left.
|inactive|i_love_lulu has 90 seconds left.
|
|t:|1757924211
|move|p2a: Dragapult|Hex|p1a: Kant
|-damage|p1a: Kant|36/100 brn
|move|p1a: Kant|Flip Turn|p2a: Dragapult
|-resisted|p2a: Dragapult
|-damage|p2a: Dragapult|68/100
|
|t:|1757924217
|switch|p1a: Golden shower|Azumarill, F, shiny|16/100 brn|[from] Flip Turn
|
|-heal|p1a: Golden shower|83/100 brn|[from] move: Wish|[wisher] Kant
|-damage|p1a: Golden shower|77/100 brn|[from] brn
|upkeep
|turn|27
|
|t:|1757924224
|move|p2a: Dragapult|Hex|p1a: Golden shower
|-damage|p1a: Golden shower|23/100 brn
|move|p1a: Golden shower|Alluring Voice|p2a: Dragapult
|-supereffective|p2a: Dragapult
|-damage|p2a: Dragapult|10/100
|
|-damage|p1a: Golden shower|17/100 brn|[from] brn
|upkeep
|turn|28
|
|t:|1757924235
|move|p2a: Dragapult|Hex|p1a: Golden shower
|-damage|p1a: Golden shower|0 fnt
|faint|p1a: Golden shower
|
|upkeep
|
|t:|1757924239
|switch|p1a: Cancer|Gliscor, F|97/100 tox
|-damage|p1a: Cancer|84/100 tox|[from] Stealth Rock
|turn|29
|
|t:|1757924243
|move|p2a: Dragapult|Hex|p1a: Cancer
|-damage|p1a: Cancer|23/100 tox
|move|p1a: Cancer|Knock Off|p2a: Dragapult
|-supereffective|p2a: Dragapult
|-damage|p2a: Dragapult|0 fnt
|-enditem|p2a: Dragapult|Heavy-Duty Boots|[from] move: Knock Off|[of] p1a: Cancer
|faint|p2a: Dragapult
|
|-heal|p1a: Cancer|36/100 tox|[from] ability: Poison Heal
|upkeep
|
|t:|1757924250
|switch|p2a: Primarina|Primarina, F|71/100
|turn|30
|
|t:|1757924256
|move|p1a: Cancer|Protect|p1a: Cancer
|-singleturn|p1a: Cancer|Protect
|move|p2a: Primarina|Hyper Voice|p1a: Cancer
|-activate|p1a: Cancer|move: Protect
|
|-heal|p2a: Primarina|77/100|[from] item: Leftovers
|-heal|p1a: Cancer|48/100 tox|[from] ability: Poison Heal
|upkeep
|turn|31
|
|t:|1757924263
|switch|p1a: Kant|Alomomola, L99, F, shiny|70/100 brn
|move|p2a: Primarina|Flip Turn|p1a: Kant
|-resisted|p1a: Kant
|-damage|p1a: Kant|63/100 brn
|inactive|i_love_lulu has 120 seconds left.
|
|t:|1757924274
|switch|p2a: Kingambit|Kingambit, F|100/100|[from] Flip Turn
|-activate|p2a: Kingambit|ability: Supreme Overlord
|-start|p2a: Kingambit|fallen2|[silent]
|
|-damage|p1a: Kant|57/100 brn|[from] brn
|upkeep
|turn|32
|
|t:|1757924279
|move|p2a: Kingambit|Swords Dance|p2a: Kingambit
|-boost|p2a: Kingambit|atk|2
|move|p1a: Kant|Flip Turn|p2a: Kingambit
|-crit|p2a: Kingambit
|-damage|p2a: Kingambit|92/100
|
|t:|1757924282
|switch|p1a: Fat fish|Dondozo, F|100/100|[from] Flip Turn
|
|upkeep
|turn|33
|
|t:|1757924290
|move|p2a: Kingambit|Kowtow Cleave|p1a: Fat fish
|-damage|p1a: Fat fish|72/100
|move|p1a: Fat fish|Body Press|p2a: Kingambit
|-supereffective|p2a: Kingambit
|-damage|p2a: Kingambit|6/100
|
|upkeep
|turn|34
|
|t:|1757924296
|-end|p2a: Kingambit|fallen2|[silent]
|switch|p2a: Primarina|Primarina, F|77/100
|move|p1a: Fat fish|Avalanche|p2a: Primarina
|-resisted|p2a: Primarina
|-damage|p2a: Primarina|69/100
|
|-heal|p2a: Primarina|75/100|[from] item: Leftovers
|upkeep
|turn|35
|
|t:|1757924302
|switch|p1a: Kant|Alomomola, L99, F, shiny|90/100 brn
|move|p2a: Primarina|Perish Song|p2a: Primarina
|-start|p1a: Kant|perish3|[silent]
|-start|p2a: Primarina|perish3|[silent]
|-fieldactivate|move: Perish Song
|
|-heal|p2a: Primarina|81/100|[from] item: Leftovers
|-damage|p1a: Kant|84/100 brn|[from] brn
|-start|p1a: Kant|perish3
|-start|p2a: Primarina|perish3
|upkeep
|turn|36
|-message|i_love_lulu forfeited.
|
|win|axoubibou
|raw|axoubibou's rating: 1304 &rarr; <strong>1322</strong><br />(+18 for winning)
|raw|i_love_lulu's rating: 1272 &rarr; <strong>1249</strong><br />(-23 for losing)
|l|☆i_love_lulu
|player|p2|
|l|☆axoubibou
|player|p1|
