|j|☆LucyLikePizza
|j|☆jimy92
|t:|1757952736
|gametype|singles
|player|p1|LucyLikePizza|iris-gen5bw2|1471
|player|p2|jimy92|266|1488
|gen|9
|tier|[Gen 9] OU
|rated|
|rule|HP Percentage Mod: HP is shown in percentages
|rule|Endless Battle Clause: Forcing endless battles is banned
|rule|Species Clause: Limit one of each Pokémon
|rule|OHKO Clause: OHKO moves are banned
|rule|Evasion Items Clause: Evasion items are banned
|rule|Evasion Moves Clause: Evasion moves are banned
|rule|Evasion Abilities Clause: Evasion abilities are banned
|rule|Sleep Moves Clause: Sleep-inducing moves are banned
|clearpoke
|poke|p1|Greninja-*, F|
|poke|p1|Zarude-Dada|
|poke|p1|Moltres|
|poke|p1|Great Tusk|
|poke|p1|Goodra-Hisui, F|
|poke|p1|Gholdengo|
|poke|p2|Blaziken, F|
|poke|p2|Samurott-Hisui, F|
|poke|p2|Pecharunt|
|poke|p2|Garganacl, F|
|poke|p2|Azumarill, M|
|poke|p2|Enamorus, F|
|teampreview
|inactive|Battle timer is ON: inactive players will automatically lose when time's up. (requested by jimy92)
|
|t:|1757952745
|teamsize|p1|6
|teamsize|p2|6
|start
|switch|p1a: Greninja|Greninja, F|100/100
|switch|p2a: Enamorus|Enamorus, F|100/100
|turn|1
|
|t:|1757952750
|switch|p1a: Moltres|Moltres|100/100
|move|p2a: Enamorus|Moonblast|p1a: Moltres
|-resisted|p1a: Moltres
|-damage|p1a: Moltres|76/100
|
|upkeep
|turn|2
|
|t:|1757952754
|switch|p2a: Garganacl|Garganacl, F|100/100
|move|p1a: Moltres|U-turn|p2a: Garganacl
|-damage|p2a: Garganacl|90/100
|
|t:|1757952757
|switch|p1a: Greninja|Greninja, F|100/100|[from] U-turn
|
|-heal|p2a: Garganacl|97/100|[from] item: Leftovers
|upkeep
|turn|3
|
|t:|1757952761
|move|p1a: Greninja|Switcheroo|p2a: Garganacl
|-start|p1a: Greninja|typechange|Dark|[from] ability: Protean
|-activate|p1a: Greninja|move: Trick|[of] p2a: Garganacl
|-item|p2a: Garganacl|Choice Band|[from] move: Switcheroo
|-item|p1a: Greninja|Leftovers|[from] move: Switcheroo
|move|p2a: Garganacl|Salt Cure|p1a: Greninja
|-damage|p1a: Greninja|63/100
|-start|p1a: Greninja|Salt Cure
|
|-heal|p1a: Greninja|69/100|[from] item: Leftovers
|-damage|p1a: Greninja|57/100|[from] Salt Cure
|upkeep
|turn|4
|
|t:|1757952767
|move|p1a: Greninja|U-turn|p2a: Garganacl
|-damage|p2a: Garganacl|85/100
|
|t:|1757952771
|switch|p1a: Gholdengo|Gholdengo|100/100|[from] U-turn
|move|p2a: Garganacl|Salt Cure|p1a: Gholdengo
|-resisted|p1a: Gholdengo
|-damage|p1a: Gholdengo|90/100
|-start|p1a: Gholdengo|Salt Cure
|
|-heal|p1a: Gholdengo|96/100|[from] item: Leftovers
|-damage|p1a: Gholdengo|71/100|[from] Salt Cure
|upkeep
|turn|5
|
|t:|1757952789
|switch|p2a: Samurott|Samurott-Hisui, F|100/100
|move|p1a: Gholdengo|Thunder Wave|p2a: Samurott
|-status|p2a: Samurott|par
|
|-heal|p1a: Gholdengo|77/100|[from] item: Leftovers
|-damage|p1a: Gholdengo|53/100|[from] Salt Cure
|upkeep
|turn|6
|
|t:|1757952793
|switch|p1a: Zarude|Zarude-Dada|100/100
|cant|p2a: Samurott|par
|
|upkeep
|turn|7
|
|t:|1757952811
|switch|p2a: Enamorus|Enamorus, F|100/100
|move|p1a: Zarude|Trailblaze|p2a: Enamorus
|-resisted|p2a: Enamorus
|-damage|p2a: Enamorus|77/100
|-boost|p1a: Zarude|spe|1
|
|upkeep
|turn|8
|
|t:|1757952818
|switch|p1a: Moltres|Moltres|76/100
|move|p2a: Enamorus|Moonblast|p1a: Moltres
|-resisted|p1a: Moltres
|-damage|p1a: Moltres|52/100
|
|upkeep
|turn|9
|
|t:|1757952829
|switch|p2a: Garganacl|Garganacl, F|85/100
|move|p1a: Moltres|Roost|p1a: Moltres
|-heal|p1a: Moltres|100/100
|-singleturn|p1a: Moltres|move: Roost
|
|upkeep
|turn|10
|
|t:|1757952832
|move|p1a: Moltres|U-turn|p2a: Garganacl
|-damage|p2a: Garganacl|75/100
|
|t:|1757952836
|switch|p1a: Gholdengo|Gholdengo|53/100|[from] U-turn
|move|p2a: Garganacl|Salt Cure|p1a: Gholdengo
|-resisted|p1a: Gholdengo
|-damage|p1a: Gholdengo|43/100
|-start|p1a: Gholdengo|Salt Cure
|
|-heal|p1a: Gholdengo|49/100|[from] item: Leftovers
|-damage|p1a: Gholdengo|25/100|[from] Salt Cure
|upkeep
|turn|11
|
|t:|1757952856
|switch|p2a: Blaziken|Blaziken, F|100/100
|move|p1a: Gholdengo|Recover|p1a: Gholdengo
|-heal|p1a: Gholdengo|75/100
|
|-heal|p1a: Gholdengo|81/100|[from] item: Leftovers
|-damage|p1a: Gholdengo|56/100|[from] Salt Cure
|upkeep
|turn|12
|
|t:|1757952860
|switch|p1a: Great Tusk|Great Tusk|100/100
|move|p2a: Blaziken|Flare Blitz|p1a: Great Tusk
|-crit|p1a: Great Tusk
|-damage|p1a: Great Tusk|43/100
|-status|p1a: Great Tusk|brn
|-damage|p2a: Blaziken|84/100|[from] item: Rocky Helmet|[of] p1a: Great Tusk
|-damage|p2a: Blaziken|57/100|[from] Recoil
|-damage|p2a: Blaziken|47/100|[from] item: Life Orb
|
|-damage|p1a: Great Tusk|36/100 brn|[from] brn
|-ability|p2a: Blaziken|Speed Boost|boost
|-boost|p2a: Blaziken|spe|1
|upkeep
|turn|13
|
|t:|1757952869
|move|p2a: Blaziken|Close Combat|p1a: Great Tusk
|-damage|p1a: Great Tusk|0 fnt
|-unboost|p2a: Blaziken|def|1
|-unboost|p2a: Blaziken|spd|1
|-damage|p2a: Blaziken|31/100|[from] item: Rocky Helmet|[of] p1a: Great Tusk
|faint|p1a: Great Tusk
|-end|p1a: Great Tusk|Protosynthesis|[silent]
|-damage|p2a: Blaziken|21/100|[from] item: Life Orb
|
|-ability|p2a: Blaziken|Speed Boost|boost
|-boost|p2a: Blaziken|spe|1
|upkeep
|
|t:|1757952876
|switch|p1a: Moltres|Moltres|100/100
|turn|14
|
|t:|1757952895
|switch|p2a: Garganacl|Garganacl, F|75/100
|move|p1a: Moltres|Flamethrower|p2a: Garganacl
|-resisted|p2a: Garganacl
|-damage|p2a: Garganacl|62/100
|
|upkeep
|turn|15
|
|t:|1757952906
|move|p1a: Moltres|U-turn|p2a: Garganacl
|-damage|p2a: Garganacl|52/100
|
|t:|1757952908
|switch|p1a: Goodra|Goodra-Hisui, F|100/100|[from] U-turn
|move|p2a: Garganacl|Stealth Rock|p1a: Goodra
|-sidestart|p1: LucyLikePizza|move: Stealth Rock
|
|upkeep
|turn|16
|
|t:|1757952917
|switch|p1a: Moltres|Moltres|100/100
|switch|p2a: Samurott|Samurott-Hisui, F|100/100 par
|
|upkeep
|turn|17
|inactive|jimy92 has 120 seconds left.
|
|t:|1757952965
|move|p1a: Moltres|U-turn|p2a: Samurott
|-supereffective|p2a: Samurott
|-damage|p2a: Samurott|70/100 par
|
|t:|1757952967
|switch|p1a: Zarude|Zarude-Dada|100/100|[from] U-turn
|-damage|p1a: Zarude|88/100|[from] Stealth Rock
|cant|p2a: Samurott|par
|
|-heal|p1a: Zarude|94/100|[from] item: Leftovers
|upkeep
|turn|18
|l|☆jimy92
|inactive|jimy92 disconnected and has a minute to reconnect!
|player|p2|
|j|☆jimy92
|inactive|jimy92 reconnected and has 110 seconds left.
|player|p2|jimy92|266|
|inactive|jimy92 has 90 seconds left.
|
|t:|1757953013
|move|p1a: Zarude|Bulk Up|p1a: Zarude
|-boost|p1a: Zarude|atk|1
|-boost|p1a: Zarude|def|1
|move|p2a: Samurott|Ceaseless Edge|p1a: Zarude|[miss]
|-miss|p2a: Samurott|p1a: Zarude
|
|-heal|p1a: Zarude|99/100|[from] item: Leftovers
|upkeep
|turn|19
|
|t:|1757953018
|move|p1a: Zarude|Trailblaze|p2a: Samurott
|-supereffective|p2a: Samurott
|-damage|p2a: Samurott|0 fnt
|-boost|p1a: Zarude|spe|1
|faint|p2a: Samurott
|
|-heal|p1a: Zarude|100/100|[from] item: Leftovers
|upkeep
|c|☆jimy92|Wow
|c|☆jimy92|Gg lucker
|
|t:|1757953044
|switch|p2a: Pecharunt|Pecharunt|100/100
|turn|20
|
|t:|1757953049
|move|p1a: Zarude|Bulk Up|p1a: Zarude
|-boost|p1a: Zarude|atk|1
|-boost|p1a: Zarude|def|1
|move|p2a: Pecharunt|Malignant Chain|p1a: Zarude
|-supereffective|p1a: Zarude
|-damage|p1a: Zarude|48/100
|-status|p1a: Zarude|tox
|-start|p1a: Zarude|confusion|[from] ability: Poison Puppeteer|[of] p2a: Pecharunt
|
|-heal|p1a: Zarude|54/100 tox|[from] item: Leftovers
|-damage|p1a: Zarude|48/100 tox|[from] psn
|upkeep
|turn|21
|
|t:|1757953054
|-activate|p1a: Zarude|confusion
|-damage|p1a: Zarude|37/100 tox|[from] confusion
|move|p2a: Pecharunt|Parting Shot|p1a: Zarude
|-unboost|p1a: Zarude|atk|1
|-unboost|p1a: Zarude|spa|1
|
|t:|1757953079
|switch|p2a: Enamorus|Enamorus, F|77/100|[from] Parting Shot
|
|-heal|p1a: Zarude|43/100 tox|[from] item: Leftovers
|-damage|p1a: Zarude|31/100 tox|[from] psn
|upkeep
|turn|22
|
|t:|1757953081
|move|p2a: Enamorus|Moonblast|p1a: Zarude
|-supereffective|p1a: Zarude
|-damage|p1a: Zarude|0 fnt
|faint|p1a: Zarude
|
|upkeep
|
|t:|1757953083
|switch|p1a: Gholdengo|Gholdengo|56/100
|-damage|p1a: Gholdengo|50/100|[from] Stealth Rock
|turn|23
|inactive|jimy92 has 90 seconds left.
|
|t:|1757953093
|switch|p2a: Garganacl|Garganacl, F|52/100
|move|p1a: Gholdengo|Recover|p1a: Gholdengo
|-heal|p1a: Gholdengo|99/100
|
|-heal|p1a: Gholdengo|100/100|[from] item: Leftovers
|upkeep
|turn|24
|
|t:|1757953104
|move|p1a: Gholdengo|Nasty Plot|p1a: Gholdengo
|-boost|p1a: Gholdengo|spa|2
|move|p2a: Garganacl|Salt Cure|p1a: Gholdengo
|-resisted|p1a: Gholdengo
|-damage|p1a: Gholdengo|91/100
|-start|p1a: Gholdengo|Salt Cure
|
|-heal|p1a: Gholdengo|97/100|[from] item: Leftovers
|-damage|p1a: Gholdengo|72/100|[from] Salt Cure
|upkeep
|turn|25
|c|☆jimy92|Wish i had a spike down
|
|t:|1757953120
|move|p1a: Gholdengo|Hex|p2a: Garganacl
|-damage|p2a: Garganacl|33/100
|move|p2a: Garganacl|Salt Cure|p1a: Gholdengo
|-resisted|p1a: Gholdengo
|-damage|p1a: Gholdengo|62/100
|
|-heal|p1a: Gholdengo|68/100|[from] item: Leftovers
|-damage|p1a: Gholdengo|43/100|[from] Salt Cure
|upkeep
|turn|26
|
|t:|1757953123
|switch|p2a: Blaziken|Blaziken, F|21/100
|move|p1a: Gholdengo|Recover|p1a: Gholdengo
|-heal|p1a: Gholdengo|93/100
|
|-heal|p1a: Gholdengo|99/100|[from] item: Leftovers
|-damage|p1a: Gholdengo|74/100|[from] Salt Cure
|upkeep
|turn|27
|
|t:|1757953127
|switch|p1a: Moltres|Moltres|100/100
|move|p2a: Blaziken|Flare Blitz|p1a: Moltres
|-resisted|p1a: Moltres
|-damage|p1a: Moltres|70/100
|-damage|p2a: Blaziken|8/100|[from] Recoil
|-damage|p2a: Blaziken|0 fnt|[from] item: Life Orb
|faint|p2a: Blaziken
|
|upkeep
|
|t:|1757953142
|switch|p2a: Azumarill|Azumarill, M|100/100
|turn|28
|
|t:|1757953147
|-terastallize|p2a: Azumarill|Fire
|move|p1a: Moltres|Hurricane|p2a: Azumarill
|-crit|p2a: Azumarill
|-damage|p2a: Azumarill|23/100
|-enditem|p2a: Azumarill|Sitrus Berry|[eat]
|-heal|p2a: Azumarill|48/100|[from] item: Sitrus Berry
|move|p2a: Azumarill|Belly Drum||[still]
|-fail|p2a: Azumarill
|
|upkeep
|turn|29
|inactive|jimy92 has 120 seconds left.
|
|t:|1757953152
|move|p2a: Azumarill|Aqua Jet|p1a: Moltres
|-supereffective|p1a: Moltres
|-damage|p1a: Moltres|38/100
|move|p1a: Moltres|Hurricane|p2a: Azumarill
|-damage|p2a: Azumarill|0 fnt
|faint|p2a: Azumarill
|
|upkeep
|inactive|jimy92 has 120 seconds left.
|
|t:|1757953164
|switch|p2a: Garganacl|Garganacl, F|33/100
|turn|30
|
|t:|1757953172
|move|p1a: Moltres|Flamethrower|p2a: Garganacl
|-resisted|p2a: Garganacl
|-damage|p2a: Garganacl|21/100
|move|p2a: Garganacl|Salt Cure|p1a: Moltres
|-supereffective|p1a: Moltres
|-crit|p1a: Moltres
|-damage|p1a: Moltres|0 fnt
|faint|p1a: Moltres
|
|upkeep
|
|t:|1757953182
|switch|p1a: Goodra|Goodra-Hisui, F|100/100
|-damage|p1a: Goodra|94/100|[from] Stealth Rock
|turn|31
|
|t:|1757953187
|move|p1a: Goodra|Surf|p2a: Garganacl
|-supereffective|p2a: Garganacl
|-damage|p2a: Garganacl|0 fnt
|faint|p2a: Garganacl
|
|upkeep
|
|t:|1757953192
|switch|p2a: Enamorus|Enamorus, F|77/100
|turn|32
|
|t:|1757953202
|move|p2a: Enamorus|Earth Power|p1a: Goodra
|-supereffective|p1a: Goodra
|-damage|p1a: Goodra|66/100
|-unboost|p1a: Goodra|spd|1
|move|p1a: Goodra|Surf|p2a: Enamorus
|-damage|p2a: Enamorus|38/100
|
|upkeep
|turn|33
|
|t:|1757953207
|move|p2a: Enamorus|Earth Power|p1a: Goodra
|-supereffective|p1a: Goodra
|-damage|p1a: Goodra|25/100
|move|p1a: Goodra|Surf|p2a: Enamorus
|-damage|p2a: Enamorus|0 fnt
|faint|p2a: Enamorus
|
|upkeep
|
|t:|1757953210
|switch|p2a: Pecharunt|Pecharunt|100/100
|turn|34
|
|t:|1757953216
|move|p2a: Pecharunt|Hex|p1a: Goodra
|-damage|p1a: Goodra|11/100
|move|p1a: Goodra|Draco Meteor|p2a: Pecharunt
|-damage|p2a: Pecharunt|34/100
|-unboost|p1a: Goodra|spa|2
|
|upkeep
|turn|35
|
|t:|1757953220
|switch|p1a: Greninja|Greninja, F|57/100
|-damage|p1a: Greninja|45/100|[from] Stealth Rock
|move|p2a: Pecharunt|Recover|p2a: Pecharunt
|-heal|p2a: Pecharunt|84/100
|
|-heal|p1a: Greninja|51/100|[from] item: Leftovers
|upkeep
|turn|36
|
|t:|1757953227
|move|p1a: Greninja|U-turn|p2a: Pecharunt
|-start|p1a: Greninja|typechange|Bug|[from] ability: Protean
|-resisted|p2a: Pecharunt
|-damage|p2a: Pecharunt|81/100
|
|t:|1757953228
|switch|p1a: Goodra|Goodra-Hisui, F|11/100|[from] U-turn
|-damage|p1a: Goodra|5/100|[from] Stealth Rock
|move|p2a: Pecharunt|Malignant Chain|p1a: Goodra
|-immune|p1a: Goodra
|
|upkeep
|turn|37
|
|t:|1757953231
|move|p2a: Pecharunt|Hex|p1a: Goodra
|-damage|p1a: Goodra|0 fnt
|faint|p1a: Goodra
|
|upkeep
|
|t:|1757953233
|switch|p1a: Gholdengo|Gholdengo|74/100
|-damage|p1a: Gholdengo|68/100|[from] Stealth Rock
|turn|38
|
|t:|1757953243
|-terastallize|p1a: Gholdengo|Dark
|move|p1a: Gholdengo|Thunder Wave|p2a: Pecharunt
|-status|p2a: Pecharunt|par
|move|p2a: Pecharunt|Hex|p1a: Gholdengo
|-resisted|p1a: Gholdengo
|-damage|p1a: Gholdengo|61/100
|
|-heal|p1a: Gholdengo|67/100|[from] item: Leftovers
|upkeep
|turn|39
|
|t:|1757953248
|move|p1a: Gholdengo|Nasty Plot|p1a: Gholdengo
|-boost|p1a: Gholdengo|spa|2
|move|p2a: Pecharunt|Malignant Chain|p1a: Gholdengo
|-damage|p1a: Gholdengo|43/100
|-status|p1a: Gholdengo|tox
|-start|p1a: Gholdengo|confusion|[from] ability: Poison Puppeteer|[of] p2a: Pecharunt
|
|-heal|p1a: Gholdengo|49/100 tox|[from] item: Leftovers
|-damage|p1a: Gholdengo|43/100 tox|[from] psn
|upkeep
|turn|40
|
|t:|1757953251
|-activate|p1a: Gholdengo|confusion
|move|p1a: Gholdengo|Hex|p2a: Pecharunt
|-supereffective|p2a: Pecharunt
|-damage|p2a: Pecharunt|0 fnt
|faint|p2a: Pecharunt
|
|win|LucyLikePizza
|raw|LucyLikePizza's rating: 1471 &rarr; <strong>1492</strong><br />(+21 for winning)
|raw|jimy92's rating: 1488 &rarr; <strong>1467</strong><br />(-21 for losing)
|l|☆jimy92
|player|p2|
|l|☆LucyLikePizza
|player|p1|
