|j|☆fulkttd
|j|☆bananacrazy
|t:|1757948884
|gametype|singles
|player|p1|fulkttd|zinzolin|1478
|player|p2|bananacrazy|102|1465
|gen|9
|tier|[Gen 9] OU
|rated|
|rule|HP Percentage Mod: HP is shown in percentages
|rule|Endless Battle Clause: Forcing endless battles is banned
|rule|Species Clause: Limit one of each Pokémon
|rule|OHKO Clause: OHKO moves are banned
|rule|Evasion Items Clause: Evasion items are banned
|rule|Evasion Moves Clause: Evasion moves are banned
|rule|Evasion Abilities Clause: Evasion abilities are banned
|rule|Sleep Moves Clause: Sleep-inducing moves are banned
|clearpoke
|poke|p1|Raging Bolt|
|poke|p1|Walking Wake|
|poke|p1|Iron Valiant|
|poke|p1|Meowscarada, F|
|poke|p1|Scizor, F|
|poke|p1|Okidogi, M|
|poke|p2|Samurott-Hisui, M|
|poke|p2|Iron Valiant|
|poke|p2|Landorus-Therian, M|
|poke|p2|Gholdengo|
|poke|p2|Kingambit, F|
|poke|p2|Raging Bolt|
|teampreview
|inactive|Battle timer is ON: inactive players will automatically lose when time's up. (requested by fulkttd)
|inactive|fulkttd has 120 seconds left.
|
|t:|1757948929
|teamsize|p1|6
|teamsize|p2|6
|start
|switch|p1a: Meowscarada|Meowscarada, F|100/100
|switch|p2a: Landorus|Landorus-Therian, M|100/100
|-ability|p2a: Landorus|Intimidate|boost
|-unboost|p1a: Meowscarada|atk|1
|turn|1
|inactive|bananacrazy has 120 seconds left.
|
|t:|1757948967
|switch|p2a: Samurott|Samurott-Hisui, M|100/100
|move|p1a: Meowscarada|Triple Axel|p2a: Samurott
|-start|p1a: Meowscarada|typechange|Ice|[from] ability: Protean
|-resisted|p2a: Samurott
|-damage|p2a: Samurott|96/100
|-resisted|p2a: Samurott
|-damage|p2a: Samurott|88/100
|-resisted|p2a: Samurott
|-damage|p2a: Samurott|77/100
|-hitcount|p2a: Samurott|3
|
|upkeep
|turn|2
|inactive|bananacrazy has 120 seconds left.
|
|t:|1757948979
|switch|p1a: Scizor|Scizor, F|100/100
|move|p2a: Samurott|Ceaseless Edge|p1a: Scizor
|-damage|p1a: Scizor|54/100
|-sidestart|p1: fulkttd|Spikes
|
|upkeep
|turn|3
|
|t:|1757948989
|move|p2a: Samurott|Ceaseless Edge|p1a: Scizor
|-damage|p1a: Scizor|9/100
|-sidestart|p1: fulkttd|Spikes
|move|p1a: Scizor|U-turn|p2a: Samurott
|-supereffective|p2a: Samurott
|-damage|p2a: Samurott|0 fnt
|faint|p2a: Samurott
|
|t:|1757949009
|switch|p1a: Raging Bolt|Raging Bolt|100/100|[from] U-turn
|-damage|p1a: Raging Bolt|84/100|[from] Spikes
|
|upkeep
|
|t:|1757949019
|switch|p2a: Landorus|Landorus-Therian, M|100/100
|-ability|p2a: Landorus|Intimidate|boost
|-unboost|p1a: Raging Bolt|atk|1
|-enditem|p1a: Raging Bolt|Eject Pack
|
|t:|1757949021
|-end|p1a: Raging Bolt|Protosynthesis|[silent]
|switch|p1a: Walking Wake|Walking Wake|100/100
|-damage|p1a: Walking Wake|84/100|[from] Spikes
|turn|4
|
|t:|1757949041
|switch|p2a: Gholdengo|Gholdengo|100/100
|-item|p2a: Gholdengo|Air Balloon
|move|p1a: Walking Wake|Draco Meteor|p2a: Gholdengo
|-resisted|p2a: Gholdengo
|-damage|p2a: Gholdengo|56/100
|-unboost|p1a: Walking Wake|spa|2
|-enditem|p2a: Gholdengo|Air Balloon
|
|upkeep
|turn|5
|
|t:|1757949047
|-end|p1a: Walking Wake|Protosynthesis|[silent]
|switch|p1a: Scizor|Scizor, F|9/100
|move|p2a: Gholdengo|Recover|p2a: Gholdengo
|-heal|p2a: Gholdengo|100/100
|
|upkeep
|turn|6
|
|t:|1757949054
|switch|p2a: Landorus|Landorus-Therian, M|100/100
|-ability|p2a: Landorus|Intimidate|boost
|-unboost|p1a: Scizor|atk|1
|move|p1a: Scizor|Bullet Punch|p2a: Landorus
|-damage|p2a: Landorus|76/100
|-damage|p1a: Scizor|0 fnt|[from] item: Rocky Helmet|[of] p2a: Landorus
|faint|p1a: Scizor
|
|upkeep
|
|t:|1757949062
|switch|p1a: Walking Wake|Walking Wake|84/100
|-damage|p1a: Walking Wake|67/100|[from] Spikes
|turn|7
|
|t:|1757949076
|switch|p2a: Raging Bolt|Raging Bolt|100/100
|-enditem|p2a: Raging Bolt|Booster Energy
|-activate|p2a: Raging Bolt|ability: Protosynthesis|[fromitem]
|-start|p2a: Raging Bolt|protosynthesisspa
|move|p1a: Walking Wake|Draco Meteor|p2a: Raging Bolt
|-supereffective|p2a: Raging Bolt
|-crit|p2a: Raging Bolt
|-damage|p2a: Raging Bolt|0 fnt
|-unboost|p1a: Walking Wake|spa|2
|faint|p2a: Raging Bolt
|-end|p2a: Raging Bolt|Protosynthesis|[silent]
|
|upkeep
|
|t:|1757949083
|switch|p2a: Iron Valiant|Iron Valiant|100/100
|-enditem|p2a: Iron Valiant|Booster Energy
|-activate|p2a: Iron Valiant|ability: Quark Drive|[fromitem]
|-start|p2a: Iron Valiant|quarkdrivespe
|turn|8
|
|t:|1757949091
|-end|p1a: Walking Wake|Protosynthesis|[silent]
|switch|p1a: Meowscarada|Meowscarada, F|100/100
|-damage|p1a: Meowscarada|84/100|[from] Spikes
|move|p2a: Iron Valiant|Calm Mind|p2a: Iron Valiant
|-boost|p2a: Iron Valiant|spa|1
|-boost|p2a: Iron Valiant|spd|1
|
|upkeep
|turn|9
|
|t:|1757949098
|move|p1a: Meowscarada|Triple Axel|p2a: Iron Valiant
|-start|p1a: Meowscarada|typechange|Ice|[from] ability: Protean
|-damage|p2a: Iron Valiant|89/100
|-damage|p2a: Iron Valiant|63/100
|-damage|p2a: Iron Valiant|27/100
|-hitcount|p2a: Iron Valiant|3
|move|p2a: Iron Valiant|Moonblast|p1a: Meowscarada
|-damage|p1a: Meowscarada|0 fnt
|faint|p1a: Meowscarada
|
|upkeep
|
|t:|1757949115
|switch|p1a: Raging Bolt|Raging Bolt|84/100
|-damage|p1a: Raging Bolt|67/100|[from] Spikes
|turn|10
|
|t:|1757949122
|move|p2a: Iron Valiant|Encore||[still]
|-fail|p2a: Iron Valiant
|move|p1a: Raging Bolt|Thunderbolt|p2a: Iron Valiant
|-damage|p2a: Iron Valiant|0 fnt
|faint|p2a: Iron Valiant
|-end|p2a: Iron Valiant|Quark Drive|[silent]
|
|upkeep
|
|t:|1757949127
|switch|p2a: Landorus|Landorus-Therian, M|76/100
|-ability|p2a: Landorus|Intimidate|boost
|-unboost|p1a: Raging Bolt|atk|1
|turn|11
|
|t:|1757949137
|-terastallize|p1a: Raging Bolt|Bug
|move|p2a: Landorus|Stealth Rock|p1a: Raging Bolt
|-sidestart|p1: fulkttd|move: Stealth Rock
|move|p1a: Raging Bolt|Draco Meteor|p2a: Landorus
|-damage|p2a: Landorus|0 fnt
|-unboost|p1a: Raging Bolt|spa|2
|faint|p2a: Landorus
|
|upkeep
|
|t:|1757949142
|switch|p2a: Kingambit|Kingambit, F|100/100
|-activate|p2a: Kingambit|ability: Supreme Overlord
|-start|p2a: Kingambit|fallen4|[silent]
|turn|12
|
|t:|1757949149
|-end|p1a: Raging Bolt|Protosynthesis|[silent]
|switch|p1a: Okidogi|Okidogi, M|100/100
|-damage|p1a: Okidogi|84/100|[from] Spikes
|-damage|p1a: Okidogi|78/100|[from] Stealth Rock
|move|p2a: Kingambit|Swords Dance|p2a: Kingambit
|-boost|p2a: Kingambit|atk|2
|
|-heal|p1a: Okidogi|84/100|[from] item: Leftovers
|upkeep
|turn|13
|
|t:|1757949164
|-terastallize|p2a: Kingambit|Flying
|move|p1a: Okidogi|Knock Off|p2a: Kingambit
|-damage|p2a: Kingambit|71/100
|-enditem|p2a: Kingambit|Leftovers|[from] move: Knock Off|[of] p1a: Okidogi
|move|p2a: Kingambit|Kowtow Cleave|p1a: Okidogi
|-resisted|p1a: Okidogi
|-damage|p1a: Okidogi|29/100
|
|-heal|p1a: Okidogi|35/100|[from] item: Leftovers
|upkeep
|turn|14
|
|t:|1757949176
|move|p1a: Okidogi|Bulk Up|p1a: Okidogi
|-boost|p1a: Okidogi|atk|1
|-boost|p1a: Okidogi|def|1
|move|p2a: Kingambit|Kowtow Cleave|p1a: Okidogi
|-resisted|p1a: Okidogi
|-damage|p1a: Okidogi|0 fnt
|faint|p1a: Okidogi
|
|upkeep
|
|t:|1757949179
|switch|p1a: Raging Bolt|Raging Bolt, tera:Bug|67/100
|-damage|p1a: Raging Bolt|51/100|[from] Spikes
|-damage|p1a: Raging Bolt|26/100|[from] Stealth Rock
|turn|15
|
|t:|1757949185
|move|p1a: Raging Bolt|Thunderclap|p2a: Kingambit
|-supereffective|p2a: Kingambit
|-damage|p2a: Kingambit|0 fnt
|faint|p2a: Kingambit
|-end|p2a: Kingambit|fallen4|[silent]
|
|upkeep
|
|t:|1757949187
|switch|p2a: Gholdengo|Gholdengo|100/100
|turn|16
|
|t:|1757949190
|move|p1a: Raging Bolt|Thunderbolt|p2a: Gholdengo
|-damage|p2a: Gholdengo|50/100
|move|p2a: Gholdengo|Nasty Plot|p2a: Gholdengo
|-boost|p2a: Gholdengo|spa|2
|
|upkeep
|turn|17
|
|t:|1757949194
|move|p1a: Raging Bolt|Thunderbolt|p2a: Gholdengo
|-damage|p2a: Gholdengo|0 fnt
|faint|p2a: Gholdengo
|
|win|fulkttd
|raw|fulkttd's rating: 1478 &rarr; <strong>1497</strong><br />(+19 for winning)
|raw|bananacrazy's rating: 1465 &rarr; <strong>1446</strong><br />(-19 for losing)
|l|☆bananacrazy
|player|p2|
|l|☆fulkttd
|player|p1|
