|j|☆BBT94
|j|☆sprunkysprunky
|t:|1757952076
|gametype|singles
|player|p1|BBT94|101|1570
|player|p2|sprunkysprunky|cyrus|1620
|gen|9
|tier|[Gen 9] OU
|rated|
|rule|HP Percentage Mod: HP is shown in percentages
|rule|Endless Battle Clause: Forcing endless battles is banned
|rule|Species Clause: Limit one of each Pokémon
|rule|OHKO Clause: OHKO moves are banned
|rule|Evasion Items Clause: Evasion items are banned
|rule|Evasion Moves Clause: Evasion moves are banned
|rule|Evasion Abilities Clause: Evasion abilities are banned
|rule|Sleep Moves Clause: Sleep-inducing moves are banned
|clearpoke
|poke|p1|Great Tusk|
|poke|p1|Dragapult, M|
|poke|p1|Alomomola, M|
|poke|p1|Slowking-Galar, M|
|poke|p1|Kingambit, M|
|poke|p1|Enamorus, F|
|poke|p2|Serperior, M|
|poke|p2|Jirachi|
|poke|p2|Maushold|
|poke|p2|Great Tusk|
|poke|p2|Dragonite, M|
|poke|p2|Polteageist|
|teampreview
|inactive|Battle timer is ON: inactive players will automatically lose when time's up. (requested by BBT94)
|
|t:|1757952084
|teamsize|p1|6
|teamsize|p2|6
|start
|switch|p1a: Great Tusk|Great Tusk|100/100
|switch|p2a: Butterscotch|Jirachi|100/100
|-enditem|p1a: Great Tusk|Booster Energy
|-activate|p1a: Great Tusk|ability: Protosynthesis|[fromitem]
|-start|p1a: Great Tusk|protosynthesisspe
|turn|1
|
|t:|1757952091
|switch|p2a: Hot Plate|Dragonite, M|100/100
|move|p1a: Great Tusk|Knock Off|p2a: Hot Plate
|-damage|p2a: Hot Plate|84/100
|-enditem|p2a: Hot Plate|Heavy-Duty Boots|[from] move: Knock Off|[of] p1a: Great Tusk
|
|upkeep
|turn|2
|
|t:|1757952095
|move|p1a: Great Tusk|Stealth Rock|p2a: Hot Plate
|-sidestart|p2: sprunkysprunky|move: Stealth Rock
|move|p2a: Hot Plate|Aerial Ace|p1a: Great Tusk
|-supereffective|p1a: Great Tusk
|-crit|p1a: Great Tusk
|-damage|p1a: Great Tusk|38/100
|
|upkeep
|turn|3
|
|t:|1757952099
|-end|p1a: Great Tusk|Protosynthesis|[silent]
|switch|p1a: Alomomola|Alomomola, M|100/100
|move|p2a: Hot Plate|Aerial Ace|p1a: Alomomola
|-damage|p1a: Alomomola|83/100
|
|upkeep
|turn|4
|
|t:|1757952102
|move|p2a: Hot Plate|Dragon Dance|p2a: Hot Plate
|-boost|p2a: Hot Plate|atk|1
|-boost|p2a: Hot Plate|spe|1
|move|p1a: Alomomola|Flip Turn|p2a: Hot Plate
|-resisted|p2a: Hot Plate
|-damage|p2a: Hot Plate|74/100
|
|t:|1757952106
|switch|p1a: Enamorus|Enamorus, F|100/100|[from] Flip Turn
|
|upkeep
|turn|5
|
|t:|1757952108
|move|p2a: Hot Plate|Thunder Wave|p1a: Enamorus
|-status|p1a: Enamorus|par
|move|p1a: Enamorus|Moonblast|p2a: Hot Plate
|-supereffective|p2a: Hot Plate
|-crit|p2a: Hot Plate
|-damage|p2a: Hot Plate|0 fnt
|faint|p2a: Hot Plate
|
|upkeep
|
|t:|1757952113
|switch|p2a: Spud|Great Tusk|100/100
|turn|6
|
|t:|1757952115
|move|p2a: Spud|Rapid Spin|p1a: Enamorus
|-damage|p1a: Enamorus|76/100 par
|-boost|p2a: Spud|spe|1
|-sideend|p2: sprunkysprunky|Stealth Rock|[from] move: Rapid Spin|[of] p2a: Spud
|move|p1a: Enamorus|Moonblast|p2a: Spud
|-supereffective|p2a: Spud
|-damage|p2a: Spud|0 fnt
|faint|p2a: Spud
|-end|p2a: Spud|Protosynthesis|[silent]
|
|upkeep
|
|t:|1757952128
|switch|p2a: Butterscotch|Jirachi|100/100
|turn|7
|
|t:|1757952131
|move|p2a: Butterscotch|Iron Head|p1a: Enamorus
|-supereffective|p1a: Enamorus
|-damage|p1a: Enamorus|0 fnt
|faint|p1a: Enamorus
|
|upkeep
|
|t:|1757952136
|switch|p1a: Alomomola|Alomomola, M|100/100
|turn|8
|
|t:|1757952145
|move|p2a: Butterscotch|Stealth Rock|p1a: Alomomola
|-sidestart|p1: BBT94|move: Stealth Rock
|move|p1a: Alomomola|Scald|p2a: Butterscotch
|-damage|p2a: Butterscotch|86/100
|
|upkeep
|turn|9
|
|t:|1757952150
|move|p2a: Butterscotch|Iron Head|p1a: Alomomola
|-resisted|p1a: Alomomola
|-damage|p1a: Alomomola|91/100
|cant|p1a: Alomomola|flinch
|
|upkeep
|turn|10
|
|t:|1757952155
|move|p2a: Butterscotch|Iron Head|p1a: Alomomola
|-resisted|p1a: Alomomola
|-damage|p1a: Alomomola|82/100
|cant|p1a: Alomomola|flinch
|
|upkeep
|turn|11
|
|t:|1757952168
|move|p2a: Butterscotch|Iron Head|p1a: Alomomola
|-resisted|p1a: Alomomola
|-damage|p1a: Alomomola|73/100
|move|p1a: Alomomola|Wish|p1a: Alomomola
|
|upkeep
|turn|12
|
|t:|1757952192
|switch|p1a: Great Tusk|Great Tusk|38/100
|-damage|p1a: Great Tusk|35/100|[from] Stealth Rock
|move|p2a: Butterscotch|Iron Head|p1a: Great Tusk
|-damage|p1a: Great Tusk|15/100
|
|-heal|p1a: Great Tusk|76/100|[from] move: Wish|[wisher] Alomomola
|upkeep
|turn|13
|
|t:|1757952203
|switch|p2a: Biscuit|Polteageist|100/100
|move|p1a: Great Tusk|Rapid Spin|p2a: Biscuit
|-immune|p2a: Biscuit
|
|upkeep
|turn|14
|
|t:|1757952205
|move|p1a: Great Tusk|Knock Off|p2a: Biscuit
|-supereffective|p2a: Biscuit
|-crit|p2a: Biscuit
|-enditem|p2a: Biscuit|Focus Sash
|-damage|p2a: Biscuit|1/100
|-ability|p2a: Biscuit|Weak Armor|boost
|-unboost|p2a: Biscuit|def|1
|-boost|p2a: Biscuit|spe|2
|move|p2a: Biscuit|Shell Smash|p2a: Biscuit
|-unboost|p2a: Biscuit|def|1
|-unboost|p2a: Biscuit|spd|1
|-boost|p2a: Biscuit|atk|2
|-boost|p2a: Biscuit|spa|2
|-boost|p2a: Biscuit|spe|2
|
|upkeep
|turn|15
|
|t:|1757952210
|move|p2a: Biscuit|Shadow Ball|p1a: Great Tusk
|-damage|p1a: Great Tusk|0 fnt
|faint|p1a: Great Tusk
|-end|p1a: Great Tusk|Protosynthesis|[silent]
|
|upkeep
|
|t:|1757952211
|switch|p1a: Kingambit|Kingambit, M|100/100
|-damage|p1a: Kingambit|94/100|[from] Stealth Rock
|-activate|p1a: Kingambit|ability: Supreme Overlord
|-start|p1a: Kingambit|fallen2|[silent]
|turn|16
|
|t:|1757952213
|move|p2a: Biscuit|Shadow Ball|p1a: Kingambit
|-resisted|p1a: Kingambit
|-crit|p1a: Kingambit
|-damage|p1a: Kingambit|16/100
|-unboost|p1a: Kingambit|spd|1
|move|p1a: Kingambit|Kowtow Cleave|p2a: Biscuit
|-supereffective|p2a: Biscuit
|-damage|p2a: Biscuit|0 fnt
|faint|p2a: Biscuit
|
|-heal|p1a: Kingambit|22/100|[from] item: Leftovers
|upkeep
|
|t:|1757952219
|switch|p2a: Butterscotch|Jirachi|86/100
|turn|17
|
|t:|1757952221
|move|p1a: Kingambit|Sucker Punch||[still]
|-fail|p1a: Kingambit
|move|p2a: Butterscotch|Thunder Wave|p1a: Kingambit
|-status|p1a: Kingambit|par
|
|-heal|p1a: Kingambit|28/100 par|[from] item: Leftovers
|upkeep
|turn|18
|
|t:|1757952224
|cant|p1a: Kingambit|par
|move|p2a: Butterscotch|Iron Head|p1a: Kingambit
|-resisted|p1a: Kingambit
|-damage|p1a: Kingambit|14/100 par
|
|-heal|p1a: Kingambit|20/100 par|[from] item: Leftovers
|upkeep
|turn|19
|
|t:|1757952228
|-end|p1a: Kingambit|fallen2|[silent]
|switch|p1a: Alomomola|Alomomola, M|100/100
|move|p2a: Butterscotch|Iron Head|p1a: Alomomola
|-resisted|p1a: Alomomola
|-damage|p1a: Alomomola|92/100
|
|upkeep
|turn|20
|
|t:|1757952231
|move|p2a: Butterscotch|Iron Head|p1a: Alomomola
|-resisted|p1a: Alomomola
|-damage|p1a: Alomomola|83/100
|cant|p1a: Alomomola|flinch
|
|upkeep
|turn|21
|
|t:|1757952235
|move|p2a: Butterscotch|Iron Head|p1a: Alomomola
|-resisted|p1a: Alomomola
|-damage|p1a: Alomomola|73/100
|cant|p1a: Alomomola|flinch
|
|upkeep
|turn|22
|
|t:|1757952243
|move|p2a: Butterscotch|Iron Head|p1a: Alomomola
|-resisted|p1a: Alomomola
|-damage|p1a: Alomomola|64/100
|move|p1a: Alomomola|Wish|p1a: Alomomola
|
|upkeep
|turn|23
|
|t:|1757952255
|switch|p1a: Kingambit|Kingambit, M|20/100 par
|-damage|p1a: Kingambit|14/100 par|[from] Stealth Rock
|-activate|p1a: Kingambit|ability: Supreme Overlord
|-start|p1a: Kingambit|fallen2|[silent]
|move|p2a: Butterscotch|Iron Head|p1a: Kingambit
|-resisted|p1a: Kingambit
|-damage|p1a: Kingambit|0 fnt
|faint|p1a: Kingambit
|-end|p1a: Kingambit|fallen2|[silent]
|
|upkeep
|
|t:|1757952263
|switch|p1a: Dragapult|Dragapult, M|100/100
|-damage|p1a: Dragapult|88/100|[from] Stealth Rock
|turn|24
|
|t:|1757952276
|move|p1a: Dragapult|U-turn|p2a: Butterscotch
|-damage|p2a: Butterscotch|54/100
|
|t:|1757952278
|switch|p1a: Alomomola|Alomomola, M|98/100|[from] U-turn
|move|p2a: Butterscotch|Thunder Wave|p1a: Alomomola
|-status|p1a: Alomomola|par
|
|upkeep
|turn|25
|
|t:|1757952284
|move|p2a: Butterscotch|Iron Head|p1a: Alomomola
|-resisted|p1a: Alomomola
|-damage|p1a: Alomomola|88/100 par
|move|p1a: Alomomola|Flip Turn|p2a: Butterscotch
|-damage|p2a: Butterscotch|38/100
|
|t:|1757952287
|switch|p1a: Dragapult|Dragapult, M|88/100|[from] Flip Turn
|-damage|p1a: Dragapult|76/100|[from] Stealth Rock
|
|upkeep
|turn|26
|
|t:|1757952290
|move|p1a: Dragapult|U-turn|p2a: Butterscotch
|-damage|p2a: Butterscotch|3/100
|
|t:|1757952292
|switch|p1a: Alomomola|Alomomola, M|100/100 par|[from] U-turn
|move|p2a: Butterscotch|Ice Punch|p1a: Alomomola
|-resisted|p1a: Alomomola
|-damage|p1a: Alomomola|95/100 par
|
|upkeep
|turn|27
|
|t:|1757952295
|move|p2a: Butterscotch|Iron Head|p1a: Alomomola
|-resisted|p1a: Alomomola
|-damage|p1a: Alomomola|85/100 par
|cant|p1a: Alomomola|flinch
|
|upkeep
|turn|28
|
|t:|1757952299
|move|p2a: Butterscotch|Iron Head|p1a: Alomomola
|-resisted|p1a: Alomomola
|-damage|p1a: Alomomola|76/100 par
|cant|p1a: Alomomola|flinch
|
|upkeep
|turn|29
|
|t:|1757952304
|move|p2a: Butterscotch|Iron Head|p1a: Alomomola
|-resisted|p1a: Alomomola
|-damage|p1a: Alomomola|67/100 par
|cant|p1a: Alomomola|flinch
|
|upkeep
|turn|30
|
|t:|1757952307
|cant|p1a: Alomomola|par
|move|p2a: Butterscotch|Iron Head|p1a: Alomomola
|-resisted|p1a: Alomomola
|-damage|p1a: Alomomola|58/100 par
|
|upkeep
|turn|31
|
|t:|1757952310
|move|p2a: Butterscotch|Iron Head|p1a: Alomomola
|-resisted|p1a: Alomomola
|-damage|p1a: Alomomola|48/100 par
|cant|p1a: Alomomola|flinch
|
|upkeep
|turn|32
|
|t:|1757952314
|move|p1a: Alomomola|Protect|p1a: Alomomola
|-singleturn|p1a: Alomomola|Protect
|move|p2a: Butterscotch|Iron Head|p1a: Alomomola
|-activate|p1a: Alomomola|move: Protect
|
|upkeep
|turn|33
|
|t:|1757952316
|move|p2a: Butterscotch|Iron Head|p1a: Alomomola
|-resisted|p1a: Alomomola
|-damage|p1a: Alomomola|39/100 par
|cant|p1a: Alomomola|flinch
|
|upkeep
|turn|34
|
|t:|1757952319
|cant|p1a: Alomomola|par
|move|p2a: Butterscotch|Iron Head|p1a: Alomomola
|-resisted|p1a: Alomomola
|-damage|p1a: Alomomola|30/100 par
|
|upkeep
|turn|35
|
|t:|1757952326
|move|p2a: Butterscotch|Iron Head|p1a: Alomomola
|-resisted|p1a: Alomomola
|-damage|p1a: Alomomola|21/100 par
|cant|p1a: Alomomola|par
|
|upkeep
|turn|36
|
|t:|1757952330
|cant|p1a: Alomomola|par
|move|p2a: Butterscotch|Iron Head|p1a: Alomomola
|-resisted|p1a: Alomomola
|-damage|p1a: Alomomola|11/100 par
|
|upkeep
|turn|37
|
|t:|1757952334
|switch|p1a: Slowking|Slowking-Galar, M|100/100
|move|p2a: Butterscotch|Iron Head|p1a: Slowking
|-damage|p1a: Slowking|68/100
|
|upkeep
|turn|38
|
|t:|1757952337
|switch|p1a: Alomomola|Alomomola, M|45/100 par
|move|p2a: Butterscotch|Ice Punch|p1a: Alomomola
|-resisted|p1a: Alomomola
|-damage|p1a: Alomomola|39/100 par
|
|upkeep
|turn|39
|
|t:|1757952339
|move|p2a: Butterscotch|Iron Head|p1a: Alomomola
|-resisted|p1a: Alomomola
|-damage|p1a: Alomomola|30/100 par
|move|p1a: Alomomola|Wish|p1a: Alomomola
|
|upkeep
|turn|40
|
|t:|1757952344
|move|p2a: Butterscotch|Ice Punch|p1a: Alomomola
|-resisted|p1a: Alomomola
|-damage|p1a: Alomomola|24/100 par
|cant|p1a: Alomomola|par
|
|-heal|p1a: Alomomola|74/100 par|[from] move: Wish|[wisher] Alomomola
|upkeep
|turn|41
|
|t:|1757952348
|move|p2a: Butterscotch|Ice Punch|p1a: Alomomola
|-resisted|p1a: Alomomola
|-damage|p1a: Alomomola|69/100 par
|cant|p1a: Alomomola|par
|
|upkeep
|turn|42
|
|t:|1757952352
|move|p2a: Butterscotch|Ice Punch|p1a: Alomomola
|-resisted|p1a: Alomomola
|-damage|p1a: Alomomola|63/100 par
|cant|p1a: Alomomola|par
|
|upkeep
|turn|43
|
|t:|1757952369
|move|p2a: Butterscotch|Ice Punch|p1a: Alomomola
|-resisted|p1a: Alomomola
|-damage|p1a: Alomomola|57/100 par
|move|p1a: Alomomola|Flip Turn|p2a: Butterscotch
|-damage|p2a: Butterscotch|0 fnt
|faint|p2a: Butterscotch
|
|t:|1757952374
|switch|p1a: Dragapult|Dragapult, M|76/100|[from] Flip Turn
|-damage|p1a: Dragapult|64/100|[from] Stealth Rock
|
|upkeep
|
|t:|1757952377
|switch|p2a: Ginseng|Serperior, M|100/100
|turn|44
|
|t:|1757952381
|move|p1a: Dragapult|U-turn|p2a: Ginseng
|-supereffective|p2a: Ginseng
|-damage|p2a: Ginseng|13/100
|
|t:|1757952383
|switch|p1a: Slowking|Slowking-Galar, M|100/100|[from] U-turn
|move|p2a: Ginseng|Leaf Storm|p1a: Slowking
|-resisted|p1a: Slowking
|-damage|p1a: Slowking|87/100
|-boost|p2a: Ginseng|spa|2
|
|-heal|p2a: Ginseng|19/100|[from] item: Leftovers
|upkeep
|turn|45
|
|t:|1757952387
|move|p2a: Ginseng|Tera Blast|p1a: Slowking
|-damage|p1a: Slowking|63/100
|-prepare|p1a: Slowking|Chilly Reception|[premajor]
|move|p1a: Slowking|Chilly Reception|p1a: Slowking
|-weather|Snowscape
|
|t:|1757952389
|switch|p1a: Dragapult|Dragapult, M|64/100|[from] Chilly Reception
|-damage|p1a: Dragapult|51/100|[from] Stealth Rock
|
|-weather|Snowscape|[upkeep]
|-heal|p2a: Ginseng|25/100|[from] item: Leftovers
|upkeep
|turn|46
|
|t:|1757952391
|move|p1a: Dragapult|Dragon Darts|p2a: Ginseng
|-damage|p2a: Ginseng|0 fnt
|faint|p2a: Ginseng
|
|-weather|Snowscape|[upkeep]
|upkeep
|
|t:|1757952392
|switch|p2a: Croquette|Maushold|100/100
|turn|47
|
|t:|1757952395
|move|p1a: Dragapult|Dragon Darts|p2a: Croquette
|-damage|p2a: Croquette|44/100
|-anim|p1a: Dragapult|Dragon Darts|p2a: Croquette
|-damage|p2a: Croquette|0 fnt
|faint|p2a: Croquette
|
|win|BBT94
|raw|BBT94's rating: 1570 &rarr; <strong>1593</strong><br />(+23 for winning)
|raw|sprunkysprunky's rating: 1620 &rarr; <strong>1597</strong><br />(-23 for losing)
|l|☆sprunkysprunky
|player|p2|
|l|☆BBT94
|player|p1|
|j| wgw2333
|l| wgw2333
