|j|☆KaiZX49
|j|☆Jrony
|t:|1757794403
|gametype|singles
|player|p1|KaiZX49|youngster|1086
|player|p2|Jrony|clair|1114
|gen|9
|tier|[Gen 9] OU
|rated|
|rule|HP Percentage Mod: HP is shown in percentages
|rule|Endless Battle Clause: Forcing endless battles is banned
|rule|Species Clause: Limit one of each Pokémon
|rule|OHKO Clause: OHKO moves are banned
|rule|Evasion Items Clause: Evasion items are banned
|rule|Evasion Moves Clause: Evasion moves are banned
|rule|Evasion Abilities Clause: Evasion abilities are banned
|rule|Sleep Moves Clause: Sleep-inducing moves are banned
|clearpoke
|poke|p1|Forretress, F|
|poke|p1|Flygon, M|
|poke|p1|Clodsire, F|
|poke|p1|Jumpluff, F|
|poke|p1|Dragapult, M|
|poke|p1|Heatran, F|
|poke|p2|Dondozo, M|
|poke|p2|Gothitelle, F|
|poke|p2|Ursaring, M|
|poke|p2|Vileplume, F|
|poke|p2|Snorlax, M|
|poke|p2|Coalossal, M|
|teampreview
|inactive|Battle timer is ON: inactive players will automatically lose when time's up. (requested by KaiZX49)
|
|t:|1757794418
|teamsize|p1|6
|teamsize|p2|6
|start
|switch|p1a: Forretress|Forretress, F|100/100
|switch|p2a: Gothitelle|Gothitelle, F|100/100
|-item|p1a: Forretress|Custap Berry|[from] ability: Frisk|[of] p2a: Gothitelle
|turn|1
|
|t:|1757794426
|move|p1a: Forretress|Thunder Wave|p2a: Gothitelle
|-status|p2a: Gothitelle|par
|move|p2a: Gothitelle|Trick Room|p2a: Gothitelle
|-fieldstart|move: Trick Room|[of] p2a: Gothitelle
|
|upkeep
|turn|2
|
|t:|1757794445
|switch|p2a: Ursaring|Ursaring, M|100/100
|move|p1a: Forretress|Stealth Rock|p2a: Ursaring
|-sidestart|p2: Jrony|move: Stealth Rock
|
|-status|p2a: Ursaring|brn|[from] item: Flame Orb
|upkeep
|turn|3
|
|t:|1757794454
|move|p2a: Ursaring|Bulk Up|p2a: Ursaring
|-boost|p2a: Ursaring|atk|1
|-boost|p2a: Ursaring|def|1
|move|p1a: Forretress|Rapid Spin|p2a: Ursaring
|-damage|p2a: Ursaring|92/100 brn
|-boost|p1a: Forretress|spe|1
|
|-damage|p2a: Ursaring|86/100 brn|[from] brn
|upkeep
|turn|4
|
|t:|1757794463
|move|p2a: Ursaring|Bulk Up|p2a: Ursaring
|-boost|p2a: Ursaring|atk|1
|-boost|p2a: Ursaring|def|1
|move|p1a: Forretress|Rapid Spin|p2a: Ursaring
|-damage|p2a: Ursaring|80/100 brn
|-boost|p1a: Forretress|spe|1
|
|-damage|p2a: Ursaring|74/100 brn|[from] brn
|upkeep
|turn|5
|
|t:|1757794485
|move|p2a: Ursaring|Facade|p1a: Forretress
|-resisted|p1a: Forretress
|-damage|p1a: Forretress|36/100
|move|p1a: Forretress|Explosion|p2a: Ursaring
|-damage|p2a: Ursaring|46/100 brn
|faint|p1a: Forretress
|
|-damage|p2a: Ursaring|40/100 brn|[from] brn
|-fieldend|move: Trick Room
|upkeep
|
|t:|1757794497
|switch|p1a: Dragapult|Dragapult, M|100/100
|turn|6
|
|t:|1757794499
|move|p1a: Dragapult|Draco Meteor|p2a: Ursaring
|-damage|p2a: Ursaring|0 fnt
|-unboost|p1a: Dragapult|spa|2
|faint|p2a: Ursaring
|
|upkeep
|
|t:|1757794505
|switch|p2a: Gothitelle|Gothitelle, F|100/100 par
|-damage|p2a: Gothitelle|88/100 par|[from] Stealth Rock
|-item|p1a: Dragapult|Heavy-Duty Boots|[from] ability: Frisk|[of] p2a: Gothitelle
|turn|7
|
|t:|1757794511
|move|p1a: Dragapult|Hex|p2a: Gothitelle
|-supereffective|p2a: Gothitelle
|-damage|p2a: Gothitelle|37/100 par
|move|p2a: Gothitelle|Trick Room|p2a: Gothitelle
|-fieldstart|move: Trick Room|[of] p2a: Gothitelle
|
|upkeep
|turn|8
|
|t:|1757794520
|cant|p2a: Gothitelle|par
|move|p1a: Dragapult|U-turn|p2a: Gothitelle
|-supereffective|p2a: Gothitelle
|-damage|p2a: Gothitelle|0 fnt
|faint|p2a: Gothitelle
|
|t:|1757794528
|switch|p1a: Jumpluff|Jumpluff, F|100/100|[from] U-turn
|
|upkeep
|
|t:|1757794557
|switch|p2a: Coalossal|Coalossal, M|100/100
|-damage|p2a: Coalossal|75/100|[from] Stealth Rock
|turn|9
|
|t:|1757794561
|switch|p1a: Heatran|Heatran, F|100/100
|move|p2a: Coalossal|Stealth Rock|p1a: Heatran
|-sidestart|p1: KaiZX49|move: Stealth Rock
|
|upkeep
|turn|10
|
|t:|1757794574
|move|p1a: Heatran|Protect|p1a: Heatran
|-singleturn|p1a: Heatran|Protect
|move|p2a: Coalossal|Spikes|p1a: Heatran
|-sidestart|p1: KaiZX49|Spikes
|
|upkeep
|turn|11
|
|t:|1757794579
|-terastallize|p1a: Heatran|Grass
|move|p2a: Coalossal|Spikes|p1a: Heatran
|-sidestart|p1: KaiZX49|Spikes
|move|p1a: Heatran|Earth Power|p2a: Coalossal
|-supereffective|p2a: Coalossal
|-damage|p2a: Coalossal|0 fnt
|faint|p2a: Coalossal
|
|-fieldend|move: Trick Room
|upkeep
|
|t:|1757794592
|switch|p2a: Vileplume|Vileplume, F|100/100
|-damage|p2a: Vileplume|88/100|[from] Stealth Rock
|turn|12
|
|t:|1757794596
|move|p1a: Heatran|Magma Storm|p2a: Vileplume|[miss]
|-miss|p1a: Heatran|p2a: Vileplume
|move|p2a: Vileplume|Sludge Wave|p1a: Heatran
|-supereffective|p1a: Heatran
|-damage|p1a: Heatran|4/100
|-status|p1a: Heatran|psn
|
|-heal|p1a: Heatran|10/100 psn|[from] item: Leftovers
|-heal|p2a: Vileplume|94/100|[from] item: Leftovers
|-damage|p1a: Heatran|0 fnt|[from] psn
|faint|p1a: Heatran
|upkeep
|
|t:|1757794606
|switch|p1a: Dragapult|Dragapult, M|100/100
|turn|13
|
|t:|1757794624
|move|p1a: Dragapult|Will-O-Wisp|p2a: Vileplume|[miss]
|-miss|p1a: Dragapult|p2a: Vileplume
|move|p2a: Vileplume|Moonblast|p1a: Dragapult
|-supereffective|p1a: Dragapult
|-damage|p1a: Dragapult|12/100
|
|-heal|p2a: Vileplume|100/100|[from] item: Leftovers
|upkeep
|turn|14
|
|t:|1757794632
|switch|p1a: Jumpluff|Jumpluff, F|100/100
|move|p2a: Vileplume|Moonblast|p1a: Jumpluff
|-damage|p1a: Jumpluff|69/100
|-unboost|p1a: Jumpluff|spa|1
|
|upkeep
|turn|15
|
|t:|1757794641
|-terastallize|p2a: Vileplume|Steel
|move|p1a: Jumpluff|Encore|p2a: Vileplume
|-start|p2a: Vileplume|Encore
|move|p2a: Vileplume|Moonblast|p1a: Jumpluff
|-damage|p1a: Jumpluff|38/100
|-unboost|p1a: Jumpluff|spa|1
|
|upkeep
|turn|16
|
|t:|1757794648
|move|p1a: Jumpluff|Strength Sap|p2a: Vileplume
|-unboost|p2a: Vileplume|atk|1
|-heal|p1a: Jumpluff|84/100
|move|p2a: Vileplume|Moonblast|p1a: Jumpluff
|-damage|p1a: Jumpluff|54/100
|
|upkeep
|turn|17
|
|t:|1757794656
|move|p1a: Jumpluff|Leech Seed|p2a: Vileplume
|-start|p2a: Vileplume|move: Leech Seed
|move|p2a: Vileplume|Moonblast|p1a: Jumpluff
|-crit|p1a: Jumpluff
|-damage|p1a: Jumpluff|6/100
|
|-damage|p2a: Vileplume|88/100|[from] Leech Seed|[of] p1a: Jumpluff
|-heal|p1a: Jumpluff|18/100|[silent]
|-end|p2a: Vileplume|Encore
|upkeep
|turn|18
|
|t:|1757794664
|move|p1a: Jumpluff|Strength Sap|p2a: Vileplume
|-unboost|p2a: Vileplume|atk|1
|-heal|p1a: Jumpluff|49/100
|move|p2a: Vileplume|Sludge Wave|p1a: Jumpluff
|-supereffective|p1a: Jumpluff
|-damage|p1a: Jumpluff|0 fnt
|faint|p1a: Jumpluff
|
|-heal|p2a: Vileplume|94/100|[from] item: Leftovers
|upkeep
|
|t:|1757794673
|switch|p1a: Flygon|Flygon, M|100/100
|-damage|p1a: Flygon|95/100|[from] Stealth Rock
|turn|19
|
|t:|1757794677
|move|p1a: Flygon|Earthquake|p2a: Vileplume
|-supereffective|p2a: Vileplume
|-damage|p2a: Vileplume|0 fnt
|faint|p2a: Vileplume
|
|upkeep
|
|t:|1757794685
|switch|p2a: Dondozo|Dondozo, M|100/100
|-damage|p2a: Dondozo|88/100|[from] Stealth Rock
|turn|20
|
|t:|1757794690
|move|p1a: Flygon|Earthquake|p2a: Dondozo
|-damage|p2a: Dondozo|62/100
|move|p2a: Dondozo|Curse|p2a: Dondozo
|-unboost|p2a: Dondozo|spe|1
|-boost|p2a: Dondozo|atk|1
|-boost|p2a: Dondozo|def|1
|
|-heal|p2a: Dondozo|68/100|[from] item: Leftovers
|upkeep
|turn|21
|
|t:|1757794698
|switch|p1a: Dragapult|Dragapult, M|12/100
|move|p2a: Dondozo|Substitute|p2a: Dondozo
|-start|p2a: Dondozo|Substitute
|-damage|p2a: Dondozo|43/100
|
|-heal|p2a: Dondozo|50/100|[from] item: Leftovers
|upkeep
|turn|22
|
|t:|1757794708
|move|p1a: Dragapult|Draco Meteor|p2a: Dondozo
|-damage|p2a: Dondozo|0 fnt
|-unboost|p1a: Dragapult|spa|2
|faint|p2a: Dondozo
|
|upkeep
|
|t:|1757794711
|switch|p2a: Snorlax|Snorlax, M|100/100
|-damage|p2a: Snorlax|88/100|[from] Stealth Rock
|turn|23
|
|t:|1757794719
|move|p1a: Dragapult|Will-O-Wisp|p2a: Snorlax
|-status|p2a: Snorlax|brn
|move|p2a: Snorlax|Curse|p2a: Snorlax
|-unboost|p2a: Snorlax|spe|1
|-boost|p2a: Snorlax|atk|1
|-boost|p2a: Snorlax|def|1
|
|-heal|p2a: Snorlax|94/100 brn|[from] item: Leftovers
|-damage|p2a: Snorlax|88/100 brn|[from] brn
|upkeep
|turn|24
|
|t:|1757794729
|move|p1a: Dragapult|Draco Meteor|p2a: Snorlax
|-damage|p2a: Snorlax|72/100 brn
|-unboost|p1a: Dragapult|spa|2
|move|p2a: Snorlax|Amnesia|p2a: Snorlax
|-boost|p2a: Snorlax|spd|2
|
|-heal|p2a: Snorlax|79/100 brn|[from] item: Leftovers
|-damage|p2a: Snorlax|72/100 brn|[from] brn
|upkeep
|turn|25
|
|t:|1757794739
|switch|p1a: Flygon|Flygon, M|95/100
|-damage|p1a: Flygon|89/100|[from] Stealth Rock
|move|p2a: Snorlax|Amnesia|p2a: Snorlax
|-boost|p2a: Snorlax|spd|2
|
|-heal|p2a: Snorlax|79/100 brn|[from] item: Leftovers
|-damage|p2a: Snorlax|72/100 brn|[from] brn
|upkeep
|turn|26
|
|t:|1757794750
|move|p1a: Flygon|Earthquake|p2a: Snorlax
|-damage|p2a: Snorlax|44/100 brn
|move|p2a: Snorlax|Curse|p2a: Snorlax
|-unboost|p2a: Snorlax|spe|1
|-boost|p2a: Snorlax|atk|1
|-boost|p2a: Snorlax|def|1
|
|-heal|p2a: Snorlax|50/100 brn|[from] item: Leftovers
|-damage|p2a: Snorlax|44/100 brn|[from] brn
|upkeep
|turn|27
|
|t:|1757794759
|move|p1a: Flygon|Dragon Dance|p1a: Flygon
|-boost|p1a: Flygon|atk|1
|-boost|p1a: Flygon|spe|1
|move|p2a: Snorlax|Outrage|p1a: Flygon
|-supereffective|p1a: Flygon
|-damage|p1a: Flygon|0 fnt
|faint|p1a: Flygon
|
|-heal|p2a: Snorlax|50/100 brn|[from] item: Leftovers
|-damage|p2a: Snorlax|44/100 brn|[from] brn
|upkeep
|
|t:|1757794769
|switch|p1a: Dragapult|Dragapult, M|12/100
|turn|28
|
|t:|1757794773
|move|p1a: Dragapult|Draco Meteor|p2a: Snorlax
|-damage|p2a: Snorlax|32/100 brn
|-unboost|p1a: Dragapult|spa|2
|move|p2a: Snorlax|Outrage|p1a: Dragapult|[from] lockedmove
|-supereffective|p1a: Dragapult
|-damage|p1a: Dragapult|0 fnt
|faint|p1a: Dragapult
|
|-heal|p2a: Snorlax|38/100 brn|[from] item: Leftovers
|-damage|p2a: Snorlax|32/100 brn|[from] brn
|upkeep
|
|t:|1757794783
|switch|p1a: Clodsire|Clodsire, F|100/100
|-damage|p1a: Clodsire|94/100|[from] Stealth Rock
|-damage|p1a: Clodsire|78/100|[from] Spikes
|turn|29
|
|t:|1757794788
|move|p1a: Clodsire|Earthquake|p2a: Snorlax
|-damage|p2a: Snorlax|18/100 brn
|move|p2a: Snorlax|Outrage|p1a: Clodsire|[from] lockedmove
|-damage|p1a: Clodsire|36/100
|-start|p2a: Snorlax|confusion|[fatigue]
|
|-heal|p1a: Clodsire|42/100|[from] item: Leftovers
|-heal|p2a: Snorlax|25/100 brn|[from] item: Leftovers
|-damage|p2a: Snorlax|18/100 brn|[from] brn
|upkeep
|turn|30
|
|t:|1757794801
|move|p1a: Clodsire|Earthquake|p2a: Snorlax
|-damage|p2a: Snorlax|5/100 brn
|-activate|p2a: Snorlax|confusion
|move|p2a: Snorlax|Outrage|p1a: Clodsire
|-damage|p1a: Clodsire|0 fnt
|faint|p1a: Clodsire
|
|win|Jrony
|raw|KaiZX49's rating: 1086 &rarr; <strong>1065</strong><br />(-21 for losing)
|raw|Jrony's rating: 1114 &rarr; <strong>1137</strong><br />(+23 for winning)
|l|☆KaiZX49
|player|p1|
|c|☆Jrony|gg
|l|☆Jrony
|player|p2|
