|j|☆SCALD SUPREME
|j|☆Vdtffdfhnn my cdg
|t:|1757804147
|gametype|singles
|player|p1|SCALD SUPREME|colress|1043
|player|p2|Vdtffdfhnn my cdg|101|1000
|gen|9
|tier|[Gen 9] OU
|rated|
|rule|HP Percentage Mod: HP is shown in percentages
|rule|Endless Battle Clause: Forcing endless battles is banned
|rule|Species Clause: Limit one of each Pokémon
|rule|OHKO Clause: OHKO moves are banned
|rule|Evasion Items Clause: Evasion items are banned
|rule|Evasion Moves Clause: Evasion moves are banned
|rule|Evasion Abilities Clause: Evasion abilities are banned
|rule|Sleep Moves Clause: Sleep-inducing moves are banned
|clearpoke
|poke|p1|Raikou|
|poke|p1|Alomomola, F|
|poke|p1|Dragalge, F|
|poke|p1|Sinistcha|
|poke|p1|Coalossal, F|
|poke|p1|Volcanion|
|poke|p2|Pikachu, F|
|poke|p2|Dragonite, F|
|poke|p2|Venusaur, M|
|teampreview
|
|t:|1757804157
|teamsize|p1|6
|teamsize|p2|3
|start
|switch|p1a: Dragalge|Dragalge, F|100/100
|switch|p2a: Dragonite|Dragonite, F|100/100
|turn|1
|inactive|Battle timer is ON: inactive players will automatically lose when time's up. (requested by SCALD SUPREME)
|
|t:|1757804165
|move|p2a: Dragonite|Dragon Dance|p2a: Dragonite
|-boost|p2a: Dragonite|atk|1
|-boost|p2a: Dragonite|spe|1
|move|p1a: Dragalge|Scald|p2a: Dragonite
|-resisted|p2a: Dragonite
|-damage|p2a: Dragonite|92/100
|
|upkeep
|turn|2
|
|t:|1757804172
|move|p2a: Dragonite|Dragon Dance|p2a: Dragonite
|-boost|p2a: Dragonite|atk|1
|-boost|p2a: Dragonite|spe|1
|move|p1a: Dragalge|Draco Meteor|p2a: Dragonite
|-supereffective|p2a: Dragonite
|-damage|p2a: Dragonite|0 fnt
|-unboost|p1a: Dragalge|spa|2
|faint|p2a: Dragonite
|
|upkeep
|j| mathismathin
|
|t:|1757804182
|switch|p2a: Pikachu|Pikachu, F|100/100
|turn|3
|j| larp legion
|
|t:|1757804186
|move|p2a: Pikachu|Fake Out|p1a: Dragalge
|-damage|p1a: Dragalge|88/100
|cant|p1a: Dragalge|flinch
|
|upkeep
|turn|4
|
|t:|1757804192
|move|p2a: Pikachu|Volt Switch|p1a: Dragalge
|-resisted|p1a: Dragalge
|-damage|p1a: Dragalge|80/100
|
|t:|1757804195
|switch|p2a: Venusaur|Venusaur, M|100/100|[from] Volt Switch
|move|p1a: Dragalge|Flip Turn|p2a: Venusaur
|-resisted|p2a: Venusaur
|-damage|p2a: Venusaur|96/100
|
|t:|1757804205
|switch|p1a: Volcanion|Volcanion|100/100|[from] Flip Turn
|
|-heal|p2a: Venusaur|100/100|[from] item: Leftovers
|upkeep
|turn|5
|
|t:|1757804212
|switch|p2a: Pikachu|Pikachu, F|100/100
|move|p1a: Volcanion|Heat Wave|p2a: Pikachu|[miss]
|-miss|p1a: Volcanion|p2a: Pikachu
|
|upkeep
|turn|6
|
|t:|1757804226
|move|p2a: Pikachu|Fake Out|p1a: Volcanion
|-damage|p1a: Volcanion|92/100
|cant|p1a: Volcanion|flinch
|
|upkeep
|turn|7
|
|t:|1757804235
|switch|p1a: Raikou|Raikou|100/100
|-ability|p1a: Raikou|Pressure
|move|p2a: Pikachu|Volt Switch|p1a: Raikou
|-resisted|p1a: Raikou
|-damage|p1a: Raikou|81/100
|l| larp legion
|
|t:|1757804242
|switch|p2a: Venusaur|Venusaur, M|100/100|[from] Volt Switch
|
|-heal|p1a: Raikou|87/100|[from] item: Leftovers
|upkeep
|turn|8
|
|t:|1757804251
|move|p1a: Raikou|Substitute|p1a: Raikou
|-start|p1a: Raikou|Substitute
|-damage|p1a: Raikou|63/100
|move|p2a: Venusaur|Earthquake|p1a: Raikou
|-supereffective|p1a: Raikou
|-end|p1a: Raikou|Substitute
|
|-heal|p1a: Raikou|69/100|[from] item: Leftovers
|upkeep
|turn|9
|
|t:|1757804260
|move|p1a: Raikou|Protect|p1a: Raikou
|-singleturn|p1a: Raikou|Protect
|move|p2a: Venusaur|Earthquake|p1a: Raikou
|-activate|p1a: Raikou|move: Protect
|
|-heal|p1a: Raikou|75/100|[from] item: Leftovers
|upkeep
|turn|10
|
|t:|1757804268
|move|p1a: Raikou|Substitute|p1a: Raikou
|-start|p1a: Raikou|Substitute
|-damage|p1a: Raikou|50/100
|move|p2a: Venusaur|Earthquake|p1a: Raikou
|-supereffective|p1a: Raikou
|-end|p1a: Raikou|Substitute
|
|-heal|p1a: Raikou|56/100|[from] item: Leftovers
|upkeep
|turn|11
|
|t:|1757804277
|move|p1a: Raikou|Protect|p1a: Raikou
|-singleturn|p1a: Raikou|Protect
|move|p2a: Venusaur|Curse|p2a: Venusaur
|-unboost|p2a: Venusaur|spe|1
|-boost|p2a: Venusaur|atk|1
|-boost|p2a: Venusaur|def|1
|
|-heal|p1a: Raikou|62/100|[from] item: Leftovers
|upkeep
|turn|12
|
|t:|1757804287
|move|p1a: Raikou|Substitute|p1a: Raikou
|-start|p1a: Raikou|Substitute
|-damage|p1a: Raikou|37/100
|move|p2a: Venusaur|Earthquake|p1a: Raikou
|-supereffective|p1a: Raikou
|-end|p1a: Raikou|Substitute
|
|-heal|p1a: Raikou|43/100|[from] item: Leftovers
|upkeep
|turn|13
|
|t:|1757804295
|move|p1a: Raikou|Scald|p2a: Venusaur
|-resisted|p2a: Venusaur
|-damage|p2a: Venusaur|86/100
|move|p2a: Venusaur|Curse|p2a: Venusaur
|-unboost|p2a: Venusaur|spe|1
|-boost|p2a: Venusaur|atk|1
|-boost|p2a: Venusaur|def|1
|
|-heal|p1a: Raikou|49/100|[from] item: Leftovers
|-heal|p2a: Venusaur|93/100|[from] item: Leftovers
|upkeep
|turn|14
|
|t:|1757804307
|move|p1a: Raikou|Protect|p1a: Raikou
|-singleturn|p1a: Raikou|Protect
|move|p2a: Venusaur|Earthquake|p1a: Raikou
|-activate|p1a: Raikou|move: Protect
|
|-heal|p1a: Raikou|55/100|[from] item: Leftovers
|-heal|p2a: Venusaur|99/100|[from] item: Leftovers
|upkeep
|turn|15
|
|t:|1757804317
|move|p1a: Raikou|Substitute|p1a: Raikou
|-start|p1a: Raikou|Substitute
|-damage|p1a: Raikou|30/100
|move|p2a: Venusaur|Earthquake|p1a: Raikou
|-supereffective|p1a: Raikou
|-end|p1a: Raikou|Substitute
|
|-heal|p1a: Raikou|36/100|[from] item: Leftovers
|-heal|p2a: Venusaur|100/100|[from] item: Leftovers
|upkeep
|turn|16
|
|t:|1757804326
|move|p1a: Raikou|Substitute|p1a: Raikou
|-start|p1a: Raikou|Substitute
|-damage|p1a: Raikou|11/100
|move|p2a: Venusaur|Curse|p2a: Venusaur
|-unboost|p2a: Venusaur|spe|1
|-boost|p2a: Venusaur|atk|1
|-boost|p2a: Venusaur|def|1
|
|-heal|p1a: Raikou|17/100|[from] item: Leftovers
|upkeep
|turn|17
|
|t:|1757804336
|move|p1a: Raikou|Protect|p1a: Raikou
|-singleturn|p1a: Raikou|Protect
|move|p2a: Venusaur|Leech Seed|p1a: Raikou
|-activate|p1a: Raikou|move: Protect
|
|-heal|p1a: Raikou|23/100|[from] item: Leftovers
|upkeep
|turn|18
|
|t:|1757804344
|move|p1a: Raikou|Scald|p2a: Venusaur
|-resisted|p2a: Venusaur
|-damage|p2a: Venusaur|88/100
|move|p2a: Venusaur|Leech Seed|p1a: Raikou|[miss]
|-miss|p2a: Venusaur|p1a: Raikou
|
|-heal|p1a: Raikou|29/100|[from] item: Leftovers
|-heal|p2a: Venusaur|94/100|[from] item: Leftovers
|upkeep
|turn|19
|j| Pokemh
|
|t:|1757804355
|move|p1a: Raikou|Protect|p1a: Raikou
|-singleturn|p1a: Raikou|Protect
|move|p2a: Venusaur|Earthquake|p1a: Raikou
|-activate|p1a: Raikou|move: Protect
|
|-heal|p1a: Raikou|35/100|[from] item: Leftovers
|-heal|p2a: Venusaur|99/100|[from] item: Leftovers
|upkeep
|turn|20
|n| gendercast|pokemh
|
|t:|1757804371
|move|p1a: Raikou|Scald|p2a: Venusaur
|-resisted|p2a: Venusaur
|-damage|p2a: Venusaur|87/100
|move|p2a: Venusaur|Leech Seed||[still]
|-fail|p2a: Venusaur
|
|-heal|p1a: Raikou|41/100|[from] item: Leftovers
|-heal|p2a: Venusaur|93/100|[from] item: Leftovers
|upkeep
|turn|21
|
|t:|1757804382
|move|p1a: Raikou|Scald|p2a: Venusaur
|-resisted|p2a: Venusaur
|-damage|p2a: Venusaur|79/100
|-status|p2a: Venusaur|brn
|move|p2a: Venusaur|Power Whip|p1a: Raikou
|-end|p1a: Raikou|Substitute
|
|-heal|p1a: Raikou|47/100|[from] item: Leftovers
|-heal|p2a: Venusaur|85/100 brn|[from] item: Leftovers
|-damage|p2a: Venusaur|79/100 brn|[from] brn
|upkeep
|turn|22
|
|t:|1757804395
|move|p1a: Raikou|Substitute|p1a: Raikou
|-start|p1a: Raikou|Substitute
|-damage|p1a: Raikou|23/100
|move|p2a: Venusaur|Leech Seed||[still]
|-fail|p2a: Venusaur
|
|-heal|p1a: Raikou|29/100|[from] item: Leftovers
|-heal|p2a: Venusaur|85/100 brn|[from] item: Leftovers
|-damage|p2a: Venusaur|79/100 brn|[from] brn
|upkeep
|turn|23
|
|t:|1757804405
|move|p1a: Raikou|Protect|p1a: Raikou
|-singleturn|p1a: Raikou|Protect
|move|p2a: Venusaur|Power Whip|p1a: Raikou
|-activate|p1a: Raikou|move: Protect
|
|-heal|p1a: Raikou|35/100|[from] item: Leftovers
|-heal|p2a: Venusaur|85/100 brn|[from] item: Leftovers
|-damage|p2a: Venusaur|79/100 brn|[from] brn
|upkeep
|turn|24
|
|t:|1757804416
|move|p1a: Raikou|Thunderbolt|p2a: Venusaur
|-resisted|p2a: Venusaur
|-damage|p2a: Venusaur|57/100 brn
|move|p2a: Venusaur|Power Whip|p1a: Raikou
|-end|p1a: Raikou|Substitute
|
|-heal|p1a: Raikou|41/100|[from] item: Leftovers
|-heal|p2a: Venusaur|63/100 brn|[from] item: Leftovers
|-damage|p2a: Venusaur|57/100 brn|[from] brn
|upkeep
|turn|25
|
|t:|1757804429
|move|p1a: Raikou|Protect|p1a: Raikou
|-singleturn|p1a: Raikou|Protect
|move|p2a: Venusaur|Earthquake|p1a: Raikou
|-activate|p1a: Raikou|move: Protect
|
|-heal|p1a: Raikou|47/100|[from] item: Leftovers
|-heal|p2a: Venusaur|63/100 brn|[from] item: Leftovers
|-damage|p2a: Venusaur|57/100 brn|[from] brn
|upkeep
|turn|26
|
|t:|1757804444
|switch|p2a: Pikachu|Pikachu, F|100/100
|move|p1a: Raikou|Substitute|p1a: Raikou
|-start|p1a: Raikou|Substitute
|-damage|p1a: Raikou|22/100
|
|-heal|p1a: Raikou|28/100|[from] item: Leftovers
|upkeep
|turn|27
|
|t:|1757804459
|move|p1a: Raikou|Protect|p1a: Raikou
|-singleturn|p1a: Raikou|Protect
|move|p2a: Pikachu|Thunderbolt|p1a: Raikou
|-activate|p1a: Raikou|move: Protect
|
|-heal|p1a: Raikou|34/100|[from] item: Leftovers
|upkeep
|turn|28
|
|t:|1757804476
|move|p1a: Raikou|Scald|p2a: Pikachu
|-damage|p2a: Pikachu|49/100
|-status|p2a: Pikachu|brn
|move|p2a: Pikachu|Thunderbolt|p1a: Raikou
|-resisted|p1a: Raikou
|-activate|p1a: Raikou|move: Substitute|[damage]
|
|-heal|p1a: Raikou|40/100|[from] item: Leftovers
|-damage|p2a: Pikachu|43/100 brn|[from] brn
|upkeep
|turn|29
|
|t:|1757804489
|move|p1a: Raikou|Scald|p2a: Pikachu
|-damage|p2a: Pikachu|0 fnt
|faint|p2a: Pikachu
|
|-heal|p1a: Raikou|46/100|[from] item: Leftovers
|upkeep
|-message|Vdtffdfhnn my cdg forfeited.
|
|win|SCALD SUPREME
|raw|SCALD SUPREME's rating: 1043 &rarr; <strong>1072</strong><br />(+29 for winning)
|raw|Vdtffdfhnn my cdg's rating: 1000 &rarr; <strong>1000</strong><br />(+0 for losing)
|l|☆Vdtffdfhnn my cdg
|player|p2|
|l| gendercast
|l|☆SCALD SUPREME
|player|p1|
