|inactive|Battle timer is ON: inactive players will automatically lose when time's up.
|t:|1757790463
|gametype|singles
|player|p1|Light DN|#adpl8|
|player|p2|Tace|#splxviclassiest2|
|gen|9
|tier|[Gen 9] OU
|rule|HP Percentage Mod: HP is shown in percentages
|rule|Endless Battle Clause: Forcing endless battles is banned
|rule|Species Clause: Limit one of each Pokémon
|rule|OHKO Clause: OHKO moves are banned
|rule|Evasion Items Clause: Evasion items are banned
|rule|Evasion Moves Clause: Evasion moves are banned
|rule|Evasion Abilities Clause: Evasion abilities are banned
|rule|Sleep Moves Clause: Sleep-inducing moves are banned
|clearpoke
|poke|p1|Ribombee, F|
|poke|p1|Gholdengo|
|poke|p1|Greninja-*, M|
|poke|p1|Tornadus-Therian, M|
|poke|p1|Weavile, M|
|poke|p1|Darkrai|
|poke|p2|Slowking-Galar, M|
|poke|p2|Darkrai|
|poke|p2|Kyurem|
|poke|p2|Cinderace, M|
|poke|p2|Corviknight, F|
|poke|p2|Ting-Lu|
|teampreview
|c|☆Light DN|hf
|c|☆Tace|hf
|inactive|Light DN has 270 seconds left.
|inactive|Tace has 270 seconds left.
|inactive|Light DN has 240 seconds left.
|inactive|Tace has 240 seconds left.
|inactive|Tace has 210 seconds left.
|
|t:|1757790563
|teamsize|p1|6
|teamsize|p2|6
|start
|switch|p1a: Ribombee|Ribombee, F|100/100
|switch|p2a: Ensalada|Slowking-Galar, M|100/100
|turn|1
|inactive|Tace has 270 seconds left.
|
|t:|1757790572
|move|p1a: Ribombee|Stun Spore|p2a: Ensalada
|-status|p2a: Ensalada|par
|move|p2a: Ensalada|Sludge Bomb|p1a: Ribombee
|-supereffective|p1a: Ribombee
|-enditem|p1a: Ribombee|Focus Sash
|-damage|p1a: Ribombee|1/100
|
|upkeep
|turn|2
|inactive|Tace has 270 seconds left.
|
|t:|1757790594
|move|p1a: Ribombee|Moonblast|p2a: Ensalada
|-resisted|p2a: Ensalada
|-damage|p2a: Ensalada|89/100 par
|move|p2a: Ensalada|Thunder Wave|p1a: Ribombee
|-status|p1a: Ribombee|par
|
|upkeep
|turn|3
|
|t:|1757790600
|move|p1a: Ribombee|Moonblast|p2a: Ensalada
|-resisted|p2a: Ensalada
|-damage|p2a: Ensalada|79/100 par
|-unboost|p2a: Ensalada|spa|1
|-prepare|p2a: Ensalada|Chilly Reception|[premajor]
|move|p2a: Ensalada|Chilly Reception|p2a: Ensalada
|-weather|Snowscape
|
|t:|1757790607
|switch|p2a: Gold Feet|Cinderace, M|100/100|[from] Chilly Reception
|
|-weather|Snowscape|[upkeep]
|upkeep
|turn|4
|
|t:|1757790611
|move|p2a: Gold Feet|U-turn|p1a: Ribombee
|-resisted|p1a: Ribombee
|-damage|p1a: Ribombee|0 fnt
|faint|p1a: Ribombee
|inactive|Tace has 270 seconds left.
|inactive|Tace has 240 seconds left.
|
|t:|1757790653
|switch|p2a: Lavish Habits|Kyurem|100/100|[from] U-turn
|-ability|p2a: Lavish Habits|Pressure
|
|-weather|Snowscape|[upkeep]
|upkeep
|inactive|Light DN has 270 seconds left.
|inactive|Light DN has 240 seconds left.
|
|t:|1757790716
|switch|p1a: Greninja|Greninja, M|100/100
|turn|5
|inactive|Tace has 240 seconds left.
|
|t:|1757790754
|move|p1a: Greninja|Dark Pulse|p2a: Lavish Habits
|-damage|p2a: Lavish Habits|57/100
|-damage|p1a: Greninja|91/100|[from] item: Life Orb
|move|p2a: Lavish Habits|Freeze-Dry|p1a: Greninja
|-supereffective|p1a: Greninja
|-damage|p1a: Greninja|0 fnt
|faint|p1a: Greninja
|
|-weather|Snowscape|[upkeep]
|upkeep
|
|t:|1757790760
|switch|p1a: Weavile|Weavile, M|100/100
|-ability|p1a: Weavile|Pressure
|turn|6
|
|t:|1757790764
|switch|p2a: 1995|Corviknight, F|100/100
|-ability|p2a: 1995|Pressure
|move|p1a: Weavile|Swords Dance|p1a: Weavile
|-boost|p1a: Weavile|atk|2
|
|-weather|Snowscape|[upkeep]
|upkeep
|turn|7
|inactive|Tace has 240 seconds left.
|inactive|Light DN has 270 seconds left.
|inactive|Light DN has 240 seconds left.
|
|t:|1757790831
|-terastallize|p1a: Weavile|Ice
|move|p1a: Weavile|Knock Off|p2a: 1995
|-damage|p2a: 1995|51/100
|-damage|p1a: Weavile|84/100|[from] item: Rocky Helmet|[of] p2a: 1995
|-enditem|p2a: 1995|Rocky Helmet|[from] move: Knock Off|[of] p1a: Weavile
|move|p2a: 1995|Body Press|p1a: Weavile
|-supereffective|p1a: Weavile
|-crit|p1a: Weavile
|-damage|p1a: Weavile|0 fnt
|faint|p1a: Weavile
|
|-weather|none
|upkeep
|inactive|Light DN has 210 seconds left.
|inactive|Light DN has 180 seconds left.
|
|t:|1757790880
|switch|p1a: Tornadus|Tornadus-Therian, M|100/100
|turn|8
|
|t:|1757790892
|move|p1a: Tornadus|Nasty Plot|p1a: Tornadus
|-boost|p1a: Tornadus|spa|2
|move|p2a: 1995|U-turn|p1a: Tornadus
|-resisted|p1a: Tornadus
|-damage|p1a: Tornadus|91/100
|inactive|Tace has 210 seconds left.
|inactive|Tace has 180 seconds left.
|
|t:|1757790951
|switch|p2a: Ensalada|Slowking-Galar, M|100/100 par|[from] U-turn
|
|upkeep
|turn|9
|
|t:|1757790955
|move|p1a: Tornadus|Taunt|p2a: Ensalada
|-start|p2a: Ensalada|move: Taunt
|cant|p2a: Ensalada|move: Taunt|Thunder Wave
|
|upkeep
|turn|10
|
|t:|1757790958
|move|p1a: Tornadus|Bleakwind Storm|p2a: Ensalada
|-damage|p2a: Ensalada|48/100 par
|cant|p2a: Ensalada|par
|
|upkeep
|turn|11
|
|t:|1757790964
|move|p1a: Tornadus|Bleakwind Storm|p2a: Ensalada|[miss]
|-miss|p1a: Tornadus|p2a: Ensalada
|move|p2a: Ensalada|Sludge Bomb|p1a: Tornadus
|-damage|p1a: Tornadus|49/100
|
|-end|p2a: Ensalada|move: Taunt
|upkeep
|turn|12
|
|t:|1757790970
|move|p1a: Tornadus|Bleakwind Storm|p2a: Ensalada|[miss]
|-miss|p1a: Tornadus|p2a: Ensalada
|-prepare|p2a: Ensalada|Chilly Reception|[premajor]
|move|p2a: Ensalada|Chilly Reception|p2a: Ensalada
|-weather|Snowscape
|
|t:|1757790972
|switch|p2a: Jean Claude|Darkrai|100/100|[from] Chilly Reception
|
|-weather|Snowscape|[upkeep]
|upkeep
|turn|13
|inactive|Light DN has 240 seconds left.
|inactive|Tace has 210 seconds left.
|
|t:|1757790987
|move|p2a: Jean Claude|Dark Pulse|p1a: Tornadus
|-crit|p1a: Tornadus
|-damage|p1a: Tornadus|0 fnt
|faint|p1a: Tornadus
|
|-weather|Snowscape|[upkeep]
|upkeep
|inactive|Light DN has 240 seconds left.
|
|t:|1757790998
|switch|p1a: Darkrai|Darkrai|100/100
|turn|14
|
|t:|1757791001
|switch|p2a: Shangri La|Ting-Lu|100/100
|-ability|p2a: Shangri La|Vessel of Ruin
|move|p1a: Darkrai|Nasty Plot|p1a: Darkrai
|-boost|p1a: Darkrai|spa|2
|
|-weather|Snowscape|[upkeep]
|upkeep
|turn|15
|
|t:|1757791005
|move|p1a: Darkrai|Focus Blast|p2a: Shangri La
|-supereffective|p2a: Shangri La
|-damage|p2a: Shangri La|34/100
|move|p2a: Shangri La|Earthquake|p1a: Darkrai
|-damage|p1a: Darkrai|50/100
|
|-weather|Snowscape|[upkeep]
|-heal|p2a: Shangri La|40/100|[from] item: Leftovers
|upkeep
|turn|16
|inactive|Tace has 240 seconds left.
|inactive|Tace has 210 seconds left.
|
|t:|1757791045
|-terastallize|p2a: Shangri La|Fairy
|move|p1a: Darkrai|Focus Blast|p2a: Shangri La
|-resisted|p2a: Shangri La
|-damage|p2a: Shangri La|22/100
|move|p2a: Shangri La|Earthquake|p1a: Darkrai
|-damage|p1a: Darkrai|0 fnt
|faint|p1a: Darkrai
|
|-weather|none
|-heal|p2a: Shangri La|28/100|[from] item: Leftovers
|upkeep
|
|t:|1757791049
|switch|p1a: Gholdengo|Gholdengo|100/100
|-item|p1a: Gholdengo|Air Balloon
|turn|17
|
|t:|1757791053
|move|p1a: Gholdengo|Nasty Plot|p1a: Gholdengo
|-boost|p1a: Gholdengo|spa|2
|move|p2a: Shangri La|Ruination|p1a: Gholdengo
|-damage|p1a: Gholdengo|51/100
|-enditem|p1a: Gholdengo|Air Balloon
|
|-heal|p2a: Shangri La|34/100|[from] item: Leftovers
|upkeep
|turn|18
|
|t:|1757791055
|move|p1a: Gholdengo|Shadow Ball|p2a: Shangri La
|-damage|p2a: Shangri La|0 fnt
|faint|p2a: Shangri La
|
|upkeep
|
|t:|1757791058
|switch|p2a: Jean Claude|Darkrai|100/100
|turn|19
|
|t:|1757791060
|move|p2a: Jean Claude|Dark Pulse|p1a: Gholdengo
|-supereffective|p1a: Gholdengo
|-damage|p1a: Gholdengo|0 fnt
|faint|p1a: Gholdengo
|
|win|Tace
|player|p1|
