|j|☆Fishmahelll
|j|☆kamata
|t:|1757943421
|gametype|singles
|player|p1|Fishmahelll|swimmer|1264
|player|p2|kamata|2|1287
|gen|9
|tier|[Gen 9] OU
|rated|
|rule|HP Percentage Mod: HP is shown in percentages
|rule|Endless Battle Clause: Forcing endless battles is banned
|rule|Species Clause: Limit one of each Pokémon
|rule|OHKO Clause: OHKO moves are banned
|rule|Evasion Items Clause: Evasion items are banned
|rule|Evasion Moves Clause: Evasion moves are banned
|rule|Evasion Abilities Clause: Evasion abilities are banned
|rule|Sleep Moves Clause: Sleep-inducing moves are banned
|clearpoke
|poke|p1|Mimikyu, M|
|poke|p1|Glimmora, F|
|poke|p1|Gholdengo|
|poke|p1|Pawmot, M|
|poke|p1|Corviknight, F|
|poke|p1|Alomomola, M|
|poke|p2|Espeon, F|
|poke|p2|Iron Treads|
|poke|p2|Primarina, M|
|poke|p2|Zapdos-Galar|
|poke|p2|Sinistcha|
|poke|p2|Samurott-Hisui, F|
|teampreview
|inactive|Battle timer is ON: inactive players will automatically lose when time's up. (requested by kamata)
|
|t:|1757943443
|teamsize|p1|6
|teamsize|p2|6
|start
|switch|p1a: Pawmot|Pawmot, M|100/100
|switch|p2a: Iron Treads|Iron Treads|100/100
|turn|1
|
|t:|1757943454
|switch|p1a: Alomomola|Alomomola, M|100/100
|-end|p2a: Iron Treads|Quark Drive|[silent]
|switch|p2a: Espeon|Espeon, F|100/100
|
|upkeep
|turn|2
|
|t:|1757943476
|switch|p1a: Gholdengo|Gholdengo|100/100
|move|p2a: Espeon|Wish|p2a: Espeon
|
|upkeep
|turn|3
|
|t:|1757943486
|move|p2a: Espeon|Copycat|p2a: Espeon
|move|p2a: Espeon|Wish||[from] move: Copycat|[still]
|-fail|p2a: Espeon
|move|p1a: Gholdengo|Shadow Ball|p2a: Espeon
|-supereffective|p2a: Espeon
|-damage|p2a: Espeon|0 fnt
|faint|p2a: Espeon
|
|upkeep
|inactive|kamata has 120 seconds left.
|
|t:|1757943505
|switch|p2a: Iron Treads|Iron Treads|100/100
|turn|4
|
|t:|1757943519
|switch|p1a: Alomomola|Alomomola, M|100/100
|move|p2a: Iron Treads|Stealth Rock|p1a: Alomomola
|-sidestart|p1: Fishmahelll|move: Stealth Rock
|
|upkeep
|turn|5
|inactive|kamata has 120 seconds left.
|
|t:|1757943558
|move|p2a: Iron Treads|Knock Off|p1a: Alomomola
|-damage|p1a: Alomomola|81/100
|-enditem|p1a: Alomomola|Heavy-Duty Boots|[from] move: Knock Off|[of] p2a: Iron Treads
|move|p1a: Alomomola|Scald|p2a: Iron Treads
|-supereffective|p2a: Iron Treads
|-damage|p2a: Iron Treads|80/100
|-status|p2a: Iron Treads|brn
|
|-heal|p2a: Iron Treads|86/100 brn|[from] item: Leftovers
|-damage|p2a: Iron Treads|80/100 brn|[from] brn
|upkeep
|turn|6
|
|t:|1757943573
|-end|p2a: Iron Treads|Quark Drive|[silent]
|switch|p2a: Primarina|Primarina, M|100/100
|move|p1a: Alomomola|Flip Turn|p2a: Primarina
|-resisted|p2a: Primarina
|-damage|p2a: Primarina|90/100
|
|t:|1757943577
|switch|p1a: Corviknight|Corviknight, F|100/100|[from] Flip Turn
|-damage|p1a: Corviknight|88/100|[from] Stealth Rock
|
|-heal|p1a: Corviknight|94/100|[from] item: Leftovers
|upkeep
|turn|7
|
|t:|1757943593
|switch|p2a: Samurott|Samurott-Hisui, F|100/100
|move|p1a: Corviknight|Defog|p2a: Samurott
|-unboost|p2a: Samurott|evasion|1
|-sideend|p1: Fishmahelll|Stealth Rock|[from] move: Defog|[of] p1a: Corviknight
|
|-heal|p1a: Corviknight|100/100|[from] item: Leftovers
|upkeep
|turn|8
|
|t:|1757943609
|switch|p1a: Pawmot|Pawmot, M|100/100
|move|p2a: Samurott|Ceaseless Edge|p1a: Pawmot
|-resisted|p1a: Pawmot
|-damage|p1a: Pawmot|65/100
|-sidestart|p1: Fishmahelll|Spikes
|
|upkeep
|turn|9
|inactive|kamata has 120 seconds left.
|
|t:|1757943628
|switch|p2a: Iron Treads|Iron Treads|80/100 brn
|move|p1a: Pawmot|Close Combat|p2a: Iron Treads
|-supereffective|p2a: Iron Treads
|-damage|p2a: Iron Treads|0 fnt
|-unboost|p1a: Pawmot|def|1
|-unboost|p1a: Pawmot|spd|1
|faint|p2a: Iron Treads
|-end|p2a: Iron Treads|Quark Drive|[silent]
|
|upkeep
|inactive|kamata has 120 seconds left.
|
|t:|1757943659
|switch|p2a: Samurott|Samurott-Hisui, F|100/100
|turn|10
|
|t:|1757943670
|switch|p1a: Glimmora|Glimmora, F|100/100
|-damage|p1a: Glimmora|88/100|[from] Spikes
|move|p2a: Samurott|Flip Turn|p1a: Glimmora
|-supereffective|p1a: Glimmora
|-damage|p1a: Glimmora|20/100
|-activate|p1a: Glimmora|ability: Toxic Debris
|-sidestart|p2: kamata|move: Toxic Spikes
|
|t:|1757943680
|switch|p2a: Zapdos|Zapdos-Galar|100/100|[from] Flip Turn
|
|upkeep
|turn|11
|inactive|kamata has 90 seconds left.
|
|t:|1757943696
|switch|p2a: Samurott|Samurott-Hisui, F|100/100
|-status|p2a: Samurott|psn
|move|p1a: Glimmora|Mortal Spin|p2a: Samurott
|-damage|p2a: Samurott|93/100 psn
|-sideend|p1: Fishmahelll|Spikes|[from] move: Mortal Spin|[of] p1a: Glimmora
|
|-damage|p2a: Samurott|81/100 psn|[from] psn
|upkeep
|turn|12
|
|t:|1757943707
|move|p2a: Samurott|Ceaseless Edge|p1a: Glimmora
|-damage|p1a: Glimmora|0 fnt
|-activate|p1a: Glimmora|ability: Toxic Debris
|-sidestart|p2: kamata|move: Toxic Spikes
|-sidestart|p1: Fishmahelll|Spikes
|faint|p1a: Glimmora
|
|-damage|p2a: Samurott|68/100 psn|[from] psn
|upkeep
|
|t:|1757943712
|switch|p1a: Pawmot|Pawmot, M|65/100
|-damage|p1a: Pawmot|53/100|[from] Spikes
|turn|13
|
|t:|1757943724
|switch|p2a: Sinistcha|Sinistcha|100/100
|-status|p2a: Sinistcha|tox
|-terastallize|p1a: Pawmot|Electric
|move|p1a: Pawmot|Double Shock|p2a: Sinistcha
|-resisted|p2a: Sinistcha
|-damage|p2a: Sinistcha|71/100 tox
|-start|p1a: Pawmot|typechange|Electric|[from] move: Double Shock
|-damage|p1a: Pawmot|36/100|[from] item: Rocky Helmet|[of] p2a: Sinistcha
|
|-damage|p2a: Sinistcha|65/100 tox|[from] psn
|upkeep
|turn|14
|
|t:|1757943741
|switch|p1a: Corviknight|Corviknight, F|100/100
|move|p2a: Sinistcha|Shadow Ball|p1a: Corviknight
|-damage|p1a: Corviknight|76/100
|
|-heal|p1a: Corviknight|82/100|[from] item: Leftovers
|-damage|p2a: Sinistcha|53/100 tox|[from] psn
|upkeep
|turn|15
|
|t:|1757943749
|move|p2a: Sinistcha|Calm Mind|p2a: Sinistcha
|-boost|p2a: Sinistcha|spa|1
|-boost|p2a: Sinistcha|spd|1
|move|p1a: Corviknight|Defog|p2a: Sinistcha
|-unboost|p2a: Sinistcha|evasion|1
|-sideend|p2: kamata|Toxic Spikes|[from] move: Defog|[of] p1a: Corviknight
|-sideend|p1: Fishmahelll|Spikes|[from] move: Defog|[of] p1a: Corviknight
|
|-heal|p1a: Corviknight|89/100|[from] item: Leftovers
|-damage|p2a: Sinistcha|35/100 tox|[from] psn
|upkeep
|turn|16
|
|t:|1757943753
|move|p2a: Sinistcha|Shadow Ball|p1a: Corviknight
|-damage|p1a: Corviknight|50/100
|move|p1a: Corviknight|U-turn|p2a: Sinistcha
|-damage|p2a: Sinistcha|24/100 tox
|-damage|p1a: Corviknight|33/100|[from] item: Rocky Helmet|[of] p2a: Sinistcha
|
|t:|1757943756
|switch|p1a: Mimikyu|Mimikyu, M|100/100|[from] U-turn
|
|-damage|p2a: Sinistcha|0 fnt|[from] psn
|faint|p2a: Sinistcha
|upkeep
|
|t:|1757943766
|switch|p2a: Samurott|Samurott-Hisui, F|68/100 psn
|turn|17
|
|t:|1757943772
|move|p2a: Samurott|Ceaseless Edge|p1a: Mimikyu
|-activate|p1a: Mimikyu|ability: Disguise
|-damage|p1a: Mimikyu|100/100
|-sidestart|p1: Fishmahelll|Spikes
|detailschange|p1a: Mimikyu|Mimikyu-Busted, M
|-damage|p1a: Mimikyu|88/100|[from] pokemon: Mimikyu-Busted
|-enditem|p1a: Mimikyu|Red Card|[of] p2a: Samurott
|drag|p2a: Primarina|Primarina, M|90/100
|move|p1a: Mimikyu|Curse|p2a: Primarina
|-start|p2a: Primarina|Curse|[of] p1a: Mimikyu
|-damage|p1a: Mimikyu|38/100
|
|-damage|p2a: Primarina|65/100|[from] Curse
|upkeep
|turn|18
|inactive|kamata has 120 seconds left.
|
|t:|1757943789
|switch|p2a: Zapdos|Zapdos-Galar|100/100
|move|p1a: Mimikyu|Thief|p2a: Zapdos
|-resisted|p2a: Zapdos
|-damage|p2a: Zapdos|93/100
|-enditem|p2a: Zapdos|Leftovers|[silent]|[from] move: Thief|[of] p1a: Mimikyu
|-item|p1a: Mimikyu|Leftovers|[from] move: Thief|[of] p2a: Zapdos
|
|-heal|p1a: Mimikyu|44/100|[from] item: Leftovers
|upkeep
|turn|19
|inactive|kamata has 120 seconds left.
|
|t:|1757943803
|move|p2a: Zapdos|Substitute|p2a: Zapdos
|-start|p2a: Zapdos|Substitute
|-damage|p2a: Zapdos|68/100
|move|p1a: Mimikyu|Taunt|p2a: Zapdos
|-start|p2a: Zapdos|move: Taunt
|
|-heal|p1a: Mimikyu|50/100|[from] item: Leftovers
|upkeep
|turn|20
|
|t:|1757943809
|move|p2a: Zapdos|Knock Off|p1a: Mimikyu
|-damage|p1a: Mimikyu|1/100
|-enditem|p1a: Mimikyu|Leftovers|[from] move: Knock Off|[of] p2a: Zapdos
|move|p1a: Mimikyu|Curse|p2a: Zapdos
|-start|p2a: Zapdos|Curse|[of] p1a: Mimikyu
|-damage|p1a: Mimikyu|0 fnt
|faint|p1a: Mimikyu
|
|-damage|p2a: Zapdos|43/100|[from] Curse
|upkeep
|
|t:|1757943821
|switch|p1a: Alomomola|Alomomola, M|100/100
|-damage|p1a: Alomomola|88/100|[from] Spikes
|turn|21
|
|t:|1757943830
|move|p2a: Zapdos|Thunderous Kick|p1a: Alomomola
|-damage|p1a: Alomomola|53/100
|-unboost|p1a: Alomomola|def|1
|move|p1a: Alomomola|Wish|p1a: Alomomola
|
|-damage|p2a: Zapdos|18/100|[from] Curse
|upkeep
|turn|22
|
|t:|1757943839
|switch|p1a: Gholdengo|Gholdengo|100/100
|-damage|p1a: Gholdengo|88/100|[from] Spikes
|move|p2a: Zapdos|Knock Off|p1a: Gholdengo
|-supereffective|p1a: Gholdengo
|-damage|p1a: Gholdengo|30/100
|-enditem|p1a: Gholdengo|Choice Specs|[from] move: Knock Off|[of] p2a: Zapdos
|
|-heal|p1a: Gholdengo|100/100|[from] move: Wish|[wisher] Alomomola
|-damage|p2a: Zapdos|0 fnt|[from] Curse
|faint|p2a: Zapdos
|upkeep
|
|t:|1757943853
|switch|p2a: Samurott|Samurott-Hisui, F|68/100 psn
|turn|23
|
|t:|1757943870
|-terastallize|p2a: Samurott|Dark
|move|p2a: Samurott|Ceaseless Edge|p1a: Gholdengo
|-supereffective|p1a: Gholdengo
|-crit|p1a: Gholdengo
|-damage|p1a: Gholdengo|0 fnt
|-sidestart|p1: Fishmahelll|Spikes
|faint|p1a: Gholdengo
|
|-damage|p2a: Samurott|56/100 psn|[from] psn
|upkeep
|
|t:|1757943876
|switch|p1a: Pawmot|Pawmot, M, tera:Electric|36/100
|-damage|p1a: Pawmot|20/100|[from] Spikes
|turn|24
|
|t:|1757943880
|move|p1a: Pawmot|Double Shock|p2a: Samurott
|-damage|p2a: Samurott|0 fnt
|-start|p1a: Pawmot|typechange|Electric|[from] move: Double Shock
|faint|p2a: Samurott
|
|upkeep
|
|t:|1757943885
|switch|p2a: Primarina|Primarina, M|65/100
|turn|25
|
|t:|1757943894
|move|p1a: Pawmot|Double Shock|p2a: Primarina
|-supereffective|p2a: Primarina
|-damage|p2a: Primarina|0 fnt
|-start|p1a: Pawmot|typechange|Electric|[from] move: Double Shock
|faint|p2a: Primarina
|
|win|Fishmahelll
|raw|Fishmahelll's rating: 1264 &rarr; <strong>1291</strong><br />(+27 for winning)
|raw|kamata's rating: 1287 &rarr; <strong>1260</strong><br />(-27 for losing)
|l|☆kamata
|player|p2|
|l|☆Fishmahelll
|player|p1|
