|j|☆yeyibu
|j|☆leo-oz
|t:|1757837319
|gametype|singles
|player|p1|yeyibu|miku-ghost|1294
|player|p2|leo-oz|red|1309
|gen|9
|tier|[Gen 9] OU
|rated|
|rule|HP Percentage Mod: HP is shown in percentages
|rule|Endless Battle Clause: Forcing endless battles is banned
|rule|Species Clause: Limit one of each Pokémon
|rule|OHKO Clause: OHKO moves are banned
|rule|Evasion Items Clause: Evasion items are banned
|rule|Evasion Moves Clause: Evasion moves are banned
|rule|Evasion Abilities Clause: Evasion abilities are banned
|rule|Sleep Moves Clause: Sleep-inducing moves are banned
|clearpoke
|poke|p1|Landorus-Therian, M|
|poke|p1|Cinderace, F|
|poke|p1|Alomomola, M|
|poke|p1|Chesnaught, F|
|poke|p1|Slowking-Galar, M|
|poke|p1|Iron Valiant|
|poke|p2|Deoxys-Speed|
|poke|p2|Iron Moth|
|poke|p2|Kingambit, M|
|poke|p2|Ting-Lu|
|poke|p2|Chansey, F|
|poke|p2|Zamazenta-*|
|teampreview
|
|t:|1757837328
|teamsize|p1|6
|teamsize|p2|6
|start
|switch|p1a: Landorus|Landorus-Therian, M|100/100
|switch|p2a: Deoxys|Deoxys-Speed|100/100
|-ability|p2a: Deoxys|Pressure
|-ability|p1a: Landorus|Intimidate|boost
|-unboost|p2a: Deoxys|atk|1
|turn|1
|inactive|Battle timer is ON: inactive players will automatically lose when time's up. (requested by leo-oz)
|
|t:|1757837344
|move|p2a: Deoxys|Psycho Boost|p1a: Landorus
|-damage|p1a: Landorus|0 fnt
|-unboost|p2a: Deoxys|spa|2
|faint|p1a: Landorus
|
|upkeep
|
|t:|1757837349
|switch|p1a: Slowking|Slowking-Galar, M|100/100
|turn|2
|
|t:|1757837356
|switch|p2a: Chansey|Chansey, F|100/100
|move|p1a: Slowking|Future Sight|p2a: Chansey
|-start|p1a: Slowking|move: Future Sight
|
|upkeep
|turn|3
|
|t:|1757837365
|move|p2a: Chansey|Thunder Wave|p1a: Slowking
|-status|p1a: Slowking|par
|-prepare|p1a: Slowking|Chilly Reception|[premajor]
|cant|p1a: Slowking|par
|
|upkeep
|turn|4
|
|t:|1757837372
|move|p2a: Chansey|Seismic Toss|p1a: Slowking
|-damage|p1a: Slowking|75/100 par
|-prepare|p1a: Slowking|Chilly Reception|[premajor]
|move|p1a: Slowking|Chilly Reception|p1a: Slowking
|-weather|Snowscape
|
|t:|1757837382
|switch|p1a: Chesnaught|Chesnaught, F|100/100|[from] Chilly Reception
|
|-weather|Snowscape|[upkeep]
|-end|p2a: Chansey|move: Future Sight
|-damage|p2a: Chansey|87/100
|upkeep
|turn|5
|
|t:|1757837398
|-terastallize|p2a: Chansey|Ghost
|move|p1a: Chesnaught|Leech Seed|p2a: Chansey
|-start|p2a: Chansey|move: Leech Seed
|move|p2a: Chansey|Thunder Wave|p1a: Chesnaught
|-status|p1a: Chesnaught|par
|
|-weather|Snowscape|[upkeep]
|-damage|p2a: Chansey|74/100|[from] Leech Seed|[of] p1a: Chesnaught
|upkeep
|turn|6
|
|t:|1757837414
|switch|p2a: Zamazenta|Zamazenta|100/100
|-ability|p2a: Zamazenta|Dauntless Shield|boost
|-boost|p2a: Zamazenta|def|1
|switch|p1a: Slowking|Slowking-Galar, M|100/100 par
|
|-weather|Snowscape|[upkeep]
|upkeep
|turn|7
|
|t:|1757837423
|move|p2a: Zamazenta|Substitute|p2a: Zamazenta
|-start|p2a: Zamazenta|Substitute
|-damage|p2a: Zamazenta|76/100
|move|p1a: Slowking|Future Sight|p2a: Zamazenta
|-start|p1a: Slowking|move: Future Sight
|
|-weather|Snowscape|[upkeep]
|-heal|p2a: Zamazenta|82/100|[from] item: Leftovers
|upkeep
|turn|8
|
|t:|1757837427
|move|p2a: Zamazenta|Iron Head|p1a: Slowking
|-damage|p1a: Slowking|72/100 par
|move|p1a: Slowking|Sludge Bomb|p2a: Zamazenta
|-end|p2a: Zamazenta|Substitute
|
|-weather|none
|-heal|p2a: Zamazenta|88/100|[from] item: Leftovers
|upkeep
|turn|9
|
|t:|1757837434
|move|p2a: Zamazenta|Substitute|p2a: Zamazenta
|-start|p2a: Zamazenta|Substitute
|-damage|p2a: Zamazenta|63/100
|-prepare|p1a: Slowking|Chilly Reception|[premajor]
|move|p1a: Slowking|Chilly Reception|p1a: Slowking
|-weather|Snowscape
|
|t:|1757837455
|switch|p1a: Cinderace|Cinderace, F|100/100|[from] Chilly Reception
|
|-weather|Snowscape|[upkeep]
|-end|p2a: Zamazenta|move: Future Sight
|-supereffective|p2a: Zamazenta
|-end|p2a: Zamazenta|Substitute
|-heal|p2a: Zamazenta|69/100|[from] item: Leftovers
|upkeep
|turn|10
|
|t:|1757837463
|move|p2a: Zamazenta|Iron Defense|p2a: Zamazenta
|-boost|p2a: Zamazenta|def|2
|move|p1a: Cinderace|U-turn|p2a: Zamazenta
|-start|p1a: Cinderace|typechange|Bug|[from] ability: Libero
|-resisted|p2a: Zamazenta
|-damage|p2a: Zamazenta|63/100
|
|t:|1757837484
|switch|p1a: Slowking|Slowking-Galar, M|100/100 par|[from] U-turn
|
|-weather|Snowscape|[upkeep]
|-heal|p2a: Zamazenta|69/100|[from] item: Leftovers
|upkeep
|turn|11
|
|t:|1757837491
|move|p2a: Zamazenta|Substitute|p2a: Zamazenta
|-start|p2a: Zamazenta|Substitute
|-damage|p2a: Zamazenta|44/100
|cant|p1a: Slowking|par
|
|-weather|Snowscape|[upkeep]
|-heal|p2a: Zamazenta|51/100|[from] item: Leftovers
|upkeep
|turn|12
|
|t:|1757837500
|move|p2a: Zamazenta|Iron Head|p1a: Slowking
|-damage|p1a: Slowking|74/100 par
|move|p1a: Slowking|Future Sight|p2a: Zamazenta
|-start|p1a: Slowking|move: Future Sight
|
|-weather|Snowscape|[upkeep]
|-heal|p2a: Zamazenta|57/100|[from] item: Leftovers
|upkeep
|turn|13
|
|t:|1757837507
|move|p2a: Zamazenta|Iron Head|p1a: Slowking
|-damage|p1a: Slowking|48/100 par
|move|p1a: Slowking|Sludge Bomb|p2a: Zamazenta
|-end|p2a: Zamazenta|Substitute
|
|-weather|none
|-heal|p2a: Zamazenta|63/100|[from] item: Leftovers
|upkeep
|turn|14
|
|t:|1757837518
|switch|p1a: Alomomola|Alomomola, M|100/100
|move|p2a: Zamazenta|Substitute|p2a: Zamazenta
|-start|p2a: Zamazenta|Substitute
|-damage|p2a: Zamazenta|38/100
|
|-end|p2a: Zamazenta|move: Future Sight
|-supereffective|p2a: Zamazenta
|-crit|p2a: Zamazenta
|-end|p2a: Zamazenta|Substitute
|-heal|p2a: Zamazenta|44/100|[from] item: Leftovers
|upkeep
|turn|15
|
|t:|1757837527
|move|p2a: Zamazenta|Substitute|p2a: Zamazenta
|-start|p2a: Zamazenta|Substitute
|-damage|p2a: Zamazenta|19/100
|move|p1a: Alomomola|Flip Turn|p2a: Zamazenta
|-activate|p2a: Zamazenta|move: Substitute|[damage]
|
|t:|1757837531
|switch|p1a: Slowking|Slowking-Galar, M|81/100 par|[from] Flip Turn
|
|-heal|p2a: Zamazenta|25/100|[from] item: Leftovers
|upkeep
|turn|16
|
|t:|1757837536
|move|p2a: Zamazenta|Iron Head|p1a: Slowking
|-damage|p1a: Slowking|55/100 par
|move|p1a: Slowking|Future Sight|p2a: Zamazenta
|-start|p1a: Slowking|move: Future Sight
|
|-heal|p2a: Zamazenta|32/100|[from] item: Leftovers
|upkeep
|turn|17
|
|t:|1757837543
|move|p2a: Zamazenta|Iron Head|p1a: Slowking
|-damage|p1a: Slowking|28/100 par
|move|p1a: Slowking|Sludge Bomb|p2a: Zamazenta
|-end|p2a: Zamazenta|Substitute
|
|-heal|p2a: Zamazenta|38/100|[from] item: Leftovers
|upkeep
|turn|18
|
|t:|1757837550
|switch|p1a: Chesnaught|Chesnaught, F|100/100 par
|move|p2a: Zamazenta|Substitute|p2a: Zamazenta
|-start|p2a: Zamazenta|Substitute
|-damage|p2a: Zamazenta|13/100
|
|-end|p2a: Zamazenta|move: Future Sight
|-supereffective|p2a: Zamazenta
|-end|p2a: Zamazenta|Substitute
|-heal|p2a: Zamazenta|19/100|[from] item: Leftovers
|upkeep
|turn|19
|
|t:|1757837563
|move|p1a: Chesnaught|Spiky Shield|p1a: Chesnaught
|-singleturn|p1a: Chesnaught|move: Protect
|move|p2a: Zamazenta|Body Press|p1a: Chesnaught
|-activate|p1a: Chesnaught|move: Protect
|-damage|p2a: Zamazenta|7/100|[from] Spiky Shield|[of] p1a: Chesnaught
|
|-heal|p2a: Zamazenta|13/100|[from] item: Leftovers
|upkeep
|turn|20
|
|t:|1757837569
|move|p2a: Zamazenta|Body Press|p1a: Chesnaught
|-damage|p1a: Chesnaught|58/100 par
|-damage|p2a: Zamazenta|0 fnt|[from] item: Rocky Helmet|[of] p1a: Chesnaught
|faint|p2a: Zamazenta
|move|p1a: Chesnaught|Synthesis|p1a: Chesnaught
|-heal|p1a: Chesnaught|100/100 par
|
|upkeep
|
|t:|1757837579
|switch|p2a: Deoxys|Deoxys-Speed|100/100
|-ability|p2a: Deoxys|Pressure
|turn|21
|
|t:|1757837587
|move|p1a: Chesnaught|Spiky Shield|p1a: Chesnaught
|-singleturn|p1a: Chesnaught|move: Protect
|move|p2a: Deoxys|Spikes|p1a: Chesnaught
|-sidestart|p1: yeyibu|Spikes
|
|upkeep
|turn|22
|
|t:|1757837596
|switch|p2a: Iron Moth|Iron Moth|100/100
|-enditem|p2a: Iron Moth|Booster Energy
|-activate|p2a: Iron Moth|ability: Quark Drive|[fromitem]
|-start|p2a: Iron Moth|quarkdrivespa
|switch|p1a: Alomomola|Alomomola, M|100/100
|-damage|p1a: Alomomola|88/100|[from] Spikes
|
|upkeep
|turn|23
|
|t:|1757837606
|move|p1a: Alomomola|Aqua Jet|p2a: Iron Moth
|-supereffective|p2a: Iron Moth
|-damage|p2a: Iron Moth|64/100
|move|p2a: Iron Moth|Energy Ball|p1a: Alomomola
|-supereffective|p1a: Alomomola
|-damage|p1a: Alomomola|47/100
|
|upkeep
|turn|24
|
|t:|1757837616
|move|p2a: Iron Moth|Sludge Wave|p1a: Alomomola
|-damage|p1a: Alomomola|15/100
|move|p1a: Alomomola|Mirror Coat|p2a: Iron Moth
|-damage|p2a: Iron Moth|0 fnt
|faint|p2a: Iron Moth
|-end|p2a: Iron Moth|Quark Drive|[silent]
|
|upkeep
|
|t:|1757837638
|switch|p2a: Deoxys|Deoxys-Speed|100/100
|-ability|p2a: Deoxys|Pressure
|turn|25
|
|t:|1757837648
|switch|p1a: Slowking|Slowking-Galar, M|62/100 par
|move|p2a: Deoxys|Psycho Boost|p1a: Slowking
|-damage|p1a: Slowking|7/100 par
|-unboost|p2a: Deoxys|spa|2
|
|upkeep
|turn|26
|
|t:|1757837656
|switch|p1a: Cinderace|Cinderace, F|100/100
|move|p2a: Deoxys|Psycho Boost|p1a: Cinderace
|-damage|p1a: Cinderace|36/100
|-unboost|p2a: Deoxys|spa|2
|
|upkeep
|turn|27
|
|t:|1757837665
|move|p2a: Deoxys|Psycho Boost|p1a: Cinderace
|-damage|p1a: Cinderace|0 fnt
|-unboost|p2a: Deoxys|spa|2
|faint|p1a: Cinderace
|
|upkeep
|
|t:|1757837680
|switch|p1a: Slowking|Slowking-Galar, M|40/100 par
|turn|28
|
|t:|1757837685
|switch|p2a: Ting-Lu|Ting-Lu|100/100
|-ability|p2a: Ting-Lu|Vessel of Ruin
|switch|p1a: Alomomola|Alomomola, M|48/100
|-damage|p1a: Alomomola|36/100|[from] Spikes
|
|upkeep
|turn|29
|
|t:|1757837695
|move|p2a: Ting-Lu|Stealth Rock|p1a: Alomomola
|-sidestart|p1: yeyibu|move: Stealth Rock
|move|p1a: Alomomola|Flip Turn|p2a: Ting-Lu
|-supereffective|p2a: Ting-Lu
|-damage|p2a: Ting-Lu|86/100
|
|t:|1757837699
|switch|p1a: Iron Valiant|Iron Valiant|100/100|[from] Flip Turn
|-damage|p1a: Iron Valiant|88/100|[from] Spikes
|-damage|p1a: Iron Valiant|82/100|[from] Stealth Rock
|
|-heal|p2a: Ting-Lu|93/100|[from] item: Leftovers
|upkeep
|turn|30
|-message|yeyibu forfeited.
|
|win|leo-oz
|raw|yeyibu's rating: 1319 &rarr; <strong>1298</strong><br />(-21 for losing)
|raw|leo-oz's rating: 1309 &rarr; <strong>1330</strong><br />(+21 for winning)
|l|☆yeyibu
|player|p1|
|l|☆leo-oz
|player|p2|
