|j|☆Gregory Mirabella
|j|☆dark rivial
|t:|1757795223
|gametype|singles
|player|p1|Gregory Mirabella|lusamine-nihilego|1297
|player|p2|dark rivial|1|1354
|gen|9
|tier|[Gen 9] OU
|rated|
|rule|HP Percentage Mod: HP is shown in percentages
|rule|Endless Battle Clause: Forcing endless battles is banned
|rule|Species Clause: Limit one of each Pokémon
|rule|OHKO Clause: OHKO moves are banned
|rule|Evasion Items Clause: Evasion items are banned
|rule|Evasion Moves Clause: Evasion moves are banned
|rule|Evasion Abilities Clause: Evasion abilities are banned
|rule|Sleep Moves Clause: Sleep-inducing moves are banned
|clearpoke
|poke|p1|Great Tusk|
|poke|p1|Scizor, F|
|poke|p1|Zapdos|
|poke|p1|Darkrai|
|poke|p1|Alomomola, F|
|poke|p1|Slowking-Galar, M|
|poke|p2|Medicham, M|
|poke|p2|Krookodile, F|
|poke|p2|Weezing-Galar, M|
|poke|p2|Moltres|
|poke|p2|Scizor, F|
|poke|p2|Raging Bolt|
|teampreview
|c|☆Gregory Mirabella|Glhf
|
|t:|1757795271
|teamsize|p1|6
|teamsize|p2|6
|start
|switch|p1a: Slowking|Slowking-Galar, M|100/100
|switch|p2a: Raging Bolt|Raging Bolt|100/100
|-enditem|p2a: Raging Bolt|Booster Energy
|-activate|p2a: Raging Bolt|ability: Protosynthesis|[fromitem]
|-start|p2a: Raging Bolt|protosynthesisspa
|turn|1
|
|t:|1757795287
|move|p2a: Raging Bolt|Calm Mind|p2a: Raging Bolt
|-boost|p2a: Raging Bolt|spa|1
|-boost|p2a: Raging Bolt|spd|1
|move|p1a: Slowking|Future Sight|p2a: Raging Bolt
|-start|p1a: Slowking|move: Future Sight
|
|upkeep
|turn|2
|
|t:|1757795293
|move|p2a: Raging Bolt|Calm Mind|p2a: Raging Bolt
|-boost|p2a: Raging Bolt|spa|1
|-boost|p2a: Raging Bolt|spd|1
|-prepare|p1a: Slowking|Chilly Reception|[premajor]
|move|p1a: Slowking|Chilly Reception|p1a: Slowking
|-weather|Snowscape
|
|t:|1757795299
|switch|p1a: Great Tusk|Great Tusk|100/100|[from] Chilly Reception
|
|-weather|Snowscape|[upkeep]
|upkeep
|turn|3
|
|t:|1757795326
|-terastallize|p2a: Raging Bolt|Ice
|move|p1a: Great Tusk|Headlong Rush|p2a: Raging Bolt
|-damage|p2a: Raging Bolt|65/100
|-unboost|p1a: Great Tusk|def|1
|-unboost|p1a: Great Tusk|spd|1
|move|p2a: Raging Bolt|Tera Blast|p1a: Great Tusk|[anim] Tera Blast Ice
|-supereffective|p1a: Great Tusk
|-damage|p1a: Great Tusk|0 fnt
|faint|p1a: Great Tusk
|-end|p1a: Great Tusk|Protosynthesis|[silent]
|
|-weather|Snowscape|[upkeep]
|-end|p2a: Raging Bolt|move: Future Sight
|-damage|p2a: Raging Bolt|45/100
|upkeep
|c|☆Gregory Mirabella|Interesting
|
|t:|1757795361
|switch|p1a: Scizor|Scizor, F|100/100
|turn|4
|
|t:|1757795373
|-terastallize|p1a: Scizor|Steel
|move|p1a: Scizor|Bullet Punch|p2a: Raging Bolt
|-supereffective|p2a: Raging Bolt
|-damage|p2a: Raging Bolt|0 fnt
|faint|p2a: Raging Bolt
|-end|p2a: Raging Bolt|Protosynthesis|[silent]
|
|-weather|Snowscape|[upkeep]
|upkeep
|
|t:|1757795380
|switch|p2a: Moltres|Moltres|100/100
|turn|5
|c|☆Gregory Mirabella|I can't calc, so better safe than sorry
|
|t:|1757795395
|switch|p1a: Slowking|Slowking-Galar, M|100/100
|move|p2a: Moltres|Will-O-Wisp|p1a: Slowking
|-status|p1a: Slowking|brn
|
|-weather|Snowscape|[upkeep]
|-damage|p1a: Slowking|94/100 brn|[from] brn
|upkeep
|turn|6
|
|t:|1757795417
|switch|p2a: Krookodile|Krookodile, F|100/100
|move|p1a: Slowking|Future Sight|p2a: Krookodile
|-start|p1a: Slowking|move: Future Sight
|
|-weather|none
|-damage|p1a: Slowking|88/100 brn|[from] brn
|upkeep
|turn|7
|
|t:|1757795427
|switch|p1a: Alomomola|Alomomola, F, shiny|100/100
|move|p2a: Krookodile|Scale Shot|p1a: Alomomola
|-damage|p1a: Alomomola|96/100
|-damage|p1a: Alomomola|92/100
|-damage|p1a: Alomomola|87/100
|-damage|p1a: Alomomola|83/100
|-hitcount|p1a: Alomomola|4
|-unboost|p2a: Krookodile|def|1
|-boost|p2a: Krookodile|spe|1
|-enditem|p2a: Krookodile|White Herb
|-clearnegativeboost|p2a: Krookodile|[silent]
|
|upkeep
|turn|8
|
|t:|1757795446
|move|p2a: Krookodile|Earthquake|p1a: Alomomola
|-damage|p1a: Alomomola|55/100
|move|p1a: Alomomola|Scald|p2a: Krookodile
|-supereffective|p2a: Krookodile
|-damage|p2a: Krookodile|62/100
|
|-end|p2a: Krookodile|move: Future Sight
|-immune|p2a: Krookodile
|upkeep
|turn|9
|
|t:|1757795457
|switch|p2a: Weezing|Weezing-Galar, M|100/100
|move|p1a: Alomomola|Scald|p2a: Weezing
|-damage|p2a: Weezing|87/100
|
|-heal|p2a: Weezing|93/100|[from] item: Leftovers
|upkeep
|turn|10
|c|☆Gregory Mirabella|Levitate, interesting
|
|t:|1757795472
|switch|p1a: Slowking|Slowking-Galar, M|100/100 brn
|move|p2a: Weezing|Toxic||[still]
|-fail|p2a: Weezing
|
|-heal|p2a: Weezing|99/100|[from] item: Leftovers
|-damage|p1a: Slowking|94/100 brn|[from] brn
|upkeep
|turn|11
|
|t:|1757795483
|switch|p2a: Scizor|Scizor, F|100/100
|move|p1a: Slowking|Future Sight|p2a: Scizor
|-start|p1a: Slowking|move: Future Sight
|
|-damage|p1a: Slowking|88/100 brn|[from] brn
|upkeep
|turn|12
|c|☆Gregory Mirabella|Neutralizing gas would actually block regenerator
|
|t:|1757795493
|switch|p1a: Zapdos|Zapdos|100/100
|move|p2a: Scizor|Swords Dance|p2a: Scizor
|-boost|p2a: Scizor|atk|2
|
|upkeep
|turn|13
|
|t:|1757795501
|switch|p2a: Krookodile|Krookodile, F|62/100
|move|p1a: Zapdos|Thunderbolt|p2a: Krookodile
|-immune|p2a: Krookodile
|
|-end|p2a: Krookodile|move: Future Sight
|-immune|p2a: Krookodile
|upkeep
|turn|14
|
|t:|1757795510
|switch|p1a: Alomomola|Alomomola, F, shiny|88/100
|move|p2a: Krookodile|Crunch|p1a: Alomomola
|-damage|p1a: Alomomola|67/100
|
|upkeep
|turn|15
|
|t:|1757795521
|switch|p2a: Weezing|Weezing-Galar, M|99/100
|move|p1a: Alomomola|Scald|p2a: Weezing
|-damage|p2a: Weezing|87/100
|
|-heal|p2a: Weezing|93/100|[from] item: Leftovers
|upkeep
|turn|16
|
|t:|1757795534
|switch|p1a: Slowking|Slowking-Galar, M|100/100 brn
|move|p2a: Weezing|Toxic||[still]
|-fail|p2a: Weezing
|
|-heal|p2a: Weezing|99/100|[from] item: Leftovers
|-damage|p1a: Slowking|94/100 brn|[from] brn
|upkeep
|turn|17
|
|t:|1757795547
|switch|p2a: Scizor|Scizor, F|100/100
|-prepare|p1a: Slowking|Chilly Reception|[premajor]
|move|p1a: Slowking|Chilly Reception|p1a: Slowking
|-weather|Snowscape
|
|t:|1757795553
|switch|p1a: Zapdos|Zapdos|100/100|[from] Chilly Reception
|
|-weather|Snowscape|[upkeep]
|upkeep
|turn|18
|
|t:|1757795561
|switch|p2a: Weezing|Weezing-Galar, M|99/100
|move|p1a: Zapdos|Thunderbolt|p2a: Weezing
|-damage|p2a: Weezing|56/100
|
|-weather|Snowscape|[upkeep]
|-heal|p2a: Weezing|62/100|[from] item: Leftovers
|upkeep
|turn|19
|
|t:|1757795570
|move|p1a: Zapdos|Volt Switch|p2a: Weezing
|-crit|p2a: Weezing
|-damage|p2a: Weezing|15/100
|
|t:|1757795579
|switch|p1a: Slowking|Slowking-Galar, M|100/100 brn|[from] Volt Switch
|move|p2a: Weezing|Sludge Bomb|p1a: Slowking
|-resisted|p1a: Slowking
|-damage|p1a: Slowking|93/100 brn
|
|-weather|Snowscape|[upkeep]
|-heal|p2a: Weezing|21/100|[from] item: Leftovers
|-damage|p1a: Slowking|87/100 brn|[from] brn
|upkeep
|turn|20
|inactive|Battle timer is ON: inactive players will automatically lose when time's up. (requested by Gregory Mirabella)
|
|t:|1757795620
|switch|p2a: Krookodile|Krookodile, F|62/100
|-prepare|p1a: Slowking|Chilly Reception|[premajor]
|move|p1a: Slowking|Chilly Reception|p1a: Slowking
|
|t:|1757795625
|switch|p1a: Zapdos|Zapdos|100/100|[from] Chilly Reception
|
|-weather|Snowscape|[upkeep]
|upkeep
|turn|21
|
|t:|1757795649
|move|p1a: Zapdos|Weather Ball|p2a: Krookodile
|-supereffective|p2a: Krookodile
|-damage|p2a: Krookodile|0 fnt
|faint|p2a: Krookodile
|
|-weather|none
|upkeep
|
|t:|1757795655
|switch|p2a: Medicham|Medicham, M|100/100
|turn|22
|
|t:|1757795669
|move|p1a: Zapdos|Thunderbolt|p2a: Medicham
|-damage|p2a: Medicham|22/100
|move|p2a: Medicham|Trailblaze|p1a: Zapdos
|-resisted|p1a: Zapdos
|-damage|p1a: Zapdos|85/100
|-boost|p2a: Medicham|spe|1
|-damage|p2a: Medicham|12/100|[from] item: Life Orb
|
|upkeep
|turn|23
|inactive|dark rivial has 120 seconds left.
|
|t:|1757795717
|move|p2a: Medicham|Psycho Cut|p1a: Zapdos
|-damage|p1a: Zapdos|17/100
|-damage|p2a: Medicham|2/100|[from] item: Life Orb
|move|p1a: Zapdos|Thunderbolt|p2a: Medicham
|-damage|p2a: Medicham|0 fnt
|faint|p2a: Medicham
|
|upkeep
|
|t:|1757795726
|switch|p2a: Scizor|Scizor, F|100/100
|turn|24
|
|t:|1757795731
|switch|p1a: Alomomola|Alomomola, F, shiny|99/100
|move|p2a: Scizor|Bullet Punch|p1a: Alomomola
|-resisted|p1a: Alomomola
|-damage|p1a: Alomomola|93/100
|
|upkeep
|turn|25
|
|t:|1757795739
|move|p2a: Scizor|Swords Dance|p2a: Scizor
|-boost|p2a: Scizor|atk|2
|move|p1a: Alomomola|Scald|p2a: Scizor
|-damage|p2a: Scizor|85/100
|
|-heal|p2a: Scizor|91/100|[from] item: Leftovers
|upkeep
|turn|26
|inactive|dark rivial has 120 seconds left.
|
|t:|1757795759
|move|p2a: Scizor|Swords Dance|p2a: Scizor
|-boost|p2a: Scizor|atk|2
|move|p1a: Alomomola|Wish|p1a: Alomomola
|
|-heal|p2a: Scizor|97/100|[from] item: Leftovers
|upkeep
|turn|27
|inactive|dark rivial has 120 seconds left.
|
|t:|1757795770
|move|p2a: Scizor|Dual Wingbeat|p1a: Alomomola
|-damage|p1a: Alomomola|64/100
|-damage|p1a: Alomomola|38/100
|-hitcount|p1a: Alomomola|2
|move|p1a: Alomomola|Scald|p2a: Scizor
|-damage|p2a: Scizor|81/100
|
|-heal|p1a: Alomomola|88/100|[from] move: Wish|[wisher] Alomomola
|-heal|p2a: Scizor|87/100|[from] item: Leftovers
|upkeep
|turn|28
|inactive|dark rivial has 120 seconds left.
|
|t:|1757795792
|switch|p1a: Zapdos|Zapdos|17/100
|move|p2a: Scizor|Swords Dance|p2a: Scizor
|-boost|p2a: Scizor|atk|2
|
|-heal|p2a: Scizor|94/100|[from] item: Leftovers
|upkeep
|turn|29
|
|t:|1757795802
|move|p2a: Scizor|Bullet Punch|p1a: Zapdos
|-resisted|p1a: Zapdos
|-damage|p1a: Zapdos|0 fnt
|-status|p2a: Scizor|par|[from] ability: Static|[of] p1a: Zapdos
|faint|p1a: Zapdos
|
|-heal|p2a: Scizor|99/100 par|[from] item: Leftovers
|upkeep
|c|☆Gregory Mirabella|There we go
|
|t:|1757795811
|switch|p1a: Alomomola|Alomomola, F, shiny|100/100
|turn|30
|
|t:|1757795815
|move|p1a: Alomomola|Wish|p1a: Alomomola
|move|p2a: Scizor|Dual Wingbeat|p1a: Alomomola
|-damage|p1a: Alomomola|65/100
|-damage|p1a: Alomomola|29/100
|-hitcount|p1a: Alomomola|2
|
|-heal|p2a: Scizor|100/100 par|[from] item: Leftovers
|upkeep
|turn|31
|
|t:|1757795825
|switch|p1a: Scizor|Scizor, F, tera:Steel|100/100
|move|p2a: Scizor|Dual Wingbeat|p1a: Scizor
|-resisted|p1a: Scizor
|-damage|p1a: Scizor|57/100
|-resisted|p1a: Scizor
|-damage|p1a: Scizor|18/100
|-hitcount|p1a: Scizor|2
|
|-heal|p1a: Scizor|100/100|[from] move: Wish|[wisher] Alomomola
|upkeep
|turn|32
|
|t:|1757795838
|move|p1a: Scizor|Close Combat|p2a: Scizor
|-damage|p2a: Scizor|70/100 par
|-unboost|p1a: Scizor|def|1
|-unboost|p1a: Scizor|spd|1
|move|p2a: Scizor|Dual Wingbeat|p1a: Scizor
|-resisted|p1a: Scizor
|-damage|p1a: Scizor|40/100
|-resisted|p1a: Scizor
|-damage|p1a: Scizor|0 fnt
|faint|p1a: Scizor
|-hitcount|p1: Scizor|2
|
|-heal|p2a: Scizor|76/100 par|[from] item: Leftovers
|upkeep
|
|t:|1757795854
|switch|p1a: Darkrai|Darkrai|100/100
|turn|33
|
|t:|1757795863
|cant|p2a: Scizor|par
|move|p1a: Darkrai|Dark Pulse|p2a: Scizor
|-crit|p2a: Scizor
|-damage|p2a: Scizor|2/100 par
|
|-heal|p2a: Scizor|8/100 par|[from] item: Leftovers
|upkeep
|turn|34
|
|t:|1757795882
|switch|p1a: Slowking|Slowking-Galar, M|100/100 brn
|move|p2a: Scizor|Bullet Punch|p1a: Slowking
|-damage|p1a: Slowking|0 fnt
|faint|p1a: Slowking
|
|-heal|p2a: Scizor|14/100 par|[from] item: Leftovers
|upkeep
|
|t:|1757795891
|switch|p1a: Alomomola|Alomomola, F, shiny|62/100
|turn|35
|
|t:|1757795895
|move|p1a: Alomomola|Scald|p2a: Scizor
|-damage|p2a: Scizor|0 fnt
|faint|p2a: Scizor
|
|upkeep
|
|t:|1757795900
|switch|p2a: Weezing|Weezing-Galar, M|21/100
|turn|36
|
|t:|1757795907
|move|p2a: Weezing|Toxic|p1a: Alomomola
|-status|p1a: Alomomola|tox
|move|p1a: Alomomola|Scald|p2a: Weezing
|-damage|p2a: Weezing|7/100
|
|-heal|p2a: Weezing|13/100|[from] item: Leftovers
|-damage|p1a: Alomomola|56/100 tox|[from] psn
|upkeep
|turn|37
|
|t:|1757795928
|move|p2a: Weezing|Sludge Bomb|p1a: Alomomola
|-damage|p1a: Alomomola|24/100 tox
|move|p1a: Alomomola|Flip Turn|p2a: Weezing
|-damage|p2a: Weezing|0 fnt
|faint|p2a: Weezing
|
|t:|1757795940
|switch|p1a: Darkrai|Darkrai|100/100|[from] Flip Turn
|
|upkeep
|
|t:|1757795947
|switch|p2a: Moltres|Moltres|100/100
|turn|38
|
|t:|1757795953
|move|p1a: Darkrai|Dark Pulse|p2a: Moltres
|-damage|p2a: Moltres|67/100
|move|p2a: Moltres|Flamethrower|p1a: Darkrai
|-crit|p1a: Darkrai
|-damage|p1a: Darkrai|26/100
|
|-heal|p2a: Moltres|73/100|[from] item: Leftovers
|upkeep
|turn|39
|c|☆Gregory Mirabella|Just what I need
|
|t:|1757795968
|move|p1a: Darkrai|Dark Pulse|p2a: Moltres
|-damage|p2a: Moltres|44/100
|move|p2a: Moltres|Roost|p2a: Moltres
|-heal|p2a: Moltres|94/100
|-singleturn|p2a: Moltres|move: Roost
|
|-heal|p2a: Moltres|99/100|[from] item: Leftovers
|upkeep
|turn|40
|
|t:|1757795978
|move|p1a: Darkrai|Dark Pulse|p2a: Moltres
|-crit|p2a: Moltres
|-damage|p2a: Moltres|50/100
|move|p2a: Moltres|Flamethrower|p1a: Darkrai
|-damage|p1a: Darkrai|0 fnt
|faint|p1a: Darkrai
|
|-heal|p2a: Moltres|56/100|[from] item: Leftovers
|upkeep
|
|t:|1757795988
|switch|p1a: Alomomola|Alomomola, F, shiny|58/100 tox
|turn|41
|c|☆Gregory Mirabella|With that u lost
|c|☆Gregory Mirabella|I lost
|c|☆Gregory Mirabella|Typo
|
|t:|1757796004
|move|p2a: Moltres|Roost|p2a: Moltres
|-heal|p2a: Moltres|100/100
|-singleturn|p2a: Moltres|move: Roost
|move|p1a: Alomomola|Scald|p2a: Moltres
|-supereffective|p2a: Moltres
|-damage|p2a: Moltres|80/100
|
|-heal|p2a: Moltres|86/100|[from] item: Leftovers
|-damage|p1a: Alomomola|51/100 tox|[from] psn
|upkeep
|turn|42
|-message|Gregory Mirabella forfeited.
|
|win|dark rivial
|raw|Gregory Mirabella's rating: 1297 &rarr; <strong>1276</strong><br />(-21 for losing)
|raw|dark rivial's rating: 1354 &rarr; <strong>1371</strong><br />(+17 for winning)
|c|☆Gregory Mirabella|Gg
|c|☆Gregory Mirabella|Wp
|c|☆Gregory Mirabella|Nice team
|l|☆dark rivial
|player|p2|
|l|☆Gregory Mirabella
|player|p1|
|j|☆Gregory Mirabella
|player|p1|Gregory Mirabella|lusamine-nihilego|
