|j|☆OneWingedAngelO3
|j|☆IC1
|t:|1757790301
|gametype|singles
|player|p1|OneWingedAngelO3|caitlin|1203
|player|p2|IC1|blackbelt-gen4dp|1169
|gen|9
|tier|[Gen 9] OU
|rated|
|rule|HP Percentage Mod: HP is shown in percentages
|rule|Endless Battle Clause: Forcing endless battles is banned
|rule|Species Clause: Limit one of each Pokémon
|rule|OHKO Clause: OHKO moves are banned
|rule|Evasion Items Clause: Evasion items are banned
|rule|Evasion Moves Clause: Evasion moves are banned
|rule|Evasion Abilities Clause: Evasion abilities are banned
|rule|Sleep Moves Clause: Sleep-inducing moves are banned
|clearpoke
|poke|p1|Araquanid, F|
|poke|p1|Gholdengo|
|poke|p1|Iron Moth|
|poke|p1|Iron Valiant|
|poke|p1|Raging Bolt|
|poke|p1|Kingambit, F|
|poke|p2|Ogerpon-Wellspring, F|
|poke|p2|Kingambit, F|
|poke|p2|Landorus-Therian, M|
|poke|p2|Glimmora, M|
|poke|p2|Gholdengo|
|poke|p2|Iron Valiant|
|teampreview
|c|☆IC1|glhf
|
|t:|1757790313
|teamsize|p1|6
|teamsize|p2|6
|start
|switch|p1a: Araquanid|Araquanid, F|100/100
|switch|p2a: Glimmora|Glimmora, M|100/100
|turn|1
|c|☆OneWingedAngelO3|ty bro
|c|☆OneWingedAngelO3|same
|c|☆IC1|ty
|
|t:|1757790336
|switch|p2a: Ogerpon|Ogerpon-Wellspring, F|100/100
|move|p1a: Araquanid|Sticky Web|p2a: Ogerpon
|-sidestart|p2: IC1|move: Sticky Web
|
|upkeep
|turn|2
|
|t:|1757790351
|move|p2a: Ogerpon|Horn Leech|p1a: Araquanid
|-damage|p1a: Araquanid|59/100
|move|p1a: Araquanid|Lunge|p2a: Ogerpon
|-supereffective|p2a: Ogerpon
|-damage|p2a: Ogerpon|50/100
|-unboost|p2a: Ogerpon|atk|1
|
|upkeep
|turn|3
|
|t:|1757790366
|move|p2a: Ogerpon|Play Rough|p1a: Araquanid|[miss]
|-miss|p2a: Ogerpon|p1a: Araquanid
|move|p1a: Araquanid|Lunge|p2a: Ogerpon
|-supereffective|p2a: Ogerpon
|-damage|p2a: Ogerpon|0 fnt
|faint|p2a: Ogerpon
|
|upkeep
|c|☆IC1|wow
|
|t:|1757790378
|switch|p2a: Gholdengo|Gholdengo|100/100
|-item|p2a: Gholdengo|Air Balloon
|turn|4
|c|☆OneWingedAngelO3|unlucky
|
|t:|1757790391
|move|p2a: Gholdengo|Nasty Plot|p2a: Gholdengo
|-boost|p2a: Gholdengo|spa|2
|move|p1a: Araquanid|Surf|p2a: Gholdengo
|-damage|p2a: Gholdengo|58/100
|-enditem|p2a: Gholdengo|Air Balloon
|
|upkeep
|turn|5
|
|t:|1757790403
|move|p2a: Gholdengo|Make It Rain|p1a: Araquanid
|-resisted|p1a: Araquanid
|-damage|p1a: Araquanid|16/100
|-unboost|p2a: Gholdengo|spa|1
|move|p1a: Araquanid|Surf|p2a: Gholdengo
|-damage|p2a: Gholdengo|15/100
|
|upkeep
|turn|6
|-enditem|p1a: Araquanid|Custap Berry|[eat]
|-activate|p1a: Araquanid|item: Custap Berry|[consumed]
|
|t:|1757790411
|move|p1a: Araquanid|Surf|p2a: Gholdengo
|-damage|p2a: Gholdengo|0 fnt
|faint|p2a: Gholdengo
|
|upkeep
|
|t:|1757790435
|switch|p2a: Glimmora|Glimmora, M|100/100
|-activate|p2a: Glimmora|move: Sticky Web
|-unboost|p2a: Glimmora|spe|1
|turn|7
|c|☆IC1|real
|
|t:|1757790442
|move|p2a: Glimmora|Meteor Beam||[still]
|-prepare|p2a: Glimmora|Meteor Beam
|-boost|p2a: Glimmora|spa|1
|-enditem|p2a: Glimmora|Power Herb
|-anim|p2a: Glimmora|Meteor Beam|p1a: Araquanid
|-supereffective|p1a: Araquanid
|-crit|p1a: Araquanid
|-damage|p1a: Araquanid|0 fnt
|faint|p1a: Araquanid
|
|upkeep
|
|t:|1757790465
|switch|p1a: Kingambit|Kingambit, F|100/100
|-activate|p1a: Kingambit|ability: Supreme Overlord
|-start|p1a: Kingambit|fallen1|[silent]
|-item|p1a: Kingambit|Air Balloon
|turn|8
|
|t:|1757790477
|move|p1a: Kingambit|Iron Head|p2a: Glimmora
|-supereffective|p2a: Glimmora
|-damage|p2a: Glimmora|0 fnt
|-activate|p2a: Glimmora|ability: Toxic Debris
|-sidestart|p1: OneWingedAngelO3|move: Toxic Spikes
|faint|p2a: Glimmora
|
|upkeep
|
|t:|1757790487
|switch|p2a: Landorus|Landorus-Therian, M|100/100
|-ability|p2a: Landorus|Intimidate|boost
|-unboost|p1a: Kingambit|atk|1
|turn|9
|
|t:|1757790492
|-end|p1a: Kingambit|fallen1|[silent]
|switch|p1a: Gholdengo|Gholdengo|100/100
|-item|p1a: Gholdengo|Air Balloon
|move|p2a: Landorus|Stealth Rock|p1a: Gholdengo
|-sidestart|p1: OneWingedAngelO3|move: Stealth Rock
|
|upkeep
|turn|10
|
|t:|1757790499
|move|p2a: Landorus|U-turn|p1a: Gholdengo
|-resisted|p1a: Gholdengo
|-damage|p1a: Gholdengo|94/100
|-enditem|p1a: Gholdengo|Air Balloon
|
|t:|1757790505
|switch|p2a: Kingambit|Kingambit, F|100/100|[from] U-turn
|-activate|p2a: Kingambit|move: Sticky Web
|-unboost|p2a: Kingambit|spe|1
|-activate|p2a: Kingambit|ability: Supreme Overlord
|-start|p2a: Kingambit|fallen3|[silent]
|move|p1a: Gholdengo|Shadow Ball|p2a: Kingambit
|-resisted|p2a: Kingambit
|-damage|p2a: Kingambit|80/100
|-unboost|p2a: Kingambit|spd|1
|
|-heal|p2a: Kingambit|86/100|[from] item: Leftovers
|upkeep
|turn|11
|
|t:|1757790519
|-terastallize|p1a: Gholdengo|Flying
|move|p1a: Gholdengo|Shadow Ball|p2a: Kingambit
|-resisted|p2a: Kingambit
|-damage|p2a: Kingambit|54/100
|move|p2a: Kingambit|Kowtow Cleave|p1a: Gholdengo
|-damage|p1a: Gholdengo|14/100
|
|-heal|p2a: Kingambit|60/100|[from] item: Leftovers
|upkeep
|turn|12
|
|t:|1757790532
|move|p2a: Kingambit|Sucker Punch|p1a: Gholdengo
|-damage|p1a: Gholdengo|0 fnt
|faint|p1a: Gholdengo
|
|-heal|p2a: Kingambit|67/100|[from] item: Leftovers
|upkeep
|
|t:|1757790539
|switch|p1a: Kingambit|Kingambit, F|100/100
|-damage|p1a: Kingambit|94/100|[from] Stealth Rock
|-activate|p1a: Kingambit|ability: Supreme Overlord
|-start|p1a: Kingambit|fallen2|[silent]
|-item|p1a: Kingambit|Air Balloon
|turn|13
|
|t:|1757790549
|move|p1a: Kingambit|Kowtow Cleave|p2a: Kingambit
|-resisted|p2a: Kingambit
|-damage|p2a: Kingambit|46/100
|move|p2a: Kingambit|Iron Head|p1a: Kingambit
|-resisted|p1a: Kingambit
|-damage|p1a: Kingambit|69/100
|-enditem|p1a: Kingambit|Air Balloon
|
|-heal|p2a: Kingambit|52/100|[from] item: Leftovers
|upkeep
|turn|14
|
|t:|1757790558
|-end|p2a: Kingambit|fallen3|[silent]
|switch|p2a: Landorus|Landorus-Therian, M|100/100
|-ability|p2a: Landorus|Intimidate|boost
|-unboost|p1a: Kingambit|atk|1
|move|p1a: Kingambit|Kowtow Cleave|p2a: Landorus
|-damage|p2a: Landorus|66/100
|-damage|p1a: Kingambit|52/100|[from] item: Rocky Helmet|[of] p2a: Landorus
|
|upkeep
|turn|15
|
|t:|1757790587
|move|p1a: Kingambit|Sucker Punch|p2a: Landorus
|-damage|p2a: Landorus|39/100
|-damage|p1a: Kingambit|36/100|[from] item: Rocky Helmet|[of] p2a: Landorus
|move|p2a: Landorus|Earthquake|p1a: Kingambit
|-supereffective|p1a: Kingambit
|-damage|p1a: Kingambit|0 fnt
|faint|p1a: Kingambit
|-end|p1a: Kingambit|fallen2|[silent]
|
|upkeep
|
|t:|1757790617
|switch|p1a: Iron Moth|Iron Moth|100/100
|-sideend|p1: OneWingedAngelO3|move: Toxic Spikes|[of] p1a: Iron Moth
|-damage|p1a: Iron Moth|76/100|[from] Stealth Rock
|-enditem|p1a: Iron Moth|Booster Energy
|-activate|p1a: Iron Moth|ability: Quark Drive|[fromitem]
|-start|p1a: Iron Moth|quarkdrivespa
|turn|16
|
|t:|1757790629
|move|p1a: Iron Moth|Fiery Dance|p2a: Landorus
|-damage|p2a: Landorus|0 fnt
|faint|p2a: Landorus
|
|upkeep
|
|t:|1757790639
|switch|p2a: Iron Valiant|Iron Valiant|100/100
|-activate|p2a: Iron Valiant|move: Sticky Web
|-unboost|p2a: Iron Valiant|spe|1
|-enditem|p2a: Iron Valiant|Booster Energy
|-activate|p2a: Iron Valiant|ability: Quark Drive|[fromitem]
|-start|p2a: Iron Valiant|quarkdriveatk
|turn|17
|
|t:|1757790650
|-terastallize|p2a: Iron Valiant|Steel
|move|p1a: Iron Moth|Sludge Wave|p2a: Iron Valiant
|-immune|p2a: Iron Valiant
|move|p2a: Iron Valiant|Knock Off|p1a: Iron Moth
|-damage|p1a: Iron Moth|29/100
|
|upkeep
|turn|18
|
|t:|1757790664
|move|p1a: Iron Moth|Fiery Dance|p2a: Iron Valiant
|-supereffective|p2a: Iron Valiant
|-damage|p2a: Iron Valiant|0 fnt
|-boost|p1a: Iron Moth|spa|1
|faint|p2a: Iron Valiant
|-end|p2a: Iron Valiant|Quark Drive|[silent]
|
|upkeep
|
|t:|1757790667
|switch|p2a: Kingambit|Kingambit, F|52/100
|-activate|p2a: Kingambit|move: Sticky Web
|-unboost|p2a: Kingambit|spe|1
|-activate|p2a: Kingambit|ability: Supreme Overlord
|-start|p2a: Kingambit|fallen5|[silent]
|turn|19
|c|☆IC1|lol
|
|t:|1757790677
|move|p2a: Kingambit|Sucker Punch|p1a: Iron Moth
|-damage|p1a: Iron Moth|0 fnt
|faint|p1a: Iron Moth
|-end|p1a: Iron Moth|Quark Drive|[silent]
|
|-heal|p2a: Kingambit|58/100|[from] item: Leftovers
|upkeep
|
|t:|1757790684
|switch|p1a: Iron Valiant|Iron Valiant|100/100
|-damage|p1a: Iron Valiant|94/100|[from] Stealth Rock
|-enditem|p1a: Iron Valiant|Booster Energy
|-activate|p1a: Iron Valiant|ability: Quark Drive|[fromitem]
|-start|p1a: Iron Valiant|quarkdrivespa
|turn|20
|c|☆OneWingedAngelO3|gg bro
|
|t:|1757790698
|move|p1a: Iron Valiant|Vacuum Wave|p2a: Kingambit
|-supereffective|p2a: Kingambit
|-damage|p2a: Kingambit|0 fnt
|faint|p2a: Kingambit
|-end|p2a: Kingambit|fallen5|[silent]
|
|win|OneWingedAngelO3
|raw|OneWingedAngelO3's rating: 1203 &rarr; <strong>1226</strong><br />(+23 for winning)
|raw|IC1's rating: 1169 &rarr; <strong>1146</strong><br />(-23 for losing)
|c|☆IC1|clutch
|c|☆IC1|gg
