|badge|p2|silver|gen9ou|30-6
|uhtml|medal-msg|<div class="broadcast-blue">Curious what those medals under the avatar are? PS now has Ladder Seasons! For more information, check out the <a href="https://www.smogon.com/forums/threads/3740067/">thread on Smogon.</a></div>
|j|☆healorant
|j|☆Auburn Hills
|t:|1757862024
|gametype|singles
|player|p1|healorant|alder|1769
|player|p2|Auburn Hills|alder|1889
|gen|9
|tier|[Gen 9] OU
|rated|
|rule|HP Percentage Mod: HP is shown in percentages
|rule|Endless Battle Clause: Forcing endless battles is banned
|rule|Species Clause: Limit one of each Pokémon
|rule|OHKO Clause: OHKO moves are banned
|rule|Evasion Items Clause: Evasion items are banned
|rule|Evasion Moves Clause: Evasion moves are banned
|rule|Evasion Abilities Clause: Evasion abilities are banned
|rule|Sleep Moves Clause: Sleep-inducing moves are banned
|clearpoke
|poke|p1|Hydrapple, F|
|poke|p1|Gholdengo|
|poke|p1|Samurott-Hisui, M|
|poke|p1|Ting-Lu|
|poke|p1|Tornadus-Therian, M|
|poke|p1|Zamazenta-*|
|poke|p2|Iron Moth|
|poke|p2|Umbreon, F|
|poke|p2|Garchomp, M|
|poke|p2|Glimmora, M|
|poke|p2|Gholdengo|
|poke|p2|Dragonite, M|
|teampreview
|inactive|Battle timer is ON: inactive players will automatically lose when time's up. (requested by healorant)
|j| houndmother
|
|t:|1757862067
|teamsize|p1|6
|teamsize|p2|6
|start
|switch|p1a: Ting-Lu|Ting-Lu|100/100
|switch|p2a: Julia Jacklin|Glimmora, M|100/100
|-ability|p1a: Ting-Lu|Vessel of Ruin
|turn|1
|
|t:|1757862072
|move|p2a: Julia Jacklin|Mortal Spin|p1a: Ting-Lu
|-resisted|p1a: Ting-Lu
|-damage|p1a: Ting-Lu|99/100
|-status|p1a: Ting-Lu|psn
|move|p1a: Ting-Lu|Earthquake|p2a: Julia Jacklin
|-supereffective|p2a: Julia Jacklin
|-enditem|p2a: Julia Jacklin|Focus Sash
|-damage|p2a: Julia Jacklin|1/100
|-activate|p2a: Julia Jacklin|ability: Toxic Debris
|-sidestart|p1: healorant|move: Toxic Spikes
|
|-heal|p1a: Ting-Lu|100/100 psn|[from] item: Leftovers
|-damage|p1a: Ting-Lu|88/100 psn|[from] psn
|upkeep
|turn|2
|
|t:|1757862075
|move|p2a: Julia Jacklin|Stealth Rock|p1a: Ting-Lu
|-sidestart|p1: healorant|move: Stealth Rock
|move|p1a: Ting-Lu|Earthquake|p2a: Julia Jacklin
|-supereffective|p2a: Julia Jacklin
|-damage|p2a: Julia Jacklin|0 fnt
|-activate|p2a: Julia Jacklin|ability: Toxic Debris
|-sidestart|p1: healorant|move: Toxic Spikes
|faint|p2a: Julia Jacklin
|
|-heal|p1a: Ting-Lu|94/100 psn|[from] item: Leftovers
|-damage|p1a: Ting-Lu|82/100 psn|[from] psn
|upkeep
|
|t:|1757862080
|switch|p2a: Elucid|Dragonite, M|100/100
|turn|3
|
|t:|1757862085
|move|p2a: Elucid|Ice Spinner|p1a: Ting-Lu
|-supereffective|p1a: Ting-Lu
|-damage|p1a: Ting-Lu|46/100 psn
|move|p1a: Ting-Lu|Whirlwind|p2a: Elucid
|drag|p2a: Alvvays|Umbreon, F|100/100
|
|-heal|p1a: Ting-Lu|52/100 psn|[from] item: Leftovers
|-damage|p1a: Ting-Lu|39/100 psn|[from] psn
|upkeep
|turn|4
|
|t:|1757862091
|switch|p2a: Elucid|Dragonite, M|100/100
|move|p1a: Ting-Lu|Stealth Rock|p2a: Elucid
|-sidestart|p2: Auburn Hills|move: Stealth Rock
|
|-heal|p1a: Ting-Lu|46/100 psn|[from] item: Leftovers
|-damage|p1a: Ting-Lu|33/100 psn|[from] psn
|upkeep
|turn|5
|j| wgw2333
|
|t:|1757862103
|move|p2a: Elucid|Ice Spinner|p1a: Ting-Lu
|-supereffective|p1a: Ting-Lu
|-damage|p1a: Ting-Lu|0 fnt
|faint|p1a: Ting-Lu
|
|upkeep
|j| powerpuff moves
|
|t:|1757862120
|switch|p1a: Samurott|Samurott-Hisui, M|100/100
|turn|6
|
|t:|1757862123
|move|p1a: Samurott|Ceaseless Edge|p2a: Elucid
|-damage|p2a: Elucid|72/100
|-sidestart|p2: Auburn Hills|Spikes
|move|p2a: Elucid|Dragon Dance|p2a: Elucid
|-boost|p2a: Elucid|atk|1
|-boost|p2a: Elucid|spe|1
|
|upkeep
|turn|7
|
|t:|1757862127
|move|p2a: Elucid|Earthquake|p1a: Samurott
|-damage|p1a: Samurott|32/100
|move|p1a: Samurott|Ceaseless Edge|p2a: Elucid
|-damage|p2a: Elucid|16/100
|-sidestart|p2: Auburn Hills|Spikes
|
|upkeep
|turn|8
|
|t:|1757862131
|move|p2a: Elucid|Extreme Speed|p1a: Samurott
|-damage|p1a: Samurott|0 fnt
|faint|p1a: Samurott
|
|upkeep
|j| Disscratch
|
|t:|1757862133
|switch|p1a: Gholdengo|Gholdengo|100/100
|-damage|p1a: Gholdengo|94/100|[from] Stealth Rock
|turn|9
|
|t:|1757862136
|move|p1a: Gholdengo|Shadow Ball|p2a: Elucid
|-damage|p2a: Elucid|0 fnt
|faint|p2a: Elucid
|
|upkeep
|
|t:|1757862139
|switch|p2a: Alvvays|Umbreon, F|100/100
|-damage|p2a: Alvvays|88/100|[from] Stealth Rock
|-damage|p2a: Alvvays|71/100|[from] Spikes
|turn|10
|
|t:|1757862143
|switch|p1a: Hydrapple|Hydrapple, F|100/100
|move|p2a: Alvvays|Thunder Wave|p1a: Hydrapple
|-status|p1a: Hydrapple|par
|
|-heal|p2a: Alvvays|78/100|[from] item: Leftovers
|upkeep
|turn|11
|
|t:|1757862148
|switch|p2a: Smino|Gholdengo|100/100
|-damage|p2a: Smino|94/100|[from] Stealth Rock
|-damage|p2a: Smino|78/100|[from] Spikes
|move|p1a: Hydrapple|Nasty Plot|p1a: Hydrapple
|-boost|p1a: Hydrapple|spa|2
|
|upkeep
|turn|12
|j| Perola Z
|
|t:|1757862154
|switch|p1a: Tornadus|Tornadus-Therian, M|100/100
|move|p2a: Smino|Make It Rain|p1a: Tornadus
|-damage|p1a: Tornadus|36/100
|-unboost|p2a: Smino|spa|1
|
|upkeep
|turn|13
|
|t:|1757862158
|switch|p1a: Gholdengo|Gholdengo|94/100
|-damage|p1a: Gholdengo|88/100|[from] Stealth Rock
|move|p2a: Smino|Make It Rain|p1a: Gholdengo
|-resisted|p1a: Gholdengo
|-damage|p1a: Gholdengo|64/100
|-unboost|p2a: Smino|spa|1
|
|upkeep
|turn|14
|
|t:|1757862163
|move|p1a: Gholdengo|Trick|p2a: Smino
|-immune|p2a: Smino|[from] ability: Good as Gold
|move|p2a: Smino|Make It Rain|p1a: Gholdengo
|-resisted|p1a: Gholdengo
|-damage|p1a: Gholdengo|46/100
|-unboost|p2a: Smino|spa|1
|
|upkeep
|turn|15
|
|t:|1757862167
|move|p1a: Gholdengo|Trick|p2a: Smino
|-immune|p2a: Smino|[from] ability: Good as Gold
|move|p2a: Smino|Make It Rain|p1a: Gholdengo
|-resisted|p1a: Gholdengo
|-damage|p1a: Gholdengo|30/100
|-unboost|p2a: Smino|spa|1
|
|upkeep
|turn|16
|
|t:|1757862170
|switch|p1a: Tornadus|Tornadus-Therian, M|70/100
|move|p2a: Smino|Make It Rain|p1a: Tornadus
|-damage|p1a: Tornadus|46/100
|-unboost|p2a: Smino|spa|1
|
|upkeep
|turn|17
|
|t:|1757862173
|switch|p2a: Alvvays|Umbreon, F|78/100
|-damage|p2a: Alvvays|65/100|[from] Stealth Rock
|-damage|p2a: Alvvays|49/100|[from] Spikes
|move|p1a: Tornadus|Knock Off|p2a: Alvvays
|-resisted|p2a: Alvvays
|-damage|p2a: Alvvays|40/100
|-enditem|p2a: Alvvays|Leftovers|[from] move: Knock Off|[of] p1a: Tornadus
|
|upkeep
|turn|18
|
|t:|1757862176
|move|p1a: Tornadus|U-turn|p2a: Alvvays
|-supereffective|p2a: Alvvays
|-damage|p2a: Alvvays|19/100
|
|t:|1757862181
|switch|p1a: Hydrapple|Hydrapple, F|100/100 par|[from] U-turn
|move|p2a: Alvvays|Wish|p2a: Alvvays
|
|upkeep
|turn|19
|
|t:|1757862183
|move|p2a: Alvvays|Protect|p2a: Alvvays
|-singleturn|p2a: Alvvays|Protect
|move|p1a: Hydrapple|Nasty Plot|p1a: Hydrapple
|-boost|p1a: Hydrapple|spa|2
|
|-heal|p2a: Alvvays|69/100|[from] move: Wish|[wisher] Alvvays
|upkeep
|turn|20
|
|t:|1757862186
|switch|p2a: Smino|Gholdengo|78/100
|-damage|p2a: Smino|72/100|[from] Stealth Rock
|-damage|p2a: Smino|55/100|[from] Spikes
|cant|p1a: Hydrapple|par
|
|upkeep
|turn|21
|
|t:|1757862191
|switch|p1a: Gholdengo|Gholdengo|30/100
|-damage|p1a: Gholdengo|24/100|[from] Stealth Rock
|move|p2a: Smino|Make It Rain|p1a: Gholdengo
|-resisted|p1a: Gholdengo
|-damage|p1a: Gholdengo|0 fnt
|-unboost|p2a: Smino|spa|1
|faint|p1a: Gholdengo
|
|upkeep
|
|t:|1757862195
|switch|p1a: Hydrapple|Hydrapple, F|100/100 par
|turn|22
|
|t:|1757862198
|move|p2a: Smino|Make It Rain|p1a: Hydrapple
|-damage|p1a: Hydrapple|60/100 par
|-unboost|p2a: Smino|spa|1
|move|p1a: Hydrapple|Nasty Plot|p1a: Hydrapple
|-boost|p1a: Hydrapple|spa|2
|
|upkeep
|turn|23
|
|t:|1757862202
|move|p2a: Smino|Make It Rain|p1a: Hydrapple
|-damage|p1a: Hydrapple|30/100 par
|-unboost|p2a: Smino|spa|1
|move|p1a: Hydrapple|Earth Power|p2a: Smino
|-supereffective|p2a: Smino
|-damage|p2a: Smino|0 fnt
|faint|p2a: Smino
|
|upkeep
|
|t:|1757862209
|switch|p2a: Rat Tally|Garchomp, M|100/100
|-damage|p2a: Rat Tally|94/100|[from] Stealth Rock
|-damage|p2a: Rat Tally|78/100|[from] Spikes
|turn|24
|
|t:|1757862212
|move|p2a: Rat Tally|Scale Shot|p1a: Hydrapple
|-supereffective|p1a: Hydrapple
|-damage|p1a: Hydrapple|14/100 par
|-supereffective|p1a: Hydrapple
|-damage|p1a: Hydrapple|0 fnt
|faint|p1a: Hydrapple
|-hitcount|p1: Hydrapple|2
|-unboost|p2a: Rat Tally|def|1
|-boost|p2a: Rat Tally|spe|1
|
|upkeep
|
|t:|1757862214
|switch|p1a: Zamazenta|Zamazenta|100/100
|-status|p1a: Zamazenta|tox
|-damage|p1a: Zamazenta|94/100 tox|[from] Stealth Rock
|-ability|p1a: Zamazenta|Dauntless Shield|boost
|-boost|p1a: Zamazenta|def|1
|turn|25
|
|t:|1757862218
|move|p2a: Rat Tally|Earthquake|p1a: Zamazenta
|-damage|p1a: Zamazenta|70/100 tox
|move|p1a: Zamazenta|Iron Defense|p1a: Zamazenta
|-boost|p1a: Zamazenta|def|2
|
|-heal|p1a: Zamazenta|76/100 tox|[from] item: Leftovers
|-damage|p1a: Zamazenta|70/100 tox|[from] psn
|upkeep
|turn|26
|
|t:|1757862223
|move|p2a: Rat Tally|Scale Shot|p1a: Zamazenta
|-damage|p1a: Zamazenta|65/100 tox
|-crit|p1a: Zamazenta
|-damage|p1a: Zamazenta|52/100 tox
|-damage|p1a: Zamazenta|47/100 tox
|-damage|p1a: Zamazenta|43/100 tox
|-hitcount|p1a: Zamazenta|4
|-unboost|p2a: Rat Tally|def|1
|-boost|p2a: Rat Tally|spe|1
|move|p1a: Zamazenta|Body Press|p2a: Rat Tally
|-damage|p2a: Rat Tally|0 fnt
|-damage|p1a: Zamazenta|31/100 tox|[from] ability: Rough Skin|[of] p2a: Rat Tally
|faint|p2a: Rat Tally
|
|-heal|p1a: Zamazenta|37/100 tox|[from] item: Leftovers
|-damage|p1a: Zamazenta|25/100 tox|[from] psn
|upkeep
|
|t:|1757862226
|switch|p2a: Carly Rae|Iron Moth|100/100
|-damage|p2a: Carly Rae|76/100|[from] Stealth Rock
|-damage|p2a: Carly Rae|59/100|[from] Spikes
|-enditem|p2a: Carly Rae|Booster Energy
|-activate|p2a: Carly Rae|ability: Quark Drive|[fromitem]
|-start|p2a: Carly Rae|quarkdrivespe
|turn|27
|
|t:|1757862233
|-terastallize|p2a: Carly Rae|Fairy
|move|p2a: Carly Rae|Dazzling Gleam|p1a: Zamazenta
|-supereffective|p1a: Zamazenta
|-damage|p1a: Zamazenta|0 fnt
|faint|p1a: Zamazenta
|
|upkeep
|
|t:|1757862236
|switch|p1a: Tornadus|Tornadus-Therian, M|79/100
|turn|28
|
|t:|1757862239
|-terastallize|p1a: Tornadus|Ground
|move|p2a: Carly Rae|Discharge|p1a: Tornadus
|-immune|p1a: Tornadus
|move|p1a: Tornadus|Bleakwind Storm|p2a: Carly Rae
|-damage|p2a: Carly Rae|22/100
|
|upkeep
|turn|29
|
|t:|1757862243
|move|p2a: Carly Rae|Fiery Dance|p1a: Tornadus
|-damage|p1a: Tornadus|39/100
|-boost|p2a: Carly Rae|spa|1
|move|p1a: Tornadus|Tera Blast|p2a: Carly Rae|[anim] Tera Blast Ground
|-damage|p2a: Carly Rae|0 fnt
|faint|p2a: Carly Rae
|-end|p2a: Carly Rae|Quark Drive|[silent]
|
|upkeep
|
|t:|1757862248
|switch|p2a: Alvvays|Umbreon, F|69/100
|-damage|p2a: Alvvays|56/100|[from] Stealth Rock
|-damage|p2a: Alvvays|40/100|[from] Spikes
|turn|30
|
|t:|1757862252
|move|p2a: Alvvays|Protect|p2a: Alvvays
|-singleturn|p2a: Alvvays|Protect
|move|p1a: Tornadus|Bleakwind Storm|p2a: Alvvays
|-activate|p2a: Alvvays|move: Protect
|
|upkeep
|turn|31
|
|t:|1757862255
|move|p1a: Tornadus|Bleakwind Storm|p2a: Alvvays
|-damage|p2a: Alvvays|21/100
|move|p2a: Alvvays|Wish|p2a: Alvvays
|
|upkeep
|turn|32
|
|t:|1757862258
|move|p2a: Alvvays|Protect|p2a: Alvvays
|-singleturn|p2a: Alvvays|Protect
|move|p1a: Tornadus|U-turn|p2a: Alvvays
|-activate|p2a: Alvvays|move: Protect
|
|-heal|p2a: Alvvays|71/100|[from] move: Wish|[wisher] Alvvays
|upkeep
|turn|33
|
|t:|1757862260
|move|p1a: Tornadus|U-turn|p2a: Alvvays
|-supereffective|p2a: Alvvays
|-crit|p2a: Alvvays
|-damage|p2a: Alvvays|37/100
|move|p2a: Alvvays|Wish|p2a: Alvvays
|
|upkeep
|turn|34
|
|t:|1757862262
|move|p2a: Alvvays|Protect|p2a: Alvvays
|-singleturn|p2a: Alvvays|Protect
|move|p1a: Tornadus|U-turn|p2a: Alvvays
|-activate|p2a: Alvvays|move: Protect
|
|-heal|p2a: Alvvays|87/100|[from] move: Wish|[wisher] Alvvays
|upkeep
|turn|35
|
|t:|1757862265
|move|p1a: Tornadus|U-turn|p2a: Alvvays
|-supereffective|p2a: Alvvays
|-damage|p2a: Alvvays|65/100
|move|p2a: Alvvays|Wish|p2a: Alvvays
|
|upkeep
|turn|36
|
|t:|1757862267
|move|p1a: Tornadus|U-turn|p2a: Alvvays
|-supereffective|p2a: Alvvays
|-damage|p2a: Alvvays|42/100
|move|p2a: Alvvays|Foul Play|p1a: Tornadus
|-damage|p1a: Tornadus|6/100
|
|-heal|p2a: Alvvays|92/100|[from] move: Wish|[wisher] Alvvays
|upkeep
|turn|37
|
|t:|1757862270
|move|p1a: Tornadus|U-turn|p2a: Alvvays
|-supereffective|p2a: Alvvays
|-damage|p2a: Alvvays|69/100
|move|p2a: Alvvays|Foul Play|p1a: Tornadus
|-damage|p1a: Tornadus|0 fnt
|faint|p1a: Tornadus
|
|win|Auburn Hills
|raw|healorant's rating: 1769 &rarr; <strong>1756</strong><br />(-13 for losing)
|raw|Auburn Hills's rating: 1889 &rarr; <strong>1902</strong><br />(+13 for winning)
|c|☆Auburn Hills|gg
|c|☆healorant|gg
|l|☆healorant
|player|p1|
|l|☆Auburn Hills
|player|p2|
|l| Disscratch
|l| houndmother
|l| powerpuff moves
|l| Perola Z
