|j|☆SixEyed
|j|☆twotateajay
|t:|1757796587
|gametype|singles
|player|p1|SixEyed|lance|1138
|player|p2|twotateajay|169|1186
|gen|9
|tier|[Gen 9] OU
|rated|
|rule|HP Percentage Mod: HP is shown in percentages
|rule|Endless Battle Clause: Forcing endless battles is banned
|rule|Species Clause: Limit one of each Pokémon
|rule|OHKO Clause: OHKO moves are banned
|rule|Evasion Items Clause: Evasion items are banned
|rule|Evasion Moves Clause: Evasion moves are banned
|rule|Evasion Abilities Clause: Evasion abilities are banned
|rule|Sleep Moves Clause: Sleep-inducing moves are banned
|clearpoke
|poke|p1|Hatterene, F|
|poke|p1|Ursaluna, F|
|poke|p1|Porygon2|
|poke|p1|Cresselia, F|
|poke|p1|Iron Hands|
|poke|p1|Volcanion|
|poke|p2|Skeledirge, F|
|poke|p2|Enamorus, F|
|poke|p2|Gliscor, F|
|poke|p2|Dragapult, F|
|poke|p2|Corviknight, M|
|poke|p2|Ogerpon-Wellspring, F|
|teampreview
|
|t:|1757796601
|teamsize|p1|6
|teamsize|p2|6
|start
|switch|p1a: Ursaluna|Ursaluna, F|100/100
|switch|p2a: Gliscor|Gliscor, F|100/100
|turn|1
|
|t:|1757796609
|move|p1a: Ursaluna|Protect|p1a: Ursaluna
|-singleturn|p1a: Ursaluna|Protect
|move|p2a: Gliscor|Substitute|p2a: Gliscor
|-start|p2a: Gliscor|Substitute
|-damage|p2a: Gliscor|76/100
|
|-status|p2a: Gliscor|tox|[from] item: Toxic Orb
|-status|p1a: Ursaluna|brn|[from] item: Flame Orb
|upkeep
|turn|2
|
|t:|1757796615
|move|p2a: Gliscor|Knock Off|p1a: Ursaluna
|-damage|p1a: Ursaluna|87/100 brn
|-enditem|p1a: Ursaluna|Flame Orb|[from] move: Knock Off|[of] p2a: Gliscor
|move|p1a: Ursaluna|Facade|p2a: Gliscor
|-end|p2a: Gliscor|Substitute
|
|-heal|p2a: Gliscor|88/100 tox|[from] ability: Poison Heal
|-damage|p1a: Ursaluna|81/100 brn|[from] brn
|upkeep
|turn|3
|
|t:|1757796625
|switch|p2a: Dragapult|Dragapult, F|100/100
|move|p1a: Ursaluna|Facade|p2a: Dragapult
|-immune|p2a: Dragapult
|
|-damage|p1a: Ursaluna|75/100 brn|[from] brn
|upkeep
|turn|4
|
|t:|1757796632
|move|p2a: Dragapult|U-turn|p1a: Ursaluna
|-damage|p1a: Ursaluna|50/100 brn
|
|t:|1757796636
|switch|p2a: Corviknight|Corviknight, M|100/100|[from] U-turn
|move|p1a: Ursaluna|Headlong Rush|p2a: Corviknight
|-immune|p2a: Corviknight
|
|-damage|p1a: Ursaluna|44/100 brn|[from] brn
|upkeep
|turn|5
|
|t:|1757796640
|move|p2a: Corviknight|U-turn|p1a: Ursaluna
|-damage|p1a: Ursaluna|34/100 brn
|
|t:|1757796643
|switch|p2a: Gliscor|Gliscor, F|88/100 tox|[from] U-turn
|move|p1a: Ursaluna|Fire Punch|p2a: Gliscor
|-damage|p2a: Gliscor|51/100 tox
|
|-heal|p2a: Gliscor|63/100 tox|[from] ability: Poison Heal
|-damage|p1a: Ursaluna|28/100 brn|[from] brn
|upkeep
|turn|6
|
|t:|1757796650
|move|p2a: Gliscor|Protect|p2a: Gliscor
|-singleturn|p2a: Gliscor|Protect
|move|p1a: Ursaluna|Facade|p2a: Gliscor
|-activate|p2a: Gliscor|move: Protect
|
|-heal|p2a: Gliscor|76/100 tox|[from] ability: Poison Heal
|-damage|p1a: Ursaluna|22/100 brn|[from] brn
|upkeep
|turn|7
|
|t:|1757796662
|switch|p2a: Dragapult|Dragapult, F|100/100
|move|p1a: Ursaluna|Facade|p2a: Dragapult
|-immune|p2a: Dragapult
|
|-damage|p1a: Ursaluna|16/100 brn|[from] brn
|upkeep
|turn|8
|
|t:|1757796667
|move|p2a: Dragapult|U-turn|p1a: Ursaluna
|-damage|p1a: Ursaluna|0 fnt
|faint|p1a: Ursaluna
|
|t:|1757796672
|switch|p2a: Gliscor|Gliscor, F|76/100 tox|[from] U-turn
|
|-heal|p2a: Gliscor|88/100 tox|[from] ability: Poison Heal
|upkeep
|
|t:|1757796678
|switch|p1a: Iron Hands|Iron Hands|100/100
|-enditem|p1a: Iron Hands|Booster Energy
|-activate|p1a: Iron Hands|ability: Quark Drive|[fromitem]
|-start|p1a: Iron Hands|quarkdriveatk
|turn|9
|
|t:|1757796681
|move|p2a: Gliscor|Substitute|p2a: Gliscor
|-start|p2a: Gliscor|Substitute
|-damage|p2a: Gliscor|63/100 tox
|move|p1a: Iron Hands|Swords Dance|p1a: Iron Hands
|-boost|p1a: Iron Hands|atk|2
|
|-heal|p2a: Gliscor|76/100 tox|[from] ability: Poison Heal
|upkeep
|turn|10
|
|t:|1757796685
|move|p2a: Gliscor|Toxic|p1a: Iron Hands
|-status|p1a: Iron Hands|tox
|move|p1a: Iron Hands|Ice Punch|p2a: Gliscor
|-supereffective|p2a: Gliscor
|-end|p2a: Gliscor|Substitute
|
|-heal|p2a: Gliscor|88/100 tox|[from] ability: Poison Heal
|-damage|p1a: Iron Hands|94/100 tox|[from] psn
|upkeep
|turn|11
|
|t:|1757796689
|move|p2a: Gliscor|Protect|p2a: Gliscor
|-singleturn|p2a: Gliscor|Protect
|move|p1a: Iron Hands|Ice Punch|p2a: Gliscor
|-activate|p2a: Gliscor|move: Protect
|
|-heal|p2a: Gliscor|100/100 tox|[from] ability: Poison Heal
|-damage|p1a: Iron Hands|82/100 tox|[from] psn
|upkeep
|turn|12
|
|t:|1757796693
|move|p2a: Gliscor|Substitute|p2a: Gliscor
|-start|p2a: Gliscor|Substitute
|-damage|p2a: Gliscor|76/100 tox
|move|p1a: Iron Hands|Ice Punch|p2a: Gliscor
|-supereffective|p2a: Gliscor
|-end|p2a: Gliscor|Substitute
|
|-heal|p2a: Gliscor|88/100 tox|[from] ability: Poison Heal
|-damage|p1a: Iron Hands|64/100 tox|[from] psn
|upkeep
|turn|13
|
|t:|1757796698
|-end|p1a: Iron Hands|Quark Drive|[silent]
|switch|p1a: Hatterene|Hatterene, F|100/100
|move|p2a: Gliscor|Protect||[still]
|-fail|p2a: Gliscor
|
|-heal|p2a: Gliscor|100/100 tox|[from] ability: Poison Heal
|upkeep
|turn|14
|
|t:|1757796702
|move|p2a: Gliscor|Substitute|p2a: Gliscor
|-start|p2a: Gliscor|Substitute
|-damage|p2a: Gliscor|76/100 tox
|move|p1a: Hatterene|Trick Room|p1a: Hatterene
|-fieldstart|move: Trick Room|[of] p1a: Hatterene
|
|-heal|p2a: Gliscor|88/100 tox|[from] ability: Poison Heal
|upkeep
|turn|15
|
|t:|1757796707
|move|p1a: Hatterene|Psychic Noise|p2a: Gliscor
|-damage|p2a: Gliscor|26/100 tox
|-start|p2a: Gliscor|move: Heal Block
|move|p2a: Gliscor|Knock Off|p1a: Hatterene
|-damage|p1a: Hatterene|77/100
|-enditem|p1a: Hatterene|Focus Sash|[from] move: Knock Off|[of] p2a: Gliscor
|
|upkeep
|turn|16
|
|t:|1757796715
|move|p2a: Gliscor|Protect|p2a: Gliscor
|-singleturn|p2a: Gliscor|Protect
|move|p1a: Hatterene|Psychic Noise|p2a: Gliscor
|-activate|p2a: Gliscor|move: Protect
|
|-end|p2a: Gliscor|move: Heal Block
|upkeep
|turn|17
|
|t:|1757796721
|switch|p2a: Skeledirge|Skeledirge, F|100/100
|move|p1a: Hatterene|Psychic Noise|p2a: Skeledirge
|-damage|p2a: Skeledirge|69/100
|-start|p2a: Skeledirge|move: Heal Block
|
|upkeep
|turn|18
|
|t:|1757796729
|move|p1a: Hatterene|Psychic Noise|p2a: Skeledirge
|-damage|p2a: Skeledirge|40/100
|move|p2a: Skeledirge|Hex|p1a: Hatterene
|-supereffective|p1a: Hatterene
|-damage|p1a: Hatterene|30/100
|
|-end|p2a: Skeledirge|move: Heal Block
|-fieldend|move: Trick Room
|upkeep
|turn|19
|
|t:|1757796734
|move|p2a: Skeledirge|Hex|p1a: Hatterene
|-supereffective|p1a: Hatterene
|-damage|p1a: Hatterene|0 fnt
|faint|p1a: Hatterene
|
|-heal|p2a: Skeledirge|46/100|[from] item: Leftovers
|upkeep
|
|t:|1757796753
|switch|p1a: Volcanion|Volcanion|100/100
|turn|20
|
|t:|1757796762
|move|p2a: Skeledirge|Slack Off|p2a: Skeledirge
|-heal|p2a: Skeledirge|96/100
|move|p1a: Volcanion|Steam Eruption|p2a: Skeledirge
|-supereffective|p2a: Skeledirge
|-damage|p2a: Skeledirge|12/100
|
|-heal|p2a: Skeledirge|18/100|[from] item: Leftovers
|upkeep
|turn|21
|
|t:|1757796768
|move|p2a: Skeledirge|Hex|p1a: Volcanion
|-crit|p1a: Volcanion
|-damage|p1a: Volcanion|77/100
|move|p1a: Volcanion|Steam Eruption|p2a: Skeledirge
|-supereffective|p2a: Skeledirge
|-damage|p2a: Skeledirge|0 fnt
|faint|p2a: Skeledirge
|
|upkeep
|
|t:|1757796774
|switch|p2a: Dragapult|Dragapult, F|100/100
|turn|22
|
|t:|1757796780
|move|p2a: Dragapult|Dragon Darts|p1a: Volcanion
|-damage|p1a: Volcanion|49/100
|-anim|p2a: Dragapult|Dragon Darts|p1a: Volcanion
|-damage|p1a: Volcanion|19/100
|move|p1a: Volcanion|Steam Eruption|p2a: Dragapult
|-resisted|p2a: Dragapult
|-damage|p2a: Dragapult|62/100
|-status|p2a: Dragapult|brn
|
|-damage|p2a: Dragapult|56/100 brn|[from] brn
|upkeep
|turn|23
|
|t:|1757796789
|move|p2a: Dragapult|Dragon Darts|p1a: Volcanion
|-damage|p1a: Volcanion|6/100
|-anim|p2a: Dragapult|Dragon Darts|p1a: Volcanion
|-damage|p1a: Volcanion|0 fnt
|faint|p1a: Volcanion
|
|-damage|p2a: Dragapult|50/100 brn|[from] brn
|upkeep
|
|t:|1757796799
|switch|p1a: Porygon2|Porygon2|100/100
|-ability|p1a: Porygon2|Download|boost
|-boost|p1a: Porygon2|spa|1
|turn|24
|
|t:|1757796805
|move|p2a: Dragapult|Dragon Darts|p1a: Porygon2
|-damage|p1a: Porygon2|88/100
|-anim|p2a: Dragapult|Dragon Darts|p1a: Porygon2
|-damage|p1a: Porygon2|76/100
|move|p1a: Porygon2|Trick Room|p1a: Porygon2
|-fieldstart|move: Trick Room|[of] p1a: Porygon2
|
|-damage|p2a: Dragapult|44/100 brn|[from] brn
|upkeep
|turn|25
|
|t:|1757796811
|move|p1a: Porygon2|Ice Beam|p2a: Dragapult
|-supereffective|p2a: Dragapult
|-damage|p2a: Dragapult|0 fnt
|faint|p2a: Dragapult
|
|upkeep
|
|t:|1757796818
|switch|p2a: Ogerpon|Ogerpon-Wellspring, F|100/100
|turn|26
|
|t:|1757796827
|-terastallize|p1a: Porygon2|Normal
|move|p1a: Porygon2|Tera Blast|p2a: Ogerpon|[anim] Tera Blast Normal
|-damage|p2a: Ogerpon|31/100
|move|p2a: Ogerpon|Ivy Cudgel|p1a: Porygon2|[anim] Ivy Cudgel Water
|-damage|p1a: Porygon2|37/100
|
|upkeep
|turn|27
|
|t:|1757796839
|switch|p2a: Corviknight|Corviknight, M|100/100
|move|p1a: Porygon2|Tera Blast|p2a: Corviknight|[anim] Tera Blast Normal
|-resisted|p2a: Corviknight
|-damage|p2a: Corviknight|73/100
|
|upkeep
|turn|28
|
|t:|1757796849
|move|p1a: Porygon2|Recover|p1a: Porygon2
|-heal|p1a: Porygon2|87/100
|move|p2a: Corviknight|Roost|p2a: Corviknight
|-heal|p2a: Corviknight|100/100
|-singleturn|p2a: Corviknight|move: Roost
|
|-fieldend|move: Trick Room
|upkeep
|turn|29
|
|t:|1757796852
|move|p2a: Corviknight|Brave Bird|p1a: Porygon2
|-damage|p1a: Porygon2|63/100
|-damage|p2a: Corviknight|93/100|[from] Recoil
|move|p1a: Porygon2|Ice Beam|p2a: Corviknight
|-damage|p2a: Corviknight|59/100
|
|upkeep
|turn|30
|
|t:|1757796859
|move|p2a: Corviknight|Brave Bird|p1a: Porygon2
|-damage|p1a: Porygon2|38/100
|-damage|p2a: Corviknight|51/100|[from] Recoil
|move|p1a: Porygon2|Recover|p1a: Porygon2
|-heal|p1a: Porygon2|88/100
|
|upkeep
|turn|31
|
|t:|1757796865
|move|p2a: Corviknight|Roost|p2a: Corviknight
|-heal|p2a: Corviknight|100/100
|-singleturn|p2a: Corviknight|move: Roost
|move|p1a: Porygon2|Trick Room|p1a: Porygon2
|-fieldstart|move: Trick Room|[of] p1a: Porygon2
|
|upkeep
|turn|32
|
|t:|1757796870
|move|p1a: Porygon2|Ice Beam|p2a: Corviknight
|-damage|p2a: Corviknight|69/100
|move|p2a: Corviknight|Brave Bird|p1a: Porygon2
|-damage|p1a: Porygon2|62/100
|-damage|p2a: Corviknight|61/100|[from] Recoil
|
|upkeep
|turn|33
|
|t:|1757796874
|move|p1a: Porygon2|Ice Beam|p2a: Corviknight
|-damage|p2a: Corviknight|28/100
|move|p2a: Corviknight|Brave Bird|p1a: Porygon2
|-damage|p1a: Porygon2|36/100
|-damage|p2a: Corviknight|20/100|[from] Recoil
|
|upkeep
|turn|34
|
|t:|1757796880
|move|p1a: Porygon2|Ice Beam|p2a: Corviknight
|-damage|p2a: Corviknight|0 fnt
|faint|p2a: Corviknight
|
|upkeep
|
|t:|1757796888
|switch|p2a: Enamorus|Enamorus, F|100/100
|turn|35
|
|t:|1757796891
|move|p1a: Porygon2|Ice Beam|p2a: Enamorus
|-supereffective|p2a: Enamorus
|-damage|p2a: Enamorus|12/100
|move|p2a: Enamorus|Superpower|p1a: Porygon2
|-supereffective|p1a: Porygon2
|-damage|p1a: Porygon2|0 fnt
|-boost|p2a: Enamorus|atk|1
|-boost|p2a: Enamorus|def|1
|faint|p1a: Porygon2
|
|-fieldend|move: Trick Room
|upkeep
|
|t:|1757796910
|switch|p1a: Cresselia|Cresselia, F|100/100
|turn|36
|
|t:|1757796915
|move|p2a: Enamorus|Superpower|p1a: Cresselia
|-resisted|p1a: Cresselia
|-damage|p1a: Cresselia|86/100
|-boost|p2a: Enamorus|atk|1
|-boost|p2a: Enamorus|def|1
|move|p1a: Cresselia|Trick Room|p1a: Cresselia
|-fieldstart|move: Trick Room|[of] p1a: Cresselia
|
|upkeep
|turn|37
|
|t:|1757796921
|move|p1a: Cresselia|Ice Beam|p2a: Enamorus
|-supereffective|p2a: Enamorus
|-damage|p2a: Enamorus|0 fnt
|faint|p2a: Enamorus
|
|upkeep
|
|t:|1757796925
|switch|p2a: Ogerpon|Ogerpon-Wellspring, F|31/100
|turn|38
|
|t:|1757796938
|-terastallize|p2a: Ogerpon|Water
|detailschange|p2a: Ogerpon|Ogerpon-Wellspring-Tera, F, tera:Water
|-ability|p2a: Ogerpon|Embody Aspect (Wellspring)|boost
|-boost|p2a: Ogerpon|spd|1
|move|p1a: Cresselia|Lunar Dance|p1a: Cresselia
|faint|p1a: Cresselia
|move|p2a: Ogerpon|Knock Off|p1: Cresselia|[notarget]
|-fail|p2a: Ogerpon
|
|upkeep
|
|t:|1757796945
|switch|p1a: Iron Hands|Iron Hands|64/100 tox
|-heal|p1a: Iron Hands|100/100|[from] move: Lunar Dance
|turn|39
|
|t:|1757796953
|move|p1a: Iron Hands|Wild Charge|p2a: Ogerpon
|-supereffective|p2a: Ogerpon
|-crit|p2a: Ogerpon
|-damage|p2a: Ogerpon|0 fnt
|faint|p2a: Ogerpon
|detailschange|p2: Ogerpon|Ogerpon-Wellspring, F|[silent]
|-damage|p1a: Iron Hands|96/100|[from] Recoil
|
|upkeep
|
|t:|1757796956
|switch|p2a: Gliscor|Gliscor, F|26/100 tox
|turn|40
|c|☆SixEyed|gg
|
|t:|1757796962
|move|p2a: Gliscor|Protect|p2a: Gliscor
|-singleturn|p2a: Gliscor|Protect
|move|p1a: Iron Hands|Ice Punch|p2a: Gliscor
|-activate|p2a: Gliscor|move: Protect
|
|-heal|p2a: Gliscor|38/100 tox|[from] ability: Poison Heal
|-fieldend|move: Trick Room
|upkeep
|turn|41
|
|t:|1757796967
|move|p2a: Gliscor|Toxic|p1a: Iron Hands
|-status|p1a: Iron Hands|tox
|move|p1a: Iron Hands|Ice Punch|p2a: Gliscor
|-supereffective|p2a: Gliscor
|-damage|p2a: Gliscor|0 fnt
|faint|p2a: Gliscor
|
|win|SixEyed
|raw|SixEyed's rating: 1138 &rarr; <strong>1166</strong><br />(+28 for winning)
|raw|twotateajay's rating: 1186 &rarr; <strong>1158</strong><br />(-28 for losing)
|l|☆twotateajay
|player|p2|
