|j|☆ach27
|j|☆Psycho16
|t:|1757947790
|gametype|singles
|player|p1|ach27|170|1326
|player|p2|Psycho16|petrel|1312
|gen|9
|tier|[Gen 9] OU
|rated|
|rule|HP Percentage Mod: HP is shown in percentages
|rule|Endless Battle Clause: Forcing endless battles is banned
|rule|Species Clause: Limit one of each Pokémon
|rule|OHKO Clause: OHKO moves are banned
|rule|Evasion Items Clause: Evasion items are banned
|rule|Evasion Moves Clause: Evasion moves are banned
|rule|Evasion Abilities Clause: Evasion abilities are banned
|rule|Sleep Moves Clause: Sleep-inducing moves are banned
|clearpoke
|poke|p1|Cinderace, M|
|poke|p1|Moltres|
|poke|p1|Skeledirge, F|
|poke|p1|Volcanion|
|poke|p1|Incineroar, M|
|poke|p1|Rotom-Heat|
|poke|p2|Toxapex, F|
|poke|p2|Incineroar, M|
|poke|p2|Dragonite, M|
|poke|p2|Kilowattrel, M|
|poke|p2|Ditto|
|poke|p2|Cinderace, F|
|teampreview
|inactive|Battle timer is ON: inactive players will automatically lose when time's up. (requested by Psycho16)
|
|t:|1757947795
|teamsize|p1|6
|teamsize|p2|6
|start
|switch|p1a: Rotom|Rotom-Heat|100/100
|switch|p2a: Kilowattrel|Kilowattrel, M|100/100
|turn|1
|
|t:|1757947801
|move|p2a: Kilowattrel|Volt Switch|p1a: Rotom
|-resisted|p1a: Rotom
|-damage|p1a: Rotom|76/100
|
|t:|1757947806
|switch|p2a: Toxapex|Toxapex, F|100/100|[from] Volt Switch
|move|p1a: Rotom|Will-O-Wisp|p2a: Toxapex
|-status|p2a: Toxapex|brn
|
|-heal|p1a: Rotom|82/100|[from] item: Leftovers
|-damage|p2a: Toxapex|94/100 brn|[from] brn
|upkeep
|turn|2
|
|t:|1757947815
|move|p1a: Rotom|Volt Switch|p2a: Toxapex
|-supereffective|p2a: Toxapex
|-damage|p2a: Toxapex|55/100 brn
|
|t:|1757947820
|switch|p1a: Skeledirge|Skeledirge, F|100/100|[from] Volt Switch
|move|p2a: Toxapex|Toxic|p1a: Skeledirge
|-status|p1a: Skeledirge|tox
|
|-heal|p2a: Toxapex|61/100 brn|[from] item: Black Sludge
|-damage|p1a: Skeledirge|94/100 tox|[from] psn
|-damage|p2a: Toxapex|55/100 brn|[from] brn
|upkeep
|turn|3
|
|t:|1757947825
|move|p1a: Skeledirge|Torch Song|p2a: Toxapex
|-resisted|p2a: Toxapex
|-damage|p2a: Toxapex|44/100 brn
|-boost|p1a: Skeledirge|spa|1
|move|p2a: Toxapex|Recover|p2a: Toxapex
|-heal|p2a: Toxapex|94/100 brn
|
|-heal|p1a: Skeledirge|100/100 tox|[from] item: Leftovers
|-heal|p2a: Toxapex|99/100 brn|[from] item: Black Sludge
|-damage|p1a: Skeledirge|88/100 tox|[from] psn
|-damage|p2a: Toxapex|94/100 brn|[from] brn
|upkeep
|turn|4
|
|t:|1757947832
|move|p1a: Skeledirge|Hex|p2a: Toxapex
|-damage|p2a: Toxapex|41/100 brn
|move|p2a: Toxapex|Surf|p1a: Skeledirge
|-supereffective|p1a: Skeledirge
|-damage|p1a: Skeledirge|50/100 tox
|
|-heal|p1a: Skeledirge|56/100 tox|[from] item: Leftovers
|-heal|p2a: Toxapex|47/100 brn|[from] item: Black Sludge
|-damage|p1a: Skeledirge|38/100 tox|[from] psn
|-damage|p2a: Toxapex|41/100 brn|[from] brn
|upkeep
|turn|5
|
|t:|1757947849
|switch|p2a: Incineroar|Incineroar, M, shiny|100/100
|-ability|p2a: Incineroar|Intimidate|boost
|-unboost|p1a: Skeledirge|atk|1
|move|p1a: Skeledirge|Will-O-Wisp|p2a: Incineroar|[miss]
|-miss|p1a: Skeledirge|p2a: Incineroar
|
|-heal|p1a: Skeledirge|44/100 tox|[from] item: Leftovers
|-damage|p1a: Skeledirge|20/100 tox|[from] psn
|upkeep
|turn|6
|
|t:|1757947865
|switch|p1a: Moltres|Moltres|100/100
|switch|p2a: Toxapex|Toxapex, F|74/100 brn
|
|-heal|p2a: Toxapex|80/100 brn|[from] item: Black Sludge
|-damage|p2a: Toxapex|74/100 brn|[from] brn
|upkeep
|turn|7
|
|t:|1757947869
|switch|p1a: Skeledirge|Skeledirge, F|20/100 tox
|move|p2a: Toxapex|Toxic|p1a: Skeledirge
|-fail|p1a: Skeledirge|tox
|
|-heal|p1a: Skeledirge|26/100 tox|[from] item: Leftovers
|-heal|p2a: Toxapex|80/100 brn|[from] item: Black Sludge
|-damage|p1a: Skeledirge|20/100 tox|[from] psn
|-damage|p2a: Toxapex|74/100 brn|[from] brn
|upkeep
|turn|8
|
|t:|1757947871
|move|p1a: Skeledirge|Slack Off|p1a: Skeledirge
|-heal|p1a: Skeledirge|70/100 tox
|move|p2a: Toxapex|Surf|p1a: Skeledirge
|-supereffective|p1a: Skeledirge
|-damage|p1a: Skeledirge|30/100 tox
|
|-heal|p1a: Skeledirge|36/100 tox|[from] item: Leftovers
|-heal|p2a: Toxapex|80/100 brn|[from] item: Black Sludge
|-damage|p1a: Skeledirge|24/100 tox|[from] psn
|-damage|p2a: Toxapex|74/100 brn|[from] brn
|upkeep
|turn|9
|
|t:|1757947874
|move|p1a: Skeledirge|Hex|p2a: Toxapex
|-damage|p2a: Toxapex|36/100 brn
|move|p2a: Toxapex|Surf|p1a: Skeledirge
|-supereffective|p1a: Skeledirge
|-damage|p1a: Skeledirge|0 fnt
|faint|p1a: Skeledirge
|
|-heal|p2a: Toxapex|43/100 brn|[from] item: Black Sludge
|-damage|p2a: Toxapex|36/100 brn|[from] brn
|upkeep
|
|t:|1757947881
|switch|p1a: Volcanion|Volcanion|100/100
|turn|10
|
|t:|1757947887
|switch|p2a: Kilowattrel|Kilowattrel, M|100/100
|move|p1a: Volcanion|Steam Eruption|p2a: Kilowattrel
|-damage|p2a: Kilowattrel|19/100
|-status|p2a: Kilowattrel|brn
|
|-damage|p2a: Kilowattrel|13/100 brn|[from] brn
|upkeep
|turn|11
|
|t:|1757947892
|switch|p1a: Rotom|Rotom-Heat|82/100
|move|p2a: Kilowattrel|Volt Switch|p1a: Rotom
|-resisted|p1a: Rotom
|-damage|p1a: Rotom|56/100
|
|t:|1757947901
|switch|p2a: Incineroar|Incineroar, M, shiny|100/100|[from] Volt Switch
|-ability|p2a: Incineroar|Intimidate|boost
|-unboost|p1a: Rotom|atk|1
|
|-heal|p1a: Rotom|62/100|[from] item: Leftovers
|upkeep
|turn|12
|
|t:|1757947903
|move|p1a: Rotom|Discharge|p2a: Incineroar
|-damage|p2a: Incineroar|74/100
|move|p2a: Incineroar|Knock Off|p1a: Rotom
|-damage|p1a: Rotom|24/100
|-enditem|p1a: Rotom|Leftovers|[from] move: Knock Off|[of] p2a: Incineroar
|
|upkeep
|turn|13
|
|t:|1757947911
|switch|p2a: Kilowattrel|Kilowattrel, M|13/100 brn
|move|p1a: Rotom|Pain Split|p2a: Kilowattrel
|-sethp|p2a: Kilowattrel|19/100 brn|[from] move: Pain Split|[silent]
|-sethp|p1a: Rotom|18/100|[from] move: Pain Split
|
|-damage|p2a: Kilowattrel|13/100 brn|[from] brn
|upkeep
|turn|14
|
|t:|1757947917
|switch|p1a: Incineroar|Incineroar, M|100/100
|-ability|p1a: Incineroar|Intimidate|boost
|-unboost|p2a: Kilowattrel|atk|1
|move|p2a: Kilowattrel|Volt Switch|p1a: Incineroar
|-damage|p1a: Incineroar|70/100
|
|t:|1757947926
|switch|p2a: Incineroar|Incineroar, M, shiny|74/100|[from] Volt Switch
|-ability|p2a: Incineroar|Intimidate|boost
|-unboost|p1a: Incineroar|atk|1
|
|-heal|p1a: Incineroar|76/100|[from] item: Leftovers
|upkeep
|turn|15
|
|t:|1757947929
|move|p1a: Incineroar|Knock Off|p2a: Incineroar
|-resisted|p2a: Incineroar
|-damage|p2a: Incineroar|64/100
|-enditem|p2a: Incineroar|Sitrus Berry|[from] move: Knock Off|[of] p1a: Incineroar
|move|p2a: Incineroar|Earthquake|p1a: Incineroar
|-supereffective|p1a: Incineroar
|-crit|p1a: Incineroar
|-damage|p1a: Incineroar|0 fnt
|faint|p1a: Incineroar
|
|upkeep
|
|t:|1757947936
|switch|p1a: Rotom|Rotom-Heat|18/100
|turn|16
|
|t:|1757947942
|move|p1a: Rotom|Pain Split|p2a: Incineroar
|-sethp|p2a: Incineroar|39/100|[from] move: Pain Split|[silent]
|-sethp|p1a: Rotom|49/100|[from] move: Pain Split
|move|p2a: Incineroar|Knock Off|p1a: Rotom
|-damage|p1a: Rotom|24/100
|
|upkeep
|turn|17
|
|t:|1757947949
|switch|p2a: Kilowattrel|Kilowattrel, M|13/100 brn
|move|p1a: Rotom|Volt Switch|p2a: Kilowattrel
|-heal|p2a: Kilowattrel|38/100 brn|[from] ability: Volt Absorb|[of] p1a: Rotom
|
|-damage|p2a: Kilowattrel|32/100 brn|[from] brn
|upkeep
|turn|18
|
|t:|1757947957
|move|p2a: Kilowattrel|Volt Switch|p1a: Rotom
|-resisted|p1a: Rotom
|-damage|p1a: Rotom|0 fnt
|faint|p1a: Rotom
|
|t:|1757947965
|switch|p2a: Dragonite|Dragonite, M|100/100|[from] Volt Switch
|
|upkeep
|
|t:|1757947968
|switch|p1a: Cinderace|Cinderace, M|100/100
|turn|19
|
|t:|1757947977
|switch|p2a: Incineroar|Incineroar, M, shiny|39/100
|-ability|p2a: Incineroar|Intimidate|boost
|-unboost|p1a: Cinderace|atk|1
|move|p1a: Cinderace|Will-O-Wisp|p2a: Incineroar
|-immune|p2a: Incineroar
|
|upkeep
|turn|20
|
|t:|1757947984
|move|p1a: Cinderace|U-turn|p2a: Incineroar
|-start|p1a: Cinderace|typechange|Bug|[from] ability: Libero
|-damage|p2a: Incineroar|23/100
|l|☆ach27
|inactive|ach27 disconnected and has a minute to reconnect!
|player|p1|
|inactive|ach27 has 30 seconds to reconnect!
|inactive|ach27 has 20 seconds to reconnect!
|j|☆ach27
|inactive|ach27 reconnected and has 110 seconds left.
|player|p1|ach27|170|
|
|t:|1757948030
|switch|p1a: Moltres|Moltres|100/100|[from] U-turn
|move|p2a: Incineroar|Knock Off|p1a: Moltres
|-damage|p1a: Moltres|67/100
|-enditem|p1a: Moltres|Heavy-Duty Boots|[from] move: Knock Off|[of] p2a: Incineroar
|
|upkeep
|turn|21
|
|t:|1757948036
|move|p1a: Moltres|Scorching Sands|p2a: Incineroar
|-supereffective|p2a: Incineroar
|-damage|p2a: Incineroar|0 fnt
|faint|p2a: Incineroar
|
|upkeep
|
|t:|1757948039
|switch|p2a: Kilowattrel|Kilowattrel, M|32/100 brn
|turn|22
|
|t:|1757948047
|move|p2a: Kilowattrel|Volt Switch|p1a: Moltres
|-supereffective|p1a: Moltres
|-damage|p1a: Moltres|0 fnt
|faint|p1a: Moltres
|
|t:|1757948054
|switch|p2a: Toxapex|Toxapex, F|70/100 brn|[from] Volt Switch
|
|-heal|p2a: Toxapex|76/100 brn|[from] item: Black Sludge
|-damage|p2a: Toxapex|70/100 brn|[from] brn
|upkeep
|
|t:|1757948057
|switch|p1a: Volcanion|Volcanion|100/100
|turn|23
|
|t:|1757948062
|move|p1a: Volcanion|Flamethrower|p2a: Toxapex
|-resisted|p2a: Toxapex
|-damage|p2a: Toxapex|53/100 brn
|move|p2a: Toxapex|Toxic|p1a: Volcanion
|-status|p1a: Volcanion|tox
|
|-heal|p2a: Toxapex|60/100 brn|[from] item: Black Sludge
|-damage|p1a: Volcanion|94/100 tox|[from] psn
|-damage|p2a: Toxapex|53/100 brn|[from] brn
|upkeep
|turn|24
|-message|ach27 forfeited.
|
|win|Psycho16
|raw|ach27's rating: 1326 &rarr; <strong>1305</strong><br />(-21 for losing)
|raw|Psycho16's rating: 1312 &rarr; <strong>1333</strong><br />(+21 for winning)
|l|☆ach27
|player|p1|
|l|☆Psycho16
|player|p2|
