|j|☆ilikehorse222
|j|☆luketheidiot
|t:|1757897910
|gametype|singles
|player|p1|ilikehorse222|pokefan-gen4|1181
|player|p2|luketheidiot|iris-gen5bw2|1157
|gen|9
|tier|[Gen 9] OU
|rated|
|rule|HP Percentage Mod: HP is shown in percentages
|rule|Endless Battle Clause: Forcing endless battles is banned
|rule|Species Clause: Limit one of each Pokémon
|rule|OHKO Clause: OHKO moves are banned
|rule|Evasion Items Clause: Evasion items are banned
|rule|Evasion Moves Clause: Evasion moves are banned
|rule|Evasion Abilities Clause: Evasion abilities are banned
|rule|Sleep Moves Clause: Sleep-inducing moves are banned
|clearpoke
|poke|p1|Dondozo, F|
|poke|p1|Blissey, F|
|poke|p1|Corviknight, M|
|poke|p1|Weezing-Galar, F|
|poke|p1|Gliscor, M|
|poke|p1|Toxapex, M|
|poke|p2|Rampardos, M|
|poke|p2|Hoopa-Unbound|
|poke|p2|Regirock|
|poke|p2|Regice|
|poke|p2|Blissey, F|
|poke|p2|Deoxys-Speed|
|teampreview
|inactive|Battle timer is ON: inactive players will automatically lose when time's up. (requested by luketheidiot)
|
|t:|1757897936
|teamsize|p1|6
|teamsize|p2|6
|start
|switch|p1a: Gliscor|Gliscor, M|100/100
|switch|p2a: Deoxys|Deoxys-Speed|100/100
|-ability|p2a: Deoxys|Pressure
|turn|1
|
|t:|1757897944
|move|p1a: Gliscor|Protect|p1a: Gliscor
|-singleturn|p1a: Gliscor|Protect
|move|p2a: Deoxys|Nasty Plot|p2a: Deoxys
|-boost|p2a: Deoxys|spa|2
|
|-status|p1a: Gliscor|tox|[from] item: Toxic Orb
|upkeep
|turn|2
|
|t:|1757897954
|move|p2a: Deoxys|Psycho Boost|p1a: Gliscor
|-crit|p1a: Gliscor
|-damage|p1a: Gliscor|0 fnt
|-unboost|p2a: Deoxys|spa|2
|faint|p1a: Gliscor
|
|upkeep
|
|t:|1757897958
|switch|p1a: Blissey|Blissey, F|100/100
|turn|3
|
|t:|1757897974
|switch|p2a: Rampardos|Rampardos, M, shiny|100/100
|move|p1a: Blissey|Seismic Toss|p2a: Rampardos
|-damage|p2a: Rampardos|71/100
|
|upkeep
|turn|4
|
|t:|1757897984
|switch|p1a: Corviknight|Corviknight, M|100/100
|-ability|p1a: Corviknight|Pressure
|move|p2a: Rampardos|Thunder Punch|p1a: Corviknight
|-supereffective|p1a: Corviknight
|-damage|p1a: Corviknight|55/100
|
|-heal|p1a: Corviknight|62/100|[from] item: Leftovers
|upkeep
|turn|5
|
|t:|1757897995
|switch|p2a: Regirock|Regirock|100/100
|move|p1a: Corviknight|Body Press|p2a: Regirock
|-supereffective|p2a: Regirock
|-damage|p2a: Regirock|78/100
|
|-heal|p1a: Corviknight|68/100|[from] item: Leftovers
|upkeep
|turn|6
|inactive|luketheidiot has 120 seconds left.
|
|t:|1757898033
|switch|p1a: Toxapex|Toxapex, M|100/100
|move|p2a: Regirock|Iron Defense|p2a: Regirock
|-boost|p2a: Regirock|def|2
|
|upkeep
|turn|7
|inactive|luketheidiot has 120 seconds left.
|
|t:|1757898039
|move|p2a: Regirock|Iron Defense|p2a: Regirock
|-boost|p2a: Regirock|def|2
|move|p1a: Toxapex|Toxic|p2a: Regirock
|-status|p2a: Regirock|tox
|
|-damage|p2a: Regirock|71/100 tox|[from] psn
|upkeep
|turn|8
|
|t:|1757898048
|move|p2a: Regirock|Iron Defense|p2a: Regirock
|-boost|p2a: Regirock|def|2
|move|p1a: Toxapex|Haze|p1a: Toxapex
|-clearallboost
|
|-damage|p2a: Regirock|59/100 tox|[from] psn
|upkeep
|turn|9
|
|t:|1757898063
|switch|p2a: Blissey|Blissey, F|100/100
|move|p1a: Toxapex|Toxic Spikes|p2a: Blissey
|-sidestart|p2: luketheidiot|move: Toxic Spikes
|
|upkeep
|turn|10
|
|t:|1757898075
|move|p2a: Blissey|Stealth Rock|p1a: Toxapex
|-sidestart|p1: ilikehorse222|move: Stealth Rock
|move|p1a: Toxapex|Toxic|p2a: Blissey
|-status|p2a: Blissey|tox
|
|-damage|p2a: Blissey|94/100 tox|[from] psn
|upkeep
|turn|11
|
|t:|1757898083
|move|p2a: Blissey|Heal Bell|p2a: Blissey
|-activate|p2a: Blissey|move: Heal Bell
|-curestatus|p2a: Blissey|tox|[msg]
|-curestatus|p2: Regirock|tox|[msg]
|move|p1a: Toxapex|Toxic Spikes|p2a: Blissey
|-sidestart|p2: luketheidiot|move: Toxic Spikes
|
|-heal|p2a: Blissey|100/100|[from] item: Leftovers
|upkeep
|turn|12
|
|t:|1757898097
|switch|p2a: Deoxys|Deoxys-Speed|100/100
|-status|p2a: Deoxys|tox
|-ability|p2a: Deoxys|Pressure
|move|p1a: Toxapex|Toxic|p2a: Deoxys
|-fail|p2a: Deoxys|tox
|
|-damage|p2a: Deoxys|94/100 tox|[from] psn
|upkeep
|turn|13
|
|t:|1757898117
|-terastallize|p1a: Toxapex|Steel
|move|p2a: Deoxys|Nasty Plot|p2a: Deoxys
|-boost|p2a: Deoxys|spa|2
|move|p1a: Toxapex|Haze|p1a: Toxapex
|-clearallboost
|
|-damage|p2a: Deoxys|82/100 tox|[from] psn
|upkeep
|turn|14
|
|t:|1757898127
|move|p2a: Deoxys|Psycho Boost|p1a: Toxapex
|-resisted|p1a: Toxapex
|-damage|p1a: Toxapex|82/100
|-unboost|p2a: Deoxys|spa|2
|move|p1a: Toxapex|Haze|p1a: Toxapex
|-clearallboost
|
|-damage|p2a: Deoxys|63/100 tox|[from] psn
|upkeep
|turn|15
|
|t:|1757898133
|move|p2a: Deoxys|Nasty Plot|p2a: Deoxys
|-boost|p2a: Deoxys|spa|2
|move|p1a: Toxapex|Recover|p1a: Toxapex
|-heal|p1a: Toxapex|100/100
|
|-damage|p2a: Deoxys|39/100 tox|[from] psn
|upkeep
|turn|16
|
|t:|1757898139
|move|p2a: Deoxys|Psycho Boost|p1a: Toxapex
|-resisted|p1a: Toxapex
|-damage|p1a: Toxapex|62/100
|-unboost|p2a: Deoxys|spa|2
|move|p1a: Toxapex|Haze|p1a: Toxapex
|-clearallboost
|
|-damage|p2a: Deoxys|8/100 tox|[from] psn
|upkeep
|turn|17
|
|t:|1757898148
|move|p2a: Deoxys|Psycho Boost|p1a: Toxapex
|-resisted|p1a: Toxapex
|-damage|p1a: Toxapex|43/100
|-unboost|p2a: Deoxys|spa|2
|move|p1a: Toxapex|Recover|p1a: Toxapex
|-heal|p1a: Toxapex|93/100
|
|-damage|p2a: Deoxys|0 fnt|[from] psn
|faint|p2a: Deoxys
|upkeep
|
|t:|1757898157
|switch|p2a: Rampardos|Rampardos, M, shiny|71/100
|-status|p2a: Rampardos|tox
|turn|18
|
|t:|1757898163
|switch|p1a: Corviknight|Corviknight, M|68/100
|-damage|p1a: Corviknight|55/100|[from] Stealth Rock
|-ability|p1a: Corviknight|Pressure
|move|p2a: Rampardos|Earthquake|p1a: Corviknight
|-immune|p1a: Corviknight
|
|-heal|p1a: Corviknight|62/100|[from] item: Leftovers
|-damage|p2a: Rampardos|64/100 tox|[from] psn
|upkeep
|turn|19
|
|t:|1757898173
|switch|p2a: Blissey|Blissey, F|100/100
|-status|p2a: Blissey|tox
|move|p1a: Corviknight|Roost|p1a: Corviknight
|-heal|p1a: Corviknight|100/100
|-singleturn|p1a: Corviknight|move: Roost
|
|-damage|p2a: Blissey|94/100 tox|[from] psn
|upkeep
|turn|20
|
|t:|1757898181
|move|p1a: Corviknight|Body Press|p2a: Blissey
|-supereffective|p2a: Blissey
|-damage|p2a: Blissey|0 fnt
|faint|p2a: Blissey
|
|upkeep
|
|t:|1757898188
|switch|p2a: Regice|Regice|100/100
|-status|p2a: Regice|tox
|turn|21
|
|t:|1757898192
|move|p1a: Corviknight|Body Press|p2a: Regice
|-supereffective|p2a: Regice
|-damage|p2a: Regice|55/100 tox
|move|p2a: Regice|Thunder Wave|p1a: Corviknight
|-status|p1a: Corviknight|par
|
|-heal|p2a: Regice|61/100 tox|[from] item: Leftovers
|-damage|p2a: Regice|55/100 tox|[from] psn
|upkeep
|turn|22
|
|t:|1757898201
|move|p2a: Regice|Thunderbolt|p1a: Corviknight
|-supereffective|p1a: Corviknight
|-damage|p1a: Corviknight|43/100 par
|cant|p1a: Corviknight|par
|
|-heal|p2a: Regice|61/100 tox|[from] item: Leftovers
|-heal|p1a: Corviknight|50/100 par|[from] item: Leftovers
|-damage|p2a: Regice|49/100 tox|[from] psn
|upkeep
|turn|23
|
|t:|1757898209
|move|p2a: Regice|Thunderbolt|p1a: Corviknight
|-supereffective|p1a: Corviknight
|-damage|p1a: Corviknight|0 fnt
|faint|p1a: Corviknight
|
|-heal|p2a: Regice|55/100 tox|[from] item: Leftovers
|-damage|p2a: Regice|37/100 tox|[from] psn
|upkeep
|
|t:|1757898216
|switch|p1a: Blissey|Blissey, F|100/100
|-damage|p1a: Blissey|88/100|[from] Stealth Rock
|turn|24
|
|t:|1757898224
|switch|p2a: Rampardos|Rampardos, M, shiny|64/100 tox
|move|p1a: Blissey|Seismic Toss|p2a: Rampardos
|-damage|p2a: Rampardos|35/100 tox
|
|-heal|p1a: Blissey|94/100|[from] item: Leftovers
|-damage|p2a: Rampardos|28/100 tox|[from] psn
|upkeep
|turn|25
|
|t:|1757898234
|switch|p1a: Dondozo|Dondozo, F|100/100
|-damage|p1a: Dondozo|88/100|[from] Stealth Rock
|move|p2a: Rampardos|Rock Slide|p1a: Dondozo
|-damage|p1a: Dondozo|60/100
|
|-heal|p1a: Dondozo|66/100|[from] item: Leftovers
|-damage|p2a: Rampardos|16/100 tox|[from] psn
|upkeep
|turn|26
|
|t:|1757898244
|move|p2a: Rampardos|Rock Slide|p1a: Dondozo
|-damage|p1a: Dondozo|40/100
|move|p1a: Dondozo|Body Press|p2a: Rampardos
|-supereffective|p2a: Rampardos
|-damage|p2a: Rampardos|0 fnt
|faint|p2a: Rampardos
|
|-heal|p1a: Dondozo|46/100|[from] item: Leftovers
|upkeep
|
|t:|1757898248
|switch|p2a: Regirock|Regirock|59/100
|-status|p2a: Regirock|tox
|turn|27
|
|t:|1757898258
|move|p2a: Regirock|Iron Defense|p2a: Regirock
|-boost|p2a: Regirock|def|2
|move|p1a: Dondozo|Rest|p1a: Dondozo
|-status|p1a: Dondozo|slp|[from] move: Rest
|-heal|p1a: Dondozo|100/100 slp|[silent]
|
|-damage|p2a: Regirock|53/100 tox|[from] psn
|upkeep
|turn|28
|
|t:|1757898263
|switch|p1a: Toxapex|Toxapex, M, tera:Steel|100/100
|move|p2a: Regirock|Iron Defense|p2a: Regirock
|-boost|p2a: Regirock|def|2
|
|-damage|p2a: Regirock|40/100 tox|[from] psn
|upkeep
|turn|29
|
|t:|1757898267
|move|p2a: Regirock|Body Press|p1a: Toxapex
|-supereffective|p1a: Toxapex
|-damage|p1a: Toxapex|0 fnt
|faint|p1a: Toxapex
|
|-damage|p2a: Regirock|22/100 tox|[from] psn
|upkeep
|
|t:|1757898286
|switch|p1a: Dondozo|Dondozo, F|100/100 slp
|-damage|p1a: Dondozo|88/100 slp|[from] Stealth Rock
|turn|30
|
|t:|1757898290
|move|p2a: Regirock|Rest|p2a: Regirock
|-status|p2a: Regirock|slp|[from] move: Rest
|-heal|p2a: Regirock|100/100 slp|[silent]
|-enditem|p2a: Regirock|Chesto Berry|[eat]
|-curestatus|p2a: Regirock|slp|[msg]
|cant|p1a: Dondozo|slp
|
|-heal|p1a: Dondozo|94/100 slp|[from] item: Leftovers
|upkeep
|turn|31
|
|t:|1757898308
|move|p2a: Regirock|Iron Defense|p2a: Regirock
|-boost|p2a: Regirock|def|2
|cant|p1a: Dondozo|slp
|move|p1a: Dondozo|Sleep Talk|p1a: Dondozo
|move|p1a: Dondozo|Body Press|p2a: Regirock|[from] move: Sleep Talk
|-supereffective|p2a: Regirock
|-damage|p2a: Regirock|74/100
|
|-heal|p1a: Dondozo|100/100 slp|[from] item: Leftovers
|upkeep
|turn|32
|
|t:|1757898316
|move|p2a: Regirock|Body Press|p1a: Dondozo
|-damage|p1a: Dondozo|82/100 slp
|-curestatus|p1a: Dondozo|slp|[msg]
|move|p1a: Dondozo|Sleep Talk||[still]
|-fail|p1a: Dondozo
|
|-heal|p1a: Dondozo|89/100|[from] item: Leftovers
|upkeep
|turn|33
|
|t:|1757898324
|move|p2a: Regirock|Body Press|p1a: Dondozo
|-damage|p1a: Dondozo|70/100
|move|p1a: Dondozo|Body Press|p2a: Regirock
|-supereffective|p2a: Regirock
|-damage|p2a: Regirock|48/100
|
|-heal|p1a: Dondozo|76/100|[from] item: Leftovers
|upkeep
|turn|34
|
|t:|1757898330
|move|p2a: Regirock|Body Press|p1a: Dondozo
|-crit|p1a: Dondozo
|-damage|p1a: Dondozo|46/100
|move|p1a: Dondozo|Body Press|p2a: Regirock
|-supereffective|p2a: Regirock
|-damage|p2a: Regirock|24/100
|
|-heal|p1a: Dondozo|52/100|[from] item: Leftovers
|upkeep
|turn|35
|
|t:|1757898338
|move|p2a: Regirock|Rest|p2a: Regirock
|-status|p2a: Regirock|slp|[from] move: Rest
|-heal|p2a: Regirock|100/100 slp|[silent]
|move|p1a: Dondozo|Body Press|p2a: Regirock
|-supereffective|p2a: Regirock
|-damage|p2a: Regirock|76/100 slp
|
|-heal|p1a: Dondozo|58/100|[from] item: Leftovers
|upkeep
|turn|36
|
|t:|1757898342
|cant|p2a: Regirock|slp
|move|p1a: Dondozo|Body Press|p2a: Regirock
|-supereffective|p2a: Regirock
|-damage|p2a: Regirock|50/100 slp
|
|-heal|p1a: Dondozo|64/100|[from] item: Leftovers
|upkeep
|turn|37
|
|t:|1757898347
|cant|p2a: Regirock|slp
|move|p1a: Dondozo|Body Press|p2a: Regirock
|-supereffective|p2a: Regirock
|-damage|p2a: Regirock|25/100 slp
|
|-heal|p1a: Dondozo|70/100|[from] item: Leftovers
|upkeep
|turn|38
|
|t:|1757898354
|-curestatus|p2a: Regirock|slp|[msg]
|move|p2a: Regirock|Body Press|p1a: Dondozo
|-damage|p1a: Dondozo|52/100
|move|p1a: Dondozo|Body Press|p2a: Regirock
|-supereffective|p2a: Regirock
|-damage|p2a: Regirock|1/100
|
|-heal|p1a: Dondozo|58/100|[from] item: Leftovers
|upkeep
|turn|39
|
|t:|1757898368
|move|p2a: Regirock|Rest|p2a: Regirock
|-status|p2a: Regirock|slp|[from] move: Rest
|-heal|p2a: Regirock|100/100 slp|[silent]
|move|p1a: Dondozo|Body Press|p2a: Regirock
|-supereffective|p2a: Regirock
|-damage|p2a: Regirock|75/100 slp
|
|-heal|p1a: Dondozo|64/100|[from] item: Leftovers
|upkeep
|turn|40
|
|t:|1757898373
|cant|p2a: Regirock|slp
|move|p1a: Dondozo|Body Press|p2a: Regirock
|-supereffective|p2a: Regirock
|-damage|p2a: Regirock|51/100 slp
|
|-heal|p1a: Dondozo|70/100|[from] item: Leftovers
|upkeep
|turn|41
|
|t:|1757898379
|cant|p2a: Regirock|slp
|move|p1a: Dondozo|Avalanche|p2a: Regirock
|-damage|p2a: Regirock|45/100 slp
|
|-heal|p1a: Dondozo|77/100|[from] item: Leftovers
|upkeep
|turn|42
|
|t:|1757898385
|-curestatus|p2a: Regirock|slp|[msg]
|move|p2a: Regirock|Stone Edge|p1a: Dondozo
|-crit|p1a: Dondozo
|-damage|p1a: Dondozo|55/100
|move|p1a: Dondozo|Avalanche|p2a: Regirock
|-damage|p2a: Regirock|31/100
|
|-heal|p1a: Dondozo|61/100|[from] item: Leftovers
|upkeep
|turn|43
|
|t:|1757898397
|move|p2a: Regirock|Body Press|p1a: Dondozo
|-damage|p1a: Dondozo|41/100
|move|p1a: Dondozo|Avalanche|p2a: Regirock
|-damage|p2a: Regirock|19/100
|
|-heal|p1a: Dondozo|47/100|[from] item: Leftovers
|upkeep
|turn|44
|
|t:|1757898404
|move|p2a: Regirock|Rest|p2a: Regirock
|-status|p2a: Regirock|slp|[from] move: Rest
|-heal|p2a: Regirock|100/100 slp|[silent]
|move|p1a: Dondozo|Body Press|p2a: Regirock
|-supereffective|p2a: Regirock
|-damage|p2a: Regirock|76/100 slp
|
|-heal|p1a: Dondozo|53/100|[from] item: Leftovers
|upkeep
|turn|45
|
|t:|1757898421
|cant|p2a: Regirock|slp
|move|p1a: Dondozo|Avalanche|p2a: Regirock
|-damage|p2a: Regirock|69/100 slp
|
|-heal|p1a: Dondozo|59/100|[from] item: Leftovers
|upkeep
|turn|46
|
|t:|1757898429
|cant|p2a: Regirock|slp
|move|p1a: Dondozo|Avalanche|p2a: Regirock
|-damage|p2a: Regirock|63/100 slp
|
|-heal|p1a: Dondozo|66/100|[from] item: Leftovers
|upkeep
|turn|47
|inactive|luketheidiot has 120 seconds left.
|
|t:|1757898462
|-curestatus|p2a: Regirock|slp|[msg]
|move|p2a: Regirock|Iron Defense|p2a: Regirock
|-boost|p2a: Regirock|def|0
|move|p1a: Dondozo|Avalanche|p2a: Regirock
|-damage|p2a: Regirock|56/100
|
|-heal|p1a: Dondozo|72/100|[from] item: Leftovers
|upkeep
|turn|48
|
|t:|1757898470
|move|p2a: Regirock|Stone Edge|p1a: Dondozo
|-damage|p1a: Dondozo|56/100
|move|p1a: Dondozo|Avalanche|p2a: Regirock
|-damage|p2a: Regirock|44/100
|
|-heal|p1a: Dondozo|62/100|[from] item: Leftovers
|upkeep
|turn|49
|
|t:|1757898479
|move|p2a: Regirock|Stone Edge|p1a: Dondozo
|-damage|p1a: Dondozo|45/100
|move|p1a: Dondozo|Avalanche|p2a: Regirock
|-damage|p2a: Regirock|31/100
|
|-heal|p1a: Dondozo|52/100|[from] item: Leftovers
|upkeep
|turn|50
|
|t:|1757898497
|move|p2a: Regirock|Rest|p2a: Regirock
|-status|p2a: Regirock|slp|[from] move: Rest
|-heal|p2a: Regirock|100/100 slp|[silent]
|move|p1a: Dondozo|Avalanche|p2a: Regirock
|-damage|p2a: Regirock|95/100 slp
|
|-heal|p1a: Dondozo|58/100|[from] item: Leftovers
|upkeep
|turn|51
|
|t:|1757898507
|cant|p2a: Regirock|slp
|move|p1a: Dondozo|Avalanche|p2a: Regirock
|-damage|p2a: Regirock|87/100 slp
|
|-heal|p1a: Dondozo|64/100|[from] item: Leftovers
|upkeep
|turn|52
|
|t:|1757898518
|cant|p2a: Regirock|slp
|move|p1a: Dondozo|Avalanche|p2a: Regirock
|-damage|p2a: Regirock|81/100 slp
|
|-heal|p1a: Dondozo|70/100|[from] item: Leftovers
|upkeep
|turn|53
|
|t:|1757898525
|-curestatus|p2a: Regirock|slp|[msg]
|move|p2a: Regirock|Stone Edge|p1a: Dondozo
|-crit|p1a: Dondozo
|-damage|p1a: Dondozo|47/100
|move|p1a: Dondozo|Avalanche|p2a: Regirock
|-damage|p2a: Regirock|67/100
|
|-heal|p1a: Dondozo|53/100|[from] item: Leftovers
|upkeep
|turn|54
|
|t:|1757898536
|move|p2a: Regirock|Iron Defense|p2a: Regirock
|-boost|p2a: Regirock|def|0
|move|p1a: Dondozo|Avalanche|p2a: Regirock
|-damage|p2a: Regirock|61/100
|
|-heal|p1a: Dondozo|59/100|[from] item: Leftovers
|upkeep
|turn|55
|
|t:|1757898542
|move|p2a: Regirock|Iron Defense|p2a: Regirock
|-boost|p2a: Regirock|def|0
|move|p1a: Dondozo|Avalanche|p2a: Regirock
|-damage|p2a: Regirock|54/100
|
|-heal|p1a: Dondozo|65/100|[from] item: Leftovers
|upkeep
|turn|56
|
|t:|1757898552
|move|p2a: Regirock|Iron Defense|p2a: Regirock
|-boost|p2a: Regirock|def|0
|move|p1a: Dondozo|Avalanche|p2a: Regirock
|-damage|p2a: Regirock|48/100
|
|-heal|p1a: Dondozo|71/100|[from] item: Leftovers
|upkeep
|turn|57
|
|t:|1757898559
|move|p2a: Regirock|Iron Defense|p2a: Regirock
|-boost|p2a: Regirock|def|0
|move|p1a: Dondozo|Body Press|p2a: Regirock
|-supereffective|p2a: Regirock
|-damage|p2a: Regirock|22/100
|
|-heal|p1a: Dondozo|77/100|[from] item: Leftovers
|upkeep
|turn|58
|
|t:|1757898575
|move|p2a: Regirock|Rest|p2a: Regirock
|-status|p2a: Regirock|slp|[from] move: Rest
|-heal|p2a: Regirock|100/100 slp|[silent]
|move|p1a: Dondozo|Sleep Talk||[still]
|-fail|p1a: Dondozo
|
|-heal|p1a: Dondozo|84/100|[from] item: Leftovers
|upkeep
|turn|59
|
|t:|1757898586
|cant|p2a: Regirock|slp
|move|p1a: Dondozo|Avalanche|p2a: Regirock
|-damage|p2a: Regirock|94/100 slp
|
|-heal|p1a: Dondozo|90/100|[from] item: Leftovers
|upkeep
|turn|60
|l|☆luketheidiot
|inactive|luketheidiot disconnected and has a minute to reconnect!
|player|p2|
|inactive|ilikehorse222 has 120 seconds left.
|c|☆ilikehorse222|really
|c|☆ilikehorse222|really
|j|☆luketheidiot
|inactive|luketheidiot reconnected.
|player|p2|luketheidiot|iris-gen5bw2|
|
|t:|1757898637
|cant|p2a: Regirock|slp
|move|p1a: Dondozo|Sleep Talk||[still]
|-fail|p1a: Dondozo
|
|-heal|p1a: Dondozo|96/100|[from] item: Leftovers
|upkeep
|turn|61
|c|☆luketheidiot|Yes
|
|t:|1757898655
|-curestatus|p2a: Regirock|slp|[msg]
|move|p2a: Regirock|Iron Defense|p2a: Regirock
|-boost|p2a: Regirock|def|0
|move|p1a: Dondozo|Sleep Talk||[still]
|-fail|p1a: Dondozo
|
|-heal|p1a: Dondozo|100/100|[from] item: Leftovers
|upkeep
|turn|62
|
|t:|1757898679
|switch|p1a: Weezing|Weezing-Galar, F|100/100
|-ability|p1a: Weezing|Neutralizing Gas
|move|p2a: Regirock|Iron Defense|p2a: Regirock
|-boost|p2a: Regirock|def|0
|
|upkeep
|turn|63
|inactive|ilikehorse222 has 90 seconds left.
|
|t:|1757898700
|move|p1a: Weezing|Will-O-Wisp|p2a: Regirock|[miss]
|-miss|p1a: Weezing|p2a: Regirock
|move|p2a: Regirock|Body Press|p1a: Weezing
|-resisted|p1a: Weezing
|-damage|p1a: Weezing|75/100
|
|upkeep
|turn|64
|
|t:|1757898707
|move|p1a: Weezing|Will-O-Wisp|p2a: Regirock
|-status|p2a: Regirock|brn
|move|p2a: Regirock|Body Press|p1a: Weezing
|-resisted|p1a: Weezing
|-damage|p1a: Weezing|61/100
|
|-damage|p2a: Regirock|87/100 brn|[from] brn
|upkeep
|turn|65
|
|t:|1757898717
|move|p1a: Weezing|Strange Steam|p2a: Regirock
|-damage|p2a: Regirock|62/100 brn
|move|p2a: Regirock|Body Press|p1a: Weezing
|-resisted|p1a: Weezing
|-damage|p1a: Weezing|46/100
|
|-damage|p2a: Regirock|56/100 brn|[from] brn
|upkeep
|turn|66
|
|t:|1757898729
|move|p1a: Weezing|Pain Split|p2a: Regirock
|-sethp|p2a: Regirock|52/100 brn|[from] move: Pain Split|[silent]
|-sethp|p1a: Weezing|50/100|[from] move: Pain Split
|move|p2a: Regirock|Body Press|p1a: Weezing
|-resisted|p1a: Weezing
|-damage|p1a: Weezing|36/100
|
|-damage|p2a: Regirock|46/100 brn|[from] brn
|upkeep
|turn|67
|
|t:|1757898744
|move|p1a: Weezing|Strange Steam|p2a: Regirock
|-damage|p2a: Regirock|19/100 brn
|move|p2a: Regirock|Body Press|p1a: Weezing
|-resisted|p1a: Weezing
|-damage|p1a: Weezing|22/100
|
|-damage|p2a: Regirock|13/100 brn|[from] brn
|upkeep
|turn|68
|
|t:|1757898764
|-end|p1a: Weezing|ability: Neutralizing Gas
|switch|p1a: Blissey|Blissey, F|94/100
|-damage|p1a: Blissey|82/100|[from] Stealth Rock
|move|p2a: Regirock|Rest|p2a: Regirock
|-status|p2a: Regirock|slp|[from] move: Rest
|-heal|p2a: Regirock|100/100 slp|[silent]
|
|-heal|p1a: Blissey|88/100|[from] item: Leftovers
|upkeep
|turn|69
|
|t:|1757898772
|move|p1a: Blissey|Seismic Toss|p2a: Regirock
|-damage|p2a: Regirock|70/100 slp
|cant|p2a: Regirock|slp
|
|-heal|p1a: Blissey|94/100|[from] item: Leftovers
|upkeep
|turn|70
|
|t:|1757898783
|switch|p1a: Weezing|Weezing-Galar, F|22/100
|-ability|p1a: Weezing|Neutralizing Gas
|cant|p2a: Regirock|slp
|
|upkeep
|turn|71
|
|t:|1757898789
|move|p1a: Weezing|Pain Split|p2a: Regirock
|-sethp|p2a: Regirock|46/100 slp|[from] move: Pain Split|[silent]
|-sethp|p1a: Weezing|45/100|[from] move: Pain Split
|-curestatus|p2a: Regirock|slp|[msg]
|move|p2a: Regirock|Body Press|p1a: Weezing
|-resisted|p1a: Weezing
|-damage|p1a: Weezing|17/100
|
|upkeep
|turn|72
|
|t:|1757898801
|move|p1a: Weezing|Pain Split|p2a: Regirock
|-sethp|p2a: Regirock|32/100|[from] move: Pain Split|[silent]
|-sethp|p1a: Weezing|31/100|[from] move: Pain Split
|move|p2a: Regirock|Body Press|p1a: Weezing
|-resisted|p1a: Weezing
|-damage|p1a: Weezing|5/100
|
|upkeep
|turn|73
|
|t:|1757898812
|move|p1a: Weezing|Pain Split|p2a: Regirock
|-sethp|p2a: Regirock|18/100|[from] move: Pain Split|[silent]
|-sethp|p1a: Weezing|18/100|[from] move: Pain Split
|move|p2a: Regirock|Body Press|p1a: Weezing
|-resisted|p1a: Weezing
|-damage|p1a: Weezing|0 fnt
|faint|p1a: Weezing
|-end|p1a: Weezing|ability: Neutralizing Gas
|
|upkeep
|
|t:|1757898820
|switch|p1a: Dondozo|Dondozo, F|100/100
|-damage|p1a: Dondozo|88/100|[from] Stealth Rock
|turn|74
|
|t:|1757898831
|move|p2a: Regirock|Rest|p2a: Regirock
|-status|p2a: Regirock|slp|[from] move: Rest
|-heal|p2a: Regirock|100/100 slp|[silent]
|move|p1a: Dondozo|Body Press|p2a: Regirock
|-supereffective|p2a: Regirock
|-damage|p2a: Regirock|74/100 slp
|
|-heal|p1a: Dondozo|94/100|[from] item: Leftovers
|upkeep
|turn|75
|
|t:|1757898841
|cant|p2a: Regirock|slp
|move|p1a: Dondozo|Body Press|p2a: Regirock
|-supereffective|p2a: Regirock
|-damage|p2a: Regirock|47/100 slp
|
|-heal|p1a: Dondozo|100/100|[from] item: Leftovers
|upkeep
|turn|76
|
|t:|1757898847
|cant|p2a: Regirock|slp
|move|p1a: Dondozo|Body Press|p2a: Regirock
|-supereffective|p2a: Regirock
|-damage|p2a: Regirock|22/100 slp
|
|upkeep
|turn|77
|
|t:|1757898853
|-curestatus|p2a: Regirock|slp|[msg]
|move|p2a: Regirock|Body Press|p1a: Dondozo
|-damage|p1a: Dondozo|82/100
|move|p1a: Dondozo|Body Press|p2a: Regirock
|-supereffective|p2a: Regirock
|-damage|p2a: Regirock|0 fnt
|faint|p2a: Regirock
|
|-heal|p1a: Dondozo|89/100|[from] item: Leftovers
|upkeep
|
|t:|1757898859
|switch|p2a: Regice|Regice|37/100 tox
|turn|78
|
|t:|1757898864
|move|p2a: Regice|Thunderbolt|p1a: Dondozo
|-supereffective|p1a: Dondozo
|-damage|p1a: Dondozo|36/100
|move|p1a: Dondozo|Body Press|p2a: Regice
|-supereffective|p2a: Regice
|-damage|p2a: Regice|0 fnt
|faint|p2a: Regice
|
|-heal|p1a: Dondozo|43/100|[from] item: Leftovers
|upkeep
|
|t:|1757898867
|switch|p2a: Hoopa|Hoopa-Unbound|100/100
|-status|p2a: Hoopa|tox
|turn|79
|
|t:|1757898873
|move|p2a: Hoopa|Psyshock|p1a: Dondozo
|-damage|p1a: Dondozo|19/100
|move|p1a: Dondozo|Rest|p1a: Dondozo
|-status|p1a: Dondozo|slp|[from] move: Rest
|-heal|p1a: Dondozo|100/100 slp|[silent]
|
|-damage|p2a: Hoopa|95/100 tox|[from] psn
|upkeep
|turn|80
|-message|luketheidiot forfeited.
|
|win|ilikehorse222
|raw|ilikehorse222's rating: 1181 &rarr; <strong>1204</strong><br />(+23 for winning)
|raw|luketheidiot's rating: 1157 &rarr; <strong>1134</strong><br />(-23 for losing)
|l|☆luketheidiot
|player|p2|
