|j|☆Ai Specialist 144
|j|☆whichjuanz
|t:|1757791280
|gametype|singles
|player|p1|Ai Specialist 144|marley|1318
|player|p2|whichjuanz|hiker-gen4|1290
|gen|9
|tier|[Gen 9] OU
|rated|
|rule|HP Percentage Mod: HP is shown in percentages
|rule|Endless Battle Clause: Forcing endless battles is banned
|rule|Species Clause: Limit one of each Pokémon
|rule|OHKO Clause: OHKO moves are banned
|rule|Evasion Items Clause: Evasion items are banned
|rule|Evasion Moves Clause: Evasion moves are banned
|rule|Evasion Abilities Clause: Evasion abilities are banned
|rule|Sleep Moves Clause: Sleep-inducing moves are banned
|clearpoke
|poke|p1|Hatterene, F|
|poke|p1|Charizard, M|
|poke|p1|Ceruledge, F|
|poke|p1|Raging Bolt|
|poke|p1|Torkoal, M|
|poke|p1|Walking Wake|
|poke|p2|Kommo-o, M|
|poke|p2|Pecharunt|
|poke|p2|Primeape, F|
|poke|p2|Pawmot, F|
|poke|p2|Brambleghast, M|
|poke|p2|Corviknight, F|
|teampreview
|inactive|Battle timer is ON: inactive players will automatically lose when time's up. (requested by whichjuanz)
|
|t:|1757791294
|teamsize|p1|6
|teamsize|p2|6
|start
|switch|p1a: Torkoal|Torkoal, M, shiny|100/100
|switch|p2a: Pecharunt|Pecharunt|100/100
|-item|p2a: Pecharunt|Air Balloon
|-weather|SunnyDay|[from] ability: Drought|[of] p1a: Torkoal
|turn|1
|
|t:|1757791315
|move|p2a: Pecharunt|Malignant Chain|p1a: Torkoal
|-damage|p1a: Torkoal|56/100
|move|p1a: Torkoal|Will-O-Wisp|p2a: Pecharunt|[miss]
|-miss|p1a: Torkoal|p2a: Pecharunt
|
|-weather|SunnyDay|[upkeep]
|upkeep
|turn|2
|
|t:|1757791324
|switch|p1a: Hatterene|Hatterene, F, shiny|100/100
|move|p2a: Pecharunt|Malignant Chain|p1a: Hatterene
|-supereffective|p1a: Hatterene
|-damage|p1a: Hatterene|0 fnt
|faint|p1a: Hatterene
|
|-weather|SunnyDay|[upkeep]
|upkeep
|
|t:|1757791334
|switch|p1a: Charizard|Charizard, M, shiny|100/100
|turn|3
|
|t:|1757791340
|-terastallize|p1a: Charizard|Fire
|move|p1a: Charizard|Weather Ball|p2a: Pecharunt
|-damage|p2a: Pecharunt|0 fnt
|-enditem|p2a: Pecharunt|Air Balloon
|faint|p2a: Pecharunt
|
|-weather|SunnyDay|[upkeep]
|-damage|p1a: Charizard|88/100|[from] ability: Solar Power|[of] p1a: Charizard
|upkeep
|
|t:|1757791347
|switch|p2a: Primeape|Primeape, F|100/100
|turn|4
|
|t:|1757791355
|switch|p1a: EBONY W4RR10R|Ceruledge, F|100/100
|-terastallize|p2a: Primeape|Fire
|move|p2a: Primeape|Bulk Up|p2a: Primeape
|-boost|p2a: Primeape|atk|1
|-boost|p2a: Primeape|def|1
|
|-weather|SunnyDay|[upkeep]
|upkeep
|turn|5
|
|t:|1757791365
|move|p1a: EBONY W4RR10R|Poltergeist|p2a: Primeape
|-activate|p2a: Primeape|move: Poltergeist|Eviolite
|-damage|p2a: Primeape|59/100
|move|p2a: Primeape|Rage Fist|p1a: EBONY W4RR10R
|-supereffective|p1a: EBONY W4RR10R
|-enditem|p1a: EBONY W4RR10R|Focus Sash
|-damage|p1a: EBONY W4RR10R|1/100
|-ability|p1a: EBONY W4RR10R|Weak Armor|boost
|-unboost|p1a: EBONY W4RR10R|def|1
|-boost|p1a: EBONY W4RR10R|spe|2
|
|-weather|SunnyDay|[upkeep]
|upkeep
|turn|6
|
|t:|1757791381
|move|p1a: EBONY W4RR10R|Poltergeist|p2a: Primeape
|-activate|p2a: Primeape|move: Poltergeist|Eviolite
|-damage|p2a: Primeape|23/100
|move|p2a: Primeape|Rage Fist|p1a: EBONY W4RR10R
|-supereffective|p1a: EBONY W4RR10R
|-damage|p1a: EBONY W4RR10R|0 fnt
|faint|p1a: EBONY W4RR10R
|
|-weather|SunnyDay|[upkeep]
|upkeep
|inactive|Ai Specialist 144 has 120 seconds left.
|
|t:|1757791416
|switch|p1a: Walking Wake|Walking Wake|100/100
|-activate|p1a: Walking Wake|ability: Protosynthesis
|-start|p1a: Walking Wake|protosynthesisspe
|turn|7
|
|t:|1757791422
|switch|p2a: Brambleghast|Brambleghast, M|100/100
|move|p1a: Walking Wake|Hydro Steam|p2a: Brambleghast
|-resisted|p2a: Brambleghast
|-damage|p2a: Brambleghast|60/100
|
|-weather|SunnyDay|[upkeep]
|upkeep
|turn|8
|
|t:|1757791431
|move|p1a: Walking Wake|Flamethrower|p2a: Brambleghast
|-supereffective|p2a: Brambleghast
|-damage|p2a: Brambleghast|0 fnt
|faint|p2a: Brambleghast
|
|-weather|none
|-end|p1a: Walking Wake|Protosynthesis
|upkeep
|
|t:|1757791433
|switch|p2a: Kommo-o|Kommo-o, M|100/100
|turn|9
|
|t:|1757791440
|switch|p2a: Corviknight|Corviknight, F|100/100
|move|p1a: Walking Wake|Draco Meteor|p2a: Corviknight
|-resisted|p2a: Corviknight
|-crit|p2a: Corviknight
|-damage|p2a: Corviknight|65/100
|-unboost|p1a: Walking Wake|spa|2
|
|upkeep
|turn|10
|
|t:|1757791449
|-end|p1a: Walking Wake|Protosynthesis|[silent]
|switch|p1a: Raging Bolt|Raging Bolt|100/100
|switch|p2a: Pawmot|Pawmot, F|100/100
|
|upkeep
|turn|11
|inactive|Ai Specialist 144 has 120 seconds left.
|
|t:|1757791477
|move|p2a: Pawmot|Revival Blessing|p2a: Pawmot
|-enditem|p2a: Pawmot|Leppa Berry|[eat]
|-activate|p2a: Pawmot|item: Leppa Berry|Revival Blessing|[consumed]
|
|t:|1757791480
|-heal|p2: Brambleghast|50/100|[from] move: Revival Blessing
|move|p1a: Raging Bolt|Calm Mind|p1a: Raging Bolt
|-boost|p1a: Raging Bolt|spa|1
|-boost|p1a: Raging Bolt|spd|1
|
|upkeep
|turn|12
|inactive|Ai Specialist 144 has 120 seconds left.
|
|t:|1757791492
|move|p2a: Pawmot|Play Rough|p1a: Raging Bolt
|-supereffective|p1a: Raging Bolt
|-damage|p1a: Raging Bolt|47/100
|move|p1a: Raging Bolt|Dragon Pulse|p2a: Pawmot
|-damage|p2a: Pawmot|0 fnt
|faint|p2a: Pawmot
|
|-heal|p1a: Raging Bolt|54/100|[from] item: Leftovers
|upkeep
|
|t:|1757791498
|switch|p2a: Kommo-o|Kommo-o, M|100/100
|turn|13
|inactive|Ai Specialist 144 has 120 seconds left.
|
|t:|1757791521
|-end|p1a: Raging Bolt|Protosynthesis|[silent]
|switch|p1a: Torkoal|Torkoal, M, shiny|56/100
|-weather|SunnyDay|[from] ability: Drought|[of] p1a: Torkoal
|move|p2a: Kommo-o|Drain Punch|p1a: Torkoal
|-damage|p1a: Torkoal|28/100
|
|-weather|SunnyDay|[upkeep]
|upkeep
|turn|14
|inactive|Ai Specialist 144 has 120 seconds left.
|-message|whichjuanz forfeited.
|
|win|Ai Specialist 144
|raw|Ai Specialist 144's rating: 1318 &rarr; <strong>1336</strong><br />(+18 for winning)
|raw|whichjuanz's rating: 1290 &rarr; <strong>1267</strong><br />(-23 for losing)
|l|☆whichjuanz
|player|p2|
