|j|☆dedfemboy3
|j|☆Hodgepodge
|t:|1757829190
|gametype|singles
|player|p1|dedfemboy3|psychic-gen4|1281
|player|p2|Hodgepodge|1|1240
|gen|9
|tier|[Gen 9] OU
|rated|
|rule|HP Percentage Mod: HP is shown in percentages
|rule|Endless Battle Clause: Forcing endless battles is banned
|rule|Species Clause: Limit one of each Pokémon
|rule|OHKO Clause: OHKO moves are banned
|rule|Evasion Items Clause: Evasion items are banned
|rule|Evasion Moves Clause: Evasion moves are banned
|rule|Evasion Abilities Clause: Evasion abilities are banned
|rule|Sleep Moves Clause: Sleep-inducing moves are banned
|clearpoke
|poke|p1|Landorus-Therian, M|
|poke|p1|Kingambit, M|
|poke|p1|Samurott-Hisui, M|
|poke|p1|Hitmontop, M|
|poke|p1|Clefable, F|
|poke|p1|Gholdengo|
|poke|p2|Landorus-Therian, M|
|poke|p2|Meowscarada, M|
|poke|p2|Gholdengo|
|poke|p2|Kyurem|
|poke|p2|Pecharunt|
|poke|p2|Slowking-Galar, M|
|teampreview
|inactive|Battle timer is ON: inactive players will automatically lose when time's up. (requested by dedfemboy3)
|inactive|Hodgepodge has 120 seconds left.
|
|t:|1757829235
|teamsize|p1|6
|teamsize|p2|6
|start
|switch|p1a: Samurott|Samurott-Hisui, M|100/100
|switch|p2a: Meowscarada|Meowscarada, M|100/100
|turn|1
|
|t:|1757829247
|switch|p1a: Landorus|Landorus-Therian, M|100/100
|-ability|p1a: Landorus|Intimidate|boost
|-unboost|p2a: Meowscarada|atk|1
|move|p2a: Meowscarada|U-turn|p1a: Landorus
|-start|p2a: Meowscarada|typechange|Bug|[from] ability: Protean
|-resisted|p1a: Landorus
|-damage|p1a: Landorus|91/100
|-damage|p2a: Meowscarada|84/100|[from] item: Rocky Helmet|[of] p1a: Landorus
|
|t:|1757829251
|switch|p2a: Kyurem|Kyurem|100/100|[from] U-turn
|-ability|p2a: Kyurem|Pressure
|
|upkeep
|turn|2
|
|t:|1757829267
|switch|p1a: Hitmontop|Hitmontop, M, shiny|100/100
|move|p2a: Kyurem|Substitute|p2a: Kyurem
|-start|p2a: Kyurem|Substitute
|-damage|p2a: Kyurem|75/100
|
|upkeep
|turn|3
|
|t:|1757829277
|move|p1a: Hitmontop|Mach Punch|p2a: Kyurem
|-supereffective|p2a: Kyurem
|-end|p2a: Kyurem|Substitute
|move|p2a: Kyurem|Dragon Pulse|p1a: Hitmontop
|-damage|p1a: Hitmontop|54/100
|
|upkeep
|turn|4
|
|t:|1757829301
|switch|p2a: Pecharunt|Pecharunt|100/100
|switch|p1a: Samurott|Samurott-Hisui, M|100/100
|
|upkeep
|turn|5
|inactive|Hodgepodge has 120 seconds left.
|inactive|Hodgepodge has 90 seconds left.
|
|t:|1757829374
|move|p1a: Samurott|Ceaseless Edge|p2a: Pecharunt
|-supereffective|p2a: Pecharunt
|-damage|p2a: Pecharunt|59/100
|-sidestart|p2: Hodgepodge|Spikes
|move|p2a: Pecharunt|Malignant Chain|p1a: Samurott
|-damage|p1a: Samurott|58/100
|
|upkeep
|turn|6
|
|t:|1757829383
|move|p1a: Samurott|Ceaseless Edge|p2a: Pecharunt
|-supereffective|p2a: Pecharunt
|-damage|p2a: Pecharunt|19/100
|-sidestart|p2: Hodgepodge|Spikes
|move|p2a: Pecharunt|Malignant Chain|p1a: Samurott
|-damage|p1a: Samurott|10/100
|-status|p1a: Samurott|tox
|-start|p1a: Samurott|confusion|[from] ability: Poison Puppeteer|[of] p2a: Pecharunt
|
|-damage|p1a: Samurott|4/100 tox|[from] psn
|upkeep
|turn|7
|inactive|Hodgepodge has 90 seconds left.
|
|t:|1757829390
|-activate|p1a: Samurott|confusion
|move|p1a: Samurott|Ceaseless Edge|p2a: Pecharunt
|-supereffective|p2a: Pecharunt
|-damage|p2a: Pecharunt|0 fnt
|-sidestart|p2: Hodgepodge|Spikes
|faint|p2a: Pecharunt
|
|-damage|p1a: Samurott|0 fnt|[from] psn
|faint|p1a: Samurott
|upkeep
|inactive|Hodgepodge has 90 seconds left.
|
|t:|1757829401
|switch|p1a: Landorus|Landorus-Therian, M|91/100
|switch|p2a: Meowscarada|Meowscarada, M|84/100
|-ability|p1a: Landorus|Intimidate|boost
|-unboost|p2a: Meowscarada|atk|1
|turn|8
|inactive|Hodgepodge has 90 seconds left.
|
|t:|1757829416
|-terastallize|p1a: Landorus|Water
|move|p2a: Meowscarada|Spikes|p1a: Landorus
|-start|p2a: Meowscarada|typechange|Ground|[from] ability: Protean
|-sidestart|p1: dedfemboy3|Spikes
|move|p1a: Landorus|Stealth Rock|p2a: Meowscarada
|-sidestart|p2: Hodgepodge|move: Stealth Rock
|
|upkeep
|turn|9
|
|t:|1757829429
|switch|p1a: Hitmontop|Hitmontop, M, shiny|54/100
|-terastallize|p2a: Meowscarada|Grass
|move|p2a: Meowscarada|Flower Trick|p1a: Hitmontop
|-crit|p1a: Hitmontop
|-damage|p1a: Hitmontop|0 fnt
|faint|p1a: Hitmontop
|
|upkeep
|inactive|dedfemboy3 has 120 seconds left.
|
|t:|1757829465
|switch|p1a: Gholdengo|Gholdengo|100/100
|-item|p1a: Gholdengo|Air Balloon
|turn|10
|
|t:|1757829476
|move|p2a: Meowscarada|Knock Off|p1a: Gholdengo
|-supereffective|p1a: Gholdengo
|-damage|p1a: Gholdengo|72/100
|-enditem|p1a: Gholdengo|Air Balloon
|move|p1a: Gholdengo|Make It Rain|p2a: Meowscarada
|-damage|p2a: Meowscarada|6/100
|-unboost|p1a: Gholdengo|spa|1
|
|upkeep
|turn|11
|inactive|dedfemboy3 has 120 seconds left.
|
|t:|1757829484
|move|p2a: Meowscarada|Spikes|p1a: Gholdengo
|-sidestart|p1: dedfemboy3|Spikes
|move|p1a: Gholdengo|Recover|p1a: Gholdengo
|-heal|p1a: Gholdengo|100/100
|
|upkeep
|turn|12
|
|t:|1757829488
|move|p2a: Meowscarada|Spikes|p1a: Gholdengo
|-sidestart|p1: dedfemboy3|Spikes
|move|p1a: Gholdengo|Nasty Plot|p1a: Gholdengo
|-boost|p1a: Gholdengo|spa|2
|
|upkeep
|turn|13
|
|t:|1757829497
|move|p2a: Meowscarada|Knock Off|p1a: Gholdengo
|-supereffective|p1a: Gholdengo
|-damage|p1a: Gholdengo|80/100
|move|p1a: Gholdengo|Nasty Plot|p1a: Gholdengo
|-boost|p1a: Gholdengo|spa|2
|
|upkeep
|turn|14
|
|t:|1757829502
|move|p2a: Meowscarada|Knock Off|p1a: Gholdengo
|-supereffective|p1a: Gholdengo
|-damage|p1a: Gholdengo|61/100
|move|p1a: Gholdengo|Recover|p1a: Gholdengo
|-heal|p1a: Gholdengo|100/100
|
|upkeep
|turn|15
|
|t:|1757829511
|switch|p2a: Kyurem|Kyurem|75/100
|-ability|p2a: Kyurem|Pressure
|move|p1a: Gholdengo|Shadow Ball|p2a: Kyurem
|-damage|p2a: Kyurem|5/100
|-unboost|p2a: Kyurem|spd|1
|
|upkeep
|turn|16
|
|t:|1757829521
|move|p2a: Kyurem|Earth Power|p1a: Gholdengo
|-supereffective|p1a: Gholdengo
|-damage|p1a: Gholdengo|33/100
|move|p1a: Gholdengo|Shadow Ball|p2a: Kyurem
|-damage|p2a: Kyurem|0 fnt
|faint|p2a: Kyurem
|
|upkeep
|
|t:|1757829525
|switch|p2a: Landorus|Landorus-Therian, M|100/100
|-damage|p2a: Landorus|88/100|[from] Stealth Rock
|-ability|p2a: Landorus|Intimidate|boost
|-unboost|p1a: Gholdengo|atk|1
|turn|17
|
|t:|1757829535
|move|p1a: Gholdengo|Recover|p1a: Gholdengo
|-heal|p1a: Gholdengo|83/100
|move|p2a: Landorus|Earthquake|p1a: Gholdengo
|-supereffective|p1a: Gholdengo
|-damage|p1a: Gholdengo|14/100
|
|upkeep
|turn|18
|
|t:|1757829543
|move|p1a: Gholdengo|Make It Rain|p2a: Landorus
|-damage|p2a: Landorus|0 fnt
|-unboost|p1a: Gholdengo|spa|1
|faint|p2a: Landorus
|
|upkeep
|
|t:|1757829549
|switch|p2a: Gholdengo|Gholdengo|100/100
|-damage|p2a: Gholdengo|76/100|[from] Spikes
|-damage|p2a: Gholdengo|69/100|[from] Stealth Rock
|turn|19
|
|t:|1757829554
|move|p1a: Gholdengo|Shadow Ball|p2a: Gholdengo
|-supereffective|p2a: Gholdengo
|-damage|p2a: Gholdengo|7/100
|move|p2a: Gholdengo|Shadow Ball|p1a: Gholdengo
|-supereffective|p1a: Gholdengo
|-damage|p1a: Gholdengo|0 fnt
|faint|p1a: Gholdengo
|
|upkeep
|
|t:|1757829560
|switch|p1a: Landorus|Landorus-Therian, M, tera:Water|91/100
|-damage|p1a: Landorus|66/100|[from] Spikes
|-ability|p1a: Landorus|Intimidate|boost
|-unboost|p2a: Gholdengo|atk|1
|turn|20
|
|t:|1757829575
|move|p1a: Landorus|Earthquake|p2a: Gholdengo
|-supereffective|p2a: Gholdengo
|-damage|p2a: Gholdengo|0 fnt
|faint|p2a: Gholdengo
|
|upkeep
|
|t:|1757829579
|switch|p2a: Meowscarada|Meowscarada, M, tera:Grass|6/100
|turn|21
|
|t:|1757829587
|move|p2a: Meowscarada|Flower Trick|p1a: Landorus
|-supereffective|p1a: Landorus
|-crit|p1a: Landorus
|-damage|p1a: Landorus|0 fnt
|faint|p1a: Landorus
|
|upkeep
|
|t:|1757829591
|switch|p1a: Kingambit|Kingambit, M|100/100
|-damage|p1a: Kingambit|76/100|[from] Spikes
|-activate|p1a: Kingambit|ability: Supreme Overlord
|-start|p1a: Kingambit|fallen4|[silent]
|turn|22
|
|t:|1757829600
|move|p2a: Meowscarada|U-turn|p1a: Kingambit
|-damage|p1a: Kingambit|56/100
|
|t:|1757829603
|switch|p2a: Slowking|Slowking-Galar, M|100/100|[from] U-turn
|move|p1a: Kingambit|Kowtow Cleave|p2a: Slowking
|-supereffective|p2a: Slowking
|-damage|p2a: Slowking|0 fnt
|faint|p2a: Slowking
|
|-heal|p1a: Kingambit|62/100|[from] item: Leftovers
|upkeep
|-message|Hodgepodge forfeited.
|
|win|dedfemboy3
|raw|dedfemboy3's rating: 1281 &rarr; <strong>1303</strong><br />(+22 for winning)
|raw|Hodgepodge's rating: 1240 &rarr; <strong>1218</strong><br />(-22 for losing)
|l|☆Hodgepodge
|player|p2|
|l|☆dedfemboy3
|player|p1|
