|j|☆PistachoNuclear
|j|☆milkmaster3001
|t:|1757788248
|gametype|singles
|player|p1|PistachoNuclear|gambler|1232
|player|p2|milkmaster3001|chuck|1205
|gen|9
|tier|[Gen 9] OU
|rated|
|rule|HP Percentage Mod: HP is shown in percentages
|rule|Endless Battle Clause: Forcing endless battles is banned
|rule|Species Clause: Limit one of each Pokémon
|rule|OHKO Clause: OHKO moves are banned
|rule|Evasion Items Clause: Evasion items are banned
|rule|Evasion Moves Clause: Evasion moves are banned
|rule|Evasion Abilities Clause: Evasion abilities are banned
|rule|Sleep Moves Clause: Sleep-inducing moves are banned
|clearpoke
|poke|p1|Slowbro, F|
|poke|p1|Corviknight, M|
|poke|p1|Persian-Alola, F|
|poke|p1|Jolteon, M|
|poke|p1|Crabominable, M|
|poke|p1|Dugtrio, F|
|poke|p2|Blaziken, M|
|poke|p2|Kommo-o, M|
|poke|p2|Garganacl, F|
|poke|p2|Whimsicott, M|
|poke|p2|Ogerpon-Wellspring, F|
|poke|p2|Great Tusk|
|teampreview
|inactive|Battle timer is ON: inactive players will automatically lose when time's up. (requested by PistachoNuclear)
|
|t:|1757788280
|teamsize|p1|6
|teamsize|p2|6
|start
|switch|p1a: Jolteon|Jolteon, M|100/100
|switch|p2a: Garganacl|Garganacl, F|100/100
|turn|1
|
|t:|1757788287
|move|p1a: Jolteon|Volt Switch|p2a: Garganacl
|-damage|p2a: Garganacl|56/100
|
|t:|1757788294
|switch|p1a: Slowbro|Slowbro, F, shiny|100/100|[from] Volt Switch
|move|p2a: Garganacl|Stealth Rock|p1a: Slowbro
|-sidestart|p1: PistachoNuclear|move: Stealth Rock
|
|-heal|p2a: Garganacl|63/100|[from] item: Leftovers
|upkeep
|turn|2
|
|t:|1757788304
|move|p2a: Garganacl|Protect|p2a: Garganacl
|-singleturn|p2a: Garganacl|Protect
|move|p1a: Slowbro|Surf|p2a: Garganacl
|-activate|p2a: Garganacl|move: Protect
|
|-heal|p2a: Garganacl|69/100|[from] item: Leftovers
|upkeep
|turn|3
|
|t:|1757788314
|move|p2a: Garganacl|Recover|p2a: Garganacl
|-heal|p2a: Garganacl|100/100
|move|p1a: Slowbro|Surf|p2a: Garganacl
|-supereffective|p2a: Garganacl
|-damage|p2a: Garganacl|25/100
|
|-heal|p2a: Garganacl|31/100|[from] item: Leftovers
|upkeep
|turn|4
|
|t:|1757788327
|move|p2a: Garganacl|Protect|p2a: Garganacl
|-singleturn|p2a: Garganacl|Protect
|move|p1a: Slowbro|Psychic|p2a: Garganacl
|-activate|p2a: Garganacl|move: Protect
|
|-heal|p2a: Garganacl|37/100|[from] item: Leftovers
|upkeep
|turn|5
|
|t:|1757788339
|switch|p2a: Whimsicott|Whimsicott, M|100/100
|move|p1a: Slowbro|Ice Beam|p2a: Whimsicott
|-supereffective|p2a: Whimsicott
|-damage|p2a: Whimsicott|22/100
|
|-heal|p2a: Whimsicott|28/100|[from] item: Leftovers
|upkeep
|turn|6
|
|t:|1757788350
|move|p2a: Whimsicott|Protect|p2a: Whimsicott
|-singleturn|p2a: Whimsicott|Protect
|move|p1a: Slowbro|Psychic|p2a: Whimsicott
|-activate|p2a: Whimsicott|move: Protect
|
|-heal|p2a: Whimsicott|34/100|[from] item: Leftovers
|upkeep
|turn|7
|
|t:|1757788369
|move|p2a: Whimsicott|Substitute|p2a: Whimsicott
|-start|p2a: Whimsicott|Substitute
|-damage|p2a: Whimsicott|9/100
|move|p1a: Slowbro|Psychic|p2a: Whimsicott
|-end|p2a: Whimsicott|Substitute
|
|-heal|p2a: Whimsicott|16/100|[from] item: Leftovers
|upkeep
|turn|8
|
|t:|1757788379
|move|p2a: Whimsicott|Protect|p2a: Whimsicott
|-singleturn|p2a: Whimsicott|Protect
|move|p1a: Slowbro|Psychic|p2a: Whimsicott
|-activate|p2a: Whimsicott|move: Protect
|
|-heal|p2a: Whimsicott|22/100|[from] item: Leftovers
|upkeep
|turn|9
|
|t:|1757788396
|switch|p2a: Ogerpon|Ogerpon-Wellspring, F|100/100
|move|p1a: Slowbro|Surf|p2a: Ogerpon
|-immune|p2a: Ogerpon|[from] ability: Water Absorb
|
|upkeep
|turn|10
|
|t:|1757788405
|switch|p1a: Corviknight|Corviknight, M|100/100
|-damage|p1a: Corviknight|88/100|[from] Stealth Rock
|move|p2a: Ogerpon|Horn Leech|p1a: Corviknight
|-resisted|p1a: Corviknight
|-damage|p1a: Corviknight|82/100
|-damage|p2a: Ogerpon|84/100|[from] item: Rocky Helmet|[of] p1a: Corviknight
|
|upkeep
|turn|11
|
|t:|1757788415
|move|p2a: Ogerpon|Knock Off|p1a: Corviknight
|-damage|p1a: Corviknight|59/100
|-damage|p2a: Ogerpon|67/100|[from] item: Rocky Helmet|[of] p1a: Corviknight
|-enditem|p1a: Corviknight|Rocky Helmet|[from] move: Knock Off|[of] p2a: Ogerpon
|move|p1a: Corviknight|Defog|p2a: Ogerpon
|-unboost|p2a: Ogerpon|evasion|1
|-sideend|p1: PistachoNuclear|Stealth Rock|[from] move: Defog|[of] p1a: Corviknight
|
|upkeep
|turn|12
|
|t:|1757788433
|switch|p2a: Garganacl|Garganacl, F|37/100
|move|p1a: Corviknight|Roost|p1a: Corviknight
|-heal|p1a: Corviknight|100/100
|-singleturn|p1a: Corviknight|move: Roost
|
|-heal|p2a: Garganacl|43/100|[from] item: Leftovers
|upkeep
|turn|13
|
|t:|1757788443
|move|p1a: Corviknight|U-turn|p2a: Garganacl
|-damage|p2a: Garganacl|35/100
|
|t:|1757788445
|switch|p1a: Slowbro|Slowbro, F, shiny|100/100|[from] U-turn
|move|p2a: Garganacl|Recover|p2a: Garganacl
|-heal|p2a: Garganacl|85/100
|
|-heal|p2a: Garganacl|92/100|[from] item: Leftovers
|upkeep
|turn|14
|
|t:|1757788456
|switch|p2a: Ogerpon|Ogerpon-Wellspring, F|67/100
|move|p1a: Slowbro|Surf|p2a: Ogerpon
|-heal|p2a: Ogerpon|92/100|[from] ability: Water Absorb|[of] p1a: Slowbro
|
|upkeep
|turn|15
|
|t:|1757788465
|switch|p1a: Corviknight|Corviknight, M|100/100
|move|p2a: Ogerpon|Horn Leech|p1a: Corviknight
|-resisted|p1a: Corviknight
|-damage|p1a: Corviknight|94/100
|-heal|p2a: Ogerpon|97/100|[from] drain|[of] p1a: Corviknight
|
|upkeep
|turn|16
|
|t:|1757788485
|move|p2a: Ogerpon|Horn Leech|p1a: Corviknight
|-resisted|p1a: Corviknight
|-damage|p1a: Corviknight|87/100
|-heal|p2a: Ogerpon|100/100|[from] drain|[of] p1a: Corviknight
|move|p1a: Corviknight|U-turn|p2a: Ogerpon
|-supereffective|p2a: Ogerpon
|-damage|p2a: Ogerpon|63/100
|
|t:|1757788492
|switch|p1a: Jolteon|Jolteon, M|100/100|[from] U-turn
|
|upkeep
|turn|17
|
|t:|1757788499
|switch|p2a: Great Tusk|Great Tusk|100/100
|move|p1a: Jolteon|Volt Switch|p2a: Great Tusk
|-immune|p2a: Great Tusk
|
|upkeep
|turn|18
|
|t:|1757788515
|switch|p1a: Slowbro|Slowbro, F, shiny|100/100
|move|p2a: Great Tusk|Knock Off|p1a: Slowbro
|-supereffective|p1a: Slowbro
|-damage|p1a: Slowbro|51/100
|-enditem|p1a: Slowbro|Assault Vest|[from] move: Knock Off|[of] p2a: Great Tusk
|
|upkeep
|turn|19
|
|t:|1757788529
|move|p2a: Great Tusk|Rapid Spin|p1a: Slowbro
|-damage|p1a: Slowbro|38/100
|-boost|p2a: Great Tusk|spe|1
|move|p1a: Slowbro|Psychic|p2a: Great Tusk
|-supereffective|p2a: Great Tusk
|-damage|p2a: Great Tusk|0 fnt
|faint|p2a: Great Tusk
|-end|p2a: Great Tusk|Protosynthesis|[silent]
|
|upkeep
|
|t:|1757788540
|switch|p2a: Ogerpon|Ogerpon-Wellspring, F|63/100
|turn|20
|
|t:|1757788546
|switch|p1a: Corviknight|Corviknight, M|87/100
|move|p2a: Ogerpon|Horn Leech|p1a: Corviknight
|-resisted|p1a: Corviknight
|-damage|p1a: Corviknight|81/100
|-heal|p2a: Ogerpon|67/100|[from] drain|[of] p1a: Corviknight
|
|upkeep
|turn|21
|
|t:|1757788561
|move|p2a: Ogerpon|Ivy Cudgel|p1a: Corviknight|[anim] Ivy Cudgel Water
|-damage|p1a: Corviknight|47/100
|move|p1a: Corviknight|Brave Bird|p2a: Ogerpon
|-supereffective|p2a: Ogerpon
|-damage|p2a: Ogerpon|0 fnt
|faint|p2a: Ogerpon
|-damage|p1a: Corviknight|31/100|[from] Recoil
|
|upkeep
|inactive|milkmaster3001 has 120 seconds left.
|
|t:|1757788578
|switch|p2a: Kommo-o|Kommo-o, M|100/100
|turn|22
|
|t:|1757788588
|move|p2a: Kommo-o|Clangorous Soul|p2a: Kommo-o
|-boost|p2a: Kommo-o|atk|1
|-boost|p2a: Kommo-o|def|1
|-boost|p2a: Kommo-o|spa|1
|-boost|p2a: Kommo-o|spd|1
|-boost|p2a: Kommo-o|spe|1
|-damage|p2a: Kommo-o|68/100
|-enditem|p2a: Kommo-o|Throat Spray
|-boost|p2a: Kommo-o|spa|1|[from] item: Throat Spray
|move|p1a: Corviknight|Brave Bird|p2a: Kommo-o
|-supereffective|p2a: Kommo-o
|-damage|p2a: Kommo-o|17/100
|-damage|p1a: Corviknight|19/100|[from] Recoil
|
|upkeep
|turn|23
|inactive|milkmaster3001 has 120 seconds left.
|
|t:|1757788605
|move|p2a: Kommo-o|Flamethrower|p1a: Corviknight
|-supereffective|p1a: Corviknight
|-damage|p1a: Corviknight|0 fnt
|faint|p1a: Corviknight
|
|upkeep
|
|t:|1757788611
|switch|p1a: Dugtrio|Dugtrio, F, shiny|100/100
|turn|24
|
|t:|1757788623
|move|p2a: Kommo-o|Boomburst|p1a: Dugtrio
|-enditem|p1a: Dugtrio|Focus Sash
|-damage|p1a: Dugtrio|1/100
|move|p1a: Dugtrio|Earthquake|p2a: Kommo-o
|-damage|p2a: Kommo-o|0 fnt
|faint|p2a: Kommo-o
|
|upkeep
|inactive|milkmaster3001 has 120 seconds left.
|
|t:|1757788637
|switch|p2a: Blaziken|Blaziken, M|100/100
|turn|25
|
|t:|1757788645
|move|p1a: Dugtrio|Earthquake|p2a: Blaziken
|-supereffective|p2a: Blaziken
|-damage|p2a: Blaziken|0 fnt
|faint|p2a: Blaziken
|
|upkeep
|
|t:|1757788650
|switch|p2a: Whimsicott|Whimsicott, M|22/100
|turn|26
|
|t:|1757788654
|move|p2a: Whimsicott|Protect|p2a: Whimsicott
|-singleturn|p2a: Whimsicott|Protect
|move|p1a: Dugtrio|Earthquake|p2a: Whimsicott
|-activate|p2a: Whimsicott|move: Protect
|
|-heal|p2a: Whimsicott|28/100|[from] item: Leftovers
|upkeep
|turn|27
|
|t:|1757788667
|move|p2a: Whimsicott|Leech Seed|p1a: Dugtrio
|-start|p1a: Dugtrio|move: Leech Seed
|move|p1a: Dugtrio|Earthquake|p2a: Whimsicott
|-resisted|p2a: Whimsicott
|-damage|p2a: Whimsicott|11/100
|
|-heal|p2a: Whimsicott|17/100|[from] item: Leftovers
|-damage|p1a: Dugtrio|0 fnt|[from] Leech Seed|[of] p2a: Whimsicott
|-heal|p2a: Whimsicott|18/100|[silent]
|faint|p1a: Dugtrio
|upkeep
|
|t:|1757788677
|switch|p1a: Jolteon|Jolteon, M|100/100
|turn|28
|
|t:|1757788685
|move|p2a: Whimsicott|Protect|p2a: Whimsicott
|-singleturn|p2a: Whimsicott|Protect
|move|p1a: Jolteon|Thunderbolt|p2a: Whimsicott
|-activate|p2a: Whimsicott|move: Protect
|
|-heal|p2a: Whimsicott|24/100|[from] item: Leftovers
|upkeep
|turn|29
|
|t:|1757788694
|move|p2a: Whimsicott|Leech Seed|p1a: Jolteon
|-start|p1a: Jolteon|move: Leech Seed
|move|p1a: Jolteon|Thunderbolt|p2a: Whimsicott
|-resisted|p2a: Whimsicott
|-damage|p2a: Whimsicott|0 fnt
|faint|p2a: Whimsicott
|
|upkeep
|
|t:|1757788701
|switch|p2a: Garganacl|Garganacl, F|92/100
|turn|30
|
|t:|1757788709
|switch|p1a: Slowbro|Slowbro, F, shiny|72/100
|move|p2a: Garganacl|Stealth Rock|p1a: Slowbro
|-sidestart|p1: PistachoNuclear|move: Stealth Rock
|
|-heal|p2a: Garganacl|98/100|[from] item: Leftovers
|upkeep
|turn|31
|
|t:|1757788721
|move|p2a: Garganacl|Salt Cure|p1a: Slowbro
|-damage|p1a: Slowbro|59/100
|-start|p1a: Slowbro|Salt Cure
|move|p1a: Slowbro|Surf|p2a: Garganacl
|-supereffective|p2a: Garganacl
|-damage|p2a: Garganacl|16/100
|
|-heal|p2a: Garganacl|22/100|[from] item: Leftovers
|-damage|p1a: Slowbro|34/100|[from] Salt Cure
|upkeep
|turn|32
|
|t:|1757788751
|switch|p1a: Crabominable|Crabominable, M|100/100
|-damage|p1a: Crabominable|88/100|[from] Stealth Rock
|move|p2a: Garganacl|Recover|p2a: Garganacl
|-heal|p2a: Garganacl|72/100
|
|-heal|p2a: Garganacl|78/100|[from] item: Leftovers
|upkeep
|turn|33
|
|t:|1757788765
|move|p1a: Crabominable|Close Combat|p2a: Garganacl
|-supereffective|p2a: Garganacl
|-damage|p2a: Garganacl|0 fnt
|-unboost|p1a: Crabominable|def|1
|-unboost|p1a: Crabominable|spd|1
|faint|p2a: Garganacl
|
|win|PistachoNuclear
|raw|PistachoNuclear's rating: 1232 &rarr; <strong>1255</strong><br />(+23 for winning)
|raw|milkmaster3001's rating: 1205 &rarr; <strong>1182</strong><br />(-23 for losing)
|l|☆milkmaster3001
|player|p2|
|l|☆PistachoNuclear
|player|p1|
