|j|☆Shduhsjejdhdjd
|j|☆Bogatyum
|t:|1757831986
|gametype|singles
|player|p1|Shduhsjejdhdjd|266|1105
|player|p2|Bogatyum|lucas|1123
|gen|9
|tier|[Gen 9] OU
|rated|
|rule|HP Percentage Mod: HP is shown in percentages
|rule|Endless Battle Clause: Forcing endless battles is banned
|rule|Species Clause: Limit one of each Pokémon
|rule|OHKO Clause: OHKO moves are banned
|rule|Evasion Items Clause: Evasion items are banned
|rule|Evasion Moves Clause: Evasion moves are banned
|rule|Evasion Abilities Clause: Evasion abilities are banned
|rule|Sleep Moves Clause: Sleep-inducing moves are banned
|clearpoke
|poke|p1|Chandelure, F|
|poke|p1|Haxorus, M|
|poke|p1|Krookodile, F|
|poke|p1|Whimsicott, F|
|poke|p1|Samurott-Hisui, F|
|poke|p1|Scizor, F|
|poke|p2|Tinkaton, F|
|poke|p2|Scream Tail|
|poke|p2|Wartortle, M|
|poke|p2|Raichu, M|
|poke|p2|Mimikyu, M|
|poke|p2|Primeape, M|
|teampreview
|
|t:|1757832001
|teamsize|p1|6
|teamsize|p2|6
|start
|switch|p1a: Samurott|Samurott-Hisui, F|100/100
|switch|p2a: Primeape|Primeape, M|100/100
|turn|1
|
|t:|1757832009
|move|p1a: Samurott|Ceaseless Edge|p2a: Primeape
|-resisted|p2a: Primeape
|-damage|p2a: Primeape|61/100
|-sidestart|p2: Bogatyum|Spikes
|-damage|p1a: Samurott|91/100|[from] item: Life Orb
|move|p2a: Primeape|Bulk Up|p2a: Primeape
|-boost|p2a: Primeape|atk|1
|-boost|p2a: Primeape|def|1
|
|-heal|p2a: Primeape|67/100|[from] item: Leftovers
|upkeep
|turn|2
|
|t:|1757832028
|move|p1a: Samurott|Ceaseless Edge|p2a: Primeape
|-resisted|p2a: Primeape
|-damage|p2a: Primeape|39/100
|-sidestart|p2: Bogatyum|Spikes
|-damage|p1a: Samurott|81/100|[from] item: Life Orb
|move|p2a: Primeape|Bulk Up|p2a: Primeape
|-boost|p2a: Primeape|atk|1
|-boost|p2a: Primeape|def|1
|
|-heal|p2a: Primeape|45/100|[from] item: Leftovers
|upkeep
|turn|3
|
|t:|1757832040
|move|p1a: Samurott|Ceaseless Edge|p2a: Primeape
|-resisted|p2a: Primeape
|-damage|p2a: Primeape|26/100
|-sidestart|p2: Bogatyum|Spikes
|-damage|p1a: Samurott|71/100|[from] item: Life Orb
|move|p2a: Primeape|Drain Punch|p1a: Samurott
|-supereffective|p1a: Samurott
|-damage|p1a: Samurott|0 fnt
|-heal|p2a: Primeape|68/100|[from] drain|[of] p1a: Samurott
|faint|p1a: Samurott
|
|-heal|p2a: Primeape|74/100|[from] item: Leftovers
|upkeep
|
|t:|1757832050
|switch|p1a: Whimsicott|Whimsicott, F, shiny|100/100
|turn|4
|
|t:|1757832057
|move|p1a: Whimsicott|Leech Seed|p2a: Primeape|[miss]
|-miss|p1a: Whimsicott|p2a: Primeape
|move|p2a: Primeape|Bulk Up|p2a: Primeape
|-boost|p2a: Primeape|atk|1
|-boost|p2a: Primeape|def|1
|
|-heal|p2a: Primeape|79/100|[from] item: Leftovers
|upkeep
|turn|5
|
|t:|1757832066
|move|p1a: Whimsicott|Encore|p2a: Primeape
|-start|p2a: Primeape|Encore
|move|p2a: Primeape|Bulk Up|p2a: Primeape
|-boost|p2a: Primeape|atk|1
|-boost|p2a: Primeape|def|1
|
|-heal|p2a: Primeape|85/100|[from] item: Leftovers
|upkeep
|turn|6
|
|t:|1757832078
|move|p1a: Whimsicott|Leech Seed|p2a: Primeape
|-start|p2a: Primeape|move: Leech Seed
|move|p2a: Primeape|Bulk Up|p2a: Primeape
|-boost|p2a: Primeape|atk|1
|-boost|p2a: Primeape|def|1
|
|-heal|p2a: Primeape|91/100|[from] item: Leftovers
|-damage|p2a: Primeape|79/100|[from] Leech Seed|[of] p1a: Whimsicott
|upkeep
|turn|7
|
|t:|1757832088
|move|p2a: Primeape|Bulk Up|p2a: Primeape
|-boost|p2a: Primeape|atk|1
|-boost|p2a: Primeape|def|1
|move|p1a: Whimsicott|Moonblast|p2a: Primeape
|-supereffective|p2a: Primeape
|-damage|p2a: Primeape|0 fnt
|faint|p2a: Primeape
|
|upkeep
|inactive|Battle timer is ON: inactive players will automatically lose when time's up. (requested by Shduhsjejdhdjd)
|
|t:|1757832115
|switch|p2a: Tinkaton|Tinkaton, F|100/100
|-damage|p2a: Tinkaton|76/100|[from] Spikes
|-ability|p2a: Tinkaton|Mold Breaker
|turn|8
|
|t:|1757832132
|move|p1a: Whimsicott|Protect|p1a: Whimsicott
|-singleturn|p1a: Whimsicott|Protect
|move|p2a: Tinkaton|Gigaton Hammer|p1a: Whimsicott
|-activate|p1a: Whimsicott|move: Protect
|
|-heal|p2a: Tinkaton|82/100|[from] item: Leftovers
|upkeep
|turn|9
|
|t:|1757832141
|move|p1a: Whimsicott|Encore|p2a: Tinkaton
|-start|p2a: Tinkaton|Encore
|move|p2a: Tinkaton|Gigaton Hammer|p1a: Whimsicott
|-supereffective|p1a: Whimsicott
|-damage|p1a: Whimsicott|0 fnt
|faint|p1a: Whimsicott
|-hint|Some effects can force a Pokemon to use Gigaton Hammer again in a row.
|
|-heal|p2a: Tinkaton|88/100|[from] item: Leftovers
|upkeep
|
|t:|1757832149
|switch|p1a: Chandelure|Chandelure, F|100/100
|turn|10
|
|t:|1757832165
|switch|p2a: Mimikyu|Mimikyu, M|100/100
|-damage|p2a: Mimikyu|76/100|[from] Spikes
|move|p1a: Chandelure|Flamethrower|p2a: Mimikyu
|-activate|p2a: Mimikyu|ability: Disguise
|-damage|p2a: Mimikyu|76/100
|-status|p2a: Mimikyu|brn
|detailschange|p2a: Mimikyu|Mimikyu-Busted, M
|-damage|p2a: Mimikyu|63/100 brn|[from] pokemon: Mimikyu-Busted
|
|-heal|p2a: Mimikyu|70/100 brn|[from] item: Leftovers
|-damage|p2a: Mimikyu|63/100 brn|[from] brn
|upkeep
|turn|11
|
|t:|1757832182
|move|p1a: Chandelure|Flamethrower|p2a: Mimikyu
|-damage|p2a: Mimikyu|2/100 brn
|move|p2a: Mimikyu|Shadow Ball|p1a: Chandelure
|-supereffective|p1a: Chandelure
|-damage|p1a: Chandelure|42/100
|
|-heal|p2a: Mimikyu|8/100 brn|[from] item: Leftovers
|-damage|p2a: Mimikyu|2/100 brn|[from] brn
|upkeep
|turn|12
|
|t:|1757832194
|move|p1a: Chandelure|Flamethrower|p2a: Mimikyu
|-damage|p2a: Mimikyu|0 fnt
|faint|p2a: Mimikyu
|
|upkeep
|
|t:|1757832208
|switch|p2a: Wartortle|Wartortle, M|100/100
|-damage|p2a: Wartortle|76/100|[from] Spikes
|turn|13
|
|t:|1757832214
|move|p2a: Wartortle|Aqua Jet|p1a: Chandelure
|-supereffective|p1a: Chandelure
|-damage|p1a: Chandelure|10/100
|move|p1a: Chandelure|Flamethrower|p2a: Wartortle
|-resisted|p2a: Wartortle
|-damage|p2a: Wartortle|40/100
|-status|p2a: Wartortle|brn
|
|-heal|p2a: Wartortle|46/100 brn|[from] item: Leftovers
|-damage|p2a: Wartortle|40/100 brn|[from] brn
|upkeep
|turn|14
|
|t:|1757832226
|move|p1a: Chandelure|Flamethrower|p2a: Wartortle
|-resisted|p2a: Wartortle
|-damage|p2a: Wartortle|5/100 brn
|move|p2a: Wartortle|Rain Dance|p2a: Wartortle
|-weather|RainDance
|
|-weather|RainDance|[upkeep]
|-heal|p2a: Wartortle|11/100 brn|[from] ability: Rain Dish
|-heal|p2a: Wartortle|17/100 brn|[from] item: Leftovers
|-damage|p2a: Wartortle|11/100 brn|[from] brn
|upkeep
|turn|15
|
|t:|1757832237
|move|p2a: Wartortle|Aqua Jet|p1a: Chandelure
|-supereffective|p1a: Chandelure
|-damage|p1a: Chandelure|0 fnt
|faint|p1a: Chandelure
|
|-weather|RainDance|[upkeep]
|-heal|p2a: Wartortle|17/100 brn|[from] ability: Rain Dish
|-heal|p2a: Wartortle|23/100 brn|[from] item: Leftovers
|-damage|p2a: Wartortle|17/100 brn|[from] brn
|upkeep
|
|t:|1757832239
|switch|p1a: Krookodile|Krookodile, F|100/100
|turn|16
|
|t:|1757832250
|-singleturn|p2a: Wartortle|move: Focus Punch
|move|p1a: Krookodile|Knock Off|p2a: Wartortle
|-damage|p2a: Wartortle|0 fnt
|-enditem|p2a: Wartortle|Leftovers|[from] move: Knock Off|[of] p1a: Krookodile
|faint|p2a: Wartortle
|-ability|p1a: Krookodile|Moxie|boost
|-boost|p1a: Krookodile|atk|1
|
|-weather|RainDance|[upkeep]
|upkeep
|
|t:|1757832267
|switch|p2a: Tinkaton|Tinkaton, F|88/100
|-damage|p2a: Tinkaton|63/100|[from] Spikes
|-ability|p2a: Tinkaton|Mold Breaker
|turn|17
|
|t:|1757832275
|move|p1a: Krookodile|Earthquake|p2a: Tinkaton
|-supereffective|p2a: Tinkaton
|-damage|p2a: Tinkaton|0 fnt
|faint|p2a: Tinkaton
|-ability|p1a: Krookodile|Moxie|boost
|-boost|p1a: Krookodile|atk|1
|
|-weather|RainDance|[upkeep]
|upkeep
|
|t:|1757832283
|switch|p2a: Raichu|Raichu, M|100/100
|-damage|p2a: Raichu|75/100|[from] Spikes
|turn|18
|
|t:|1757832291
|move|p1a: Krookodile|Earthquake|p2a: Raichu
|-supereffective|p2a: Raichu
|-damage|p2a: Raichu|0 fnt
|faint|p2a: Raichu
|-ability|p1a: Krookodile|Moxie|boost
|-boost|p1a: Krookodile|atk|1
|
|-weather|none
|upkeep
|
|t:|1757832299
|switch|p2a: Scream Tail|Scream Tail|100/100
|-damage|p2a: Scream Tail|76/100|[from] Spikes
|-enditem|p2a: Scream Tail|Booster Energy
|-activate|p2a: Scream Tail|ability: Protosynthesis|[fromitem]
|-start|p2a: Scream Tail|protosynthesisspd
|turn|19
|
|t:|1757832324
|move|p1a: Krookodile|Earthquake|p2a: Scream Tail
|-damage|p2a: Scream Tail|0 fnt
|faint|p2a: Scream Tail
|-end|p2a: Scream Tail|Protosynthesis|[silent]
|
|win|Shduhsjejdhdjd
|raw|Shduhsjejdhdjd's rating: 1105 &rarr; <strong>1131</strong><br />(+26 for winning)
|raw|Bogatyum's rating: 1123 &rarr; <strong>1097</strong><br />(-26 for losing)
|l|☆Shduhsjejdhdjd
|player|p1|
|l|☆Bogatyum
|player|p2|
