|j|☆blackdevil1
|j|☆taipan11
|t:|1757870397
|gametype|singles
|player|p1|blackdevil1|2|1199
|player|p2|taipan11|169|1251
|gen|9
|tier|[Gen 9] OU
|rated|
|rule|HP Percentage Mod: HP is shown in percentages
|rule|Endless Battle Clause: Forcing endless battles is banned
|rule|Species Clause: Limit one of each Pokémon
|rule|OHKO Clause: OHKO moves are banned
|rule|Evasion Items Clause: Evasion items are banned
|rule|Evasion Moves Clause: Evasion moves are banned
|rule|Evasion Abilities Clause: Evasion abilities are banned
|rule|Sleep Moves Clause: Sleep-inducing moves are banned
|clearpoke
|poke|p1|Ditto|
|poke|p1|Scizor, F|
|poke|p1|Hawlucha, F|
|poke|p1|Kilowattrel, F|
|poke|p1|Glimmora, F|
|poke|p1|Wo-Chien|
|poke|p2|Ninetales, M|
|poke|p2|Dragonite, F|
|poke|p2|Venusaur, M|
|poke|p2|Hatterene, F|
|poke|p2|Great Tusk|
|poke|p2|Walking Wake|
|teampreview
|
|t:|1757870403
|teamsize|p1|6
|teamsize|p2|6
|start
|switch|p1a: Glimmora|Glimmora, F|100/100
|switch|p2a: Die w A Smile|Hatterene, F|100/100
|turn|1
|inactive|Battle timer is ON: inactive players will automatically lose when time's up. (requested by blackdevil1)
|
|t:|1757870410
|move|p1a: Glimmora|Mortal Spin|p2a: Die w A Smile
|-supereffective|p2a: Die w A Smile
|-damage|p2a: Die w A Smile|89/100
|-status|p2a: Die w A Smile|psn
|-enditem|p2a: Die w A Smile|Eject Button
|
|t:|1757870428
|switch|p2a: Lynrd Spynrd|Great Tusk|100/100
|
|upkeep
|turn|2
|
|t:|1757870433
|move|p2a: Lynrd Spynrd|Headlong Rush|p1a: Glimmora
|-supereffective|p1a: Glimmora
|-enditem|p1a: Glimmora|Focus Sash
|-damage|p1a: Glimmora|1/100
|-unboost|p2a: Lynrd Spynrd|def|1
|-unboost|p2a: Lynrd Spynrd|spd|1
|-activate|p1a: Glimmora|ability: Toxic Debris
|-sidestart|p2: taipan11|move: Toxic Spikes
|move|p1a: Glimmora|Mortal Spin|p2a: Lynrd Spynrd
|-resisted|p2a: Lynrd Spynrd
|-damage|p2a: Lynrd Spynrd|98/100
|-status|p2a: Lynrd Spynrd|psn
|-damage|p1a: Glimmora|0 fnt|[from] item: Rocky Helmet|[of] p2a: Lynrd Spynrd
|faint|p1a: Glimmora
|
|-damage|p2a: Lynrd Spynrd|85/100 psn|[from] psn
|upkeep
|
|t:|1757870443
|switch|p1a: Kilowattrel|Kilowattrel, F|100/100
|turn|3
|
|t:|1757870453
|move|p1a: Kilowattrel|Air Slash|p2a: Lynrd Spynrd
|-supereffective|p2a: Lynrd Spynrd
|-damage|p2a: Lynrd Spynrd|0 fnt
|faint|p2a: Lynrd Spynrd
|-end|p2a: Lynrd Spynrd|Protosynthesis|[silent]
|-damage|p1a: Kilowattrel|91/100|[from] item: Life Orb
|
|upkeep
|
|t:|1757870463
|switch|p2a: Venu Vidi Vici|Venusaur, M|100/100
|-sideend|p2: taipan11|move: Toxic Spikes|[of] p2a: Venu Vidi Vici
|turn|4
|
|t:|1757870468
|switch|p2a: Die w A Smile|Hatterene, F|89/100 psn
|move|p1a: Kilowattrel|Volt Switch|p2a: Die w A Smile
|-damage|p2a: Die w A Smile|48/100 psn
|-damage|p1a: Kilowattrel|81/100|[from] item: Life Orb
|
|t:|1757870475
|switch|p1a: Scizor|Scizor, F|100/100|[from] Volt Switch
|
|-damage|p2a: Die w A Smile|35/100 psn|[from] psn
|upkeep
|turn|5
|
|t:|1757870482
|move|p1a: Scizor|Bullet Punch|p2a: Die w A Smile
|-supereffective|p2a: Die w A Smile
|-damage|p2a: Die w A Smile|0 fnt
|faint|p2a: Die w A Smile
|-damage|p1a: Scizor|91/100|[from] item: Life Orb
|
|upkeep
|
|t:|1757870490
|switch|p2a: Kurama Chakra Mode|Ninetales, M|100/100
|-weather|SunnyDay|[from] ability: Drought|[of] p2a: Kurama Chakra Mode
|turn|6
|
|t:|1757870503
|switch|p1a: Ditto|Ditto, shiny|100/100
|-transform|p1a: Ditto|p2a: Kurama Chakra Mode|[from] ability: Imposter
|move|p2a: Kurama Chakra Mode|Flamethrower|p1a: Ditto
|-resisted|p1a: Ditto
|-damage|p1a: Ditto|73/100
|
|-weather|SunnyDay|[upkeep]
|upkeep
|turn|7
|inactive|blackdevil1 has 120 seconds left.
|inactive|taipan11 has 120 seconds left.
|
|t:|1757870551
|switch|p2a: Dubya|Walking Wake|100/100
|-activate|p2a: Dubya|ability: Protosynthesis
|-start|p2a: Dubya|protosynthesisspa
|move|p1a: Ditto|Will-O-Wisp|p2a: Dubya
|-status|p2a: Dubya|brn
|
|-weather|SunnyDay|[upkeep]
|-damage|p2a: Dubya|94/100 brn|[from] brn
|upkeep
|turn|8
|
|t:|1757870562
|switch|p1a: Wo-Chien|Wo-Chien|100/100
|-ability|p1a: Wo-Chien|Tablets of Ruin
|move|p2a: Dubya|Hydro Steam|p1a: Wo-Chien
|-resisted|p1a: Wo-Chien
|-damage|p1a: Wo-Chien|61/100
|
|-weather|SunnyDay|[upkeep]
|-heal|p1a: Wo-Chien|67/100|[from] item: Leftovers
|-damage|p2a: Dubya|88/100 brn|[from] brn
|upkeep
|turn|9
|
|t:|1757870575
|-end|p2a: Dubya|Protosynthesis|[silent]
|switch|p2a: Kurama Chakra Mode|Ninetales, M|100/100
|move|p1a: Wo-Chien|Knock Off|p2a: Kurama Chakra Mode
|-damage|p2a: Kurama Chakra Mode|64/100
|-enditem|p2a: Kurama Chakra Mode|Heat Rock|[from] move: Knock Off|[of] p1a: Wo-Chien
|
|-weather|SunnyDay|[upkeep]
|-heal|p1a: Wo-Chien|73/100|[from] item: Leftovers
|upkeep
|turn|10
|
|t:|1757870584
|move|p1a: Wo-Chien|Protect|p1a: Wo-Chien
|-singleturn|p1a: Wo-Chien|Protect
|move|p2a: Kurama Chakra Mode|Flamethrower|p1a: Wo-Chien
|-activate|p1a: Wo-Chien|move: Protect
|
|-weather|SunnyDay|[upkeep]
|-heal|p1a: Wo-Chien|79/100|[from] item: Leftovers
|upkeep
|turn|11
|
|t:|1757870593
|switch|p1a: Ditto|Ditto, shiny|73/100
|-transform|p1a: Ditto|p2a: Kurama Chakra Mode|[from] ability: Imposter
|move|p2a: Kurama Chakra Mode|Flamethrower|p1a: Ditto
|-resisted|p1a: Ditto
|-damage|p1a: Ditto|44/100
|
|-weather|SunnyDay|[upkeep]
|upkeep
|turn|12
|inactive|taipan11 has 120 seconds left.
|
|t:|1757870606
|move|p1a: Ditto|Flamethrower|p2a: Kurama Chakra Mode
|-resisted|p2a: Kurama Chakra Mode
|-damage|p2a: Kurama Chakra Mode|47/100
|move|p2a: Kurama Chakra Mode|Flamethrower|p1a: Ditto
|-resisted|p1a: Ditto
|-damage|p1a: Ditto|16/100
|
|-weather|SunnyDay|[upkeep]
|upkeep
|turn|13
|
|t:|1757870618
|switch|p1a: Wo-Chien|Wo-Chien|79/100
|-ability|p1a: Wo-Chien|Tablets of Ruin
|move|p2a: Kurama Chakra Mode|Flamethrower|p1a: Wo-Chien
|-supereffective|p1a: Wo-Chien
|-damage|p1a: Wo-Chien|33/100
|
|-weather|none
|-heal|p1a: Wo-Chien|39/100|[from] item: Leftovers
|upkeep
|turn|14
|inactive|taipan11 has 120 seconds left.
|
|t:|1757870636
|move|p2a: Kurama Chakra Mode|Flamethrower|p1a: Wo-Chien
|-supereffective|p1a: Wo-Chien
|-damage|p1a: Wo-Chien|10/100
|move|p1a: Wo-Chien|Leech Seed|p2a: Kurama Chakra Mode
|-start|p2a: Kurama Chakra Mode|move: Leech Seed
|
|-heal|p1a: Wo-Chien|16/100|[from] item: Leftovers
|-damage|p2a: Kurama Chakra Mode|35/100|[from] Leech Seed|[of] p1a: Wo-Chien
|-heal|p1a: Wo-Chien|28/100|[silent]
|upkeep
|turn|15
|inactive|taipan11 has 120 seconds left.
|
|t:|1757870647
|switch|p2a: Venu Vidi Vici|Venusaur, M|100/100
|move|p1a: Wo-Chien|Protect||[still]
|-fail|p1a: Wo-Chien
|
|-heal|p1a: Wo-Chien|34/100|[from] item: Leftovers
|upkeep
|turn|16
|
|t:|1757870656
|switch|p2a: Kurama Chakra Mode|Ninetales, M|35/100
|-weather|SunnyDay|[from] ability: Drought|[of] p2a: Kurama Chakra Mode
|move|p1a: Wo-Chien|Knock Off|p2a: Kurama Chakra Mode
|-damage|p2a: Kurama Chakra Mode|11/100
|
|-weather|SunnyDay|[upkeep]
|-heal|p1a: Wo-Chien|40/100|[from] item: Leftovers
|upkeep
|turn|17
|
|t:|1757870678
|move|p1a: Wo-Chien|Protect|p1a: Wo-Chien
|-singleturn|p1a: Wo-Chien|Protect
|move|p2a: Kurama Chakra Mode|Flamethrower|p1a: Wo-Chien
|-activate|p1a: Wo-Chien|move: Protect
|
|-weather|SunnyDay|[upkeep]
|-heal|p1a: Wo-Chien|46/100|[from] item: Leftovers
|upkeep
|turn|18
|
|t:|1757870695
|move|p2a: Kurama Chakra Mode|Flamethrower|p1a: Wo-Chien
|-supereffective|p1a: Wo-Chien
|-damage|p1a: Wo-Chien|0 fnt
|faint|p1a: Wo-Chien
|
|-weather|SunnyDay|[upkeep]
|upkeep
|inactive|blackdevil1 has 120 seconds left.
|
|t:|1757870707
|switch|p1a: Hawlucha|Hawlucha, F|100/100
|turn|19
|
|t:|1757870727
|move|p2a: Kurama Chakra Mode|Flamethrower|p1a: Hawlucha
|-damage|p1a: Hawlucha|46/100
|-enditem|p1a: Hawlucha|Sitrus Berry|[eat]
|-heal|p1a: Hawlucha|71/100|[from] item: Sitrus Berry
|move|p1a: Hawlucha|Substitute|p1a: Hawlucha
|-start|p1a: Hawlucha|Substitute
|-damage|p1a: Hawlucha|46/100
|
|-weather|SunnyDay|[upkeep]
|upkeep
|turn|20
|
|t:|1757870737
|move|p1a: Hawlucha|Swords Dance|p1a: Hawlucha
|-boost|p1a: Hawlucha|atk|2
|move|p2a: Kurama Chakra Mode|Flamethrower|p1a: Hawlucha
|-end|p1a: Hawlucha|Substitute
|
|-weather|none
|upkeep
|turn|21
|
|t:|1757870747
|switch|p2a: Dubya|Walking Wake|88/100 brn
|move|p1a: Hawlucha|Acrobatics|p2a: Dubya
|-crit|p2a: Dubya
|-damage|p2a: Dubya|0 fnt
|faint|p2a: Dubya
|-end|p2a: Dubya|Protosynthesis|[silent]
|
|upkeep
|
|t:|1757870755
|switch|p2a: Dragonite|Dragonite, F|100/100
|turn|22
|
|t:|1757870765
|-terastallize|p2a: Dragonite|Flying
|move|p1a: Hawlucha|Acrobatics|p2a: Dragonite
|-damage|p2a: Dragonite|45/100
|move|p2a: Dragonite|Dragon Dance|p2a: Dragonite
|-boost|p2a: Dragonite|atk|1
|-boost|p2a: Dragonite|spe|1
|
|upkeep
|turn|23
|
|t:|1757870774
|move|p2a: Dragonite|Extreme Speed|p1a: Hawlucha
|-damage|p1a: Hawlucha|0 fnt
|faint|p1a: Hawlucha
|
|upkeep
|
|t:|1757870777
|switch|p1a: Ditto|Ditto, shiny|16/100
|-transform|p1a: Ditto|p2a: Dragonite|[from] ability: Imposter
|-start|p1a: Ditto|typechange|Dragon/Flying|[silent]
|turn|24
|
|t:|1757870783
|move|p1a: Ditto|Extreme Speed|p2a: Dragonite
|-damage|p2a: Dragonite|0 fnt
|faint|p2a: Dragonite
|
|upkeep
|
|t:|1757870788
|switch|p2a: Kurama Chakra Mode|Ninetales, M|11/100
|-weather|SunnyDay|[from] ability: Drought|[of] p2a: Kurama Chakra Mode
|turn|25
|
|t:|1757870794
|move|p1a: Ditto|Extreme Speed|p2a: Kurama Chakra Mode
|-damage|p2a: Kurama Chakra Mode|0 fnt
|faint|p2a: Kurama Chakra Mode
|
|-weather|SunnyDay|[upkeep]
|upkeep
|
|t:|1757870800
|switch|p2a: Venu Vidi Vici|Venusaur, M|100/100
|turn|26
|
|t:|1757870806
|move|p1a: Ditto|Extreme Speed|p2a: Venu Vidi Vici
|-damage|p2a: Venu Vidi Vici|37/100
|move|p2a: Venu Vidi Vici|Weather Ball|p1a: Ditto
|-resisted|p1a: Ditto
|-damage|p1a: Ditto|0 fnt
|faint|p1a: Ditto
|-damage|p2a: Venu Vidi Vici|27/100|[from] item: Life Orb
|
|-weather|SunnyDay|[upkeep]
|upkeep
|
|t:|1757870814
|switch|p1a: Scizor|Scizor, F|91/100
|turn|27
|-message|taipan11 forfeited.
|
|win|blackdevil1
|raw|blackdevil1's rating: 1199 &rarr; <strong>1228</strong><br />(+29 for winning)
|raw|taipan11's rating: 1251 &rarr; <strong>1222</strong><br />(-29 for losing)
|l|☆taipan11
|player|p2|
|l|☆blackdevil1
|player|p1|
