|j|☆souobrubo
|j|☆Yesman247
|t:|1757822523
|gametype|singles
|player|p1|souobrubo|265|1132
|player|p2|Yesman247|102|1177
|gen|9
|tier|[Gen 9] OU
|rated|
|rule|HP Percentage Mod: HP is shown in percentages
|rule|Endless Battle Clause: Forcing endless battles is banned
|rule|Species Clause: Limit one of each Pokémon
|rule|OHKO Clause: OHKO moves are banned
|rule|Evasion Items Clause: Evasion items are banned
|rule|Evasion Moves Clause: Evasion moves are banned
|rule|Evasion Abilities Clause: Evasion abilities are banned
|rule|Sleep Moves Clause: Sleep-inducing moves are banned
|clearpoke
|poke|p1|Scizor, M|
|poke|p1|Araquanid, F|
|poke|p1|Gliscor, M|
|poke|p1|Goodra-Hisui, M|
|poke|p1|Zoroark-Hisui, M|
|poke|p1|Florges-White, F|
|poke|p2|Zamazenta-*|
|poke|p2|Corviknight, M|
|poke|p2|Ting-Lu|
|poke|p2|Tyranitar, M|
|poke|p2|Pecharunt|
|poke|p2|Latios, M|
|teampreview
|inactive|Battle timer is ON: inactive players will automatically lose when time's up. (requested by Yesman247)
|inactive|souobrubo has 120 seconds left.
|
|t:|1757822570
|teamsize|p1|6
|teamsize|p2|6
|start
|switch|p1a: Araquanid|Araquanid, F|100/100
|switch|p2a: Corviknight|Corviknight, M|100/100
|-ability|p2a: Corviknight|Pressure
|turn|1
|
|t:|1757822578
|move|p2a: Corviknight|Brave Bird|p1a: Araquanid
|-supereffective|p1a: Araquanid
|-damage|p1a: Araquanid|47/100
|-damage|p2a: Corviknight|85/100|[from] Recoil
|move|p1a: Araquanid|Reflect|p1a: Araquanid
|-sidestart|p1: souobrubo|Reflect
|
|upkeep
|turn|2
|
|t:|1757822587
|move|p2a: Corviknight|Brave Bird|p1a: Araquanid
|-supereffective|p1a: Araquanid
|-damage|p1a: Araquanid|20/100
|-damage|p2a: Corviknight|78/100|[from] Recoil
|move|p1a: Araquanid|Sticky Web|p2a: Corviknight
|-sidestart|p2: Yesman247|move: Sticky Web
|
|upkeep
|turn|3
|
|t:|1757822596
|switch|p1a: Goodra|Goodra-Hisui, M|100/100
|move|p2a: Corviknight|Roost|p2a: Corviknight
|-heal|p2a: Corviknight|100/100
|-singleturn|p2a: Corviknight|move: Roost
|
|upkeep
|turn|4
|
|t:|1757822618
|switch|p2a: Tyranitar|Tyranitar, M|100/100
|-weather|Sandstorm|[from] ability: Sand Stream|[of] p2a: Tyranitar
|move|p1a: Goodra|Acid Armor|p1a: Goodra
|-boost|p1a: Goodra|def|2
|
|-weather|Sandstorm|[upkeep]
|upkeep
|turn|5
|
|t:|1757822627
|move|p1a: Goodra|Ice Beam|p2a: Tyranitar
|-damage|p2a: Tyranitar|88/100
|move|p2a: Tyranitar|Roar|p1a: Goodra
|drag|p1a: Araquanid|Araquanid, F|20/100
|
|-weather|Sandstorm|[upkeep]
|-damage|p1a: Araquanid|14/100|[from] Sandstorm
|upkeep
|turn|6
|
|t:|1757822638
|switch|p2a: Corviknight|Corviknight, M|100/100
|-ability|p2a: Corviknight|Pressure
|move|p1a: Araquanid|Leech Life|p2a: Corviknight
|-resisted|p2a: Corviknight
|-damage|p2a: Corviknight|97/100
|-heal|p1a: Araquanid|16/100|[from] drain|[of] p2a: Corviknight
|-damage|p1a: Araquanid|0 fnt|[from] item: Rocky Helmet|[of] p2a: Corviknight
|faint|p1a: Araquanid
|
|-weather|Sandstorm|[upkeep]
|upkeep
|
|t:|1757822648
|switch|p1a: Goodra|Goodra-Hisui, M|100/100
|turn|7
|
|t:|1757822659
|switch|p2a: Tyranitar|Tyranitar, M|88/100
|move|p1a: Goodra|Thunderbolt|p2a: Tyranitar
|-damage|p2a: Tyranitar|75/100
|
|-weather|Sandstorm|[upkeep]
|upkeep
|turn|8
|
|t:|1757822673
|switch|p1a: Florges|Florges-White, F, shiny|100/100
|move|p2a: Tyranitar|Knock Off|p1a: Florges
|-resisted|p1a: Florges
|-damage|p1a: Florges|84/100
|-enditem|p1a: Florges|Leftovers|[from] move: Knock Off|[of] p2a: Tyranitar
|
|-weather|none
|-sideend|p1: souobrubo|Reflect
|upkeep
|turn|9
|
|t:|1757822684
|switch|p2a: Pecharunt|Pecharunt|100/100
|move|p1a: Florges|Calm Mind|p1a: Florges
|-boost|p1a: Florges|spa|1
|-boost|p1a: Florges|spd|1
|
|upkeep
|turn|10
|
|t:|1757822697
|-terastallize|p1a: Florges|Ground
|move|p1a: Florges|Calm Mind|p1a: Florges
|-boost|p1a: Florges|spa|1
|-boost|p1a: Florges|spd|1
|move|p2a: Pecharunt|Malignant Chain|p1a: Florges
|-resisted|p1a: Florges
|-damage|p1a: Florges|77/100
|
|upkeep
|turn|11
|
|t:|1757822726
|move|p1a: Florges|Tera Blast|p2a: Pecharunt|[anim] Tera Blast Ground
|-supereffective|p2a: Pecharunt
|-damage|p2a: Pecharunt|0 fnt
|faint|p2a: Pecharunt
|
|upkeep
|inactive|Yesman247 has 120 seconds left.
|
|t:|1757822736
|switch|p2a: Tyranitar|Tyranitar, M|75/100
|-weather|Sandstorm|[from] ability: Sand Stream|[of] p2a: Tyranitar
|turn|12
|
|t:|1757822741
|-terastallize|p2a: Tyranitar|Ghost
|move|p1a: Florges|Moonblast|p2a: Tyranitar
|-damage|p2a: Tyranitar|17/100
|move|p2a: Tyranitar|Roar|p1a: Florges
|drag|p1a: Goodra|Goodra-Hisui, M|100/100
|
|-weather|Sandstorm|[upkeep]
|-damage|p2a: Tyranitar|11/100|[from] Sandstorm
|upkeep
|turn|13
|
|t:|1757822752
|move|p1a: Goodra|Acid Armor|p1a: Goodra
|-boost|p1a: Goodra|def|2
|move|p2a: Tyranitar|Stealth Rock|p1a: Goodra
|-sidestart|p1: souobrubo|move: Stealth Rock
|
|-weather|Sandstorm|[upkeep]
|-damage|p2a: Tyranitar|5/100|[from] Sandstorm
|upkeep
|turn|14
|
|t:|1757822761
|move|p1a: Goodra|Acid Armor|p1a: Goodra
|-boost|p1a: Goodra|def|2
|move|p2a: Tyranitar|Knock Off|p1a: Goodra
|-damage|p1a: Goodra|88/100
|-damage|p2a: Tyranitar|0 fnt|[from] item: Rocky Helmet|[of] p1a: Goodra
|-ability|p1a: Goodra|Gooey
|faint|p2a: Tyranitar
|
|-weather|Sandstorm|[upkeep]
|upkeep
|
|t:|1757822772
|switch|p2a: Latios|Latios, M|100/100
|turn|15
|
|t:|1757822781
|move|p2a: Latios|Calm Mind|p2a: Latios
|-boost|p2a: Latios|spa|1
|-boost|p2a: Latios|spd|1
|move|p1a: Goodra|Ice Beam|p2a: Latios
|-supereffective|p2a: Latios
|-damage|p2a: Latios|62/100
|
|-weather|Sandstorm|[upkeep]
|-damage|p2a: Latios|56/100|[from] Sandstorm
|upkeep
|turn|16
|
|t:|1757822790
|move|p2a: Latios|Calm Mind|p2a: Latios
|-boost|p2a: Latios|spa|1
|-boost|p2a: Latios|spd|1
|move|p1a: Goodra|Ice Beam|p2a: Latios
|-supereffective|p2a: Latios
|-damage|p2a: Latios|28/100
|
|-weather|none
|upkeep
|turn|17
|
|t:|1757822799
|move|p2a: Latios|Recover|p2a: Latios
|-heal|p2a: Latios|78/100
|move|p1a: Goodra|Ice Beam|p2a: Latios
|-supereffective|p2a: Latios
|-damage|p2a: Latios|49/100
|
|upkeep
|turn|18
|
|t:|1757822806
|move|p2a: Latios|Draco Meteor|p1a: Goodra|[miss]
|-miss|p2a: Latios|p1a: Goodra
|move|p1a: Goodra|Ice Beam|p2a: Latios
|-supereffective|p2a: Latios
|-crit|p2a: Latios
|-damage|p2a: Latios|0 fnt
|faint|p2a: Latios
|
|upkeep
|-message|Yesman247 forfeited.
|
|win|souobrubo
|raw|souobrubo's rating: 1132 &rarr; <strong>1160</strong><br />(+28 for winning)
|raw|Yesman247's rating: 1177 &rarr; <strong>1149</strong><br />(-28 for losing)
|c|☆souobrubo|omg
|l|☆Yesman247
|player|p2|
|l|☆souobrubo
|player|p1|
