|j|☆mansonabuluting
|j|☆BrokenChest2
|t:|1757917379
|gametype|singles
|player|p1|mansonabuluting|bellelba|1637
|player|p2|BrokenChest2|unknown|1593
|gen|9
|tier|[Gen 9] OU
|rated|
|rule|HP Percentage Mod: HP is shown in percentages
|rule|Endless Battle Clause: Forcing endless battles is banned
|rule|Species Clause: Limit one of each Pokémon
|rule|OHKO Clause: OHKO moves are banned
|rule|Evasion Items Clause: Evasion items are banned
|rule|Evasion Moves Clause: Evasion moves are banned
|rule|Evasion Abilities Clause: Evasion abilities are banned
|rule|Sleep Moves Clause: Sleep-inducing moves are banned
|clearpoke
|poke|p1|Rillaboom, F|
|poke|p1|Hawlucha, M|
|poke|p1|Thundurus-Therian, M|
|poke|p1|Great Tusk|
|poke|p1|Volcanion|
|poke|p1|Goodra-Hisui, M|
|poke|p2|Quagsire, F|
|poke|p2|Blissey, F|
|poke|p2|Toxapex, F|
|poke|p2|Sinistcha|
|poke|p2|Gliscor, M|
|poke|p2|Corviknight, M|
|teampreview
|inactive|Battle timer is ON: inactive players will automatically lose when time's up. (requested by BrokenChest2)
|
|t:|1757917392
|teamsize|p1|6
|teamsize|p2|6
|start
|switch|p1a: Great Tusk|Great Tusk|100/100
|switch|p2a: Gliscor|Gliscor, M|100/100
|turn|1
|
|t:|1757917395
|move|p2a: Gliscor|Protect|p2a: Gliscor
|-singleturn|p2a: Gliscor|Protect
|move|p1a: Great Tusk|Stealth Rock|p2a: Gliscor
|-sidestart|p2: BrokenChest2|move: Stealth Rock
|
|-status|p2a: Gliscor|tox|[from] item: Toxic Orb
|upkeep
|turn|2
|
|t:|1757917399
|move|p2a: Gliscor|Knock Off|p1a: Great Tusk
|-resisted|p1a: Great Tusk
|-damage|p1a: Great Tusk|96/100
|-damage|p2a: Gliscor|84/100 tox|[from] item: Rocky Helmet|[of] p1a: Great Tusk
|-enditem|p1a: Great Tusk|Rocky Helmet|[from] move: Knock Off|[of] p2a: Gliscor
|move|p1a: Great Tusk|Ice Spinner|p2a: Gliscor
|-supereffective|p2a: Gliscor
|-damage|p2a: Gliscor|11/100 tox
|
|-heal|p2a: Gliscor|24/100 tox|[from] ability: Poison Heal
|upkeep
|turn|3
|
|t:|1757917405
|move|p2a: Gliscor|Protect|p2a: Gliscor
|-singleturn|p2a: Gliscor|Protect
|move|p1a: Great Tusk|Ice Spinner|p2a: Gliscor
|-activate|p2a: Gliscor|move: Protect
|
|-heal|p2a: Gliscor|36/100 tox|[from] ability: Poison Heal
|upkeep
|turn|4
|
|t:|1757917411
|switch|p2a: Corviknight|Corviknight, M|100/100
|-ability|p2a: Corviknight|Pressure
|move|p1a: Great Tusk|Ice Spinner|p2a: Corviknight
|-damage|p2a: Corviknight|84/100
|
|upkeep
|turn|5
|
|t:|1757917419
|-end|p1a: Great Tusk|Protosynthesis|[silent]
|switch|p1a: Volcanion|Volcanion|100/100
|move|p2a: Corviknight|Defog|p1a: Volcanion
|-unboost|p1a: Volcanion|evasion|1
|-sideend|p2: BrokenChest2|Stealth Rock|[from] move: Defog|[of] p2a: Corviknight
|
|upkeep
|turn|6
|
|t:|1757917425
|switch|p2a: Blissey|Blissey, F|100/100
|switch|p1a: Rillaboom|Rillaboom, F|100/100
|-fieldstart|move: Grassy Terrain|[from] ability: Grassy Surge|[of] p1a: Rillaboom
|
|upkeep
|turn|7
|
|t:|1757917428
|switch|p2a: Corviknight|Corviknight, M|84/100
|-ability|p2a: Corviknight|Pressure
|move|p1a: Rillaboom|Knock Off|p2a: Corviknight
|-damage|p2a: Corviknight|48/100
|-enditem|p2a: Corviknight|Heavy-Duty Boots|[from] move: Knock Off|[of] p1a: Rillaboom
|
|upkeep
|turn|8
|
|t:|1757917435
|switch|p1a: Thundurus|Thundurus-Therian, M|100/100
|move|p2a: Corviknight|Roost|p2a: Corviknight
|-heal|p2a: Corviknight|98/100
|-singleturn|p2a: Corviknight|move: Roost
|
|-heal|p2a: Corviknight|100/100|[from] Grassy Terrain
|upkeep
|turn|9
|
|t:|1757917442
|switch|p2a: Gliscor|Gliscor, M|36/100 tox
|-terastallize|p1a: Thundurus|Flying
|move|p1a: Thundurus|Tera Blast|p2a: Gliscor|[anim] Tera Blast Flying
|-damage|p2a: Gliscor|0 fnt
|faint|p2a: Gliscor
|
|upkeep
|
|t:|1757917450
|switch|p2a: Blissey|Blissey, F|100/100
|turn|10
|
|t:|1757917457
|switch|p1a: Great Tusk|Great Tusk|96/100
|move|p2a: Blissey|Seismic Toss|p1a: Great Tusk
|-damage|p1a: Great Tusk|73/100
|
|-heal|p1a: Great Tusk|79/100|[from] Grassy Terrain
|-fieldend|move: Grassy Terrain
|upkeep
|turn|11
|
|t:|1757917465
|switch|p2a: Sinistcha|Sinistcha|100/100
|move|p1a: Great Tusk|Stealth Rock|p2a: Sinistcha
|-sidestart|p2: BrokenChest2|move: Stealth Rock
|
|upkeep
|turn|12
|
|t:|1757917470
|-end|p1a: Great Tusk|Protosynthesis|[silent]
|switch|p1a: Thundurus|Thundurus-Therian, M, tera:Flying|100/100
|move|p2a: Sinistcha|Matcha Gotcha|p1a: Thundurus|[miss]
|-miss|p2a: Sinistcha|p1a: Thundurus
|
|upkeep
|turn|13
|
|t:|1757917474
|switch|p2a: Blissey|Blissey, F|100/100
|move|p1a: Thundurus|Tera Blast|p2a: Blissey|[anim] Tera Blast Flying
|-damage|p2a: Blissey|82/100
|
|upkeep
|turn|14
|
|t:|1757917480
|switch|p1a: Rillaboom|Rillaboom, F|100/100
|-fieldstart|move: Grassy Terrain|[from] ability: Grassy Surge|[of] p1a: Rillaboom
|move|p2a: Blissey|Seismic Toss|p1a: Rillaboom
|-damage|p1a: Rillaboom|76/100
|
|-heal|p1a: Rillaboom|82/100|[from] Grassy Terrain
|-heal|p2a: Blissey|88/100|[from] Grassy Terrain
|upkeep
|turn|15
|
|t:|1757917488
|switch|p2a: Corviknight|Corviknight, M|100/100
|-damage|p2a: Corviknight|88/100|[from] Stealth Rock
|-ability|p2a: Corviknight|Pressure
|move|p1a: Rillaboom|U-turn|p2a: Corviknight
|-resisted|p2a: Corviknight
|-damage|p2a: Corviknight|81/100
|
|t:|1757917499
|switch|p1a: Thundurus|Thundurus-Therian, M, tera:Flying|100/100|[from] U-turn
|
|upkeep
|turn|16
|
|t:|1757917505
|switch|p2a: Quagsire|Quagsire, F|100/100
|move|p1a: Thundurus|Volt Switch|p2a: Quagsire
|-immune|p2a: Quagsire
|
|upkeep
|turn|17
|
|t:|1757917512
|switch|p1a: Rillaboom|Rillaboom, F|82/100
|move|p2a: Quagsire|Toxic|p1a: Rillaboom
|-status|p1a: Rillaboom|tox
|
|-heal|p1a: Rillaboom|88/100 tox|[from] Grassy Terrain
|-damage|p1a: Rillaboom|82/100 tox|[from] psn
|upkeep
|turn|18
|
|t:|1757917516
|switch|p2a: Corviknight|Corviknight, M|81/100
|-damage|p2a: Corviknight|69/100|[from] Stealth Rock
|-ability|p2a: Corviknight|Pressure
|move|p1a: Rillaboom|U-turn|p2a: Corviknight
|-resisted|p2a: Corviknight
|-damage|p2a: Corviknight|62/100
|
|t:|1757917521
|switch|p1a: Volcanion|Volcanion|100/100|[from] U-turn
|
|-fieldend|move: Grassy Terrain
|upkeep
|turn|19
|
|t:|1757917524
|switch|p2a: Blissey|Blissey, F|88/100
|move|p1a: Volcanion|Overheat|p2a: Blissey
|-damage|p2a: Blissey|56/100
|-unboost|p1a: Volcanion|spa|2
|
|upkeep
|turn|20
|
|t:|1757917538
|switch|p1a: Rillaboom|Rillaboom, F|82/100 tox
|-fieldstart|move: Grassy Terrain|[from] ability: Grassy Surge|[of] p1a: Rillaboom
|move|p2a: Blissey|Flamethrower|p1a: Rillaboom
|-supereffective|p1a: Rillaboom
|-damage|p1a: Rillaboom|45/100 tox
|
|-heal|p1a: Rillaboom|51/100 tox|[from] Grassy Terrain
|-heal|p2a: Blissey|62/100|[from] Grassy Terrain
|-damage|p1a: Rillaboom|45/100 tox|[from] psn
|upkeep
|turn|21
|
|t:|1757917545
|switch|p2a: Sinistcha|Sinistcha|100/100
|move|p1a: Rillaboom|U-turn|p2a: Sinistcha
|-damage|p2a: Sinistcha|73/100
|
|t:|1757917552
|switch|p1a: Thundurus|Thundurus-Therian, M, tera:Flying|100/100|[from] U-turn
|
|-heal|p2a: Sinistcha|79/100|[from] Grassy Terrain
|upkeep
|turn|22
|
|t:|1757917558
|switch|p2a: Blissey|Blissey, F|62/100
|move|p1a: Thundurus|Tera Blast|p2a: Blissey|[anim] Tera Blast Flying
|-damage|p2a: Blissey|41/100
|
|-heal|p2a: Blissey|47/100|[from] Grassy Terrain
|upkeep
|turn|23
|
|t:|1757917573
|switch|p1a: Rillaboom|Rillaboom, F|45/100 tox
|move|p2a: Blissey|Soft-Boiled|p2a: Blissey
|-heal|p2a: Blissey|97/100
|
|-heal|p1a: Rillaboom|51/100 tox|[from] Grassy Terrain
|-heal|p2a: Blissey|100/100|[from] Grassy Terrain
|-damage|p1a: Rillaboom|45/100 tox|[from] psn
|upkeep
|turn|24
|j| keepthatchinup
|
|t:|1757917589
|switch|p2a: Corviknight|Corviknight, M|62/100
|-damage|p2a: Corviknight|50/100|[from] Stealth Rock
|-ability|p2a: Corviknight|Pressure
|move|p1a: Rillaboom|U-turn|p2a: Corviknight
|-resisted|p2a: Corviknight
|-damage|p2a: Corviknight|43/100
|
|t:|1757917594
|switch|p1a: Volcanion|Volcanion|100/100|[from] U-turn
|
|-fieldend|move: Grassy Terrain
|upkeep
|turn|25
|
|t:|1757917602
|switch|p2a: Blissey|Blissey, F|100/100
|move|p1a: Volcanion|Steam Eruption|p2a: Blissey
|-damage|p2a: Blissey|72/100
|
|upkeep
|turn|26
|
|t:|1757917615
|switch|p1a: Thundurus|Thundurus-Therian, M, tera:Flying|100/100
|move|p2a: Blissey|Seismic Toss|p1a: Thundurus
|-damage|p1a: Thundurus|67/100
|
|upkeep
|turn|27
|
|t:|1757917622
|move|p1a: Thundurus|Volt Switch|p2a: Blissey
|-crit|p2a: Blissey
|-damage|p2a: Blissey|53/100
|
|t:|1757917628
|switch|p1a: Rillaboom|Rillaboom, F|45/100 tox|[from] Volt Switch
|-fieldstart|move: Grassy Terrain|[from] ability: Grassy Surge|[of] p1a: Rillaboom
|move|p2a: Blissey|Seismic Toss|p1a: Rillaboom
|-damage|p1a: Rillaboom|20/100 tox
|
|-heal|p1a: Rillaboom|26/100 tox|[from] Grassy Terrain
|-heal|p2a: Blissey|59/100|[from] Grassy Terrain
|-damage|p1a: Rillaboom|20/100 tox|[from] psn
|upkeep
|turn|28
|
|t:|1757917634
|move|p1a: Rillaboom|U-turn|p2a: Blissey
|-damage|p2a: Blissey|16/100
|l| keepthatchinup
|
|t:|1757917648
|switch|p1a: Hawlucha|Hawlucha, M|100/100|[from] U-turn
|-enditem|p1a: Hawlucha|Grassy Seed
|-boost|p1a: Hawlucha|def|1|[from] item: Grassy Seed
|move|p2a: Blissey|Soft-Boiled|p2a: Blissey
|-heal|p2a: Blissey|66/100
|
|-heal|p2a: Blissey|72/100|[from] Grassy Terrain
|upkeep
|turn|29
|
|t:|1757917653
|switch|p2a: Toxapex|Toxapex, F|100/100
|move|p1a: Hawlucha|Swords Dance|p1a: Hawlucha
|-boost|p1a: Hawlucha|atk|2
|
|upkeep
|turn|30
|
|t:|1757917660
|move|p1a: Hawlucha|Acrobatics|p2a: Toxapex
|-crit|p2a: Toxapex
|-damage|p2a: Toxapex|0 fnt
|faint|p2a: Toxapex
|
|upkeep
|
|t:|1757917668
|switch|p2a: Quagsire|Quagsire, F|100/100
|turn|31
|
|t:|1757917672
|move|p1a: Hawlucha|Substitute|p1a: Hawlucha
|-start|p1a: Hawlucha|Substitute
|-damage|p1a: Hawlucha|76/100
|move|p2a: Quagsire|Toxic||[still]
|-fail|p2a: Quagsire
|
|-fieldend|move: Grassy Terrain
|upkeep
|turn|32
|c|☆BrokenChest2|Crit
|c|☆mansonabuluting|i have no sympathy for a pathetic stall player
|-message|BrokenChest2 forfeited.
|
|win|mansonabuluting
|raw|mansonabuluting's rating: 1637 &rarr; <strong>1654</strong><br />(+17 for winning)
|raw|BrokenChest2's rating: 1593 &rarr; <strong>1576</strong><br />(-17 for losing)
|l|☆BrokenChest2
|player|p2|
|l|☆mansonabuluting
|player|p1|
