|j|☆kempppppp
|j|☆jakenister
|t:|1757919735
|gametype|singles
|player|p1|kempppppp|rocketgrunt|1138
|player|p2|jakenister|alder|1178
|gen|9
|tier|[Gen 9] OU
|rated|
|rule|HP Percentage Mod: HP is shown in percentages
|rule|Endless Battle Clause: Forcing endless battles is banned
|rule|Species Clause: Limit one of each Pokémon
|rule|OHKO Clause: OHKO moves are banned
|rule|Evasion Items Clause: Evasion items are banned
|rule|Evasion Moves Clause: Evasion moves are banned
|rule|Evasion Abilities Clause: Evasion abilities are banned
|rule|Sleep Moves Clause: Sleep-inducing moves are banned
|clearpoke
|poke|p1|Maushold-Four|
|poke|p1|Porygon-Z|
|poke|p1|Ditto|
|poke|p1|Blissey, F|
|poke|p1|Dragonite, M|
|poke|p1|Zoroark-Hisui, F|
|poke|p2|Gliscor, F|
|poke|p2|Clefable, M|
|poke|p2|Tinkaton, F|
|poke|p2|Garganacl, M|
|poke|p2|Dragonite, M|
|poke|p2|Zamazenta-*|
|teampreview
|inactive|Battle timer is ON: inactive players will automatically lose when time's up. (requested by jakenister)
|
|t:|1757919751
|teamsize|p1|6
|teamsize|p2|6
|start
|switch|p1a: Porygon-Z|Porygon-Z|100/100
|switch|p2a: Tinkaton|Tinkaton, F|100/100
|-item|p2a: Tinkaton|Air Balloon
|turn|1
|
|t:|1757919760
|move|p2a: Tinkaton|Thunder Wave|p1a: Porygon-Z
|-status|p1a: Porygon-Z|par
|move|p1a: Porygon-Z|Hyper Beam|p2a: Tinkaton
|-resisted|p2a: Tinkaton
|-damage|p2a: Tinkaton|30/100
|-mustrecharge|p1a: Porygon-Z
|-enditem|p2a: Tinkaton|Air Balloon
|
|upkeep
|turn|2
|
|t:|1757919770
|move|p2a: Tinkaton|Stealth Rock|p1a: Porygon-Z
|-sidestart|p1: kempppppp|move: Stealth Rock
|cant|p1a: Porygon-Z|recharge
|
|upkeep
|turn|3
|
|t:|1757919778
|switch|p2a: Gliscor|Gliscor, F|100/100
|move|p1a: Porygon-Z|Hyper Beam|p2a: Gliscor
|-damage|p2a: Gliscor|0 fnt
|-mustrecharge|p1a: Porygon-Z
|faint|p2a: Gliscor
|
|upkeep
|
|t:|1757919787
|switch|p2a: Dragonite|Dragonite, M|100/100
|turn|4
|
|t:|1757919791
|move|p2a: Dragonite|Dragon Dance|p2a: Dragonite
|-boost|p2a: Dragonite|atk|1
|-boost|p2a: Dragonite|spe|1
|cant|p1a: Porygon-Z|recharge
|
|upkeep
|turn|5
|
|t:|1757919804
|move|p2a: Dragonite|Earthquake|p1a: Porygon-Z
|-damage|p1a: Porygon-Z|7/100 par
|move|p1a: Porygon-Z|Hyper Beam|p2a: Dragonite
|-damage|p2a: Dragonite|3/100
|-mustrecharge|p1a: Porygon-Z
|
|upkeep
|turn|6
|
|t:|1757919815
|move|p2a: Dragonite|Dragon Dance|p2a: Dragonite
|-boost|p2a: Dragonite|atk|1
|-boost|p2a: Dragonite|spe|1
|cant|p1a: Porygon-Z|recharge
|
|upkeep
|turn|7
|
|t:|1757919821
|move|p2a: Dragonite|Earthquake|p1a: Porygon-Z
|-damage|p1a: Porygon-Z|0 fnt
|faint|p1a: Porygon-Z
|
|upkeep
|
|t:|1757919828
|switch|p1a: Ditto|Ditto|100/100
|-damage|p1a: Ditto|88/100|[from] Stealth Rock
|-transform|p1a: Ditto|p2a: Dragonite|[from] ability: Imposter
|turn|8
|
|t:|1757919847
|move|p1a: Ditto|Extreme Speed|p2a: Dragonite
|-damage|p2a: Dragonite|0 fnt
|faint|p2a: Dragonite
|
|upkeep
|
|t:|1757919870
|switch|p2a: Garganacl|Garganacl, M|100/100
|turn|9
|
|t:|1757919875
|-terastallize|p2a: Garganacl|Water
|move|p1a: Ditto|Extreme Speed|p2a: Garganacl
|-damage|p2a: Garganacl|62/100
|move|p2a: Garganacl|Salt Cure|p1a: Ditto
|-supereffective|p1a: Ditto
|-damage|p1a: Ditto|56/100
|-start|p1a: Ditto|Salt Cure
|
|-heal|p2a: Garganacl|68/100|[from] item: Leftovers
|-damage|p1a: Ditto|44/100|[from] Salt Cure
|upkeep
|turn|10
|
|t:|1757919887
|move|p1a: Ditto|Extreme Speed|p2a: Garganacl
|-damage|p2a: Garganacl|26/100
|move|p2a: Garganacl|Recover|p2a: Garganacl
|-heal|p2a: Garganacl|76/100
|
|-heal|p2a: Garganacl|82/100|[from] item: Leftovers
|-damage|p1a: Ditto|31/100|[from] Salt Cure
|upkeep
|turn|11
|
|t:|1757919900
|move|p1a: Ditto|Extreme Speed|p2a: Garganacl
|-damage|p2a: Garganacl|45/100
|move|p2a: Garganacl|Curse|p2a: Garganacl
|-unboost|p2a: Garganacl|spe|1
|-boost|p2a: Garganacl|atk|1
|-boost|p2a: Garganacl|def|1
|
|-heal|p2a: Garganacl|51/100|[from] item: Leftovers
|-damage|p1a: Ditto|19/100|[from] Salt Cure
|upkeep
|turn|12
|
|t:|1757919919
|switch|p1a: Dragonite|Dragonite, M|100/100
|move|p2a: Garganacl|Recover|p2a: Garganacl
|-heal|p2a: Garganacl|100/100
|
|upkeep
|turn|13
|
|t:|1757919943
|move|p1a: Dragonite|Calm Mind|p1a: Dragonite
|-boost|p1a: Dragonite|spa|1
|-boost|p1a: Dragonite|spd|1
|move|p2a: Garganacl|Salt Cure|p1a: Dragonite
|-damage|p1a: Dragonite|56/100
|-start|p1a: Dragonite|Salt Cure
|replace|p1a: Zoroark|Zoroark-Hisui, F
|-end|p1a: Zoroark|Illusion
|
|-damage|p1a: Zoroark|44/100|[from] Salt Cure
|upkeep
|turn|14
|
|t:|1757919957
|move|p1a: Zoroark|Hyper Voice|p2a: Garganacl
|-damage|p2a: Garganacl|50/100
|move|p2a: Garganacl|Curse|p2a: Garganacl
|-unboost|p2a: Garganacl|spe|1
|-boost|p2a: Garganacl|atk|1
|-boost|p2a: Garganacl|def|1
|
|-heal|p2a: Garganacl|56/100|[from] item: Leftovers
|-damage|p1a: Zoroark|31/100|[from] Salt Cure
|upkeep
|turn|15
|
|t:|1757919968
|move|p1a: Zoroark|Hyper Voice|p2a: Garganacl
|-crit|p2a: Garganacl
|-damage|p2a: Garganacl|0 fnt
|faint|p2a: Garganacl
|
|-damage|p1a: Zoroark|19/100|[from] Salt Cure
|upkeep
|c|☆jakenister|HOLLY
|c|☆jakenister|FCK
|inactive|jakenister has 120 seconds left.
|c|☆kempppppp|lucky
|
|t:|1757920008
|switch|p2a: Clefable|Clefable, M|100/100
|turn|16
|inactive|kempppppp has 120 seconds left.
|
|t:|1757920047
|move|p1a: Zoroark|Flamethrower|p2a: Clefable
|-damage|p2a: Clefable|55/100
|move|p2a: Clefable|Calm Mind|p2a: Clefable
|-boost|p2a: Clefable|spa|1
|-boost|p2a: Clefable|spd|1
|
|-heal|p2a: Clefable|61/100|[from] item: Leftovers
|-damage|p1a: Zoroark|6/100|[from] Salt Cure
|upkeep
|turn|17
|inactive|jakenister has 120 seconds left.
|
|t:|1757920061
|move|p1a: Zoroark|Flamethrower|p2a: Clefable
|-damage|p2a: Clefable|32/100
|move|p2a: Clefable|Moonlight|p2a: Clefable
|-heal|p2a: Clefable|82/100
|
|-heal|p2a: Clefable|88/100|[from] item: Leftovers
|-damage|p1a: Zoroark|0 fnt|[from] Salt Cure
|faint|p1a: Zoroark
|upkeep
|
|t:|1757920074
|switch|p1a: Ditto|Ditto|19/100
|-damage|p1a: Ditto|7/100|[from] Stealth Rock
|-transform|p1a: Ditto|p2a: Clefable|[from] ability: Imposter
|turn|18
|inactive|jakenister has 120 seconds left.
|inactive|kempppppp has 90 seconds left.
|
|t:|1757920105
|move|p1a: Ditto|Moonblast|p2a: Clefable
|-damage|p2a: Clefable|60/100
|move|p2a: Clefable|Knock Off|p1a: Ditto
|-resisted|p1a: Ditto
|-damage|p1a: Ditto|0 fnt
|-enditem|p1a: Ditto|Choice Scarf|[from] move: Knock Off|[of] p2a: Clefable
|faint|p1a: Ditto
|
|-heal|p2a: Clefable|66/100|[from] item: Leftovers
|upkeep
|
|t:|1757920118
|switch|p1a: Blissey|Blissey, F|100/100
|-damage|p1a: Blissey|88/100|[from] Stealth Rock
|turn|19
|
|t:|1757920124
|move|p2a: Clefable|Moonlight|p2a: Clefable
|-heal|p2a: Clefable|100/100
|move|p1a: Blissey|Thunder Wave|p2a: Clefable
|-status|p2a: Clefable|par
|
|-heal|p1a: Blissey|94/100|[from] item: Leftovers
|upkeep
|turn|20
|
|t:|1757920134
|move|p1a: Blissey|Seismic Toss|p2a: Clefable
|-damage|p2a: Clefable|75/100 par
|move|p2a: Clefable|Knock Off|p1a: Blissey
|-damage|p1a: Blissey|80/100
|-enditem|p1a: Blissey|Leftovers|[from] move: Knock Off|[of] p2a: Clefable
|
|-heal|p2a: Clefable|81/100 par|[from] item: Leftovers
|upkeep
|turn|21
|
|t:|1757920145
|move|p1a: Blissey|Seismic Toss|p2a: Clefable
|-damage|p2a: Clefable|56/100 par
|move|p2a: Clefable|Calm Mind|p2a: Clefable
|-boost|p2a: Clefable|spa|1
|-boost|p2a: Clefable|spd|1
|
|-heal|p2a: Clefable|62/100 par|[from] item: Leftovers
|upkeep
|turn|22
|
|t:|1757920156
|move|p1a: Blissey|Seismic Toss|p2a: Clefable
|-damage|p2a: Clefable|37/100 par
|move|p2a: Clefable|Moonblast|p1a: Blissey
|-crit|p1a: Blissey
|-damage|p1a: Blissey|43/100
|
|-heal|p2a: Clefable|43/100 par|[from] item: Leftovers
|upkeep
|turn|23
|inactive|kempppppp has 90 seconds left.
|
|t:|1757920171
|move|p1a: Blissey|Soft-Boiled|p1a: Blissey
|-heal|p1a: Blissey|93/100
|move|p2a: Clefable|Moonlight|p2a: Clefable
|-heal|p2a: Clefable|93/100 par
|
|-heal|p2a: Clefable|99/100 par|[from] item: Leftovers
|upkeep
|turn|24
|
|t:|1757920181
|switch|p2a: Tinkaton|Tinkaton, F|30/100
|move|p1a: Blissey|Seismic Toss|p2a: Tinkaton
|-damage|p2a: Tinkaton|4/100
|
|upkeep
|turn|25
|
|t:|1757920188
|move|p2a: Tinkaton|Thunder Wave|p1a: Blissey
|-status|p1a: Blissey|par
|move|p1a: Blissey|Seismic Toss|p2a: Tinkaton
|-damage|p2a: Tinkaton|0 fnt
|faint|p2a: Tinkaton
|
|upkeep
|
|t:|1757920193
|switch|p2a: Zamazenta|Zamazenta|100/100
|-ability|p2a: Zamazenta|Dauntless Shield|boost
|-boost|p2a: Zamazenta|def|1
|turn|26
|
|t:|1757920202
|move|p2a: Zamazenta|Iron Defense|p2a: Zamazenta
|-boost|p2a: Zamazenta|def|2
|move|p1a: Blissey|Thunder Wave|p2a: Zamazenta
|-status|p2a: Zamazenta|par
|
|upkeep
|turn|27
|
|t:|1757920210
|move|p2a: Zamazenta|Body Press|p1a: Blissey
|-supereffective|p1a: Blissey
|-crit|p1a: Blissey
|-damage|p1a: Blissey|0 fnt
|faint|p1a: Blissey
|
|upkeep
|
|t:|1757920225
|switch|p1a: Maushold|Maushold-Four|100/100
|-damage|p1a: Maushold|88/100|[from] Stealth Rock
|turn|28
|
|t:|1757920233
|move|p1a: Maushold|Tidy Up|p1a: Maushold
|-sideend|p1: kempppppp|Stealth Rock
|-activate|p1a: Maushold|move: Tidy Up
|-boost|p1a: Maushold|atk|1
|-boost|p1a: Maushold|spe|1
|cant|p2a: Zamazenta|par
|
|upkeep
|turn|29
|
|t:|1757920249
|move|p1a: Maushold|Population Bomb|p2a: Zamazenta
|-damage|p2a: Zamazenta|96/100 par
|-damage|p2a: Zamazenta|90/100 par
|-hitcount|p2a: Zamazenta|2
|move|p2a: Zamazenta|Body Press|p1a: Maushold
|-supereffective|p1a: Maushold
|-damage|p1a: Maushold|0 fnt
|faint|p1a: Maushold
|
|-heal|p2a: Zamazenta|97/100 par|[from] item: Leftovers
|upkeep
|
|t:|1757920261
|switch|p1a: Dragonite|Dragonite, M|100/100
|turn|30
|
|t:|1757920275
|move|p1a: Dragonite|Earthquake|p2a: Zamazenta
|-damage|p2a: Zamazenta|78/100 par
|cant|p2a: Zamazenta|par
|
|-heal|p2a: Zamazenta|84/100 par|[from] item: Leftovers
|upkeep
|turn|31
|
|t:|1757920283
|move|p1a: Dragonite|Earthquake|p2a: Zamazenta
|-damage|p2a: Zamazenta|67/100 par
|move|p2a: Zamazenta|Crunch|p1a: Dragonite
|-damage|p1a: Dragonite|91/100
|
|-heal|p2a: Zamazenta|73/100 par|[from] item: Leftovers
|upkeep
|turn|32
|inactive|kempppppp has 120 seconds left.
|
|t:|1757920293
|switch|p2a: Clefable|Clefable, M|99/100 par
|move|p1a: Dragonite|Earthquake|p2a: Clefable
|-crit|p2a: Clefable
|-damage|p2a: Clefable|33/100 par
|
|-heal|p2a: Clefable|39/100 par|[from] item: Leftovers
|upkeep
|turn|33
|
|t:|1757920302
|move|p1a: Dragonite|Earthquake|p2a: Clefable
|-damage|p2a: Clefable|0 fnt
|faint|p2a: Clefable
|
|upkeep
|
|t:|1757920305
|switch|p2a: Zamazenta|Zamazenta|73/100 par
|turn|34
|
|t:|1757920309
|move|p1a: Dragonite|Earthquake|p2a: Zamazenta
|-damage|p2a: Zamazenta|32/100 par
|cant|p2a: Zamazenta|par
|
|-heal|p2a: Zamazenta|38/100 par|[from] item: Leftovers
|upkeep
|turn|35
|c|☆kempppppp|XD
|
|t:|1757920320
|move|p1a: Dragonite|Earthquake|p2a: Zamazenta
|-damage|p2a: Zamazenta|0 fnt
|faint|p2a: Zamazenta
|
|win|kempppppp
|raw|kempppppp's rating: 1138 &rarr; <strong>1166</strong><br />(+28 for winning)
|raw|jakenister's rating: 1178 &rarr; <strong>1150</strong><br />(-28 for losing)
|l|☆jakenister
|player|p2|
|l|☆kempppppp
|player|p1|
