|j|☆nnmnnmn
|j|☆FraylasDevotea
|t:|1757898500
|gametype|singles
|player|p1|nnmnnmn|beauty-gen4dp|
|player|p2|FraylasDevotea|cynthia|
|gen|9
|tier|[Gen 9] OU
|rule|HP Percentage Mod: HP is shown in percentages
|rule|Endless Battle Clause: Forcing endless battles is banned
|rule|Species Clause: Limit one of each Pokémon
|rule|OHKO Clause: OHKO moves are banned
|rule|Evasion Items Clause: Evasion items are banned
|rule|Evasion Moves Clause: Evasion moves are banned
|rule|Evasion Abilities Clause: Evasion abilities are banned
|rule|Sleep Moves Clause: Sleep-inducing moves are banned
|clearpoke
|poke|p1|Ursaluna, F|
|poke|p1|Barraskewda, F|
|poke|p1|Cinccino, F|
|poke|p1|Porygon2|
|poke|p1|Pelipper, M|
|poke|p1|Amoonguss, M|
|poke|p2|Dragapult, F|
|poke|p2|Gastrodon, F|
|poke|p2|Excadrill, F|
|poke|p2|Jirachi|
|poke|p2|Darkrai|
|poke|p2|Weezing, M|
|teampreview
|
|t:|1757898562
|teamsize|p1|6
|teamsize|p2|6
|start
|switch|p1a: 2ie|Porygon2|100/100
|switch|p2a: Methane|Weezing, M, shiny|100/100
|-ability|p1a: 2ie|Download|boost
|-boost|p1a: 2ie|spa|1
|turn|1
|
|t:|1757898580
|move|p2a: Methane|Toxic Spikes|p1a: 2ie
|-sidestart|p1: nnmnnmn|move: Toxic Spikes
|move|p1a: 2ie|Trick Room|p1a: 2ie
|-fieldstart|move: Trick Room|[of] p1a: 2ie
|
|upkeep
|turn|2
|
|t:|1757898592
|switch|p1a: Carmen Berzatto|Ursaluna, F|100/100
|-status|p1a: Carmen Berzatto|psn
|move|p2a: Methane|Gunk Shot|p1a: Carmen Berzatto
|-resisted|p1a: Carmen Berzatto
|-damage|p1a: Carmen Berzatto|88/100 psn
|
|-damage|p1a: Carmen Berzatto|75/100 psn|[from] psn
|upkeep
|turn|3
|j| TaviPM
|
|t:|1757898629
|move|p1a: Carmen Berzatto|Earthquake|p2a: Methane
|-immune|p2a: Methane|[from] ability: Levitate
|move|p2a: Methane|Toxic Spikes|p1a: Carmen Berzatto
|-sidestart|p1: nnmnnmn|move: Toxic Spikes
|
|-damage|p1a: Carmen Berzatto|63/100 psn|[from] psn
|upkeep
|turn|4
|
|t:|1757898653
|switch|p1a: Sus?|Amoonguss, M|100/100
|-sideend|p1: nnmnnmn|move: Toxic Spikes|[of] p1a: Sus?
|move|p2a: Methane|Gunk Shot|p1a: Sus?|[miss]
|-miss|p2a: Methane|p1a: Sus?
|
|upkeep
|turn|5
|
|t:|1757898661
|move|p1a: Sus?|Stun Spore|p2a: Methane
|-status|p2a: Methane|par
|move|p2a: Methane|Toxic Spikes|p1a: Sus?
|-sidestart|p1: nnmnnmn|move: Toxic Spikes
|
|-fieldend|move: Trick Room
|upkeep
|turn|6
|
|t:|1757898674
|switch|p1a: Lip|Pelipper, M|100/100
|-weather|RainDance|[from] ability: Drizzle|[of] p1a: Lip
|move|p2a: Methane|Explosion|p1a: Lip
|-damage|p1a: Lip|49/100
|faint|p2a: Methane
|
|-weather|RainDance|[upkeep]
|upkeep
|l| TaviPM
|j| TaviPM
|
|t:|1757898695
|switch|p2a: Gae Bulg|Excadrill, F|100/100
|-ability|p2a: Gae Bulg|Mold Breaker
|turn|7
|
|t:|1757898741
|move|p2a: Gae Bulg|Stealth Rock|p1a: Lip
|-sidestart|p1: nnmnnmn|move: Stealth Rock
|move|p1a: Lip|Weather Ball|p2a: Gae Bulg
|-supereffective|p2a: Gae Bulg
|-damage|p2a: Gae Bulg|3/100
|-enditem|p2a: Gae Bulg|Weakness Policy
|-boost|p2a: Gae Bulg|atk|2|[from] item: Weakness Policy
|-boost|p2a: Gae Bulg|spa|2|[from] item: Weakness Policy
|
|-weather|RainDance|[upkeep]
|upkeep
|turn|8
|
|t:|1757898767
|move|p2a: Gae Bulg|Rock Slide|p1a: Lip
|-supereffective|p1a: Lip
|-damage|p1a: Lip|0 fnt
|faint|p1a: Lip
|
|-weather|RainDance|[upkeep]
|upkeep
|
|t:|1757898773
|switch|p1a: Skeezy|Barraskewda, F|100/100
|-status|p1a: Skeezy|psn
|-damage|p1a: Skeezy|88/100 psn|[from] Stealth Rock
|turn|9
|
|t:|1757898792
|switch|p2a: MPS|Gastrodon, F|100/100
|move|p1a: Skeezy|Ice Fang|p2a: MPS|[miss]
|-miss|p1a: Skeezy|p2a: MPS
|
|-weather|RainDance|[upkeep]
|-damage|p1a: Skeezy|76/100 psn|[from] psn
|upkeep
|turn|10
|
|t:|1757898806
|switch|p1a: Sus?|Amoonguss, M|100/100
|-sideend|p1: nnmnnmn|move: Toxic Spikes|[of] p1a: Sus?
|-damage|p1a: Sus?|88/100|[from] Stealth Rock
|move|p2a: MPS|Earth Power|p1a: Sus?
|-damage|p1a: Sus?|60/100
|
|-weather|RainDance|[upkeep]
|-heal|p1a: Sus?|66/100|[from] item: Black Sludge
|upkeep
|turn|11
|
|t:|1757898856
|switch|p2a: Kenshi|Jirachi, shiny|100/100
|move|p1a: Sus?|Stun Spore|p2a: Kenshi
|-status|p2a: Kenshi|par
|
|-weather|RainDance|[upkeep]
|-heal|p1a: Sus?|72/100|[from] item: Black Sludge
|upkeep
|turn|12
|
|t:|1757898882
|switch|p1a: Carmen Berzatto|Ursaluna, F|63/100 psn
|-damage|p1a: Carmen Berzatto|57/100 psn|[from] Stealth Rock
|cant|p2a: Kenshi|par
|
|-weather|RainDance|[upkeep]
|-damage|p1a: Carmen Berzatto|45/100 psn|[from] psn
|upkeep
|turn|13
|
|t:|1757898920
|cant|p2a: Kenshi|par
|move|p1a: Carmen Berzatto|Earthquake|p2a: Kenshi
|-supereffective|p2a: Kenshi
|-damage|p2a: Kenshi|0 fnt
|faint|p2a: Kenshi
|
|-weather|none
|-damage|p1a: Carmen Berzatto|32/100 psn|[from] psn
|upkeep
|
|t:|1757898945
|switch|p2a: Gae Bulg|Excadrill, F|3/100
|-ability|p2a: Gae Bulg|Mold Breaker
|turn|14
|
|t:|1757898971
|move|p2a: Gae Bulg|Earthquake|p1a: Carmen Berzatto
|-damage|p1a: Carmen Berzatto|0 fnt
|faint|p1a: Carmen Berzatto
|
|upkeep
|
|t:|1757898977
|switch|p1a: Skeezy|Barraskewda, F|76/100 psn
|-damage|p1a: Skeezy|64/100 psn|[from] Stealth Rock
|turn|15
|
|t:|1757898997
|move|p1a: Skeezy|Ice Fang|p2a: Gae Bulg
|-damage|p2a: Gae Bulg|0 fnt
|faint|p2a: Gae Bulg
|
|-damage|p1a: Skeezy|52/100 psn|[from] psn
|upkeep
|
|t:|1757899008
|switch|p2a: MPS|Gastrodon, F|100/100
|turn|16
|
|t:|1757899021
|move|p1a: Skeezy|Ice Fang|p2a: MPS
|-damage|p2a: MPS|59/100
|move|p2a: MPS|Earth Power|p1a: Skeezy
|-damage|p1a: Skeezy|0 fnt
|faint|p1a: Skeezy
|
|-heal|p2a: MPS|65/100|[from] item: Leftovers
|upkeep
|
|t:|1757899029
|switch|p1a: Sus?|Amoonguss, M|100/100
|-damage|p1a: Sus?|88/100|[from] Stealth Rock
|turn|17
|
|t:|1757899040
|move|p2a: MPS|Ice Beam|p1a: Sus?
|-supereffective|p1a: Sus?
|-damage|p1a: Sus?|49/100
|move|p1a: Sus?|Stun Spore|p2a: MPS
|-status|p2a: MPS|par
|
|-heal|p1a: Sus?|55/100|[from] item: Black Sludge
|-heal|p2a: MPS|71/100 par|[from] item: Leftovers
|upkeep
|turn|18
|
|t:|1757899052
|move|p1a: Sus?|Giga Drain|p2a: MPS
|-supereffective|p2a: MPS
|-damage|p2a: MPS|0 fnt
|-heal|p1a: Sus?|93/100|[from] drain|[of] p2a: MPS
|faint|p2a: MPS
|
|-heal|p1a: Sus?|99/100|[from] item: Black Sludge
|upkeep
|
|t:|1757899068
|switch|p2a: Tu|Dragapult, F|100/100
|turn|19
|
|t:|1757899072
|-terastallize|p2a: Tu|Dragon
|move|p2a: Tu|Dragon Darts|p1a: Sus?
|-damage|p1a: Sus?|50/100
|-anim|p2a: Tu|Dragon Darts|p1a: Sus?
|-damage|p1a: Sus?|0 fnt
|faint|p1a: Sus?
|
|upkeep
|
|t:|1757899085
|switch|p1a: 2ie|Porygon2|100/100
|-damage|p1a: 2ie|88/100|[from] Stealth Rock
|-ability|p1a: 2ie|Download|boost
|-boost|p1a: 2ie|atk|1
|turn|20
|
|t:|1757899093
|move|p2a: Tu|Dragon Darts|p1a: 2ie
|-damage|p1a: 2ie|54/100
|-anim|p2a: Tu|Dragon Darts|p1a: 2ie
|-damage|p1a: 2ie|24/100
|move|p1a: 2ie|Blizzard|p2a: Tu
|-supereffective|p2a: Tu
|-damage|p2a: Tu|23/100
|
|upkeep
|turn|21
|
|t:|1757899110
|move|p2a: Tu|Dragon Darts|p1a: 2ie
|-damage|p1a: 2ie|0 fnt
|faint|p1a: 2ie
|
|upkeep
|
|t:|1757899114
|switch|p1a: Michelob Ultra|Cinccino, F|100/100
|-damage|p1a: Michelob Ultra|88/100|[from] Stealth Rock
|turn|22
|
|t:|1757899121
|move|p2a: Tu|Dragon Darts|p1a: Michelob Ultra
|-damage|p1a: Michelob Ultra|0 fnt
|faint|p1a: Michelob Ultra
|
|win|FraylasDevotea
|l|☆nnmnnmn
|player|p1|
