|j|☆the_real_janine_17
|j|☆U_Quokka
|t:|1757825032
|gametype|singles
|player|p1|the_real_janine_17|janine|1344
|player|p2|U_Quokka|waiter-gen4dp|1321
|gen|9
|tier|[Gen 9] OU
|rated|
|rule|HP Percentage Mod: HP is shown in percentages
|rule|Endless Battle Clause: Forcing endless battles is banned
|rule|Species Clause: Limit one of each Pokémon
|rule|OHKO Clause: OHKO moves are banned
|rule|Evasion Items Clause: Evasion items are banned
|rule|Evasion Moves Clause: Evasion moves are banned
|rule|Evasion Abilities Clause: Evasion abilities are banned
|rule|Sleep Moves Clause: Sleep-inducing moves are banned
|clearpoke
|poke|p1|Keldeo-Resolute|
|poke|p1|Ogerpon-Wellspring, F|
|poke|p1|Enamorus, F|
|poke|p1|Iron Moth|
|poke|p1|Dragapult, M|
|poke|p1|Iron Treads|
|poke|p2|Iron Crown|
|poke|p2|Meowscarada, F|
|poke|p2|Great Tusk|
|poke|p2|Pecharunt|
|poke|p2|Ting-Lu|
|poke|p2|Iron Valiant|
|teampreview
|inactive|Battle timer is ON: inactive players will automatically lose when time's up. (requested by the_real_janine_17)
|
|t:|1757825060
|teamsize|p1|6
|teamsize|p2|6
|start
|switch|p1a: Keldeo|Keldeo-Resolute|100/100
|switch|p2a: Iron Crown|Iron Crown|100/100
|turn|1
|
|t:|1757825073
|move|p1a: Keldeo|Surf|p2a: Iron Crown
|-damage|p2a: Iron Crown|32/100
|move|p2a: Iron Crown|Focus Blast|p1a: Keldeo
|-damage|p1a: Keldeo|32/100
|
|upkeep
|turn|2
|
|t:|1757825098
|move|p1a: Keldeo|Surf|p2a: Iron Crown
|-damage|p2a: Iron Crown|0 fnt
|faint|p2a: Iron Crown
|-end|p2a: Iron Crown|Quark Drive|[silent]
|
|upkeep
|
|t:|1757825101
|switch|p2a: Meowscarada|Meowscarada, F|100/100
|turn|3
|
|t:|1757825112
|switch|p1a: Iron Treads|Iron Treads|100/100
|move|p2a: Meowscarada|U-turn|p1a: Iron Treads
|-start|p2a: Meowscarada|typechange|Bug|[from] ability: Protean
|-resisted|p1a: Iron Treads
|-damage|p1a: Iron Treads|85/100
|-damage|p2a: Meowscarada|84/100|[from] item: Rocky Helmet|[of] p1a: Iron Treads
|
|t:|1757825115
|switch|p2a: Ting-Lu|Ting-Lu|100/100|[from] U-turn
|-ability|p2a: Ting-Lu|Vessel of Ruin
|
|upkeep
|turn|4
|
|t:|1757825123
|-end|p1a: Iron Treads|Quark Drive|[silent]
|switch|p1a: Enamorus|Enamorus, F|100/100
|move|p2a: Ting-Lu|Stealth Rock|p1a: Enamorus
|-sidestart|p1: the_real_janine_17|move: Stealth Rock
|
|upkeep
|turn|5
|
|t:|1757825143
|-terastallize|p2a: Ting-Lu|Water
|move|p1a: Enamorus|Earth Power|p2a: Ting-Lu
|-damage|p2a: Ting-Lu|87/100
|move|p2a: Ting-Lu|Ruination|p1a: Enamorus
|-damage|p1a: Enamorus|51/100
|
|-heal|p2a: Ting-Lu|94/100|[from] item: Leftovers
|upkeep
|turn|6
|
|t:|1757825153
|move|p1a: Enamorus|Superpower|p2a: Ting-Lu
|-damage|p2a: Ting-Lu|76/100
|-boost|p1a: Enamorus|atk|1
|-boost|p1a: Enamorus|def|1
|move|p2a: Ting-Lu|Whirlwind|p1a: Enamorus
|drag|p1a: Iron Treads|Iron Treads|85/100
|-damage|p1a: Iron Treads|82/100|[from] Stealth Rock
|
|-heal|p2a: Ting-Lu|83/100|[from] item: Leftovers
|upkeep
|turn|7
|
|t:|1757825163
|move|p1a: Iron Treads|Stealth Rock|p2a: Ting-Lu
|-sidestart|p2: U_Quokka|move: Stealth Rock
|move|p2a: Ting-Lu|Earthquake|p1a: Iron Treads
|-supereffective|p1a: Iron Treads
|-damage|p1a: Iron Treads|33/100
|
|-heal|p2a: Ting-Lu|89/100|[from] item: Leftovers
|upkeep
|turn|8
|
|t:|1757825168
|move|p1a: Iron Treads|Rapid Spin|p2a: Ting-Lu
|-damage|p2a: Ting-Lu|80/100
|-boost|p1a: Iron Treads|spe|1
|-sideend|p1: the_real_janine_17|Stealth Rock|[from] move: Rapid Spin|[of] p1a: Iron Treads
|move|p2a: Ting-Lu|Earthquake|p1a: Iron Treads
|-supereffective|p1a: Iron Treads
|-damage|p1a: Iron Treads|0 fnt
|faint|p1a: Iron Treads
|-end|p1a: Iron Treads|Quark Drive|[silent]
|
|-heal|p2a: Ting-Lu|86/100|[from] item: Leftovers
|upkeep
|
|t:|1757825176
|switch|p1a: Ogerpon|Ogerpon-Wellspring, F|100/100
|turn|9
|
|t:|1757825179
|switch|p2a: Pecharunt|Pecharunt|100/100
|move|p1a: Ogerpon|Power Whip|p2a: Pecharunt
|-resisted|p2a: Pecharunt
|-damage|p2a: Pecharunt|85/100
|
|upkeep
|turn|10
|
|t:|1757825185
|move|p1a: Ogerpon|Knock Off|p2a: Pecharunt
|-supereffective|p2a: Pecharunt
|-damage|p2a: Pecharunt|51/100
|-enditem|p2a: Pecharunt|Heavy-Duty Boots|[from] move: Knock Off|[of] p1a: Ogerpon
|move|p2a: Pecharunt|Parting Shot|p1a: Ogerpon
|-unboost|p1a: Ogerpon|atk|1
|-unboost|p1a: Ogerpon|spa|1
|
|t:|1757825198
|switch|p2a: Meowscarada|Meowscarada, F|84/100|[from] Parting Shot
|-damage|p2a: Meowscarada|72/100|[from] Stealth Rock
|
|upkeep
|turn|11
|
|t:|1757825205
|switch|p1a: Keldeo|Keldeo-Resolute|32/100
|move|p2a: Meowscarada|U-turn|p1a: Keldeo
|-start|p2a: Meowscarada|typechange|Bug|[from] ability: Protean
|-resisted|p1a: Keldeo
|-damage|p1a: Keldeo|5/100
|
|t:|1757825214
|switch|p2a: Ting-Lu|Ting-Lu, tera:Water|86/100|[from] U-turn
|-damage|p2a: Ting-Lu|74/100|[from] Stealth Rock
|-ability|p2a: Ting-Lu|Vessel of Ruin
|
|-heal|p2a: Ting-Lu|80/100|[from] item: Leftovers
|upkeep
|turn|12
|
|t:|1757825218
|move|p1a: Keldeo|Secret Sword|p2a: Ting-Lu
|-damage|p2a: Ting-Lu|51/100
|move|p2a: Ting-Lu|Stealth Rock|p1a: Keldeo
|-sidestart|p1: the_real_janine_17|move: Stealth Rock
|
|-heal|p2a: Ting-Lu|57/100|[from] item: Leftovers
|upkeep
|turn|13
|
|t:|1757825225
|switch|p2a: Iron Valiant|Iron Valiant|100/100
|-damage|p2a: Iron Valiant|94/100|[from] Stealth Rock
|-enditem|p2a: Iron Valiant|Booster Energy
|-activate|p2a: Iron Valiant|ability: Quark Drive|[fromitem]
|-start|p2a: Iron Valiant|quarkdrivespe
|move|p1a: Keldeo|Secret Sword|p2a: Iron Valiant
|-resisted|p2a: Iron Valiant
|-damage|p2a: Iron Valiant|51/100
|
|upkeep
|turn|14
|
|t:|1757825238
|move|p2a: Iron Valiant|Knock Off|p1a: Keldeo
|-resisted|p1a: Keldeo
|-damage|p1a: Keldeo|0 fnt
|-enditem|p1a: Keldeo|Choice Specs|[from] move: Knock Off|[of] p2a: Iron Valiant
|faint|p1a: Keldeo
|
|upkeep
|
|t:|1757825246
|switch|p1a: Enamorus|Enamorus, F|51/100
|turn|15
|
|t:|1757825251
|move|p2a: Iron Valiant|Moonblast|p1a: Enamorus
|-damage|p1a: Enamorus|0 fnt
|faint|p1a: Enamorus
|
|upkeep
|
|t:|1757825258
|switch|p1a: Iron Moth|Iron Moth|100/100
|-damage|p1a: Iron Moth|76/100|[from] Stealth Rock
|-enditem|p1a: Iron Moth|Booster Energy
|-activate|p1a: Iron Moth|ability: Quark Drive|[fromitem]
|-start|p1a: Iron Moth|quarkdrivespa
|turn|16
|
|t:|1757825261
|move|p2a: Iron Valiant|Close Combat|p1a: Iron Moth
|-resisted|p1a: Iron Moth
|-damage|p1a: Iron Moth|33/100
|-unboost|p2a: Iron Valiant|def|1
|-unboost|p2a: Iron Valiant|spd|1
|move|p1a: Iron Moth|Agility|p1a: Iron Moth
|-boost|p1a: Iron Moth|spe|2
|
|upkeep
|turn|17
|
|t:|1757825264
|move|p1a: Iron Moth|Fiery Dance|p2a: Iron Valiant
|-damage|p2a: Iron Valiant|0 fnt
|-boost|p1a: Iron Moth|spa|1
|faint|p2a: Iron Valiant
|-end|p2a: Iron Valiant|Quark Drive|[silent]
|
|upkeep
|
|t:|1757825276
|switch|p2a: Ting-Lu|Ting-Lu, tera:Water|57/100
|-damage|p2a: Ting-Lu|45/100|[from] Stealth Rock
|-ability|p2a: Ting-Lu|Vessel of Ruin
|turn|18
|
|t:|1757825285
|-terastallize|p1a: Iron Moth|Grass
|move|p1a: Iron Moth|Energy Ball|p2a: Ting-Lu
|-supereffective|p2a: Ting-Lu
|-damage|p2a: Ting-Lu|0 fnt
|faint|p2a: Ting-Lu
|
|upkeep
|-message|U_Quokka forfeited.
|
|win|the_real_janine_17
|raw|the_real_janine_17's rating: 1344 &rarr; <strong>1363</strong><br />(+19 for winning)
|raw|U_Quokka's rating: 1321 &rarr; <strong>1302</strong><br />(-19 for losing)
|l|☆U_Quokka
|player|p2|
|l|☆the_real_janine_17
|player|p1|
