|j|☆frankjob
|j|☆Mega Belibolt
|t:|1757955329
|gametype|singles
|player|p1|frankjob|cheren|1394
|player|p2|Mega Belibolt|265|1424
|gen|9
|tier|[Gen 9] OU
|rated|
|rule|HP Percentage Mod: HP is shown in percentages
|rule|Endless Battle Clause: Forcing endless battles is banned
|rule|Species Clause: Limit one of each Pokémon
|rule|OHKO Clause: OHKO moves are banned
|rule|Evasion Items Clause: Evasion items are banned
|rule|Evasion Moves Clause: Evasion moves are banned
|rule|Evasion Abilities Clause: Evasion abilities are banned
|rule|Sleep Moves Clause: Sleep-inducing moves are banned
|clearpoke
|poke|p1|Ursaluna, F|
|poke|p1|Carbink|
|poke|p1|Cresselia, F|
|poke|p1|Kingambit, M|
|poke|p1|Hatterene, F|
|poke|p1|Raging Bolt|
|poke|p2|Great Tusk|
|poke|p2|Donphan, F|
|poke|p2|Mamoswine, M|
|poke|p2|Copperajah, F|
|poke|p2|Cetitan, F|
|poke|p2|Iron Treads|
|teampreview
|
|t:|1757955345
|teamsize|p1|6
|teamsize|p2|6
|start
|switch|p1a: Carbink|Carbink|100/100
|switch|p2a: Cetitan|Cetitan, F|100/100
|turn|1
|inactive|Battle timer is ON: inactive players will automatically lose when time's up. (requested by frankjob)
|
|t:|1757955353
|move|p2a: Cetitan|Belly Drum|p2a: Cetitan
|-damage|p2a: Cetitan|50/100
|-setboost|p2a: Cetitan|atk|6|[from] move: Belly Drum
|-enditem|p2a: Cetitan|Sitrus Berry|[eat]
|-heal|p2a: Cetitan|75/100|[from] item: Sitrus Berry
|move|p1a: Carbink|Stealth Rock|p2a: Cetitan
|-sidestart|p2: Mega Belibolt|move: Stealth Rock
|
|upkeep
|turn|2
|
|t:|1757955362
|move|p2a: Cetitan|Liquidation|p1a: Carbink
|-supereffective|p1a: Carbink
|-crit|p1a: Carbink
|-ability|p1a: Carbink|Sturdy
|-damage|p1a: Carbink|1/100
|-unboost|p1a: Carbink|def|1
|-damage|p2a: Cetitan|59/100|[from] item: Rocky Helmet|[of] p1a: Carbink
|move|p1a: Carbink|Trick Room|p1a: Carbink
|-fieldstart|move: Trick Room|[of] p1a: Carbink
|
|upkeep
|turn|3
|
|t:|1757955371
|move|p2a: Cetitan|Ice Shard|p1a: Carbink
|-damage|p1a: Carbink|0 fnt
|faint|p1a: Carbink
|
|upkeep
|inactive|frankjob has 120 seconds left.
|
|t:|1757955405
|switch|p1a: Ursaluna|Ursaluna, F|100/100
|turn|4
|
|t:|1757955409
|move|p2a: Cetitan|Ice Shard|p1a: Ursaluna
|-supereffective|p1a: Ursaluna
|-damage|p1a: Ursaluna|0 fnt
|faint|p1a: Ursaluna
|
|upkeep
|
|t:|1757955417
|switch|p1a: Kingambit|Kingambit, M|100/100
|-activate|p1a: Kingambit|ability: Supreme Overlord
|-start|p1a: Kingambit|fallen2|[silent]
|turn|5
|
|t:|1757955424
|move|p1a: Kingambit|Low Kick|p2a: Cetitan
|-supereffective|p2a: Cetitan
|-damage|p2a: Cetitan|0 fnt
|faint|p2a: Cetitan
|
|upkeep
|
|t:|1757955438
|switch|p2a: Donphan|Donphan, F|100/100
|-damage|p2a: Donphan|94/100|[from] Stealth Rock
|turn|6
|
|t:|1757955446
|-end|p1a: Kingambit|fallen2|[silent]
|switch|p1a: Cresselia|Cresselia, F|100/100
|move|p2a: Donphan|Stealth Rock|p1a: Cresselia
|-sidestart|p1: frankjob|move: Stealth Rock
|
|-fieldend|move: Trick Room
|upkeep
|turn|7
|
|t:|1757955465
|switch|p2a: Mamoswine|Mamoswine, M, shiny|100/100
|-damage|p2a: Mamoswine|88/100|[from] Stealth Rock
|move|p1a: Cresselia|Trick Room|p1a: Cresselia
|-fieldstart|move: Trick Room|[of] p1a: Cresselia
|
|upkeep
|turn|8
|
|t:|1757955477
|switch|p1a: Kingambit|Kingambit, M|100/100
|-damage|p1a: Kingambit|94/100|[from] Stealth Rock
|-activate|p1a: Kingambit|ability: Supreme Overlord
|-start|p1a: Kingambit|fallen2|[silent]
|move|p2a: Mamoswine|Icicle Spear|p1a: Kingambit
|-resisted|p1a: Kingambit
|-damage|p1a: Kingambit|89/100
|-resisted|p1a: Kingambit
|-damage|p1a: Kingambit|84/100
|-resisted|p1a: Kingambit
|-damage|p1a: Kingambit|79/100
|-resisted|p1a: Kingambit
|-damage|p1a: Kingambit|75/100
|-resisted|p1a: Kingambit
|-damage|p1a: Kingambit|70/100
|-hitcount|p1a: Kingambit|5
|
|upkeep
|turn|9
|
|t:|1757955494
|switch|p2a: Great Tusk|Great Tusk, shiny|100/100
|-damage|p2a: Great Tusk|98/100|[from] Stealth Rock
|-enditem|p2a: Great Tusk|Booster Energy
|-activate|p2a: Great Tusk|ability: Protosynthesis|[fromitem]
|-start|p2a: Great Tusk|protosynthesisspe
|move|p1a: Kingambit|Low Kick|p2a: Great Tusk
|-damage|p2a: Great Tusk|59/100
|
|upkeep
|turn|10
|
|t:|1757955503
|move|p1a: Kingambit|Iron Head|p2a: Great Tusk
|-damage|p2a: Great Tusk|22/100
|move|p2a: Great Tusk|Rapid Spin|p1a: Kingambit
|-resisted|p1a: Kingambit
|-damage|p1a: Kingambit|64/100
|-boost|p2a: Great Tusk|spe|1
|-sideend|p2: Mega Belibolt|Stealth Rock|[from] move: Rapid Spin|[of] p2a: Great Tusk
|
|upkeep
|turn|11
|
|t:|1757955516
|move|p1a: Kingambit|Iron Head|p2a: Great Tusk
|-damage|p2a: Great Tusk|0 fnt
|faint|p2a: Great Tusk
|-end|p2a: Great Tusk|Protosynthesis|[silent]
|
|-fieldend|move: Trick Room
|upkeep
|
|t:|1757955527
|switch|p2a: Copperajah|Copperajah, F|100/100
|turn|12
|
|t:|1757955536
|-end|p1a: Kingambit|fallen2|[silent]
|switch|p1a: Cresselia|Cresselia, F|100/100
|-damage|p1a: Cresselia|88/100|[from] Stealth Rock
|move|p2a: Copperajah|Heat Crash|p1a: Cresselia
|-damage|p1a: Cresselia|63/100
|
|upkeep
|turn|13
|
|t:|1757955545
|move|p2a: Copperajah|Heavy Slam|p1a: Cresselia
|-damage|p1a: Cresselia|28/100
|move|p1a: Cresselia|Trick Room|p1a: Cresselia
|-fieldstart|move: Trick Room|[of] p1a: Cresselia
|
|upkeep
|turn|14
|
|t:|1757955552
|move|p2a: Copperajah|Heavy Slam|p1a: Cresselia
|-damage|p1a: Cresselia|0 fnt
|faint|p1a: Cresselia
|
|upkeep
|
|t:|1757955567
|switch|p1a: Kingambit|Kingambit, M|64/100
|-damage|p1a: Kingambit|58/100|[from] Stealth Rock
|-activate|p1a: Kingambit|ability: Supreme Overlord
|-start|p1a: Kingambit|fallen3|[silent]
|turn|15
|
|t:|1757955572
|move|p1a: Kingambit|Low Kick|p2a: Copperajah
|-supereffective|p2a: Copperajah
|-damage|p2a: Copperajah|0 fnt
|faint|p2a: Copperajah
|
|upkeep
|
|t:|1757955578
|switch|p2a: Donphan|Donphan, F|94/100
|turn|16
|
|t:|1757955594
|-terastallize|p1a: Kingambit|Flying
|move|p1a: Kingambit|Kowtow Cleave|p2a: Donphan
|-damage|p2a: Donphan|39/100
|move|p2a: Donphan|Earthquake|p1a: Kingambit
|-immune|p1a: Kingambit
|
|upkeep
|turn|17
|
|t:|1757955603
|move|p2a: Donphan|Ice Shard|p1a: Kingambit
|-supereffective|p1a: Kingambit
|-damage|p1a: Kingambit|37/100
|move|p1a: Kingambit|Kowtow Cleave|p2a: Donphan
|-damage|p2a: Donphan|0 fnt
|faint|p2a: Donphan
|
|-fieldend|move: Trick Room
|upkeep
|
|t:|1757955608
|switch|p2a: Mamoswine|Mamoswine, M, shiny|88/100
|turn|18
|
|t:|1757955621
|move|p1a: Kingambit|Sucker Punch|p2a: Mamoswine
|-damage|p2a: Mamoswine|18/100
|move|p2a: Mamoswine|Icicle Spear|p1a: Kingambit
|-supereffective|p1a: Kingambit
|-crit|p1a: Kingambit
|-damage|p1a: Kingambit|7/100
|-supereffective|p1a: Kingambit
|-damage|p1a: Kingambit|0 fnt
|faint|p1a: Kingambit
|-end|p1a: Kingambit|fallen3|[silent]
|-hitcount|p1: Kingambit|2
|
|upkeep
|
|t:|1757955630
|switch|p1a: Hatterene|Hatterene, F|100/100
|-damage|p1a: Hatterene|88/100|[from] Stealth Rock
|turn|19
|
|t:|1757955639
|-terastallize|p2a: Mamoswine|Ice
|move|p2a: Mamoswine|Icicle Spear|p1a: Hatterene
|-damage|p1a: Hatterene|67/100
|-damage|p1a: Hatterene|47/100
|-damage|p1a: Hatterene|26/100
|-damage|p1a: Hatterene|6/100
|-damage|p1a: Hatterene|0 fnt
|faint|p1a: Hatterene
|-hitcount|p1: Hatterene|5
|
|upkeep
|
|t:|1757955648
|switch|p1a: Raging Bolt|Raging Bolt|100/100
|-damage|p1a: Raging Bolt|88/100|[from] Stealth Rock
|-enditem|p1a: Raging Bolt|Booster Energy
|-activate|p1a: Raging Bolt|ability: Protosynthesis|[fromitem]
|-start|p1a: Raging Bolt|protosynthesisspa
|turn|20
|
|t:|1757955654
|switch|p2a: Iron Treads|Iron Treads|100/100
|-enditem|p2a: Iron Treads|Booster Energy
|-activate|p2a: Iron Treads|ability: Quark Drive|[fromitem]
|-start|p2a: Iron Treads|quarkdrivespe
|move|p1a: Raging Bolt|Thunderclap||[still]
|-fail|p1a: Raging Bolt
|
|upkeep
|turn|21
|
|t:|1757955663
|move|p2a: Iron Treads|Earthquake|p1a: Raging Bolt
|-supereffective|p1a: Raging Bolt
|-damage|p1a: Raging Bolt|9/100
|move|p1a: Raging Bolt|Dragon Pulse|p2a: Iron Treads
|-resisted|p2a: Iron Treads
|-crit|p2a: Iron Treads
|-damage|p2a: Iron Treads|28/100
|
|upkeep
|turn|22
|
|t:|1757955669
|move|p2a: Iron Treads|Earthquake|p1a: Raging Bolt
|-supereffective|p1a: Raging Bolt
|-damage|p1a: Raging Bolt|0 fnt
|faint|p1a: Raging Bolt
|-end|p1a: Raging Bolt|Protosynthesis|[silent]
|
|win|Mega Belibolt
|raw|frankjob's rating: 1394 &rarr; <strong>1376</strong><br />(-18 for losing)
|raw|Mega Belibolt's rating: 1424 &rarr; <strong>1442</strong><br />(+18 for winning)
|l|☆frankjob
|player|p1|
