|j|☆sauronikov
|j|☆l'ultime rion
|t:|1757915749
|gametype|singles
|player|p1|sauronikov|101|1193
|player|p2|l'ultime rion|266|1213
|gen|9
|tier|[Gen 9] OU
|rated|
|rule|HP Percentage Mod: HP is shown in percentages
|rule|Endless Battle Clause: Forcing endless battles is banned
|rule|Species Clause: Limit one of each Pokémon
|rule|OHKO Clause: OHKO moves are banned
|rule|Evasion Items Clause: Evasion items are banned
|rule|Evasion Moves Clause: Evasion moves are banned
|rule|Evasion Abilities Clause: Evasion abilities are banned
|rule|Sleep Moves Clause: Sleep-inducing moves are banned
|clearpoke
|poke|p1|Grimmsnarl, M|
|poke|p1|Quaquaval, M|
|poke|p1|Rhyperior, M|
|poke|p1|Revavroom, M|
|poke|p1|Ogerpon, F|
|poke|p1|Azelf|
|poke|p2|Glimmora, M|
|poke|p2|Kingambit, M|
|poke|p2|Walking Wake|
|poke|p2|Great Tusk|
|poke|p2|Enamorus, F|
|poke|p2|Iron Crown|
|teampreview
|
|t:|1757915753
|teamsize|p1|6
|teamsize|p2|6
|start
|switch|p1a: Grimmsnarl|Grimmsnarl, M, shiny|100/100
|switch|p2a: Glimmora|Glimmora, M|100/100
|turn|1
|
|t:|1757915760
|move|p1a: Grimmsnarl|Taunt|p2a: Glimmora
|-start|p2a: Glimmora|move: Taunt
|cant|p2a: Glimmora|move: Taunt|Stealth Rock
|
|upkeep
|turn|2
|
|t:|1757915765
|move|p1a: Grimmsnarl|Light Screen|p1a: Grimmsnarl
|-sidestart|p1: sauronikov|move: Light Screen
|move|p2a: Glimmora|Mortal Spin|p1a: Grimmsnarl
|-supereffective|p1a: Grimmsnarl
|-damage|p1a: Grimmsnarl|91/100
|-status|p1a: Grimmsnarl|psn
|
|-damage|p1a: Grimmsnarl|79/100 psn|[from] psn
|upkeep
|turn|3
|
|t:|1757915774
|move|p1a: Grimmsnarl|Parting Shot|p2a: Glimmora
|-unboost|p2a: Glimmora|atk|1
|-unboost|p2a: Glimmora|spa|1
|
|t:|1757915776
|switch|p1a: Azelf|Azelf, shiny|100/100|[from] Parting Shot
|move|p2a: Glimmora|Power Gem|p1a: Azelf
|-damage|p1a: Azelf|78/100
|
|-end|p2a: Glimmora|move: Taunt
|upkeep
|turn|4
|
|t:|1757915785
|move|p1a: Azelf|Psychic|p2a: Glimmora
|-supereffective|p2a: Glimmora
|-enditem|p2a: Glimmora|Focus Sash
|-damage|p2a: Glimmora|1/100
|move|p2a: Glimmora|Stealth Rock|p1a: Azelf
|-sidestart|p1: sauronikov|move: Stealth Rock
|
|upkeep
|turn|5
|
|t:|1757915792
|switch|p1a: Grimmsnarl|Grimmsnarl, M, shiny|79/100 psn
|-damage|p1a: Grimmsnarl|66/100 psn|[from] Stealth Rock
|move|p2a: Glimmora|Mortal Spin|p1a: Grimmsnarl
|-supereffective|p1a: Grimmsnarl
|-damage|p1a: Grimmsnarl|60/100 psn
|
|-damage|p1a: Grimmsnarl|48/100 psn|[from] psn
|upkeep
|turn|6
|
|t:|1757915802
|move|p1a: Grimmsnarl|Reflect|p1a: Grimmsnarl
|-sidestart|p1: sauronikov|Reflect
|move|p2a: Glimmora|Power Gem|p1a: Grimmsnarl
|-damage|p1a: Grimmsnarl|35/100 psn
|
|-damage|p1a: Grimmsnarl|22/100 psn|[from] psn
|upkeep
|turn|7
|
|t:|1757915811
|move|p1a: Grimmsnarl|Parting Shot|p2a: Glimmora
|-unboost|p2a: Glimmora|atk|1
|-unboost|p2a: Glimmora|spa|1
|
|t:|1757915812
|switch|p1a: Revavroom|Revavroom, M, shiny|100/100|[from] Parting Shot
|-damage|p1a: Revavroom|94/100|[from] Stealth Rock
|move|p2a: Glimmora|Power Gem|p1a: Revavroom
|-resisted|p1a: Revavroom
|-damage|p1a: Revavroom|88/100
|
|upkeep
|turn|8
|
|t:|1757915821
|move|p2a: Glimmora|Earth Power|p1a: Revavroom
|-supereffective|p1a: Revavroom
|-damage|p1a: Revavroom|56/100
|-unboost|p1a: Revavroom|spd|1
|-enditem|p1a: Revavroom|Weakness Policy
|-boost|p1a: Revavroom|atk|2|[from] item: Weakness Policy
|-boost|p1a: Revavroom|spa|2|[from] item: Weakness Policy
|move|p1a: Revavroom|Shift Gear|p1a: Revavroom
|-boost|p1a: Revavroom|spe|2
|-boost|p1a: Revavroom|atk|1
|
|upkeep
|turn|9
|
|t:|1757915831
|-terastallize|p1a: Revavroom|Ground
|move|p1a: Revavroom|Shift Gear|p1a: Revavroom
|-boost|p1a: Revavroom|spe|2
|-boost|p1a: Revavroom|atk|1
|move|p2a: Glimmora|Earth Power|p1a: Revavroom
|-damage|p1a: Revavroom|41/100
|
|-sideend|p1: sauronikov|move: Light Screen
|upkeep
|turn|10
|
|t:|1757915841
|move|p1a: Revavroom|High Horsepower|p2a: Glimmora
|-supereffective|p2a: Glimmora
|-damage|p2a: Glimmora|0 fnt
|-activate|p2a: Glimmora|ability: Toxic Debris
|-sidestart|p1: sauronikov|move: Toxic Spikes
|faint|p2a: Glimmora
|
|upkeep
|
|t:|1757915854
|switch|p2a: Kingambit|Kingambit, M|100/100
|-activate|p2a: Kingambit|ability: Supreme Overlord
|-start|p2a: Kingambit|fallen1|[silent]
|turn|11
|
|t:|1757915859
|move|p2a: Kingambit|Sucker Punch|p1a: Revavroom
|-damage|p1a: Revavroom|20/100
|move|p1a: Revavroom|High Horsepower|p2a: Kingambit
|-supereffective|p2a: Kingambit
|-damage|p2a: Kingambit|0 fnt
|faint|p2a: Kingambit
|-end|p2a: Kingambit|fallen1|[silent]
|
|upkeep
|
|t:|1757915868
|switch|p2a: Iron Crown|Iron Crown|100/100
|turn|12
|
|t:|1757915875
|move|p1a: Revavroom|High Horsepower|p2a: Iron Crown
|-supereffective|p2a: Iron Crown
|-damage|p2a: Iron Crown|0 fnt
|faint|p2a: Iron Crown
|-end|p2a: Iron Crown|Quark Drive|[silent]
|
|upkeep
|-message|l'ultime rion forfeited.
|
|win|sauronikov
|raw|sauronikov's rating: 1193 &rarr; <strong>1219</strong><br />(+26 for winning)
|raw|l&apos;ultime rion's rating: 1213 &rarr; <strong>1187</strong><br />(-26 for losing)
|l|☆l'ultime rion
|player|p2|
|l|☆sauronikov
|player|p1|
