|j|☆RienOfficiel
|j|☆GatosLover
|t:|1757948951
|gametype|singles
|player|p1|RienOfficiel|cynthia|1453
|player|p2|GatosLover|marnie|1395
|gen|9
|tier|[Gen 9] OU
|rated|
|rule|HP Percentage Mod: HP is shown in percentages
|rule|Endless Battle Clause: Forcing endless battles is banned
|rule|Species Clause: Limit one of each Pokémon
|rule|OHKO Clause: OHKO moves are banned
|rule|Evasion Items Clause: Evasion items are banned
|rule|Evasion Moves Clause: Evasion moves are banned
|rule|Evasion Abilities Clause: Evasion abilities are banned
|rule|Sleep Moves Clause: Sleep-inducing moves are banned
|clearpoke
|poke|p1|Ninetales, F|
|poke|p1|Kingambit, F|
|poke|p1|Hatterene, F|
|poke|p1|Great Tusk|
|poke|p1|Walking Wake|
|poke|p1|Vileplume, M|
|poke|p2|Malamar, F|
|poke|p2|Cresselia, F|
|poke|p2|Porygon2|
|poke|p2|Ursaluna, F|
|poke|p2|Hatterene, F|
|poke|p2|Torkoal, F|
|teampreview
|inactive|Battle timer is ON: inactive players will automatically lose when time's up. (requested by RienOfficiel)
|
|t:|1757948966
|teamsize|p1|6
|teamsize|p2|6
|start
|switch|p1a: Walking Wake|Walking Wake|100/100
|switch|p2a: Venus|Cresselia, F|100/100
|turn|1
|
|t:|1757948971
|move|p1a: Walking Wake|Hydro Steam|p2a: Venus
|-damage|p2a: Venus|59/100
|move|p2a: Venus|Trick Room|p2a: Venus
|-fieldstart|move: Trick Room|[of] p2a: Venus
|
|upkeep
|turn|2
|
|t:|1757948976
|move|p2a: Venus|Moonblast|p1a: Walking Wake
|-supereffective|p1a: Walking Wake
|-damage|p1a: Walking Wake|62/100
|-unboost|p1a: Walking Wake|spa|1
|move|p1a: Walking Wake|Hydro Steam|p2a: Venus
|-damage|p2a: Venus|31/100
|
|upkeep
|turn|3
|
|t:|1757948984
|switch|p2a: G.U.Y.|Porygon2|100/100
|-ability|p2a: G.U.Y.|Download|boost
|-boost|p2a: G.U.Y.|spa|1
|-end|p1a: Walking Wake|Protosynthesis|[silent]
|switch|p1a: Vileplume|Vileplume, M|100/100
|
|upkeep
|turn|4
|
|t:|1757948992
|switch|p1a: Ninetales|Ninetales, F|100/100
|-weather|SunnyDay|[from] ability: Drought|[of] p1a: Ninetales
|move|p2a: G.U.Y.|Ice Beam|p1a: Ninetales
|-resisted|p1a: Ninetales
|-damage|p1a: Ninetales|83/100
|
|-weather|SunnyDay|[upkeep]
|upkeep
|turn|5
|
|t:|1757948998
|switch|p1a: Great Tusk|Great Tusk|100/100
|-activate|p1a: Great Tusk|ability: Protosynthesis
|-start|p1a: Great Tusk|protosynthesisspe
|move|p2a: G.U.Y.|Tera Blast|p1a: Great Tusk
|-damage|p1a: Great Tusk|37/100
|
|-weather|SunnyDay|[upkeep]
|-fieldend|move: Trick Room
|upkeep
|turn|6
|
|t:|1757949002
|switch|p2a: Venus|Cresselia, F|31/100
|move|p1a: Great Tusk|Stealth Rock|p2a: Venus
|-sidestart|p2: GatosLover|move: Stealth Rock
|
|-weather|SunnyDay|[upkeep]
|upkeep
|turn|7
|
|t:|1757949005
|move|p1a: Great Tusk|Ice Spinner|p2a: Venus
|-damage|p2a: Venus|19/100
|move|p2a: Venus|Trick Room|p2a: Venus
|-fieldstart|move: Trick Room|[of] p2a: Venus
|
|-weather|SunnyDay|[upkeep]
|upkeep
|turn|8
|
|t:|1757949009
|move|p2a: Venus|Moonblast|p1a: Great Tusk
|-supereffective|p1a: Great Tusk
|-damage|p1a: Great Tusk|0 fnt
|faint|p1a: Great Tusk
|-end|p1a: Great Tusk|Protosynthesis|[silent]
|
|-weather|SunnyDay|[upkeep]
|upkeep
|
|t:|1757949018
|switch|p1a: Hatterene|Hatterene, F|100/100
|turn|9
|
|t:|1757949024
|move|p1a: Hatterene|Dazzling Gleam|p2a: Venus
|-crit|p2a: Venus
|-damage|p2a: Venus|0 fnt
|faint|p2a: Venus
|
|-weather|SunnyDay|[upkeep]
|upkeep
|
|t:|1757949028
|switch|p2a: Artpop|Torkoal, F|100/100
|-damage|p2a: Artpop|76/100|[from] Stealth Rock
|turn|10
|inactive|RienOfficiel has 120 seconds left.
|
|t:|1757949059
|switch|p1a: Ninetales|Ninetales, F|83/100
|-terastallize|p2a: Artpop|Fire
|move|p2a: Artpop|Eruption|p1a: Ninetales
|-resisted|p1a: Ninetales
|-damage|p1a: Ninetales|7/100
|
|-weather|SunnyDay|[upkeep]
|upkeep
|turn|11
|inactive|RienOfficiel has 120 seconds left.
|
|t:|1757949071
|move|p2a: Artpop|Eruption|p1a: Ninetales
|-resisted|p1a: Ninetales
|-damage|p1a: Ninetales|0 fnt
|faint|p1a: Ninetales
|
|-weather|none
|-fieldend|move: Trick Room
|upkeep
|inactive|RienOfficiel has 120 seconds left.
|
|t:|1757949088
|switch|p1a: Walking Wake|Walking Wake|62/100
|turn|12
|
|t:|1757949109
|switch|p2a: G.U.Y.|Porygon2|100/100
|-damage|p2a: G.U.Y.|88/100|[from] Stealth Rock
|-ability|p2a: G.U.Y.|Download|boost
|-boost|p2a: G.U.Y.|spa|1
|move|p1a: Walking Wake|Hydro Steam|p2a: G.U.Y.
|-damage|p2a: G.U.Y.|53/100
|
|upkeep
|turn|13
|inactive|RienOfficiel has 120 seconds left.
|
|t:|1757949135
|move|p1a: Walking Wake|Hydro Steam|p2a: G.U.Y.
|-damage|p2a: G.U.Y.|18/100
|move|p2a: G.U.Y.|Trick Room|p2a: G.U.Y.
|-fieldstart|move: Trick Room|[of] p2a: G.U.Y.
|
|upkeep
|turn|14
|
|t:|1757949140
|-end|p1a: Walking Wake|Protosynthesis|[silent]
|switch|p1a: Vileplume|Vileplume, M|100/100
|move|p2a: G.U.Y.|Recover|p2a: G.U.Y.
|-heal|p2a: G.U.Y.|68/100
|
|upkeep
|turn|15
|
|t:|1757949150
|move|p2a: G.U.Y.|Ice Beam|p1a: Vileplume
|-supereffective|p1a: Vileplume
|-damage|p1a: Vileplume|11/100
|move|p1a: Vileplume|Sludge Bomb|p2a: G.U.Y.
|-damage|p2a: G.U.Y.|42/100
|-damage|p1a: Vileplume|1/100|[from] item: Life Orb
|
|upkeep
|turn|16
|
|t:|1757949156
|move|p2a: G.U.Y.|Recover|p2a: G.U.Y.
|-heal|p2a: G.U.Y.|92/100
|move|p1a: Vileplume|Sludge Bomb|p2a: G.U.Y.
|-damage|p2a: G.U.Y.|62/100
|-damage|p1a: Vileplume|0 fnt|[from] item: Life Orb
|faint|p1a: Vileplume
|
|upkeep
|
|t:|1757949160
|switch|p1a: Kingambit|Kingambit, F|100/100
|-activate|p1a: Kingambit|ability: Supreme Overlord
|-start|p1a: Kingambit|fallen3|[silent]
|-item|p1a: Kingambit|Air Balloon
|turn|17
|
|t:|1757949168
|switch|p2a: PARTYNAUSEOUS|Malamar, F|100/100
|-damage|p2a: PARTYNAUSEOUS|88/100|[from] Stealth Rock
|-enditem|p2a: PARTYNAUSEOUS|Room Service
|-boost|p2a: PARTYNAUSEOUS|spe|1|[from] item: Room Service
|move|p1a: Kingambit|Swords Dance|p1a: Kingambit
|-boost|p1a: Kingambit|atk|2
|
|-fieldend|move: Trick Room
|upkeep
|turn|18
|
|t:|1757949182
|-terastallize|p1a: Kingambit|Ghost
|move|p2a: PARTYNAUSEOUS|Superpower|p1a: Kingambit
|-immune|p1a: Kingambit
|move|p1a: Kingambit|Kowtow Cleave|p2a: PARTYNAUSEOUS
|-damage|p2a: PARTYNAUSEOUS|0 fnt
|faint|p2a: PARTYNAUSEOUS
|
|upkeep
|
|t:|1757949193
|switch|p2a: Artpop|Torkoal, F, tera:Fire|76/100
|-damage|p2a: Artpop|51/100|[from] Stealth Rock
|-weather|SunnyDay|[from] ability: Drought|[of] p2a: Artpop
|turn|19
|
|t:|1757949210
|move|p1a: Kingambit|Kowtow Cleave|p2a: Artpop
|-damage|p2a: Artpop|0 fnt
|faint|p2a: Artpop
|
|-weather|SunnyDay|[upkeep]
|upkeep
|
|t:|1757949216
|switch|p2a: G.U.Y.|Porygon2|62/100
|-damage|p2a: G.U.Y.|50/100|[from] Stealth Rock
|-ability|p2a: G.U.Y.|Download|boost
|-boost|p2a: G.U.Y.|spa|1
|turn|20
|inactive|RienOfficiel has 120 seconds left.
|
|t:|1757949251
|move|p1a: Kingambit|Kowtow Cleave|p2a: G.U.Y.
|-damage|p2a: G.U.Y.|0 fnt
|faint|p2a: G.U.Y.
|
|-weather|SunnyDay|[upkeep]
|upkeep
|
|t:|1757949257
|switch|p2a: Aura|Ursaluna, F|100/100
|-damage|p2a: Aura|94/100|[from] Stealth Rock
|turn|21
|
|t:|1757949261
|move|p1a: Kingambit|Kowtow Cleave|p2a: Aura
|-damage|p2a: Aura|9/100
|move|p2a: Aura|Headlong Rush|p1a: Kingambit
|-immune|p1a: Kingambit
|
|-weather|SunnyDay|[upkeep]
|-status|p2a: Aura|brn|[from] item: Flame Orb
|upkeep
|turn|22
|
|t:|1757949266
|move|p1a: Kingambit|Kowtow Cleave|p2a: Aura
|-damage|p2a: Aura|0 fnt
|faint|p2a: Aura
|
|-weather|SunnyDay|[upkeep]
|upkeep
|-message|GatosLover forfeited.
|
|win|RienOfficiel
|raw|RienOfficiel's rating: 1453 &rarr; <strong>1470</strong><br />(+17 for winning)
|raw|GatosLover's rating: 1395 &rarr; <strong>1378</strong><br />(-17 for losing)
|l|☆GatosLover
|player|p2|
|l|☆RienOfficiel
|player|p1|
