|j|☆3idk
|j|☆rwthyjuiklrtuy
|inactive|Battle timer is ON: inactive players will automatically lose when time's up.
|t:|1757855144
|gametype|singles
|player|p1|3idk|lusamine-masters|
|player|p2|rwthyjuiklrtuy|sage|
|gen|9
|tier|[Gen 9] OU
|rated|Tournament battle
|rule|HP Percentage Mod: HP is shown in percentages
|rule|Endless Battle Clause: Forcing endless battles is banned
|rule|Species Clause: Limit one of each Pokémon
|rule|OHKO Clause: OHKO moves are banned
|rule|Evasion Items Clause: Evasion items are banned
|rule|Evasion Moves Clause: Evasion moves are banned
|rule|Evasion Abilities Clause: Evasion abilities are banned
|rule|Sleep Moves Clause: Sleep-inducing moves are banned
|clearpoke
|poke|p1|Tyranitar, F|
|poke|p1|Excadrill, F|
|poke|p1|Keldeo-Resolute|
|poke|p1|Tornadus-Therian, M|
|poke|p1|Heatran, M|
|poke|p1|Hydrapple, M|
|poke|p2|Kingambit, F|
|poke|p2|Ninetales, M|
|poke|p2|Ceruledge, M|
|poke|p2|Venusaur, F|
|poke|p2|Great Tusk|
|poke|p2|Walking Wake|
|teampreview
|inactive|3idk also wants the timer to be on.
|j| moxieinc
|j| wssi
|j| AbrarS
|j|@paternozzo
|l| wssi
|j| EmperorGambit
|j| cryyysneasel
|j| heatraniac
|j|@skymin<3
|j| ocean eyez
|j| biryanilover
|inactive|3idk has 120 seconds left.
|j| SilasNadir75
|j| leng loi
|l| leng loi
|l| ocean eyez
|
|t:|1757855194
|teamsize|p1|6
|teamsize|p2|6
|start
|switch|p1a: Tornadus|Tornadus-Therian, M|100/100
|switch|p2a: Walking Wake|Walking Wake|100/100
|turn|1
|
|t:|1757855200
|move|p1a: Tornadus|Bleakwind Storm|p2a: Walking Wake
|-damage|p2a: Walking Wake|60/100
|move|p2a: Walking Wake|Flip Turn|p1a: Tornadus
|-damage|p1a: Tornadus|81/100
|
|t:|1757855208
|-end|p2a: Walking Wake|Protosynthesis|[silent]
|switch|p2a: Ninetales|Ninetales, M|100/100|[from] Flip Turn
|-weather|SunnyDay|[from] ability: Drought|[of] p2a: Ninetales
|
|-weather|SunnyDay|[upkeep]
|upkeep
|turn|2
|
|t:|1757855211
|switch|p2a: Great Tusk|Great Tusk|100/100
|-activate|p2a: Great Tusk|ability: Protosynthesis
|-start|p2a: Great Tusk|protosynthesisatk
|move|p1a: Tornadus|U-turn|p2a: Great Tusk
|-resisted|p2a: Great Tusk
|-damage|p2a: Great Tusk|95/100
|
|t:|1757855218
|switch|p1a: Tyranitar|Tyranitar, F|100/100|[from] U-turn
|-weather|Sandstorm|[from] ability: Sand Stream|[of] p1a: Tyranitar
|-end|p2a: Great Tusk|Protosynthesis
|
|-weather|Sandstorm|[upkeep]
|upkeep
|turn|3
|
|t:|1757855221
|switch|p1a: Tornadus|Tornadus-Therian, M|100/100
|move|p2a: Great Tusk|Close Combat|p1a: Tornadus
|-resisted|p1a: Tornadus
|-damage|p1a: Tornadus|66/100
|-unboost|p2a: Great Tusk|def|1
|-unboost|p2a: Great Tusk|spd|1
|
|-weather|Sandstorm|[upkeep]
|-damage|p1a: Tornadus|60/100|[from] Sandstorm
|upkeep
|turn|4
|j| rolls rice
|
|t:|1757855228
|-terastallize|p2a: Great Tusk|Steel
|move|p1a: Tornadus|U-turn|p2a: Great Tusk
|-resisted|p2a: Great Tusk
|-damage|p2a: Great Tusk|87/100
|
|t:|1757855231
|switch|p1a: Heatran|Heatran, M|100/100|[from] U-turn
|move|p2a: Great Tusk|Ice Spinner|p1a: Heatran
|-resisted|p1a: Heatran
|-damage|p1a: Heatran|95/100
|
|-weather|Sandstorm|[upkeep]
|-heal|p1a: Heatran|100/100|[from] item: Leftovers
|upkeep
|turn|5
|
|t:|1757855241
|switch|p1a: Tornadus|Tornadus-Therian, M|93/100
|move|p2a: Great Tusk|Close Combat|p1a: Tornadus
|-resisted|p1a: Tornadus
|-damage|p1a: Tornadus|58/100
|-unboost|p2a: Great Tusk|def|1
|-unboost|p2a: Great Tusk|spd|1
|
|-weather|Sandstorm|[upkeep]
|-damage|p1a: Tornadus|52/100|[from] Sandstorm
|upkeep
|turn|6
|
|t:|1757855246
|move|p1a: Tornadus|U-turn|p2a: Great Tusk
|-resisted|p2a: Great Tusk
|-damage|p2a: Great Tusk|77/100
|
|t:|1757855249
|switch|p1a: Keldeo|Keldeo-Resolute|100/100|[from] U-turn
|move|p2a: Great Tusk|Ice Spinner|p1a: Keldeo
|-resisted|p1a: Keldeo
|-damage|p1a: Keldeo|84/100
|
|-weather|none
|upkeep
|turn|7
|
|t:|1757855261
|-end|p2a: Great Tusk|Protosynthesis|[silent]
|switch|p2a: Ninetales|Ninetales, M|100/100
|-weather|SunnyDay|[from] ability: Drought|[of] p2a: Ninetales
|move|p1a: Keldeo|Surf|p2a: Ninetales
|-supereffective|p2a: Ninetales
|-damage|p2a: Ninetales|15/100
|
|-weather|SunnyDay|[upkeep]
|upkeep
|turn|8
|
|t:|1757855267
|switch|p1a: Tornadus|Tornadus-Therian, M|85/100
|switch|p2a: Walking Wake|Walking Wake|60/100
|-activate|p2a: Walking Wake|ability: Protosynthesis
|-start|p2a: Walking Wake|protosynthesisspe
|
|-weather|SunnyDay|[upkeep]
|upkeep
|turn|9
|
|t:|1757855273
|switch|p1a: Keldeo|Keldeo-Resolute|84/100
|move|p2a: Walking Wake|Hydro Steam|p1a: Keldeo
|-resisted|p1a: Keldeo
|-damage|p1a: Keldeo|48/100
|
|-weather|SunnyDay|[upkeep]
|upkeep
|turn|10
|
|t:|1757855280
|move|p1a: Keldeo|Vacuum Wave|p2a: Walking Wake
|-damage|p2a: Walking Wake|26/100
|move|p2a: Walking Wake|Draco Meteor|p1a: Keldeo
|-damage|p1a: Keldeo|0 fnt
|-unboost|p2a: Walking Wake|spa|2
|faint|p1a: Keldeo
|
|-weather|SunnyDay|[upkeep]
|upkeep
|l| EmperorGambit
|
|t:|1757855285
|switch|p1a: Tornadus|Tornadus-Therian, M|100/100
|turn|11
|
|t:|1757855290
|-end|p2a: Walking Wake|Protosynthesis|[silent]
|switch|p2a: Great Tusk|Great Tusk, tera:Steel|77/100
|-activate|p2a: Great Tusk|ability: Protosynthesis
|-start|p2a: Great Tusk|protosynthesisatk
|move|p1a: Tornadus|U-turn|p2a: Great Tusk
|-resisted|p2a: Great Tusk
|-damage|p2a: Great Tusk|71/100
|
|t:|1757855295
|switch|p1a: Tyranitar|Tyranitar, F|100/100|[from] U-turn
|-weather|Sandstorm|[from] ability: Sand Stream|[of] p1a: Tyranitar
|-end|p2a: Great Tusk|Protosynthesis
|
|-weather|Sandstorm|[upkeep]
|upkeep
|turn|12
|
|t:|1757855301
|switch|p1a: Tornadus|Tornadus-Therian, M|100/100
|move|p2a: Great Tusk|Close Combat|p1a: Tornadus
|-resisted|p1a: Tornadus
|-damage|p1a: Tornadus|69/100
|-unboost|p2a: Great Tusk|def|1
|-unboost|p2a: Great Tusk|spd|1
|
|-weather|Sandstorm|[upkeep]
|-damage|p1a: Tornadus|63/100|[from] Sandstorm
|upkeep
|turn|13
|
|t:|1757855306
|move|p1a: Tornadus|Heat Wave|p2a: Great Tusk
|-supereffective|p2a: Great Tusk
|-damage|p2a: Great Tusk|0 fnt
|faint|p2a: Great Tusk
|-end|p2a: Great Tusk|Protosynthesis|[silent]
|
|-weather|Sandstorm|[upkeep]
|-damage|p1a: Tornadus|57/100|[from] Sandstorm
|upkeep
|
|t:|1757855311
|switch|p2a: Ninetales|Ninetales, M|15/100
|-weather|SunnyDay|[from] ability: Drought|[of] p2a: Ninetales
|turn|14
|
|t:|1757855322
|move|p1a: Tornadus|U-turn|p2a: Ninetales
|-resisted|p2a: Ninetales
|-damage|p2a: Ninetales|4/100
|
|t:|1757855326
|switch|p1a: Tyranitar|Tyranitar, F|100/100|[from] U-turn
|-weather|Sandstorm|[from] ability: Sand Stream|[of] p1a: Tyranitar
|move|p2a: Ninetales|Scorching Sands|p1a: Tyranitar
|-supereffective|p1a: Tyranitar
|-damage|p1a: Tyranitar|79/100
|
|-weather|Sandstorm|[upkeep]
|-damage|p2a: Ninetales|0 fnt|[from] Sandstorm
|faint|p2a: Ninetales
|upkeep
|
|t:|1757855331
|switch|p2a: Walking Wake|Walking Wake|26/100
|turn|15
|
|t:|1757855334
|switch|p1a: Tornadus|Tornadus-Therian, M|90/100
|move|p2a: Walking Wake|Hydro Steam|p1a: Tornadus
|-damage|p1a: Tornadus|48/100
|
|-weather|Sandstorm|[upkeep]
|-damage|p1a: Tornadus|41/100|[from] Sandstorm
|-damage|p2a: Walking Wake|20/100|[from] Sandstorm
|upkeep
|turn|16
|
|t:|1757855339
|move|p1a: Tornadus|U-turn|p2a: Walking Wake
|-damage|p2a: Walking Wake|3/100
|
|t:|1757855350
|switch|p1a: Tyranitar|Tyranitar, F|79/100|[from] U-turn
|move|p2a: Walking Wake|Weather Ball|p1a: Tyranitar
|-damage|p1a: Tyranitar|56/100
|
|-weather|Sandstorm|[upkeep]
|-damage|p2a: Walking Wake|0 fnt|[from] Sandstorm
|faint|p2a: Walking Wake
|-end|p2a: Walking Wake|Protosynthesis|[silent]
|upkeep
|
|t:|1757855356
|switch|p2a: Venusaur|Venusaur, F|100/100
|turn|17
|
|t:|1757855360
|move|p2a: Venusaur|Giga Drain|p1a: Tyranitar
|-supereffective|p1a: Tyranitar
|-damage|p1a: Tyranitar|3/100
|-damage|p2a: Venusaur|91/100|[from] item: Life Orb
|move|p1a: Tyranitar|Knock Off|p2a: Venusaur
|-damage|p2a: Venusaur|0 fnt
|-enditem|p2a: Venusaur|Life Orb|[from] move: Knock Off|[of] p1a: Tyranitar
|faint|p2a: Venusaur
|
|-weather|Sandstorm|[upkeep]
|upkeep
|
|t:|1757855364
|switch|p2a: Ceruledge|Ceruledge, M|100/100
|turn|18
|
|t:|1757855370
|move|p1a: Tyranitar|Knock Off|p2a: Ceruledge
|-supereffective|p2a: Ceruledge
|-enditem|p2a: Ceruledge|Focus Sash
|-damage|p2a: Ceruledge|1/100
|-ability|p2a: Ceruledge|Weak Armor|boost
|-unboost|p2a: Ceruledge|def|1
|-boost|p2a: Ceruledge|spe|2
|move|p2a: Ceruledge|Swords Dance|p2a: Ceruledge
|-boost|p2a: Ceruledge|atk|2
|
|-weather|none
|upkeep
|turn|19
|
|t:|1757855379
|move|p2a: Ceruledge|Bitter Blade|p1a: Tyranitar
|-resisted|p1a: Tyranitar
|-damage|p1a: Tyranitar|0 fnt
|-heal|p2a: Ceruledge|2/100|[from] drain|[of] p1a: Tyranitar
|faint|p1a: Tyranitar
|
|upkeep
|
|t:|1757855384
|switch|p1a: Hydrapple|Hydrapple, M|100/100
|turn|20
|j| enrique2503
|
|t:|1757855390
|move|p2a: Ceruledge|Poltergeist|p1a: Hydrapple|[miss]
|-miss|p2a: Ceruledge|p1a: Hydrapple
|move|p1a: Hydrapple|Earth Power|p2a: Ceruledge
|-supereffective|p2a: Ceruledge
|-damage|p2a: Ceruledge|0 fnt
|faint|p2a: Ceruledge
|
|upkeep
|
|t:|1757855396
|switch|p2a: Kingambit|Kingambit, F|100/100
|-activate|p2a: Kingambit|ability: Supreme Overlord
|-start|p2a: Kingambit|fallen5|[silent]
|-item|p2a: Kingambit|Air Balloon
|turn|21
|c| enrique2503|OOOOO
|
|t:|1757855401
|switch|p1a: Tornadus|Tornadus-Therian, M|75/100
|move|p2a: Kingambit|Swords Dance|p2a: Kingambit
|-boost|p2a: Kingambit|atk|2
|
|upkeep
|turn|22
|
|t:|1757855406
|move|p2a: Kingambit|Sucker Punch||[still]
|-fail|p2a: Kingambit
|move|p1a: Tornadus|Taunt|p2a: Kingambit
|-start|p2a: Kingambit|move: Taunt
|
|upkeep
|turn|23
|
|t:|1757855410
|move|p2a: Kingambit|Sucker Punch|p1a: Tornadus
|-damage|p1a: Tornadus|0 fnt
|faint|p1a: Tornadus
|
|upkeep
|
|t:|1757855414
|switch|p1a: Heatran|Heatran, M|100/100
|turn|24
|
|t:|1757855420
|move|p1a: Heatran|Magma Storm|p2a: Kingambit
|-supereffective|p2a: Kingambit
|-damage|p2a: Kingambit|15/100
|-activate|p2a: Kingambit|move: Magma Storm|[of] p1a: Heatran
|-enditem|p2a: Kingambit|Air Balloon
|move|p2a: Kingambit|Low Kick|p1a: Heatran
|-supereffective|p1a: Heatran
|-damage|p1a: Heatran|0 fnt
|faint|p1a: Heatran
|
|-end|p2a: Kingambit|Magma Storm|[partiallytrapped]|[silent]
|upkeep
|c|☆3idk|ggs
|
|t:|1757855427
|switch|p1a: Hydrapple|Hydrapple, M|100/100
|turn|25
|
|t:|1757855431
|move|p2a: Kingambit|Sucker Punch|p1a: Hydrapple
|-damage|p1a: Hydrapple|26/100
|-damage|p2a: Kingambit|0 fnt|[from] item: Rocky Helmet|[of] p1a: Hydrapple
|faint|p2a: Kingambit
|-end|p2a: Kingambit|fallen5|[silent]
|
|win|3idk
|n|☆3idk|3idk
|n|☆rwthyjuiklrtuy|rwthyjuiklrtuy
|n| moxieinc|moxieinc
|n| AbrarS|abrars
|n| paternozzo|paternozzo
|n| cryyysneasel|cryyysneasel
|n| heatraniac|heatraniac
|n|+skymin<3|skymin3
|n| biryanilover|biryanilover
|n| SilasNadir75|silasnadir75
|n| rolls rice|rollsrice
|n| enrique2503|enrique2503
