|j|☆Edward Wang
|j|☆mrpipsbulkyoffense
|t:|1757865930
|gametype|singles
|player|p1|Edward Wang|preschooler|1292
|player|p2|mrpipsbulkyoffense|266|1287
|gen|9
|tier|[Gen 9] OU
|rated|
|rule|HP Percentage Mod: HP is shown in percentages
|rule|Endless Battle Clause: Forcing endless battles is banned
|rule|Species Clause: Limit one of each Pokémon
|rule|OHKO Clause: OHKO moves are banned
|rule|Evasion Items Clause: Evasion items are banned
|rule|Evasion Moves Clause: Evasion moves are banned
|rule|Evasion Abilities Clause: Evasion abilities are banned
|rule|Sleep Moves Clause: Sleep-inducing moves are banned
|clearpoke
|poke|p1|Garganacl, F|
|poke|p1|Jirachi|
|poke|p1|Serperior, F|
|poke|p1|Weezing-Galar, M|
|poke|p1|Landorus-Therian, M|
|poke|p1|Blissey, F|
|poke|p2|Lokix, M|
|poke|p2|Cinderace, M|
|poke|p2|Great Tusk|
|poke|p2|Alomomola, F|
|poke|p2|Enamorus, F|
|poke|p2|Slowking-Galar, F|
|teampreview
|
|t:|1757865945
|teamsize|p1|6
|teamsize|p2|6
|start
|switch|p1a: Landorus|Landorus-Therian, M|100/100
|switch|p2a: Cinderace|Cinderace, M|100/100
|-ability|p1a: Landorus|Intimidate|boost
|-unboost|p2a: Cinderace|atk|1
|turn|1
|
|t:|1757865963
|move|p1a: Landorus|Earthquake|p2a: Cinderace
|-supereffective|p2a: Cinderace
|-damage|p2a: Cinderace|0 fnt
|faint|p2a: Cinderace
|
|upkeep
|
|t:|1757865984
|switch|p2a: Enamorus|Enamorus, F|100/100
|turn|2
|
|t:|1757865994
|switch|p1a: Blissey|Blissey, F, shiny|100/100
|move|p2a: Enamorus|Moonblast|p1a: Blissey
|-damage|p1a: Blissey|81/100
|-unboost|p1a: Blissey|spa|1
|
|upkeep
|turn|3
|
|t:|1757866005
|switch|p2a: Slowking|Slowking-Galar, F|100/100
|switch|p1a: Landorus|Landorus-Therian, M|100/100
|-ability|p1a: Landorus|Intimidate|boost
|-unboost|p2a: Slowking|atk|1
|
|upkeep
|turn|4
|
|t:|1757866019
|switch|p2a: Alomomola|Alomomola, F|100/100
|move|p1a: Landorus|Stealth Rock|p2a: Alomomola
|-sidestart|p2: mrpipsbulkyoffense|move: Stealth Rock
|
|upkeep
|turn|5
|
|t:|1757866031
|switch|p1a: Weezing|Weezing-Galar, M|100/100
|-ability|p1a: Weezing|Neutralizing Gas
|move|p2a: Alomomola|Flip Turn|p1a: Weezing
|-damage|p1a: Weezing|86/100
|
|t:|1757866045
|switch|p2a: Great Tusk|Great Tusk|100/100|[from] Flip Turn
|-damage|p2a: Great Tusk|98/100|[from] Stealth Rock
|
|-heal|p2a: Great Tusk|100/100|[from] item: Leftovers
|-heal|p1a: Weezing|92/100|[from] item: Black Sludge
|upkeep
|turn|6
|
|t:|1757866061
|move|p2a: Great Tusk|Knock Off|p1a: Weezing
|-resisted|p1a: Weezing
|-damage|p1a: Weezing|79/100
|-enditem|p1a: Weezing|Black Sludge|[from] move: Knock Off|[of] p2a: Great Tusk
|move|p1a: Weezing|Will-O-Wisp|p2a: Great Tusk
|-status|p2a: Great Tusk|brn
|
|-damage|p2a: Great Tusk|94/100 brn|[from] brn
|upkeep
|turn|7
|
|t:|1757866072
|-end|p1a: Weezing|ability: Neutralizing Gas
|switch|p1a: Jirachi|Jirachi|100/100
|move|p2a: Great Tusk|Rapid Spin|p1a: Jirachi
|-resisted|p1a: Jirachi
|-damage|p1a: Jirachi|98/100
|-boost|p2a: Great Tusk|spe|1
|-sideend|p2: mrpipsbulkyoffense|Stealth Rock|[from] move: Rapid Spin|[of] p2a: Great Tusk
|
|-heal|p2a: Great Tusk|100/100 brn|[from] item: Leftovers
|-damage|p2a: Great Tusk|94/100 brn|[from] brn
|upkeep
|turn|8
|
|t:|1757866089
|move|p2a: Great Tusk|Earthquake|p1a: Jirachi
|-supereffective|p1a: Jirachi
|-damage|p1a: Jirachi|62/100
|-enditem|p1a: Jirachi|Weakness Policy
|-boost|p1a: Jirachi|atk|2|[from] item: Weakness Policy
|-boost|p1a: Jirachi|spa|2|[from] item: Weakness Policy
|move|p1a: Jirachi|Stored Power|p2a: Great Tusk
|-supereffective|p2a: Great Tusk
|-damage|p2a: Great Tusk|0 fnt
|faint|p2a: Great Tusk
|-end|p2a: Great Tusk|Protosynthesis|[silent]
|
|upkeep
|
|t:|1757866114
|switch|p2a: Lokix|Lokix, M|100/100
|turn|9
|
|t:|1757866120
|switch|p1a: Landorus|Landorus-Therian, M|100/100
|-ability|p1a: Landorus|Intimidate|boost
|-unboost|p2a: Lokix|atk|1
|-terastallize|p2a: Lokix|Bug
|move|p2a: Lokix|First Impression|p1a: Landorus
|-resisted|p1a: Landorus
|-damage|p1a: Landorus|28/100
|
|upkeep
|turn|10
|
|t:|1757866142
|switch|p2a: Enamorus|Enamorus, F|100/100
|move|p1a: Landorus|U-turn|p2a: Enamorus
|-resisted|p2a: Enamorus
|-damage|p2a: Enamorus|88/100
|
|t:|1757866149
|switch|p1a: Blissey|Blissey, F, shiny|81/100|[from] U-turn
|
|upkeep
|turn|11
|
|t:|1757866162
|switch|p2a: Lokix|Lokix, M, tera:Bug|100/100
|-terastallize|p1a: Blissey|Ghost
|move|p1a: Blissey|Ice Beam|p2a: Lokix
|-damage|p2a: Lokix|33/100
|
|upkeep
|turn|12
|
|t:|1757866173
|switch|p1a: Weezing|Weezing-Galar, M|79/100
|-ability|p1a: Weezing|Neutralizing Gas
|move|p2a: Lokix|Leech Life|p1a: Weezing
|-resisted|p1a: Weezing
|-damage|p1a: Weezing|63/100
|-heal|p2a: Lokix|41/100|[from] drain|[of] p1a: Weezing
|
|upkeep
|turn|13
|
|t:|1757866186
|switch|p2a: Slowking|Slowking-Galar, F|100/100
|move|p1a: Weezing|Toxic|p2a: Slowking
|-immune|p2a: Slowking
|
|upkeep
|turn|14
|
|t:|1757866194
|-end|p1a: Weezing|ability: Neutralizing Gas
|switch|p1a: Blissey|Blissey, F, shiny, tera:Ghost|81/100
|move|p2a: Slowking|Future Sight|p1a: Blissey
|-start|p2a: Slowking|move: Future Sight
|
|upkeep
|turn|15
|
|t:|1757866203
|move|p1a: Blissey|Trick|p2a: Slowking
|-activate|p1a: Blissey|move: Trick|[of] p2a: Slowking
|-item|p2a: Slowking|Choice Specs|[from] move: Trick
|-item|p1a: Blissey|Shuca Berry|[from] move: Trick
|-prepare|p2a: Slowking|Chilly Reception|[premajor]
|move|p2a: Slowking|Chilly Reception|p2a: Slowking
|-weather|Snowscape
|
|t:|1757866217
|switch|p2a: Lokix|Lokix, M, tera:Bug|41/100|[from] Chilly Reception
|
|-weather|Snowscape|[upkeep]
|upkeep
|turn|16
|
|t:|1757866223
|switch|p1a: Weezing|Weezing-Galar, M|63/100
|-ability|p1a: Weezing|Neutralizing Gas
|move|p2a: Lokix|Leech Life|p1a: Weezing
|-resisted|p1a: Weezing
|-damage|p1a: Weezing|45/100
|-heal|p2a: Lokix|51/100|[from] drain|[of] p1a: Weezing
|
|-weather|Snowscape|[upkeep]
|-end|p1a: Weezing|move: Future Sight
|-supereffective|p1a: Weezing
|-damage|p1a: Weezing|0 fnt
|faint|p1a: Weezing
|-end|p1a: Weezing|ability: Neutralizing Gas
|upkeep
|
|t:|1757866229
|switch|p1a: Jirachi|Jirachi|62/100
|turn|17
|
|t:|1757866252
|switch|p2a: Alomomola|Alomomola, F|100/100
|move|p1a: Jirachi|Cosmic Power|p1a: Jirachi
|-boost|p1a: Jirachi|def|1
|-boost|p1a: Jirachi|spd|1
|
|-weather|Snowscape|[upkeep]
|upkeep
|turn|18
|
|t:|1757866262
|move|p1a: Jirachi|Cosmic Power|p1a: Jirachi
|-boost|p1a: Jirachi|def|1
|-boost|p1a: Jirachi|spd|1
|move|p2a: Alomomola|Body Slam|p1a: Jirachi
|-resisted|p1a: Jirachi
|-damage|p1a: Jirachi|59/100
|
|-weather|Snowscape|[upkeep]
|upkeep
|turn|19
|
|t:|1757866271
|move|p1a: Jirachi|Stored Power|p2a: Alomomola
|-damage|p2a: Alomomola|83/100
|move|p2a: Alomomola|Body Slam|p1a: Jirachi
|-resisted|p1a: Jirachi
|-damage|p1a: Jirachi|55/100
|-status|p1a: Jirachi|par
|
|-weather|none
|upkeep
|turn|20
|
|t:|1757866283
|move|p1a: Jirachi|Ice Punch|p2a: Alomomola
|-resisted|p2a: Alomomola
|-damage|p2a: Alomomola|77/100
|move|p2a: Alomomola|Mirror Coat||[still]
|-fail|p2a: Alomomola
|
|upkeep
|turn|21
|
|t:|1757866294
|move|p1a: Jirachi|Ice Punch|p2a: Alomomola
|-resisted|p2a: Alomomola
|-damage|p2a: Alomomola|70/100
|move|p2a: Alomomola|Body Slam|p1a: Jirachi
|-resisted|p1a: Jirachi
|-damage|p1a: Jirachi|52/100 par
|
|upkeep
|turn|22
|
|t:|1757866306
|move|p2a: Alomomola|Aqua Jet|p1a: Jirachi
|-damage|p1a: Jirachi|47/100 par
|move|p1a: Jirachi|Ice Punch|p2a: Alomomola
|-resisted|p2a: Alomomola
|-damage|p2a: Alomomola|64/100
|-status|p2a: Alomomola|frz
|
|upkeep
|turn|23
|
|t:|1757866315
|move|p1a: Jirachi|Cosmic Power|p1a: Jirachi
|-boost|p1a: Jirachi|def|1
|-boost|p1a: Jirachi|spd|1
|cant|p2a: Alomomola|frz
|
|upkeep
|turn|24
|
|t:|1757866329
|move|p1a: Jirachi|Cosmic Power|p1a: Jirachi
|-boost|p1a: Jirachi|def|1
|-boost|p1a: Jirachi|spd|1
|-curestatus|p2a: Alomomola|frz|[msg]
|move|p2a: Alomomola|Mirror Coat||[still]
|-fail|p2a: Alomomola
|
|upkeep
|turn|25
|
|t:|1757866336
|cant|p1a: Jirachi|par
|move|p2a: Alomomola|Mirror Coat||[still]
|-fail|p2a: Alomomola
|
|upkeep
|turn|26
|
|t:|1757866346
|move|p1a: Jirachi|Ice Punch|p2a: Alomomola
|-resisted|p2a: Alomomola
|-damage|p2a: Alomomola|57/100
|-status|p2a: Alomomola|frz
|-curestatus|p2a: Alomomola|frz|[msg]
|move|p2a: Alomomola|Mirror Coat||[still]
|-fail|p2a: Alomomola
|
|upkeep
|turn|27
|
|t:|1757866355
|move|p2a: Alomomola|Aqua Jet|p1a: Jirachi
|-damage|p1a: Jirachi|44/100 par
|move|p1a: Jirachi|Ice Punch|p2a: Alomomola
|-resisted|p2a: Alomomola
|-damage|p2a: Alomomola|51/100
|
|upkeep
|turn|28
|
|t:|1757866365
|move|p2a: Alomomola|Aqua Jet|p1a: Jirachi
|-damage|p1a: Jirachi|41/100 par
|move|p1a: Jirachi|Ice Punch|p2a: Alomomola
|-resisted|p2a: Alomomola
|-damage|p2a: Alomomola|45/100
|-status|p2a: Alomomola|frz
|
|upkeep
|turn|29
|
|t:|1757866374
|-curestatus|p2a: Alomomola|frz|[msg]
|move|p2a: Alomomola|Aqua Jet|p1a: Jirachi
|-damage|p1a: Jirachi|37/100 par
|cant|p1a: Jirachi|par
|
|upkeep
|turn|30
|
|t:|1757866382
|move|p1a: Jirachi|Drain Punch|p2a: Alomomola
|-damage|p2a: Alomomola|33/100
|-heal|p1a: Jirachi|46/100 par|[from] drain|[of] p2a: Alomomola
|move|p2a: Alomomola|Flip Turn|p1a: Jirachi
|-damage|p1a: Jirachi|40/100 par
|
|t:|1757866404
|switch|p2a: Enamorus|Enamorus, F|88/100|[from] Flip Turn
|
|upkeep
|turn|31
|
|t:|1757866414
|move|p2a: Enamorus|Earth Power|p1a: Jirachi
|-supereffective|p1a: Jirachi
|-damage|p1a: Jirachi|16/100 par
|cant|p1a: Jirachi|par
|
|upkeep
|turn|32
|
|t:|1757866420
|move|p2a: Enamorus|Earth Power|p1a: Jirachi
|-supereffective|p1a: Jirachi
|-damage|p1a: Jirachi|0 fnt
|faint|p1a: Jirachi
|
|upkeep
|
|t:|1757866423
|switch|p1a: Blissey|Blissey, F, shiny, tera:Ghost|81/100
|turn|33
|
|t:|1757866435
|move|p2a: Enamorus|Earth Power|p1a: Blissey
|-damage|p1a: Blissey|69/100
|move|p1a: Blissey|Ice Beam|p2a: Enamorus
|-supereffective|p2a: Enamorus
|-damage|p2a: Enamorus|25/100
|
|upkeep
|turn|34
|
|t:|1757866448
|switch|p2a: Slowking|Slowking-Galar, F|100/100
|move|p1a: Blissey|Soft-Boiled|p1a: Blissey
|-heal|p1a: Blissey|100/100
|
|upkeep
|turn|35
|
|t:|1757866455
|move|p1a: Blissey|Ice Beam|p2a: Slowking
|-damage|p2a: Slowking|82/100
|move|p2a: Slowking|Future Sight|p1a: Blissey
|-start|p2a: Slowking|move: Future Sight
|
|upkeep
|turn|36
|
|t:|1757866463
|switch|p2a: Alomomola|Alomomola, F|66/100
|move|p1a: Blissey|Flamethrower|p2a: Alomomola
|-resisted|p2a: Alomomola
|-damage|p2a: Alomomola|61/100
|-status|p2a: Alomomola|brn
|
|-damage|p2a: Alomomola|54/100 brn|[from] brn
|upkeep
|turn|37
|
|t:|1757866474
|switch|p1a: Serperior|Serperior, F|100/100
|move|p2a: Alomomola|Flip Turn|p1a: Serperior
|-resisted|p1a: Serperior
|-damage|p1a: Serperior|97/100
|
|t:|1757866481
|switch|p2a: Lokix|Lokix, M, tera:Bug|51/100|[from] Flip Turn
|
|-end|p1a: Serperior|move: Future Sight
|-damage|p1a: Serperior|54/100
|-heal|p1a: Serperior|60/100|[from] item: Leftovers
|upkeep
|turn|38
|
|t:|1757866490
|switch|p1a: Garganacl|Garganacl, F, shiny|100/100
|-item|p1a: Garganacl|Air Balloon
|move|p2a: Lokix|First Impression|p1a: Garganacl
|-damage|p1a: Garganacl|53/100
|-enditem|p1a: Garganacl|Air Balloon
|
|upkeep
|turn|39
|
|t:|1757866499
|switch|p2a: Slowking|Slowking-Galar, F|100/100
|move|p1a: Garganacl|Recover|p1a: Garganacl
|-heal|p1a: Garganacl|100/100
|
|upkeep
|turn|40
|
|t:|1757866508
|switch|p1a: Blissey|Blissey, F, shiny, tera:Ghost|100/100
|move|p2a: Slowking|Ice Beam|p1a: Blissey
|-damage|p1a: Blissey|90/100
|
|upkeep
|turn|41
|
|t:|1757866519
|switch|p2a: Alomomola|Alomomola, F|88/100 brn
|move|p1a: Blissey|Ice Beam|p2a: Alomomola
|-resisted|p2a: Alomomola
|-damage|p2a: Alomomola|82/100 brn
|
|-damage|p2a: Alomomola|76/100 brn|[from] brn
|upkeep
|turn|42
|
|t:|1757866531
|move|p1a: Blissey|Ice Beam|p2a: Alomomola
|-resisted|p2a: Alomomola
|-damage|p2a: Alomomola|70/100 brn
|move|p2a: Alomomola|Flip Turn|p1a: Blissey
|-damage|p1a: Blissey|74/100
|
|t:|1757866538
|switch|p2a: Lokix|Lokix, M, tera:Bug|51/100|[from] Flip Turn
|
|upkeep
|turn|43
|
|t:|1757866543
|move|p2a: Lokix|Leech Life|p1a: Blissey
|-resisted|p1a: Blissey
|-damage|p1a: Blissey|0 fnt
|-heal|p2a: Lokix|100/100|[from] drain|[of] p1a: Blissey
|faint|p1a: Blissey
|
|upkeep
|
|t:|1757866547
|switch|p1a: Garganacl|Garganacl, F, shiny|100/100
|turn|44
|
|t:|1757866554
|move|p2a: Lokix|Leech Life|p1a: Garganacl
|-damage|p1a: Garganacl|64/100
|move|p1a: Garganacl|Salt Cure|p2a: Lokix
|-supereffective|p2a: Lokix
|-damage|p2a: Lokix|57/100
|-start|p2a: Lokix|Salt Cure
|
|-damage|p2a: Lokix|45/100|[from] Salt Cure
|upkeep
|turn|45
|
|t:|1757866565
|switch|p2a: Slowking|Slowking-Galar, F|100/100
|move|p1a: Garganacl|Salt Cure|p2a: Slowking
|-damage|p2a: Slowking|90/100
|-start|p2a: Slowking|Salt Cure
|
|-damage|p2a: Slowking|77/100|[from] Salt Cure
|upkeep
|turn|46
|
|t:|1757866574
|switch|p1a: Serperior|Serperior, F|60/100
|move|p2a: Slowking|Future Sight|p1a: Serperior
|-start|p2a: Slowking|move: Future Sight
|
|-heal|p1a: Serperior|67/100|[from] item: Leftovers
|-damage|p2a: Slowking|65/100|[from] Salt Cure
|upkeep
|turn|47
|
|t:|1757866587
|switch|p2a: Alomomola|Alomomola, F|100/100 brn
|move|p1a: Serperior|Substitute|p1a: Serperior
|-start|p1a: Serperior|Substitute
|-damage|p1a: Serperior|42/100
|
|-heal|p1a: Serperior|48/100|[from] item: Leftovers
|-damage|p2a: Alomomola|94/100 brn|[from] brn
|upkeep
|turn|48
|
|t:|1757866599
|move|p1a: Serperior|Leaf Storm|p2a: Alomomola
|-supereffective|p2a: Alomomola
|-damage|p2a: Alomomola|59/100 brn
|-boost|p1a: Serperior|spa|2
|move|p2a: Alomomola|Mirror Coat|p1a: Serperior
|-end|p1a: Serperior|Substitute
|
|-end|p1a: Serperior|move: Future Sight
|-damage|p1a: Serperior|0 fnt
|faint|p1a: Serperior
|-damage|p2a: Alomomola|53/100 brn|[from] brn
|upkeep
|l|☆Edward Wang
|player|p1|
|inactive|Battle timer is ON: inactive players will automatically lose when time's up. (requested by mrpipsbulkyoffense)
|inactive|Edward Wang has 30 seconds to reconnect!
|inactive|Edward Wang has 20 seconds to reconnect!
|inactive|Edward Wang has 15 seconds to reconnect!
|inactive|Edward Wang has 10 seconds to reconnect!
|inactive|Edward Wang has 5 seconds to reconnect!
|-message|Edward Wang lost due to inactivity.
|
|win|mrpipsbulkyoffense
|raw|Edward Wang's rating: 1292 &rarr; <strong>1267</strong><br />(-25 for losing)
|raw|mrpipsbulkyoffense's rating: 1287 &rarr; <strong>1312</strong><br />(+25 for winning)
