|j|☆IC1
|j|☆souobrubo
|t:|1757872487
|gametype|singles
|player|p1|IC1|blackbelt-gen4dp|1147
|player|p2|souobrubo|101|1180
|gen|9
|tier|[Gen 9] OU
|rated|
|rule|HP Percentage Mod: HP is shown in percentages
|rule|Endless Battle Clause: Forcing endless battles is banned
|rule|Species Clause: Limit one of each Pokémon
|rule|OHKO Clause: OHKO moves are banned
|rule|Evasion Items Clause: Evasion items are banned
|rule|Evasion Moves Clause: Evasion moves are banned
|rule|Evasion Abilities Clause: Evasion abilities are banned
|rule|Sleep Moves Clause: Sleep-inducing moves are banned
|clearpoke
|poke|p1|Ogerpon-Wellspring, F|
|poke|p1|Kingambit, F|
|poke|p1|Landorus-Therian, M|
|poke|p1|Glimmora, F|
|poke|p1|Gholdengo|
|poke|p1|Iron Valiant|
|poke|p2|Scizor, M|
|poke|p2|Araquanid, F|
|poke|p2|Gliscor, M|
|poke|p2|Goodra-Hisui, F|
|poke|p2|Zoroark-Hisui, M|
|poke|p2|Florges-White, F|
|teampreview
|
|t:|1757872509
|teamsize|p1|6
|teamsize|p2|6
|start
|switch|p1a: Glimmora|Glimmora, F|100/100
|switch|p2a: Araquanid|Araquanid, F|100/100
|turn|1
|c|☆IC1|glhf
|c|☆souobrubo|i think i ve seen this team 1000 times lol
|c|☆souobrubo|hahahaa
|j| 8ozz8oo
|c|☆IC1|its a sample team xd
|l| 8ozz8oo
|c|☆IC1|omg
|c|☆IC1|ive seen ur team too
|c|☆IC1|like 5 x this week
|c|☆IC1|xd
|c|☆souobrubo|haha but my team is original
|c|☆souobrubo|i think we ve played once
|c|☆IC1|different variations icl
|c|☆IC1|yes
|
|t:|1757872553
|move|p2a: Araquanid|Focus Blast|p1a: Glimmora
|-damage|p1a: Glimmora|22/100
|move|p1a: Glimmora|Spikes|p2a: Araquanid
|-sidestart|p2: souobrubo|Spikes
|
|upkeep
|turn|2
|c|☆IC1|going back probs months ago now
|
|t:|1757872569
|move|p2a: Araquanid|Focus Blast|p1a: Glimmora
|-damage|p1a: Glimmora|0 fnt
|faint|p1a: Glimmora
|
|upkeep
|
|t:|1757872575
|switch|p1a: Ogerpon|Ogerpon-Wellspring, F|100/100
|turn|3
|j| CloudyEJ
|c|☆IC1|i cant get 2 hits in a row w  blast xd
|
|t:|1757872586
|switch|p2a: Araquanid|Araquanid, F|100/100
|-damage|p2a: Araquanid|88/100|[from] Spikes
|-terastallize|p1a: Ogerpon|Water
|detailschange|p1a: Ogerpon|Ogerpon-Wellspring-Tera, F, tera:Water
|-ability|p1a: Ogerpon|Embody Aspect (Wellspring)|boost
|-boost|p1a: Ogerpon|spd|1
|move|p1a: Ogerpon|Horn Leech|p2a: Araquanid
|-damage|p2a: Araquanid|54/100
|
|upkeep
|turn|4
|
|t:|1757872604
|move|p1a: Ogerpon|Swords Dance|p1a: Ogerpon
|-boost|p1a: Ogerpon|atk|2
|move|p2a: Araquanid|Reflect|p2a: Araquanid
|-sidestart|p2: souobrubo|Reflect
|
|upkeep
|turn|5
|c|☆IC1|previous was zor. then
|
|t:|1757872616
|move|p1a: Ogerpon|Horn Leech|p2a: Araquanid
|-damage|p2a: Araquanid|17/100
|move|p2a: Araquanid|Sticky Web|p1a: Ogerpon
|-sidestart|p1: IC1|move: Sticky Web
|
|upkeep
|turn|6
|
|t:|1757872622
|switch|p2a: Goodra|Goodra-Hisui, F|100/100
|-damage|p2a: Goodra|88/100|[from] Spikes
|move|p1a: Ogerpon|Horn Leech|p2a: Goodra
|-resisted|p2a: Goodra
|-damage|p2a: Goodra|78/100
|-damage|p1a: Ogerpon|84/100|[from] item: Rocky Helmet|[of] p2a: Goodra
|-ability|p2a: Goodra|Gooey
|-unboost|p1a: Ogerpon|spe|1
|
|upkeep
|turn|7
|
|t:|1757872634
|move|p1a: Ogerpon|Ivy Cudgel|p2a: Goodra|[anim] Ivy Cudgel Water
|-resisted|p2a: Goodra
|-damage|p2a: Goodra|41/100
|move|p2a: Goodra|Acid Armor|p2a: Goodra
|-boost|p2a: Goodra|def|2
|
|upkeep
|turn|8
|
|t:|1757872640
|switch|p1a: Landorus|Landorus-Therian, M|100/100
|-ability|p1a: Landorus|Intimidate|boost
|-unboost|p2a: Goodra|atk|1
|move|p2a: Goodra|Thunderbolt|p1a: Landorus
|-immune|p1a: Landorus
|
|upkeep
|turn|9
|
|t:|1757872648
|-terastallize|p2a: Goodra|Flying
|move|p1a: Landorus|Taunt|p2a: Goodra
|-start|p2a: Goodra|move: Taunt
|move|p2a: Goodra|Ice Beam|p1a: Landorus
|-supereffective|p1a: Landorus
|-damage|p1a: Landorus|0 fnt
|faint|p1a: Landorus
|
|upkeep
|c|☆IC1|xd
|
|t:|1757872658
|switch|p1a: Iron Valiant|Iron Valiant|100/100
|-activate|p1a: Iron Valiant|move: Sticky Web
|-unboost|p1a: Iron Valiant|spe|1
|-enditem|p1a: Iron Valiant|Booster Energy
|-activate|p1a: Iron Valiant|ability: Quark Drive|[fromitem]
|-start|p1a: Iron Valiant|quarkdriveatk
|turn|10
|j| nerdynewt
|
|t:|1757872670
|move|p1a: Iron Valiant|Encore|p2a: Goodra
|-start|p2a: Goodra|Encore
|move|p2a: Goodra|Ice Beam|p1a: Iron Valiant
|-damage|p1a: Iron Valiant|45/100
|
|upkeep
|turn|11
|
|t:|1757872677
|move|p1a: Iron Valiant|Knock Off|p2a: Goodra
|-damage|p2a: Goodra|32/100
|-damage|p1a: Iron Valiant|28/100|[from] item: Rocky Helmet|[of] p2a: Goodra
|-ability|p2a: Goodra|Gooey
|-unboost|p1a: Iron Valiant|spe|1
|-enditem|p2a: Goodra|Rocky Helmet|[from] move: Knock Off|[of] p1a: Iron Valiant
|move|p2a: Goodra|Ice Beam|p1a: Iron Valiant
|-damage|p1a: Iron Valiant|0 fnt
|faint|p1a: Iron Valiant
|-end|p1a: Iron Valiant|Quark Drive|[silent]
|
|-end|p2a: Goodra|move: Taunt
|-sideend|p2: souobrubo|Reflect
|upkeep
|
|t:|1757872689
|switch|p1a: Gholdengo|Gholdengo|100/100
|-item|p1a: Gholdengo|Air Balloon
|turn|12
|l| nerdynewt
|
|t:|1757872699
|switch|p2a: Goodra|Goodra-Hisui, F|100/100
|-damage|p2a: Goodra|88/100|[from] Spikes
|move|p1a: Gholdengo|Make It Rain|p2a: Goodra
|-damage|p2a: Goodra|0 fnt
|-unboost|p1a: Gholdengo|spa|1
|replace|p2a: Zoroark|Zoroark-Hisui, M, shiny
|-end|p2a: Zoroark|Illusion
|faint|p2a: Zoroark
|
|upkeep
|c|☆souobrubo|noooo
|c|☆IC1|YESSS
|
|t:|1757872720
|switch|p2a: Scizor|Scizor, M|100/100
|-damage|p2a: Scizor|88/100|[from] Spikes
|turn|13
|l| CloudyEJ
|
|t:|1757872739
|move|p1a: Gholdengo|Nasty Plot|p1a: Gholdengo
|-boost|p1a: Gholdengo|spa|2
|move|p2a: Scizor|Swords Dance|p2a: Scizor
|-boost|p2a: Scizor|atk|2
|
|upkeep
|turn|14
|
|t:|1757872744
|move|p1a: Gholdengo|Nasty Plot|p1a: Gholdengo
|-boost|p1a: Gholdengo|spa|2
|move|p2a: Scizor|Knock Off|p1a: Gholdengo
|-supereffective|p1a: Gholdengo
|-damage|p1a: Gholdengo|0 fnt
|-enditem|p1a: Gholdengo|Air Balloon
|faint|p1a: Gholdengo
|
|upkeep
|c|☆IC1|OKK
|c|☆IC1|xd
|
|t:|1757872752
|switch|p1a: Ogerpon|Ogerpon-Wellspring-Tera, F, tera:Water|84/100
|-activate|p1a: Ogerpon|move: Sticky Web
|-unboost|p1a: Ogerpon|spe|1
|-ability|p1a: Ogerpon|Embody Aspect (Wellspring)|boost
|-boost|p1a: Ogerpon|spd|1
|turn|15
|
|t:|1757872771
|move|p2a: Scizor|Bullet Punch|p1a: Ogerpon
|-resisted|p1a: Ogerpon
|-damage|p1a: Ogerpon|37/100
|move|p1a: Ogerpon|Ivy Cudgel|p2a: Scizor|[anim] Ivy Cudgel Water
|-crit|p2a: Scizor
|-damage|p2a: Scizor|0 fnt
|faint|p2a: Scizor
|
|upkeep
|
|t:|1757872783
|switch|p2a: Araquanid|Araquanid, F|17/100
|-damage|p2a: Araquanid|5/100|[from] Spikes
|turn|16
|
|t:|1757872792
|move|p1a: Ogerpon|Horn Leech|p2a: Araquanid
|-damage|p2a: Araquanid|0 fnt
|-heal|p1a: Ogerpon|40/100|[from] drain|[of] p2a: Araquanid
|faint|p2a: Araquanid
|
|upkeep
|
|t:|1757872797
|switch|p2a: Florges|Florges-White, F, shiny|100/100
|-damage|p2a: Florges|88/100|[from] Spikes
|turn|17
|
|t:|1757872803
|move|p2a: Florges|Calm Mind|p2a: Florges
|-boost|p2a: Florges|spa|1
|-boost|p2a: Florges|spd|1
|move|p1a: Ogerpon|Ivy Cudgel|p2a: Florges|[anim] Ivy Cudgel Water
|-damage|p2a: Florges|0 fnt
|faint|p2a: Florges
|
|upkeep
|c|☆IC1|NEXT
|
|t:|1757872810
|switch|p2a: Gliscor|Gliscor, M|100/100
|turn|18
|
|t:|1757872815
|move|p2a: Gliscor|Earthquake|p1a: Ogerpon
|-damage|p1a: Ogerpon|0 fnt
|faint|p1a: Ogerpon
|detailschange|p1: Ogerpon|Ogerpon-Wellspring, F|[silent]
|
|-status|p2a: Gliscor|tox|[from] item: Toxic Orb
|upkeep
|c|☆IC1|ouch
|
|t:|1757872820
|switch|p1a: Kingambit|Kingambit, F|100/100
|-activate|p1a: Kingambit|move: Sticky Web
|-unboost|p1a: Kingambit|spe|1
|-activate|p1a: Kingambit|ability: Supreme Overlord
|-start|p1a: Kingambit|fallen5|[silent]
|turn|19
|
|t:|1757872826
|move|p2a: Gliscor|Protect|p2a: Gliscor
|-singleturn|p2a: Gliscor|Protect
|move|p1a: Kingambit|Sucker Punch||[still]
|-fail|p1a: Kingambit
|
|upkeep
|turn|20
|
|t:|1757872833
|move|p1a: Kingambit|Sucker Punch|p2a: Gliscor
|-damage|p2a: Gliscor|53/100 tox
|move|p2a: Gliscor|Earthquake|p1a: Kingambit
|-supereffective|p1a: Kingambit
|-damage|p1a: Kingambit|54/100
|
|-heal|p1a: Kingambit|60/100|[from] item: Leftovers
|-heal|p2a: Gliscor|66/100 tox|[from] ability: Poison Heal
|upkeep
|turn|21
|
|t:|1757872841
|move|p2a: Gliscor|Earthquake|p1a: Kingambit
|-supereffective|p1a: Kingambit
|-damage|p1a: Kingambit|7/100
|move|p1a: Kingambit|Kowtow Cleave|p2a: Gliscor
|-damage|p2a: Gliscor|13/100 tox
|
|-heal|p1a: Kingambit|14/100|[from] item: Leftovers
|-heal|p2a: Gliscor|26/100 tox|[from] ability: Poison Heal
|upkeep
|turn|22
|j| Boogerblitz
|
|t:|1757872850
|move|p1a: Kingambit|Sucker Punch|p2a: Gliscor
|-crit|p2a: Gliscor
|-damage|p2a: Gliscor|0 fnt
|faint|p2a: Gliscor
|
|-heal|p1a: Kingambit|20/100|[from] item: Leftovers
|upkeep
|c|☆IC1|oop
|c|☆IC1|crit
|
|t:|1757872856
|switch|p2a: Goodra|Goodra-Hisui, F, tera:Flying|32/100
|turn|23
|c|☆IC1|hi Boogerblitz
|c| Boogerblitz|yeooo
|
|t:|1757872866
|move|p1a: Kingambit|Sucker Punch|p2a: Goodra
|-damage|p2a: Goodra|0 fnt
|-ability|p2a: Goodra|Gooey
|-unboost|p1a: Kingambit|spe|1
|faint|p2a: Goodra
|
|win|IC1
|raw|IC1's rating: 1147 &rarr; <strong>1174</strong><br />(+27 for winning)
|raw|souobrubo's rating: 1180 &rarr; <strong>1153</strong><br />(-27 for losing)
|c|☆IC1|boo
|c|☆IC1|gg
|c|☆souobrubo|gg
