|j|☆ivon_neeeeeee
|j|☆LoseToRU?
|t:|1757790771
|gametype|singles
|player|p1|ivon_neeeeeee|miku-ghost|1546
|player|p2|LoseToRU?|giovanni-gen1|1576
|gen|9
|tier|[Gen 9] OU
|rated|
|rule|HP Percentage Mod: HP is shown in percentages
|rule|Endless Battle Clause: Forcing endless battles is banned
|rule|Species Clause: Limit one of each Pokémon
|rule|OHKO Clause: OHKO moves are banned
|rule|Evasion Items Clause: Evasion items are banned
|rule|Evasion Moves Clause: Evasion moves are banned
|rule|Evasion Abilities Clause: Evasion abilities are banned
|rule|Sleep Moves Clause: Sleep-inducing moves are banned
|clearpoke
|poke|p1|Latios, M|
|poke|p1|Ting-Lu|
|poke|p1|Gholdengo|
|poke|p1|Moltres|
|poke|p1|Great Tusk|
|poke|p1|Ogerpon-Wellspring, F|
|poke|p2|Araquanid, M|
|poke|p2|Ogerpon, F|
|poke|p2|Dragonite, M|
|poke|p2|Cinderace, M|
|poke|p2|Malamar, F|
|poke|p2|Iron Jugulis|
|teampreview
|inactive|Battle timer is ON: inactive players will automatically lose when time's up. (requested by ivon_neeeeeee)
|
|t:|1757790851
|teamsize|p1|6
|teamsize|p2|6
|start
|switch|p1a: Ogerpon|Ogerpon-Wellspring, F|100/100
|switch|p2a: Araquanid|Araquanid, M|100/100
|turn|1
|
|t:|1757790856
|move|p1a: Ogerpon|Knock Off|p2a: Araquanid
|-damage|p2a: Araquanid|55/100
|-enditem|p2a: Araquanid|Custap Berry|[from] move: Knock Off|[of] p1a: Ogerpon
|move|p2a: Araquanid|Sticky Web|p1a: Ogerpon
|-sidestart|p1: ivon_neeeeeee|move: Sticky Web
|
|upkeep
|turn|2
|
|t:|1757790863
|move|p1a: Ogerpon|U-turn|p2a: Araquanid
|-damage|p2a: Araquanid|24/100
|
|t:|1757790867
|switch|p1a: Moltres|Moltres|100/100|[from] U-turn
|move|p2a: Araquanid|Endeavor|p1a: Moltres
|-damage|p1a: Moltres|21/100
|
|upkeep
|turn|3
|
|t:|1757790874
|move|p1a: Moltres|U-turn|p2a: Araquanid
|-damage|p2a: Araquanid|10/100
|
|t:|1757790876
|switch|p1a: Ogerpon|Ogerpon-Wellspring, F|100/100|[from] U-turn
|-activate|p1a: Ogerpon|move: Sticky Web
|-unboost|p1a: Ogerpon|spe|1
|move|p2a: Araquanid|Surf|p1a: Ogerpon
|-immune|p1a: Ogerpon|[from] ability: Water Absorb
|
|upkeep
|turn|4
|
|t:|1757790883
|move|p1a: Ogerpon|U-turn|p2a: Araquanid
|-damage|p2a: Araquanid|0 fnt
|faint|p2a: Araquanid
|
|t:|1757790886
|switch|p1a: Moltres|Moltres|21/100|[from] U-turn
|
|upkeep
|
|t:|1757790892
|switch|p2a: Iron Jugulis|Iron Jugulis|100/100
|-enditem|p2a: Iron Jugulis|Booster Energy
|-activate|p2a: Iron Jugulis|ability: Quark Drive|[fromitem]
|-start|p2a: Iron Jugulis|quarkdrivespe
|turn|5
|
|t:|1757790903
|move|p2a: Iron Jugulis|Dark Pulse|p1a: Moltres
|-damage|p1a: Moltres|0 fnt
|faint|p1a: Moltres
|
|upkeep
|
|t:|1757790908
|switch|p1a: Ting-Lu|Ting-Lu|100/100
|-activate|p1a: Ting-Lu|move: Sticky Web
|-unboost|p1a: Ting-Lu|spe|1
|-ability|p1a: Ting-Lu|Vessel of Ruin
|turn|6
|
|t:|1757790914
|move|p2a: Iron Jugulis|Taunt|p1a: Ting-Lu
|-start|p1a: Ting-Lu|move: Taunt
|move|p1a: Ting-Lu|Ruination|p2a: Iron Jugulis
|-damage|p2a: Iron Jugulis|51/100
|
|upkeep
|turn|7
|inactive|LoseToRU? has 120 seconds left.
|
|t:|1757790949
|move|p2a: Iron Jugulis|Hurricane|p1a: Ting-Lu
|-damage|p1a: Ting-Lu|79/100
|move|p1a: Ting-Lu|Ruination|p2a: Iron Jugulis
|-damage|p2a: Iron Jugulis|26/100
|
|-heal|p1a: Ting-Lu|85/100|[from] item: Leftovers
|upkeep
|turn|8
|inactive|LoseToRU? has 120 seconds left.
|
|t:|1757790961
|move|p2a: Iron Jugulis|Hurricane|p1a: Ting-Lu
|-damage|p1a: Ting-Lu|62/100
|move|p1a: Ting-Lu|Ruination|p2a: Iron Jugulis
|-damage|p2a: Iron Jugulis|13/100
|
|-heal|p1a: Ting-Lu|68/100|[from] item: Leftovers
|-end|p1a: Ting-Lu|move: Taunt
|upkeep
|turn|9
|
|t:|1757790976
|move|p2a: Iron Jugulis|Taunt|p1a: Ting-Lu
|-start|p1a: Ting-Lu|move: Taunt
|move|p1a: Ting-Lu|Ruination|p2a: Iron Jugulis|[miss]
|-miss|p1a: Ting-Lu|p2a: Iron Jugulis
|
|-heal|p1a: Ting-Lu|74/100|[from] item: Leftovers
|upkeep
|turn|10
|inactive|LoseToRU? has 120 seconds left.
|
|t:|1757791014
|switch|p1a: Latios|Latios, M|100/100
|move|p2a: Iron Jugulis|Hurricane|p1a: Latios
|-damage|p1a: Latios|40/100
|-start|p1a: Latios|confusion
|
|upkeep
|turn|11
|inactive|ivon_neeeeeee has 120 seconds left.
|
|t:|1757791043
|switch|p1a: Ting-Lu|Ting-Lu|74/100
|-activate|p1a: Ting-Lu|move: Sticky Web
|-unboost|p1a: Ting-Lu|spe|1
|-ability|p1a: Ting-Lu|Vessel of Ruin
|move|p2a: Iron Jugulis|Dark Pulse|p1a: Ting-Lu
|-resisted|p1a: Ting-Lu
|-crit|p1a: Ting-Lu
|-damage|p1a: Ting-Lu|63/100
|
|-heal|p1a: Ting-Lu|69/100|[from] item: Leftovers
|upkeep
|turn|12
|inactive|ivon_neeeeeee has 120 seconds left.
|
|t:|1757791061
|switch|p1a: Latios|Latios, M|40/100
|move|p2a: Iron Jugulis|Taunt|p1a: Latios
|-start|p1a: Latios|move: Taunt
|
|upkeep
|turn|13
|inactive|ivon_neeeeeee has 120 seconds left.
|inactive|LoseToRU? has 120 seconds left.
|
|t:|1757791098
|move|p2a: Iron Jugulis|Dark Pulse|p1a: Latios
|-supereffective|p1a: Latios
|-damage|p1a: Latios|0 fnt
|faint|p1a: Latios
|
|upkeep
|inactive|ivon_neeeeeee has 120 seconds left.
|
|t:|1757791104
|switch|p1a: Great Tusk|Great Tusk|100/100
|turn|14
|
|t:|1757791110
|-terastallize|p1a: Great Tusk|Steel
|move|p2a: Iron Jugulis|Hurricane|p1a: Great Tusk|[miss]
|-miss|p2a: Iron Jugulis|p1a: Great Tusk
|move|p1a: Great Tusk|Rapid Spin|p2a: Iron Jugulis
|-damage|p2a: Iron Jugulis|0 fnt
|-boost|p1a: Great Tusk|spe|1
|-sideend|p1: ivon_neeeeeee|Sticky Web|[from] move: Rapid Spin|[of] p1a: Great Tusk
|faint|p2a: Iron Jugulis
|-end|p2a: Iron Jugulis|Quark Drive|[silent]
|
|upkeep
|
|t:|1757791118
|switch|p2a: Dragonite|Dragonite, M|100/100
|turn|15
|
|t:|1757791120
|move|p1a: Great Tusk|Ice Spinner|p2a: Dragonite
|-supereffective|p2a: Dragonite
|-damage|p2a: Dragonite|39/100
|move|p2a: Dragonite|Earthquake|p1a: Great Tusk
|-supereffective|p1a: Great Tusk
|-damage|p1a: Great Tusk|9/100
|
|upkeep
|turn|16
|inactive|LoseToRU? has 120 seconds left.
|
|t:|1757791143
|switch|p2a: Cinderace|Cinderace, M|100/100
|move|p1a: Great Tusk|Ice Spinner|p2a: Cinderace
|-resisted|p2a: Cinderace
|-damage|p2a: Cinderace|81/100
|
|upkeep
|turn|17
|
|t:|1757791150
|move|p1a: Great Tusk|Headlong Rush|p2a: Cinderace
|-supereffective|p2a: Cinderace
|-damage|p2a: Cinderace|0 fnt
|-unboost|p1a: Great Tusk|def|1
|-unboost|p1a: Great Tusk|spd|1
|faint|p2a: Cinderace
|
|upkeep
|
|t:|1757791151
|switch|p2a: Dragonite|Dragonite, M|39/100
|turn|18
|
|t:|1757791158
|-end|p1a: Great Tusk|Protosynthesis|[silent]
|switch|p1a: Gholdengo|Gholdengo|100/100
|move|p2a: Dragonite|Extreme Speed|p1a: Gholdengo
|-immune|p1a: Gholdengo
|
|upkeep
|turn|19
|inactive|LoseToRU? has 120 seconds left.
|
|t:|1757791182
|switch|p2a: Ogerpon|Ogerpon, F|100/100
|move|p1a: Gholdengo|Make It Rain|p2a: Ogerpon
|-damage|p2a: Ogerpon|24/100
|-unboost|p1a: Gholdengo|spa|1
|
|upkeep
|turn|20
|inactive|LoseToRU? has 120 seconds left.
|
|t:|1757791204
|switch|p1a: Great Tusk|Great Tusk, tera:Steel|9/100
|move|p2a: Ogerpon|Knock Off|p1a: Great Tusk
|-damage|p1a: Great Tusk|0 fnt
|-enditem|p1a: Great Tusk|Heavy-Duty Boots|[from] move: Knock Off|[of] p2a: Ogerpon
|faint|p1a: Great Tusk
|-end|p1a: Great Tusk|Protosynthesis|[silent]
|
|upkeep
|
|t:|1757791210
|switch|p1a: Gholdengo|Gholdengo|100/100
|turn|21
|
|t:|1757791219
|move|p1a: Gholdengo|Shadow Ball|p2a: Ogerpon
|-damage|p2a: Ogerpon|0 fnt
|faint|p2a: Ogerpon
|
|upkeep
|
|t:|1757791237
|switch|p2a: Dragonite|Dragonite, M|39/100
|turn|22
|
|t:|1757791241
|switch|p1a: Ting-Lu|Ting-Lu|69/100
|-ability|p1a: Ting-Lu|Vessel of Ruin
|move|p2a: Dragonite|Earthquake|p1a: Ting-Lu
|-damage|p1a: Ting-Lu|34/100
|
|-heal|p1a: Ting-Lu|41/100|[from] item: Leftovers
|upkeep
|turn|23
|
|t:|1757791250
|move|p2a: Dragonite|Earthquake|p1a: Ting-Lu
|-damage|p1a: Ting-Lu|10/100
|move|p1a: Ting-Lu|Whirlwind|p2a: Dragonite
|drag|p2a: ZU|Malamar, F|100/100
|
|-heal|p1a: Ting-Lu|16/100|[from] item: Leftovers
|upkeep
|turn|24
|
|t:|1757791259
|switch|p1a: Gholdengo|Gholdengo|100/100
|move|p2a: ZU|Superpower|p1a: Gholdengo
|-immune|p1a: Gholdengo
|
|upkeep
|turn|25
|
|t:|1757791272
|move|p1a: Gholdengo|Shadow Ball|p2a: ZU
|-damage|p2a: ZU|46/100
|-enditem|p2a: ZU|Sitrus Berry|[eat]
|-heal|p2a: ZU|71/100|[from] item: Sitrus Berry
|move|p2a: ZU|Knock Off|p1a: Gholdengo
|-supereffective|p1a: Gholdengo
|-damage|p1a: Gholdengo|5/100
|-enditem|p1a: Gholdengo|Choice Scarf|[from] move: Knock Off|[of] p2a: ZU
|
|upkeep
|turn|26
|inactive|LoseToRU? has 120 seconds left.
|
|t:|1757791299
|move|p1a: Gholdengo|Make It Rain|p2a: ZU
|-damage|p2a: ZU|0 fnt
|-unboost|p1a: Gholdengo|spa|1
|faint|p2a: ZU
|
|upkeep
|
|t:|1757791300
|switch|p2a: Dragonite|Dragonite, M|39/100
|turn|27
|
|t:|1757791307
|move|p1a: Gholdengo|Make It Rain|p2a: Dragonite
|-crit|p2a: Dragonite
|-damage|p2a: Dragonite|0 fnt
|-unboost|p1a: Gholdengo|spa|1
|faint|p2a: Dragonite
|
|win|ivon_neeeeeee
|raw|ivon_neeeeeee's rating: 1546 &rarr; <strong>1568</strong><br />(+22 for winning)
|raw|LoseToRU?'s rating: 1576 &rarr; <strong>1554</strong><br />(-22 for losing)
|l|☆ivon_neeeeeee
|player|p1|
|l|☆LoseToRU?
|player|p2|
