|j|☆noob1877 test
|j|☆healorant
|t:|1757867299
|gametype|singles
|player|p1|noob1877 test|1|1724
|player|p2|healorant|alder|1742
|gen|9
|tier|[Gen 9] OU
|rated|
|rule|HP Percentage Mod: HP is shown in percentages
|rule|Endless Battle Clause: Forcing endless battles is banned
|rule|Species Clause: Limit one of each Pokémon
|rule|OHKO Clause: OHKO moves are banned
|rule|Evasion Items Clause: Evasion items are banned
|rule|Evasion Moves Clause: Evasion moves are banned
|rule|Evasion Abilities Clause: Evasion abilities are banned
|rule|Sleep Moves Clause: Sleep-inducing moves are banned
|clearpoke
|poke|p1|Lokix, M|
|poke|p1|Weezing-Galar, M|
|poke|p1|Corviknight, M|
|poke|p1|Alomomola, M|
|poke|p1|Garganacl, M|
|poke|p1|Iron Valiant|
|poke|p2|Greninja-*, M|
|poke|p2|Great Tusk|
|poke|p2|Dragapult, F|
|poke|p2|Slowking-Galar, F|
|poke|p2|Kingambit, M|
|poke|p2|Zapdos|
|teampreview
|inactive|Battle timer is ON: inactive players will automatically lose when time's up. (requested by healorant)
|
|t:|1757867316
|teamsize|p1|6
|teamsize|p2|6
|start
|switch|p1a: Lokix|Lokix, M|100/100
|switch|p2a: Zapdos|Zapdos|100/100
|turn|1
|
|t:|1757867322
|switch|p1a: Garganacl|Garganacl, M|100/100
|move|p2a: Zapdos|Volt Switch|p1a: Garganacl
|-damage|p1a: Garganacl|79/100
|
|t:|1757867325
|switch|p2a: Great Tusk|Great Tusk|100/100|[from] Volt Switch
|
|-heal|p1a: Garganacl|85/100|[from] item: Leftovers
|upkeep
|turn|2
|
|t:|1757867329
|move|p2a: Great Tusk|Stealth Rock|p1a: Garganacl
|-sidestart|p1: noob1877 test|move: Stealth Rock
|move|p1a: Garganacl|Stealth Rock|p2a: Great Tusk
|-sidestart|p2: healorant|move: Stealth Rock
|
|-heal|p1a: Garganacl|91/100|[from] item: Leftovers
|upkeep
|turn|3
|
|t:|1757867335
|-end|p2a: Great Tusk|Protosynthesis|[silent]
|switch|p2a: Zapdos|Zapdos|100/100
|switch|p1a: Corviknight|Corviknight, M|100/100
|-damage|p1a: Corviknight|88/100|[from] Stealth Rock
|-ability|p1a: Corviknight|Pressure
|
|upkeep
|turn|4
|
|t:|1757867339
|switch|p1a: Garganacl|Garganacl, M|91/100
|-damage|p1a: Garganacl|79/100|[from] Stealth Rock
|move|p2a: Zapdos|Volt Switch|p1a: Garganacl
|-damage|p1a: Garganacl|60/100
|
|t:|1757867347
|switch|p2a: Great Tusk|Great Tusk|100/100|[from] Volt Switch
|
|-heal|p1a: Garganacl|66/100|[from] item: Leftovers
|upkeep
|turn|5
|
|t:|1757867351
|move|p1a: Garganacl|Protect|p1a: Garganacl
|-singleturn|p1a: Garganacl|Protect
|move|p2a: Great Tusk|Earthquake|p1a: Garganacl
|-activate|p1a: Garganacl|move: Protect
|
|-heal|p1a: Garganacl|73/100|[from] item: Leftovers
|upkeep
|turn|6
|
|t:|1757867356
|switch|p1a: Alomomola|Alomomola, M|100/100
|-damage|p1a: Alomomola|88/100|[from] Stealth Rock
|move|p2a: Great Tusk|Earthquake|p1a: Alomomola
|-damage|p1a: Alomomola|59/100
|
|upkeep
|turn|7
|
|t:|1757867363
|-end|p2a: Great Tusk|Protosynthesis|[silent]
|switch|p2a: Zapdos|Zapdos|100/100
|move|p1a: Alomomola|Flip Turn|p2a: Zapdos
|-damage|p2a: Zapdos|88/100
|-status|p1a: Alomomola|par|[from] ability: Static|[of] p2a: Zapdos
|j| pallettownnoob
|
|t:|1757867371
|switch|p1a: Garganacl|Garganacl, M|73/100|[from] Flip Turn
|-damage|p1a: Garganacl|60/100|[from] Stealth Rock
|
|-heal|p1a: Garganacl|66/100|[from] item: Leftovers
|upkeep
|turn|8
|
|t:|1757867375
|move|p2a: Zapdos|Volt Switch|p1a: Garganacl
|-damage|p1a: Garganacl|45/100
|
|t:|1757867379
|switch|p2a: Great Tusk|Great Tusk|100/100|[from] Volt Switch
|move|p1a: Garganacl|Recover|p1a: Garganacl
|-heal|p1a: Garganacl|95/100
|
|-heal|p1a: Garganacl|100/100|[from] item: Leftovers
|upkeep
|turn|9
|
|t:|1757867382
|move|p2a: Great Tusk|Earthquake|p1a: Garganacl
|-supereffective|p1a: Garganacl
|-damage|p1a: Garganacl|47/100
|move|p1a: Garganacl|Salt Cure|p2a: Great Tusk
|-resisted|p2a: Great Tusk
|-damage|p2a: Great Tusk|98/100
|-start|p2a: Great Tusk|Salt Cure
|
|-heal|p1a: Garganacl|53/100|[from] item: Leftovers
|-damage|p2a: Great Tusk|86/100|[from] Salt Cure
|upkeep
|turn|10
|
|t:|1757867387
|-end|p2a: Great Tusk|Protosynthesis|[silent]
|switch|p2a: Slowking|Slowking-Galar, F|100/100
|-damage|p2a: Slowking|88/100|[from] Stealth Rock
|move|p1a: Garganacl|Protect||[still]
|-fail|p1a: Garganacl
|
|-heal|p1a: Garganacl|59/100|[from] item: Leftovers
|upkeep
|turn|11
|
|t:|1757867391
|move|p1a: Garganacl|Recover|p1a: Garganacl
|-heal|p1a: Garganacl|100/100
|move|p2a: Slowking|Psyshock|p1a: Garganacl
|-damage|p1a: Garganacl|75/100
|
|-heal|p1a: Garganacl|81/100|[from] item: Leftovers
|upkeep
|turn|12
|
|t:|1757867396
|move|p1a: Garganacl|Salt Cure|p2a: Slowking
|-damage|p2a: Slowking|75/100
|-start|p2a: Slowking|Salt Cure
|move|p2a: Slowking|Psyshock|p1a: Garganacl
|-damage|p1a: Garganacl|56/100
|
|-heal|p1a: Garganacl|62/100|[from] item: Leftovers
|-damage|p2a: Slowking|63/100|[from] Salt Cure
|upkeep
|turn|13
|
|t:|1757867402
|switch|p1a: Weezing|Weezing-Galar, M|100/100
|-ability|p1a: Weezing|Neutralizing Gas
|switch|p2a: Great Tusk|Great Tusk|86/100
|
|upkeep
|turn|14
|j| niklor
|
|t:|1757867409
|move|p2a: Great Tusk|Earthquake|p1a: Weezing
|-supereffective|p1a: Weezing
|-damage|p1a: Weezing|44/100
|move|p1a: Weezing|Will-O-Wisp|p2a: Great Tusk
|-status|p2a: Great Tusk|brn
|
|-damage|p2a: Great Tusk|80/100 brn|[from] brn
|upkeep
|turn|15
|
|t:|1757867414
|move|p2a: Great Tusk|Rapid Spin|p1a: Weezing
|-damage|p1a: Weezing|39/100
|-boost|p2a: Great Tusk|spe|1
|-sideend|p2: healorant|Stealth Rock|[from] move: Rapid Spin|[of] p2a: Great Tusk
|move|p1a: Weezing|Pain Split|p2a: Great Tusk
|-sethp|p2a: Great Tusk|55/100 brn|[from] move: Pain Split|[silent]
|-sethp|p1a: Weezing|71/100|[from] move: Pain Split
|
|-damage|p2a: Great Tusk|49/100 brn|[from] brn
|upkeep
|turn|16
|
|t:|1757867421
|-end|p2a: Great Tusk|Protosynthesis|[silent]
|switch|p2a: Greninja|Greninja, M|100/100
|move|p1a: Weezing|Defog|p2a: Greninja
|-unboost|p2a: Greninja|evasion|1
|-sideend|p1: noob1877 test|Stealth Rock|[from] move: Defog|[of] p1a: Weezing
|
|upkeep
|turn|17
|
|t:|1757867425
|-end|p1a: Weezing|ability: Neutralizing Gas
|switch|p1a: Alomomola|Alomomola, M|92/100 par
|move|p2a: Greninja|Dark Pulse|p1a: Alomomola
|-damage|p1a: Alomomola|62/100 par
|
|upkeep
|turn|18
|l| niklor
|
|t:|1757867435
|move|p2a: Greninja|Dark Pulse|p1a: Alomomola
|-damage|p1a: Alomomola|33/100 par
|move|p1a: Alomomola|Flip Turn|p2a: Greninja
|-resisted|p2a: Greninja
|-damage|p2a: Greninja|88/100
|
|t:|1757867437
|switch|p1a: Lokix|Lokix, M|100/100|[from] Flip Turn
|
|upkeep
|turn|19
|
|t:|1757867440
|switch|p2a: Zapdos|Zapdos|88/100
|move|p1a: Lokix|U-turn|p2a: Zapdos
|-resisted|p2a: Zapdos
|-damage|p2a: Zapdos|51/100
|
|t:|1757867450
|switch|p1a: Iron Valiant|Iron Valiant|100/100|[from] U-turn
|
|upkeep
|turn|20
|
|t:|1757867457
|switch|p2a: Slowking|Slowking-Galar, F|63/100
|move|p1a: Iron Valiant|Shadow Ball|p2a: Slowking
|-supereffective|p2a: Slowking
|-damage|p2a: Slowking|23/100
|
|upkeep
|turn|21
|
|t:|1757867462
|-end|p1a: Iron Valiant|Quark Drive|[silent]
|switch|p1a: Weezing|Weezing-Galar, M|71/100
|-ability|p1a: Weezing|Neutralizing Gas
|switch|p2a: Kingambit|Kingambit, M|100/100
|
|upkeep
|turn|22
|
|t:|1757867465
|move|p2a: Kingambit|Iron Head|p1a: Weezing
|-supereffective|p1a: Weezing
|-damage|p1a: Weezing|17/100
|move|p1a: Weezing|Will-O-Wisp|p2a: Kingambit
|-status|p2a: Kingambit|brn
|
|-damage|p2a: Kingambit|94/100 brn|[from] brn
|upkeep
|turn|23
|
|t:|1757867476
|-end|p1a: Weezing|ability: Neutralizing Gas
|switch|p1a: Corviknight|Corviknight, M|88/100
|-ability|p1a: Corviknight|Pressure
|move|p2a: Kingambit|Iron Head|p1a: Corviknight
|-resisted|p1a: Corviknight
|-damage|p1a: Corviknight|82/100
|-damage|p2a: Kingambit|78/100 brn|[from] item: Rocky Helmet|[of] p1a: Corviknight
|
|-heal|p2a: Kingambit|84/100 brn|[from] item: Leftovers
|-damage|p2a: Kingambit|78/100 brn|[from] brn
|upkeep
|turn|24
|
|t:|1757867479
|-end|p2a: Kingambit|fallenundefined|[silent]
|switch|p2a: Zapdos|Zapdos|51/100
|move|p1a: Corviknight|U-turn|p2a: Zapdos
|-resisted|p2a: Zapdos
|-damage|p2a: Zapdos|46/100
|
|t:|1757867481
|switch|p1a: Iron Valiant|Iron Valiant|100/100|[from] U-turn
|
|upkeep
|turn|25
|
|t:|1757867488
|switch|p2a: Slowking|Slowking-Galar, F|23/100
|move|p1a: Iron Valiant|Moonblast|p2a: Slowking
|-resisted|p2a: Slowking
|-damage|p2a: Slowking|6/100
|
|upkeep
|turn|26
|
|t:|1757867493
|switch|p2a: Great Tusk|Great Tusk|49/100 brn
|move|p1a: Iron Valiant|Moonblast|p2a: Great Tusk
|-supereffective|p2a: Great Tusk
|-damage|p2a: Great Tusk|0 fnt
|faint|p2a: Great Tusk
|-end|p2a: Great Tusk|Protosynthesis|[silent]
|
|upkeep
|
|t:|1757867495
|switch|p2a: Greninja|Greninja, M|88/100
|turn|27
|
|t:|1757867499
|switch|p2a: Zapdos|Zapdos|46/100
|-end|p1a: Iron Valiant|Quark Drive|[silent]
|switch|p1a: Alomomola|Alomomola, M|66/100 par
|
|upkeep
|turn|28
|
|t:|1757867508
|switch|p1a: Garganacl|Garganacl, M|62/100
|move|p2a: Zapdos|Volt Switch|p1a: Garganacl
|-damage|p1a: Garganacl|41/100
|
|t:|1757867512
|switch|p2a: Greninja|Greninja, M|88/100|[from] Volt Switch
|
|-heal|p1a: Garganacl|47/100|[from] item: Leftovers
|upkeep
|turn|29
|
|t:|1757867516
|move|p1a: Garganacl|Protect|p1a: Garganacl
|-singleturn|p1a: Garganacl|Protect
|move|p2a: Greninja|Dark Pulse|p1a: Garganacl
|-activate|p1a: Garganacl|move: Protect
|
|-heal|p1a: Garganacl|53/100|[from] item: Leftovers
|upkeep
|turn|30
|
|t:|1757867520
|move|p2a: Greninja|Dark Pulse|p1a: Garganacl
|-damage|p1a: Garganacl|19/100
|cant|p1a: Garganacl|flinch
|
|-heal|p1a: Garganacl|25/100|[from] item: Leftovers
|upkeep
|turn|31
|
|t:|1757867524
|move|p1a: Garganacl|Protect|p1a: Garganacl
|-singleturn|p1a: Garganacl|Protect
|move|p2a: Greninja|Dark Pulse|p1a: Garganacl
|-activate|p1a: Garganacl|move: Protect
|
|-heal|p1a: Garganacl|31/100|[from] item: Leftovers
|upkeep
|turn|32
|
|t:|1757867534
|switch|p1a: Iron Valiant|Iron Valiant|100/100
|move|p2a: Greninja|Dark Pulse|p1a: Iron Valiant
|-resisted|p1a: Iron Valiant
|-damage|p1a: Iron Valiant|76/100
|
|upkeep
|turn|33
|
|t:|1757867543
|switch|p2a: Slowking|Slowking-Galar, F|39/100
|move|p1a: Iron Valiant|Shadow Ball|p2a: Slowking
|-supereffective|p2a: Slowking
|-damage|p2a: Slowking|0 fnt
|faint|p2a: Slowking
|
|upkeep
|
|t:|1757867545
|switch|p2a: Greninja|Greninja, M|88/100
|turn|34
|
|t:|1757867548
|-end|p1a: Iron Valiant|Quark Drive|[silent]
|switch|p1a: Alomomola|Alomomola, M|99/100 par
|move|p2a: Greninja|Dark Pulse|p1a: Alomomola
|-damage|p1a: Alomomola|73/100 par
|
|upkeep
|turn|35
|
|t:|1757867552
|move|p2a: Greninja|Dark Pulse|p1a: Alomomola
|-damage|p1a: Alomomola|42/100 par
|move|p1a: Alomomola|Flip Turn|p2a: Greninja
|-resisted|p2a: Greninja
|-damage|p2a: Greninja|74/100
|-message|healorant forfeited.
|
|win|noob1877 test
|raw|noob1877 test's rating: 1724 &rarr; <strong>1745</strong><br />(+21 for winning)
|raw|healorant's rating: 1742 &rarr; <strong>1721</strong><br />(-21 for losing)
|l|☆healorant
|player|p2|
|l|☆noob1877 test
|player|p1|
