|j|☆jglassx
|j|☆kmater
|t:|1757953557
|gametype|singles
|player|p1|jglassx|shelly-gen3|1254
|player|p2|kmater|steven|1219
|gen|9
|tier|[Gen 9] OU
|rated|
|rule|HP Percentage Mod: HP is shown in percentages
|rule|Endless Battle Clause: Forcing endless battles is banned
|rule|Species Clause: Limit one of each Pokémon
|rule|OHKO Clause: OHKO moves are banned
|rule|Evasion Items Clause: Evasion items are banned
|rule|Evasion Moves Clause: Evasion moves are banned
|rule|Evasion Abilities Clause: Evasion abilities are banned
|rule|Sleep Moves Clause: Sleep-inducing moves are banned
|clearpoke
|poke|p1|Umbreon, M|
|poke|p1|Glimmora, M|
|poke|p1|Iron Moth|
|poke|p1|Gholdengo|
|poke|p1|Dragonite, F|
|poke|p1|Garchomp, M|
|poke|p2|Cinderace, M|
|poke|p2|Greninja-*, M|
|poke|p2|Arboliva, F|
|poke|p2|Cloyster, F|
|poke|p2|Chandelure, M|
|poke|p2|Rabsca, F|
|teampreview
|inactive|Battle timer is ON: inactive players will automatically lose when time's up. (requested by jglassx)
|
|t:|1757953563
|teamsize|p1|6
|teamsize|p2|6
|start
|switch|p1a: Glimmora|Glimmora, M, shiny|100/100
|switch|p2a: Cloyster|Cloyster, F|100/100
|turn|1
|
|t:|1757953570
|move|p1a: Glimmora|Stealth Rock|p2a: Cloyster
|-sidestart|p2: kmater|move: Stealth Rock
|move|p2a: Cloyster|Shell Smash|p2a: Cloyster
|-unboost|p2a: Cloyster|def|1
|-unboost|p2a: Cloyster|spd|1
|-boost|p2a: Cloyster|atk|2
|-boost|p2a: Cloyster|spa|2
|-boost|p2a: Cloyster|spe|2
|-enditem|p2a: Cloyster|White Herb
|-clearnegativeboost|p2a: Cloyster|[silent]
|
|upkeep
|turn|2
|
|t:|1757953578
|move|p2a: Cloyster|Razor Shell|p1a: Glimmora
|-supereffective|p1a: Glimmora
|-enditem|p1a: Glimmora|Focus Sash
|-damage|p1a: Glimmora|1/100
|-unboost|p1a: Glimmora|def|1
|-activate|p1a: Glimmora|ability: Toxic Debris
|-sidestart|p2: kmater|move: Toxic Spikes
|move|p1a: Glimmora|Mortal Spin|p2a: Cloyster
|-damage|p2a: Cloyster|96/100
|-status|p2a: Cloyster|psn
|
|-damage|p2a: Cloyster|83/100 psn|[from] psn
|upkeep
|turn|3
|
|t:|1757953589
|move|p2a: Cloyster|Icicle Spear|p1a: Glimmora
|-damage|p1a: Glimmora|0 fnt
|-activate|p1a: Glimmora|ability: Toxic Debris
|-sidestart|p2: kmater|move: Toxic Spikes
|faint|p1a: Glimmora
|-hitcount|p1: Glimmora|1
|
|-damage|p2a: Cloyster|71/100 psn|[from] psn
|upkeep
|
|t:|1757953592
|switch|p1a: Iron Moth|Iron Moth|100/100
|-enditem|p1a: Iron Moth|Booster Energy
|-activate|p1a: Iron Moth|ability: Quark Drive|[fromitem]
|-start|p1a: Iron Moth|quarkdrivespe
|turn|4
|
|t:|1757953604
|move|p1a: Iron Moth|Discharge|p2a: Cloyster
|-supereffective|p2a: Cloyster
|-damage|p2a: Cloyster|0 fnt
|faint|p2a: Cloyster
|
|upkeep
|
|t:|1757953612
|switch|p2a: Cinderace|Cinderace, M|100/100
|turn|5
|
|t:|1757953621
|-end|p1a: Iron Moth|Quark Drive|[silent]
|switch|p1a: Garchomp|Garchomp, M|100/100
|move|p2a: Cinderace|Court Change|p2a: Cinderace
|-start|p2a: Cinderace|typechange|Normal|[from] ability: Libero
|-swapsideconditions
|-activate|p2a: Cinderace|move: Court Change
|
|upkeep
|turn|6
|
|t:|1757953629
|move|p2a: Cinderace|U-turn|p1a: Garchomp
|-crit|p1a: Garchomp
|-damage|p1a: Garchomp|64/100
|-damage|p2a: Cinderace|88/100|[from] ability: Rough Skin|[of] p1a: Garchomp
|
|t:|1757953634
|switch|p2a: Arboliva|Arboliva, F, shiny|100/100|[from] U-turn
|move|p1a: Garchomp|Swords Dance|p1a: Garchomp
|-boost|p1a: Garchomp|atk|2
|
|-heal|p1a: Garchomp|71/100|[from] item: Leftovers
|upkeep
|turn|7
|
|t:|1757953647
|move|p1a: Garchomp|Scale Shot|p2a: Arboliva
|-damage|p2a: Arboliva|76/100
|-damage|p2a: Arboliva|50/100
|-enditem|p2a: Arboliva|Sitrus Berry|[eat]
|-heal|p2a: Arboliva|75/100|[from] item: Sitrus Berry
|-damage|p2a: Arboliva|53/100
|-hitcount|p2a: Arboliva|3
|-unboost|p1a: Garchomp|def|1
|-boost|p1a: Garchomp|spe|1
|move|p2a: Arboliva|Strength Sap|p1a: Garchomp
|-unboost|p1a: Garchomp|atk|1
|-heal|p2a: Arboliva|100/100
|
|-heal|p1a: Garchomp|77/100|[from] item: Leftovers
|-item|p2a: Arboliva|Sitrus Berry|[from] ability: Harvest
|upkeep
|turn|8
|
|t:|1757953665
|move|p1a: Garchomp|Swords Dance|p1a: Garchomp
|-boost|p1a: Garchomp|atk|2
|move|p2a: Arboliva|Alluring Voice|p1a: Garchomp
|-supereffective|p1a: Garchomp
|-damage|p1a: Garchomp|28/100
|-start|p1a: Garchomp|confusion
|
|-heal|p1a: Garchomp|34/100|[from] item: Leftovers
|upkeep
|turn|9
|
|t:|1757953682
|-activate|p1a: Garchomp|confusion
|move|p1a: Garchomp|Scale Shot|p2a: Arboliva
|-damage|p2a: Arboliva|73/100
|-damage|p2a: Arboliva|45/100
|-enditem|p2a: Arboliva|Sitrus Berry|[eat]
|-heal|p2a: Arboliva|70/100|[from] item: Sitrus Berry
|-damage|p2a: Arboliva|38/100
|-damage|p2a: Arboliva|7/100
|-damage|p2a: Arboliva|0 fnt
|faint|p2a: Arboliva
|-hitcount|p2: Arboliva|5
|-unboost|p1a: Garchomp|def|1
|-boost|p1a: Garchomp|spe|1
|
|-heal|p1a: Garchomp|40/100|[from] item: Leftovers
|upkeep
|
|t:|1757953694
|switch|p2a: Greninja|Greninja, M|100/100
|turn|10
|
|t:|1757953703
|-activate|p1a: Garchomp|confusion
|-damage|p1a: Garchomp|0 fnt|[from] confusion
|faint|p1a: Garchomp
|move|p2a: Greninja|Ice Beam|p1: Garchomp|[notarget]
|-fail|p2a: Greninja
|
|upkeep
|l|☆kmater
|inactive|kmater disconnected and has a minute to reconnect!
|player|p2|
|
|t:|1757953711
|switch|p1a: Iron Moth|Iron Moth|100/100
|-damage|p1a: Iron Moth|76/100|[from] Stealth Rock
|-sideend|p1: jglassx|move: Toxic Spikes|[of] p1a: Iron Moth
|turn|11
|j|☆kmater
|inactive|kmater reconnected and has 145 seconds left.
|player|p2|kmater|steven|
|
|t:|1757953735
|-terastallize|p1a: Iron Moth|Fairy
|move|p2a: Greninja|Surf|p1a: Iron Moth
|-damage|p1a: Iron Moth|34/100
|move|p1a: Iron Moth|Discharge|p2a: Greninja
|-supereffective|p2a: Greninja
|-damage|p2a: Greninja|19/100
|
|upkeep
|turn|12
|
|t:|1757953746
|-end|p1a: Iron Moth|Quark Drive|[silent]
|switch|p1a: Dragonite|Dragonite, F|100/100
|move|p2a: Greninja|Sludge Wave|p1a: Dragonite
|-damage|p1a: Dragonite|87/100
|
|upkeep
|turn|13
|
|t:|1757953753
|move|p1a: Dragonite|Extreme Speed|p2a: Greninja
|-damage|p2a: Greninja|0 fnt
|faint|p2a: Greninja
|
|upkeep
|
|t:|1757953762
|switch|p2a: Rabsca|Rabsca, F, shiny|100/100
|turn|14
|
|t:|1757953768
|move|p1a: Dragonite|Dragon Dance|p1a: Dragonite
|-boost|p1a: Dragonite|atk|1
|-boost|p1a: Dragonite|spe|1
|move|p2a: Rabsca|Revival Blessing|p2a: Rabsca
|-enditem|p2a: Rabsca|Leppa Berry|[eat]
|-activate|p2a: Rabsca|item: Leppa Berry|Revival Blessing|[consumed]
|
|t:|1757953777
|-heal|p2: Arboliva|50/100|[from] move: Revival Blessing
|
|upkeep
|turn|15
|
|t:|1757953784
|move|p1a: Dragonite|Extreme Speed|p2a: Rabsca
|-damage|p2a: Rabsca|51/100
|move|p2a: Rabsca|Trick Room|p2a: Rabsca
|-fieldstart|move: Trick Room|[of] p2a: Rabsca
|
|upkeep
|turn|16
|
|t:|1757953791
|move|p2a: Rabsca|Revival Blessing|p2a: Rabsca
|
|t:|1757953797
|-heal|p2: Greninja|50/100|[from] move: Revival Blessing
|move|p1a: Dragonite|Dragon Dance|p1a: Dragonite
|-boost|p1a: Dragonite|atk|1
|-boost|p1a: Dragonite|spe|1
|
|upkeep
|turn|17
|
|t:|1757953805
|move|p1a: Dragonite|Extreme Speed|p2a: Rabsca
|-crit|p2a: Rabsca
|-damage|p2a: Rabsca|0 fnt
|faint|p2a: Rabsca
|
|upkeep
|
|t:|1757953810
|switch|p2a: Greninja|Greninja, M|50/100
|turn|18
|
|t:|1757953819
|move|p1a: Dragonite|Extreme Speed|p2a: Greninja
|-damage|p2a: Greninja|0 fnt
|faint|p2a: Greninja
|
|upkeep
|
|t:|1757953822
|switch|p2a: Chandelure|Chandelure, M, shiny|100/100
|turn|19
|
|t:|1757953831
|move|p2a: Chandelure|Clear Smog|p1a: Dragonite
|-damage|p1a: Dragonite|66/100
|-clearboost|p1a: Dragonite
|move|p1a: Dragonite|Earthquake|p2a: Chandelure
|-supereffective|p2a: Chandelure
|-damage|p2a: Chandelure|0 fnt
|faint|p2a: Chandelure
|
|-fieldend|move: Trick Room
|upkeep
|
|t:|1757953840
|switch|p2a: Arboliva|Arboliva, F, shiny|50/100
|turn|20
|l|☆kmater
|inactive|kmater disconnected and has a minute to reconnect!
|player|p2|
|inactive|kmater has 30 seconds to reconnect!
|inactive|kmater has 20 seconds to reconnect!
|inactive|kmater has 15 seconds to reconnect!
|inactive|kmater has 10 seconds to reconnect!
|inactive|kmater has 5 seconds to reconnect!
|-message|kmater lost due to inactivity.
|
|win|jglassx
|raw|jglassx's rating: 1254 &rarr; <strong>1276</strong><br />(+22 for winning)
|raw|kmater's rating: 1219 &rarr; <strong>1197</strong><br />(-22 for losing)
|l|☆jglassx
|player|p1|
