|j|☆homojeff
|j|☆Jon Mateo
|t:|1757935471
|gametype|singles
|player|p1|homojeff|swimmer-gen4|1220
|player|p2|Jon Mateo|266|1255
|gen|9
|tier|[Gen 9] OU
|rated|
|rule|HP Percentage Mod: HP is shown in percentages
|rule|Endless Battle Clause: Forcing endless battles is banned
|rule|Species Clause: Limit one of each Pokémon
|rule|OHKO Clause: OHKO moves are banned
|rule|Evasion Items Clause: Evasion items are banned
|rule|Evasion Moves Clause: Evasion moves are banned
|rule|Evasion Abilities Clause: Evasion abilities are banned
|rule|Sleep Moves Clause: Sleep-inducing moves are banned
|clearpoke
|poke|p1|Slowbro, M|
|poke|p1|Gliscor, M|
|poke|p1|Deoxys-Defense|
|poke|p1|Arboliva, M|
|poke|p1|Clefable, M|
|poke|p1|Garganacl, F|
|poke|p2|Ceruledge, M|
|poke|p2|Lokix, F|
|poke|p2|Ampharos, M|
|poke|p2|Quaquaval, F|
|poke|p2|Gardevoir, F|
|poke|p2|Garchomp, M|
|teampreview
|inactive|Battle timer is ON: inactive players will automatically lose when time's up. (requested by homojeff)
|
|t:|1757935481
|teamsize|p1|6
|teamsize|p2|6
|start
|switch|p1a: Garganacl|Garganacl, F|100/100
|switch|p2a: Lokix|Lokix, F|100/100
|turn|1
|
|t:|1757935487
|move|p2a: Lokix|Axe Kick|p1a: Garganacl
|-supereffective|p1a: Garganacl
|-damage|p1a: Garganacl|53/100
|-start|p1a: Garganacl|confusion
|-activate|p1a: Garganacl|confusion
|-damage|p1a: Garganacl|47/100|[from] confusion
|
|-heal|p1a: Garganacl|53/100|[from] item: Leftovers
|upkeep
|turn|2
|
|t:|1757935496
|move|p2a: Lokix|U-turn|p1a: Garganacl
|-damage|p1a: Garganacl|30/100
|
|t:|1757935505
|switch|p2a: Garchomp|Garchomp, M|100/100|[from] U-turn
|-activate|p1a: Garganacl|confusion
|move|p1a: Garganacl|Recover|p1a: Garganacl
|-heal|p1a: Garganacl|80/100
|
|-heal|p1a: Garganacl|86/100|[from] item: Leftovers
|upkeep
|turn|3
|
|t:|1757935512
|move|p2a: Garchomp|Swords Dance|p2a: Garchomp
|-boost|p2a: Garchomp|atk|2
|-activate|p1a: Garganacl|confusion
|-damage|p1a: Garganacl|80/100|[from] confusion
|
|-heal|p1a: Garganacl|86/100|[from] item: Leftovers
|upkeep
|turn|4
|
|t:|1757935522
|move|p2a: Garchomp|Earthquake|p1a: Garganacl
|-supereffective|p1a: Garganacl
|-damage|p1a: Garganacl|0 fnt
|faint|p1a: Garganacl
|
|upkeep
|
|t:|1757935525
|switch|p1a: Gliscor|Gliscor, M|100/100
|turn|5
|
|t:|1757935527
|move|p2a: Garchomp|Scale Shot|p1a: Gliscor
|-damage|p1a: Gliscor|76/100
|-damage|p1a: Gliscor|51/100
|-damage|p1a: Gliscor|27/100
|-damage|p1a: Gliscor|4/100
|-damage|p1a: Gliscor|0 fnt
|faint|p1a: Gliscor
|-hitcount|p1: Gliscor|5
|-unboost|p2a: Garchomp|def|1
|-boost|p2a: Garchomp|spe|1
|
|upkeep
|
|t:|1757935532
|switch|p1a: Clefable|Clefable, M|100/100
|turn|6
|
|t:|1757935535
|move|p2a: Garchomp|Iron Head|p1a: Clefable
|-supereffective|p1a: Clefable
|-damage|p1a: Clefable|0 fnt
|faint|p1a: Clefable
|
|upkeep
|
|t:|1757935539
|switch|p1a: Arboliva|Arboliva, M|100/100
|turn|7
|
|t:|1757935541
|move|p2a: Garchomp|Scale Shot|p1a: Arboliva
|-damage|p1a: Arboliva|76/100
|-fieldstart|move: Grassy Terrain|[from] ability: Seed Sower|[of] p1a: Arboliva
|-damage|p1a: Arboliva|49/100
|-damage|p1a: Arboliva|25/100
|-damage|p1a: Arboliva|0 fnt
|faint|p1a: Arboliva
|-hitcount|p1: Arboliva|4
|-unboost|p2a: Garchomp|def|1
|-boost|p2a: Garchomp|spe|1
|
|upkeep
|
|t:|1757935545
|switch|p1a: Deoxys|Deoxys-Defense|100/100
|-ability|p1a: Deoxys|Pressure
|turn|8
|
|t:|1757935550
|move|p2a: Garchomp|Iron Head|p1a: Deoxys
|-damage|p1a: Deoxys|56/100
|cant|p1a: Deoxys|flinch
|
|-heal|p1a: Deoxys|62/100|[from] Grassy Terrain
|-heal|p1a: Deoxys|69/100|[from] item: Leftovers
|upkeep
|turn|9
|
|t:|1757935554
|move|p2a: Garchomp|Scale Shot|p1a: Deoxys
|-damage|p1a: Deoxys|50/100
|-damage|p1a: Deoxys|29/100
|-damage|p1a: Deoxys|8/100
|-damage|p1a: Deoxys|0 fnt
|faint|p1a: Deoxys
|-hitcount|p1: Deoxys|4
|-unboost|p2a: Garchomp|def|1
|-boost|p2a: Garchomp|spe|1
|
|upkeep
|-message|homojeff forfeited.
|
|win|Jon Mateo
|raw|homojeff's rating: 1220 &rarr; <strong>1198</strong><br />(-22 for losing)
|raw|Jon Mateo's rating: 1255 &rarr; <strong>1277</strong><br />(+22 for winning)
|l|☆homojeff
|player|p1|
|l|☆Jon Mateo
|player|p2|
