|j|☆Rhyenn
|j|☆dvdegvedgebed
|t:|1757908817
|gametype|singles
|player|p1|Rhyenn|infielder|1134
|player|p2|dvdegvedgebed|170|1118
|gen|9
|tier|[Gen 9] OU
|rated|
|rule|HP Percentage Mod: HP is shown in percentages
|rule|Endless Battle Clause: Forcing endless battles is banned
|rule|Species Clause: Limit one of each Pokémon
|rule|OHKO Clause: OHKO moves are banned
|rule|Evasion Items Clause: Evasion items are banned
|rule|Evasion Moves Clause: Evasion moves are banned
|rule|Evasion Abilities Clause: Evasion abilities are banned
|rule|Sleep Moves Clause: Sleep-inducing moves are banned
|clearpoke
|poke|p1|Zamazenta-*|
|poke|p1|Hoopa-Unbound|
|poke|p1|Iron Moth|
|poke|p1|Kingambit, M|
|poke|p1|Hatterene, F|
|poke|p1|Landorus-Therian, M|
|poke|p2|Toxicroak, M|
|poke|p2|Houndoom, F|
|poke|p2|Shaymin|
|poke|p2|Orthworm, M|
|poke|p2|Hoopa-Unbound|
|poke|p2|Altaria, M|
|teampreview
|inactive|Battle timer is ON: inactive players will automatically lose when time's up. (requested by Rhyenn)
|
|t:|1757908827
|teamsize|p1|6
|teamsize|p2|6
|start
|switch|p1a: Garfield|Landorus-Therian, M, shiny|100/100
|switch|p2a: Houndoom|Houndoom, F|100/100
|-ability|p1a: Garfield|Intimidate|boost
|-unboost|p2a: Houndoom|atk|1
|turn|1
|
|t:|1757908842
|move|p2a: Houndoom|Overheat|p1a: Garfield
|-damage|p1a: Garfield|0 fnt
|-unboost|p2a: Houndoom|spa|2
|faint|p1a: Garfield
|
|upkeep
|
|t:|1757908851
|switch|p1a: Motthew|Iron Moth|100/100
|turn|2
|
|t:|1757908861
|switch|p2a: Orthworm|Orthworm, M|100/100
|move|p1a: Motthew|Sludge Wave|p2a: Orthworm
|-immune|p2a: Orthworm
|
|upkeep
|turn|3
|
|t:|1757908867
|switch|p2a: Houndoom|Houndoom, F|100/100
|move|p1a: Motthew|Flamethrower|p2a: Houndoom
|-start|p2a: Houndoom|ability: Flash Fire
|
|upkeep
|turn|4
|
|t:|1757908877
|move|p1a: Motthew|Flamethrower|p2a: Houndoom
|-immune|p2a: Houndoom|[from] ability: Flash Fire
|move|p2a: Houndoom|Dark Pulse|p1a: Motthew
|-damage|p1a: Motthew|64/100
|
|upkeep
|turn|5
|
|t:|1757908883
|move|p1a: Motthew|Discharge|p2a: Houndoom
|-damage|p2a: Houndoom|57/100
|-status|p2a: Houndoom|par
|move|p2a: Houndoom|Dark Pulse|p1a: Motthew
|-damage|p1a: Motthew|22/100
|
|upkeep
|turn|6
|
|t:|1757908894
|move|p1a: Motthew|Discharge|p2a: Houndoom
|-crit|p2a: Houndoom
|-damage|p2a: Houndoom|0 fnt
|faint|p2a: Houndoom
|
|upkeep
|
|t:|1757908904
|switch|p2a: Altaria|Altaria, M|100/100
|turn|7
|
|t:|1757908912
|move|p1a: Motthew|Discharge|p2a: Altaria
|-damage|p2a: Altaria|78/100
|move|p2a: Altaria|Hurricane|p1a: Motthew
|-damage|p1a: Motthew|3/100
|-start|p1a: Motthew|confusion
|
|upkeep
|turn|8
|
|t:|1757908922
|-activate|p1a: Motthew|confusion
|move|p1a: Motthew|Discharge|p2a: Altaria
|-damage|p2a: Altaria|56/100
|-status|p2a: Altaria|par
|move|p2a: Altaria|Ice Beam|p1a: Motthew
|-resisted|p1a: Motthew
|-damage|p1a: Motthew|0 fnt
|faint|p1a: Motthew
|-end|p1a: Motthew|Quark Drive|[silent]
|
|upkeep
|
|t:|1757908934
|switch|p1a: Hat Witch|Hatterene, F, shiny|100/100
|turn|9
|
|t:|1757908940
|-curestatus|p2a: Altaria|par|[from] ability: Natural Cure
|switch|p2a: Shaymin|Shaymin|100/100
|move|p1a: Hat Witch|Mystical Fire|p2a: Shaymin
|-supereffective|p2a: Shaymin
|-damage|p2a: Shaymin|44/100
|-unboost|p2a: Shaymin|spa|1
|
|-heal|p2a: Shaymin|50/100|[from] item: Leftovers
|upkeep
|turn|10
|
|t:|1757908955
|move|p2a: Shaymin|Synthesis|p2a: Shaymin
|-heal|p2a: Shaymin|99/100
|move|p1a: Hat Witch|Mystical Fire|p2a: Shaymin
|-supereffective|p2a: Shaymin
|-damage|p2a: Shaymin|49/100
|-unboost|p2a: Shaymin|spa|1
|
|-heal|p2a: Shaymin|55/100|[from] item: Leftovers
|upkeep
|turn|11
|
|t:|1757908967
|switch|p2a: Altaria|Altaria, M|56/100
|move|p1a: Hat Witch|Mystical Fire|p2a: Altaria
|-resisted|p2a: Altaria
|-damage|p2a: Altaria|44/100
|-unboost|p2a: Altaria|spa|1
|
|upkeep
|turn|12
|
|t:|1757908984
|switch|p1a: HoopThereItIs|Hoopa-Unbound|100/100
|move|p2a: Altaria|Rest|p2a: Altaria
|-status|p2a: Altaria|slp|[from] move: Rest
|-heal|p2a: Altaria|100/100 slp|[silent]
|
|upkeep
|turn|13
|
|t:|1757908998
|-curestatus|p2a: Altaria|slp|[from] ability: Natural Cure
|switch|p2a: Orthworm|Orthworm, M|100/100
|move|p1a: HoopThereItIs|Ice Punch|p2a: Orthworm
|-resisted|p2a: Orthworm
|-damage|p2a: Orthworm|93/100
|-damage|p1a: HoopThereItIs|84/100|[from] item: Rocky Helmet|[of] p2a: Orthworm
|
|upkeep
|turn|14
|
|t:|1757909015
|switch|p1a: Pinky|Zamazenta, shiny|100/100
|-ability|p1a: Pinky|Dauntless Shield|boost
|-boost|p1a: Pinky|def|1
|move|p2a: Orthworm|Body Press|p1a: Pinky
|-damage|p1a: Pinky|82/100
|
|-heal|p1a: Pinky|89/100|[from] item: Leftovers
|upkeep
|turn|15
|
|t:|1757909029
|-terastallize|p2a: Orthworm|Ghost
|move|p1a: Pinky|Iron Defense|p1a: Pinky
|-boost|p1a: Pinky|def|2
|move|p2a: Orthworm|Coil|p2a: Orthworm
|-boost|p2a: Orthworm|atk|1
|-boost|p2a: Orthworm|def|1
|-boost|p2a: Orthworm|accuracy|1
|
|-heal|p1a: Pinky|95/100|[from] item: Leftovers
|upkeep
|turn|16
|
|t:|1757909040
|move|p1a: Pinky|Crunch|p2a: Orthworm
|-supereffective|p2a: Orthworm
|-damage|p2a: Orthworm|77/100
|-damage|p1a: Pinky|78/100|[from] item: Rocky Helmet|[of] p2a: Orthworm
|move|p2a: Orthworm|Body Press|p1a: Pinky
|-damage|p1a: Pinky|63/100
|
|-heal|p1a: Pinky|69/100|[from] item: Leftovers
|upkeep
|turn|17
|
|t:|1757909050
|move|p1a: Pinky|Substitute|p1a: Pinky
|-start|p1a: Pinky|Substitute
|-damage|p1a: Pinky|44/100
|move|p2a: Orthworm|Body Press|p1a: Pinky
|-activate|p1a: Pinky|move: Substitute|[damage]
|
|-heal|p1a: Pinky|51/100|[from] item: Leftovers
|upkeep
|turn|18
|
|t:|1757909059
|move|p1a: Pinky|Iron Defense|p1a: Pinky
|-boost|p1a: Pinky|def|2
|move|p2a: Orthworm|Coil|p2a: Orthworm
|-boost|p2a: Orthworm|atk|1
|-boost|p2a: Orthworm|def|1
|-boost|p2a: Orthworm|accuracy|1
|
|-heal|p1a: Pinky|57/100|[from] item: Leftovers
|upkeep
|turn|19
|
|t:|1757909068
|move|p1a: Pinky|Crunch|p2a: Orthworm
|-supereffective|p2a: Orthworm
|-damage|p2a: Orthworm|64/100
|-unboost|p2a: Orthworm|def|1
|-damage|p1a: Pinky|40/100|[from] item: Rocky Helmet|[of] p2a: Orthworm
|move|p2a: Orthworm|Body Press|p1a: Pinky
|-end|p1a: Pinky|Substitute
|
|-heal|p1a: Pinky|46/100|[from] item: Leftovers
|upkeep
|turn|20
|
|t:|1757909079
|move|p1a: Pinky|Crunch|p2a: Orthworm
|-supereffective|p2a: Orthworm
|-damage|p2a: Orthworm|47/100
|-damage|p1a: Pinky|30/100|[from] item: Rocky Helmet|[of] p2a: Orthworm
|move|p2a: Orthworm|Body Press|p1a: Pinky
|-damage|p1a: Pinky|19/100
|
|-heal|p1a: Pinky|26/100|[from] item: Leftovers
|upkeep
|turn|21
|
|t:|1757909089
|switch|p1a: Hat Witch|Hatterene, F, shiny|100/100
|move|p2a: Orthworm|Coil|p2a: Orthworm
|-boost|p2a: Orthworm|atk|1
|-boost|p2a: Orthworm|def|1
|-boost|p2a: Orthworm|accuracy|1
|
|upkeep
|turn|22
|
|t:|1757909106
|switch|p2a: Shaymin|Shaymin|55/100
|move|p1a: Hat Witch|Psychic Noise|p2a: Shaymin
|-damage|p2a: Shaymin|18/100
|-start|p2a: Shaymin|move: Heal Block
|
|upkeep
|turn|23
|
|t:|1757909115
|switch|p2a: Hoopa|Hoopa-Unbound|100/100
|move|p1a: Hat Witch|Mystical Fire|p2a: Hoopa
|-crit|p2a: Hoopa
|-damage|p2a: Hoopa|66/100
|-unboost|p2a: Hoopa|spa|1
|
|upkeep
|turn|24
|
|t:|1757909126
|move|p2a: Hoopa|Hyperspace Fury|p1a: Hat Witch
|-damage|p1a: Hat Witch|35/100
|-unboost|p2a: Hoopa|def|1
|move|p1a: Hat Witch|Dazzling Gleam|p2a: Hoopa
|-supereffective|p2a: Hoopa
|-enditem|p2a: Hoopa|Roseli Berry|[eat]
|-enditem|p2a: Hoopa|Roseli Berry|[weaken]
|-damage|p2a: Hoopa|34/100
|
|-heal|p1a: Hat Witch|41/100|[from] item: Leftovers
|upkeep
|turn|25
|
|t:|1757909138
|switch|p1a: Show Gun|Kingambit, M, shiny|100/100
|-activate|p1a: Show Gun|ability: Supreme Overlord
|-start|p1a: Show Gun|fallen2|[silent]
|move|p2a: Hoopa|Hyperspace Fury|p1a: Show Gun
|-resisted|p1a: Show Gun
|-damage|p1a: Show Gun|81/100
|-unboost|p2a: Hoopa|def|1
|-item|p2a: Hoopa|Rocky Helmet|[from] ability: Magician|[of] p1a: Show Gun
|
|upkeep
|turn|26
|
|t:|1757909158
|move|p1a: Show Gun|Sucker Punch|p2a: Hoopa
|-damage|p2a: Hoopa|0 fnt
|-damage|p1a: Show Gun|65/100|[from] item: Rocky Helmet|[of] p2a: Hoopa
|faint|p2a: Hoopa
|
|upkeep
|
|t:|1757909162
|switch|p2a: Toxicroak|Toxicroak, M|100/100
|turn|27
|
|t:|1757909169
|-terastallize|p1a: Show Gun|Ghost
|move|p2a: Toxicroak|Close Combat|p1a: Show Gun
|-immune|p1a: Show Gun
|move|p1a: Show Gun|Swords Dance|p1a: Show Gun
|-boost|p1a: Show Gun|atk|2
|
|upkeep
|turn|28
|
|t:|1757909179
|switch|p2a: Orthworm|Orthworm, M, tera:Ghost|47/100
|move|p1a: Show Gun|Sucker Punch||[still]
|-fail|p1a: Show Gun
|
|upkeep
|turn|29
|
|t:|1757909187
|move|p2a: Orthworm|Earthquake|p1a: Show Gun
|-damage|p1a: Show Gun|49/100
|move|p1a: Show Gun|Swords Dance|p1a: Show Gun
|-boost|p1a: Show Gun|atk|2
|
|upkeep
|turn|30
|
|t:|1757909192
|move|p2a: Orthworm|Earthquake|p1a: Show Gun
|-damage|p1a: Show Gun|36/100
|move|p1a: Show Gun|Swords Dance|p1a: Show Gun
|-boost|p1a: Show Gun|atk|2
|
|upkeep
|turn|31
|
|t:|1757909197
|move|p2a: Orthworm|Coil|p2a: Orthworm
|-boost|p2a: Orthworm|atk|1
|-boost|p2a: Orthworm|def|1
|-boost|p2a: Orthworm|accuracy|1
|move|p1a: Show Gun|Stealth Rock|p2a: Orthworm
|-sidestart|p2: dvdegvedgebed|move: Stealth Rock
|
|upkeep
|turn|32
|
|t:|1757909200
|move|p2a: Orthworm|Earthquake|p1a: Show Gun
|-damage|p1a: Show Gun|13/100
|move|p1a: Show Gun|Iron Head|p2a: Orthworm
|-damage|p2a: Orthworm|0 fnt
|-damage|p1a: Show Gun|0 fnt|[from] item: Rocky Helmet|[of] p2a: Orthworm
|faint|p2a: Orthworm
|faint|p1a: Show Gun
|-end|p1a: Show Gun|fallen2|[silent]
|
|upkeep
|
|t:|1757909213
|switch|p2a: Altaria|Altaria, M|100/100
|switch|p1a: HoopThereItIs|Hoopa-Unbound|84/100
|turn|33
|
|t:|1757909222
|move|p1a: HoopThereItIs|Ice Punch|p2a: Altaria
|-supereffective|p2a: Altaria
|-damage|p2a: Altaria|0 fnt
|faint|p2a: Altaria
|
|upkeep
|
|t:|1757909226
|switch|p2a: Toxicroak|Toxicroak, M|100/100
|-damage|p2a: Toxicroak|94/100|[from] Stealth Rock
|turn|34
|
|t:|1757909234
|switch|p1a: Hat Witch|Hatterene, F, shiny|41/100
|move|p2a: Toxicroak|Swords Dance|p2a: Toxicroak
|-boost|p2a: Toxicroak|atk|2
|
|-heal|p1a: Hat Witch|47/100|[from] item: Leftovers
|upkeep
|turn|35
|
|t:|1757909243
|move|p2a: Toxicroak|Gunk Shot|p1a: Hat Witch
|-supereffective|p1a: Hat Witch
|-damage|p1a: Hat Witch|0 fnt
|faint|p1a: Hat Witch
|
|upkeep
|
|t:|1757909249
|switch|p1a: Pinky|Zamazenta, shiny|26/100
|turn|36
|
|t:|1757909254
|move|p2a: Toxicroak|Sucker Punch|p1a: Pinky
|-resisted|p1a: Pinky
|-damage|p1a: Pinky|9/100
|move|p1a: Pinky|Body Press|p2a: Toxicroak
|-resisted|p2a: Toxicroak
|-damage|p2a: Toxicroak|71/100
|
|-heal|p1a: Pinky|15/100|[from] item: Leftovers
|upkeep
|turn|37
|
|t:|1757909261
|move|p1a: Pinky|Iron Defense|p1a: Pinky
|-boost|p1a: Pinky|def|2
|move|p2a: Toxicroak|Close Combat|p1a: Pinky
|-damage|p1a: Pinky|0 fnt
|-unboost|p2a: Toxicroak|def|1
|-unboost|p2a: Toxicroak|spd|1
|faint|p1a: Pinky
|
|upkeep
|
|t:|1757909263
|switch|p1a: HoopThereItIs|Hoopa-Unbound|84/100
|turn|38
|
|t:|1757909273
|move|p2a: Toxicroak|Close Combat|p1a: HoopThereItIs
|-damage|p1a: HoopThereItIs|0 fnt
|-unboost|p2a: Toxicroak|def|1
|-unboost|p2a: Toxicroak|spd|1
|faint|p1a: HoopThereItIs
|
|win|dvdegvedgebed
|raw|Rhyenn's rating: 1134 &rarr; <strong>1108</strong><br />(-26 for losing)
|raw|dvdegvedgebed's rating: 1118 &rarr; <strong>1144</strong><br />(+26 for winning)
|l|☆Rhyenn
|player|p1|
