|j|☆Fifo drummer
|j|☆Incognito260
|t:|1757932917
|gametype|singles
|player|p1|Fifo drummer|unknown|1424
|player|p2|Incognito260|hilbert|1394
|gen|9
|tier|[Gen 9] OU
|rated|
|rule|HP Percentage Mod: HP is shown in percentages
|rule|Endless Battle Clause: Forcing endless battles is banned
|rule|Species Clause: Limit one of each Pokémon
|rule|OHKO Clause: OHKO moves are banned
|rule|Evasion Items Clause: Evasion items are banned
|rule|Evasion Moves Clause: Evasion moves are banned
|rule|Evasion Abilities Clause: Evasion abilities are banned
|rule|Sleep Moves Clause: Sleep-inducing moves are banned
|clearpoke
|poke|p1|Crawdaunt, M|
|poke|p1|Krookodile, M|
|poke|p1|Goodra-Hisui, F|
|poke|p1|Haxorus, M|
|poke|p1|Espeon, F|
|poke|p1|Corviknight, F|
|poke|p2|Heatran, F|
|poke|p2|Dragapult, M|
|poke|p2|Meowscarada, M|
|poke|p2|Kingambit, F|
|poke|p2|Ogerpon-Wellspring, F|
|poke|p2|Iron Hands|
|teampreview
|inactive|Battle timer is ON: inactive players will automatically lose when time's up. (requested by Incognito260)
|
|t:|1757932923
|teamsize|p1|6
|teamsize|p2|6
|start
|switch|p1a: Shrimpboat Capt.|Crawdaunt, M|100/100
|switch|p2a: Meowscarada|Meowscarada, M, shiny|100/100
|turn|1
|l|☆Incognito260
|inactive|Incognito260 disconnected and has a minute to reconnect!
|player|p2|
|j|☆Incognito260
|inactive|Incognito260 reconnected and has 120 seconds left.
|player|p2|Incognito260|hilbert|
|
|t:|1757932955
|move|p2a: Meowscarada|U-turn|p1a: Shrimpboat Capt.
|-start|p2a: Meowscarada|typechange|Bug|[from] ability: Protean
|-supereffective|p1a: Shrimpboat Capt.
|-enditem|p1a: Shrimpboat Capt.|Focus Sash
|-damage|p1a: Shrimpboat Capt.|1/100
|inactive|Incognito260 has 120 seconds left.
|
|t:|1757932961
|switch|p2a: Dragapult|Dragapult, M, shiny|100/100|[from] U-turn
|move|p1a: Shrimpboat Capt.|Endeavor|p2a: Dragapult
|-immune|p2a: Dragapult
|
|upkeep
|turn|2
|
|t:|1757932969
|switch|p1a: Mrs Raven|Corviknight, F, shiny|100/100
|move|p2a: Dragapult|U-turn|p1a: Mrs Raven
|-resisted|p1a: Mrs Raven
|-damage|p1a: Mrs Raven|97/100
|-damage|p2a: Dragapult|84/100|[from] item: Rocky Helmet|[of] p1a: Mrs Raven
|
|t:|1757932972
|switch|p2a: Heatran|Heatran, F|100/100|[from] U-turn
|
|upkeep
|turn|3
|
|t:|1757932979
|switch|p1a: I don't give a fox|Espeon, F, shiny|100/100
|move|p2a: Heatran|Magma Storm|p1a: I don't give a fox
|-damage|p1a: I don't give a fox|3/100
|-activate|p1a: I don't give a fox|move: Magma Storm|[of] p2a: Heatran
|-damage|p2a: Heatran|91/100|[from] item: Life Orb
|
|-heal|p1a: I don't give a fox|9/100|[from] item: Leftovers
|-damage|p1a: I don't give a fox|0 fnt|[from] move: Magma Storm|[partiallytrapped]
|faint|p1a: I don't give a fox
|upkeep
|l|☆Incognito260
|inactive|Incognito260 disconnected and has a minute to reconnect!
|player|p2|
|
|t:|1757932992
|switch|p1a: AXE Bodyspray|Haxorus, M, shiny|100/100
|-ability|p1a: AXE Bodyspray|Mold Breaker
|turn|4
|j|☆Incognito260
|inactive|Incognito260 reconnected and has 135 seconds left.
|player|p2|Incognito260|hilbert|
|
|t:|1757933017
|switch|p2a: Dragapult|Dragapult, M, shiny|84/100
|move|p1a: AXE Bodyspray|Dragon Dance|p1a: AXE Bodyspray
|-boost|p1a: AXE Bodyspray|atk|1
|-boost|p1a: AXE Bodyspray|spe|1
|
|upkeep
|turn|5
|
|t:|1757933024
|move|p1a: AXE Bodyspray|Earthquake|p2a: Dragapult
|-damage|p2a: Dragapult|12/100
|move|p2a: Dragapult|Draco Meteor|p1a: AXE Bodyspray
|-supereffective|p1a: AXE Bodyspray
|-damage|p1a: AXE Bodyspray|0 fnt
|-unboost|p2a: Dragapult|spa|2
|faint|p1a: AXE Bodyspray
|
|upkeep
|
|t:|1757933038
|switch|p1a: Son of a Krook|Krookodile, M, shiny|100/100
|turn|6
|
|t:|1757933041
|move|p1a: Son of a Krook|Earthquake|p2a: Dragapult
|-damage|p2a: Dragapult|0 fnt
|faint|p2a: Dragapult
|-ability|p1a: Son of a Krook|Moxie|boost
|-boost|p1a: Son of a Krook|atk|1
|
|upkeep
|
|t:|1757933045
|switch|p2a: Meowscarada|Meowscarada, M, shiny|100/100
|turn|7
|
|t:|1757933050
|switch|p1a: Mrs Raven|Corviknight, F, shiny|97/100
|move|p2a: Meowscarada|U-turn|p1a: Mrs Raven
|-start|p2a: Meowscarada|typechange|Bug|[from] ability: Protean
|-resisted|p1a: Mrs Raven
|-damage|p1a: Mrs Raven|88/100
|-damage|p2a: Meowscarada|84/100|[from] item: Rocky Helmet|[of] p1a: Mrs Raven
|
|t:|1757933052
|switch|p2a: Heatran|Heatran, F|91/100|[from] U-turn
|
|upkeep
|turn|8
|
|t:|1757933062
|switch|p1a: Badra|Goodra-Hisui, F|100/100
|move|p2a: Heatran|Magma Storm|p1a: Badra
|-damage|p1a: Badra|61/100
|-activate|p1a: Badra|move: Magma Storm|[of] p2a: Heatran
|-damage|p2a: Heatran|81/100|[from] item: Life Orb
|
|-damage|p1a: Badra|49/100|[from] move: Magma Storm|[partiallytrapped]
|upkeep
|turn|9
|
|t:|1757933072
|move|p2a: Heatran|Earth Power|p1a: Badra
|-supereffective|p1a: Badra
|-damage|p1a: Badra|1/100
|-unboost|p1a: Badra|spd|1
|-damage|p2a: Heatran|71/100|[from] item: Life Orb
|move|p1a: Badra|Surf|p2a: Heatran
|-supereffective|p2a: Heatran
|-damage|p2a: Heatran|6/100
|
|-damage|p1a: Badra|0 fnt|[from] move: Magma Storm|[partiallytrapped]
|faint|p1a: Badra
|upkeep
|
|t:|1757933087
|switch|p1a: Son of a Krook|Krookodile, M, shiny|100/100
|turn|10
|
|t:|1757933091
|switch|p2a: Ogerpon|Ogerpon-Wellspring, F|100/100
|move|p1a: Son of a Krook|Earthquake|p2a: Ogerpon
|-resisted|p2a: Ogerpon
|-damage|p2a: Ogerpon|66/100
|
|upkeep
|turn|11
|
|t:|1757933098
|switch|p1a: Mrs Raven|Corviknight, F, shiny|88/100
|move|p2a: Ogerpon|Ivy Cudgel|p1a: Mrs Raven|[anim] Ivy Cudgel Water
|-damage|p1a: Mrs Raven|44/100
|
|upkeep
|turn|12
|
|t:|1757933104
|move|p2a: Ogerpon|Swords Dance|p2a: Ogerpon
|-boost|p2a: Ogerpon|atk|2
|move|p1a: Mrs Raven|Brave Bird|p2a: Ogerpon
|-supereffective|p2a: Ogerpon
|-damage|p2a: Ogerpon|0 fnt
|faint|p2a: Ogerpon
|-damage|p1a: Mrs Raven|25/100|[from] Recoil
|
|upkeep
|
|t:|1757933114
|switch|p2a: Heatran|Heatran, F|6/100
|turn|13
|
|t:|1757933120
|move|p2a: Heatran|Overheat|p1a: Mrs Raven
|-supereffective|p1a: Mrs Raven
|-damage|p1a: Mrs Raven|0 fnt
|-unboost|p2a: Heatran|spa|2
|faint|p1a: Mrs Raven
|-damage|p2a: Heatran|0 fnt|[from] item: Life Orb
|faint|p2a: Heatran
|
|upkeep
|
|t:|1757933133
|switch|p2a: Meowscarada|Meowscarada, M, shiny|84/100
|switch|p1a: Shrimpboat Capt.|Crawdaunt, M|1/100
|turn|14
|
|t:|1757933140
|move|p1a: Shrimpboat Capt.|Aqua Jet|p2a: Meowscarada
|-resisted|p2a: Meowscarada
|-damage|p2a: Meowscarada|63/100
|move|p2a: Meowscarada|U-turn|p1a: Shrimpboat Capt.
|-start|p2a: Meowscarada|typechange|Bug|[from] ability: Protean
|-supereffective|p1a: Shrimpboat Capt.
|-damage|p1a: Shrimpboat Capt.|0 fnt
|faint|p1a: Shrimpboat Capt.
|
|t:|1757933142
|switch|p2a: Kingambit|Kingambit, F|100/100|[from] U-turn
|-activate|p2a: Kingambit|ability: Supreme Overlord
|-start|p2a: Kingambit|fallen3|[silent]
|
|upkeep
|
|t:|1757933153
|switch|p1a: Son of a Krook|Krookodile, M, shiny|100/100
|turn|15
|
|t:|1757933156
|move|p1a: Son of a Krook|Earthquake|p2a: Kingambit
|-supereffective|p2a: Kingambit
|-damage|p2a: Kingambit|44/100
|move|p2a: Kingambit|Metal Burst|p1a: Son of a Krook
|-damage|p1a: Son of a Krook|0 fnt
|faint|p1a: Son of a Krook
|
|win|Incognito260
|raw|Fifo drummer's rating: 1424 &rarr; <strong>1402</strong><br />(-22 for losing)
|raw|Incognito260's rating: 1394 &rarr; <strong>1416</strong><br />(+22 for winning)
|l|☆Incognito260
|player|p2|
|c|☆Fifo drummer|Ggs
|l|☆Fifo drummer
|player|p1|
