|j|☆spreadcrosser
|j|☆bellumacademy
|t:|1757909657
|gametype|singles
|player|p1|spreadcrosser|266|1300
|player|p2|bellumacademy|elesa|1405
|gen|9
|tier|[Gen 9] OU
|rated|
|rule|HP Percentage Mod: HP is shown in percentages
|rule|Endless Battle Clause: Forcing endless battles is banned
|rule|Species Clause: Limit one of each Pokémon
|rule|OHKO Clause: OHKO moves are banned
|rule|Evasion Items Clause: Evasion items are banned
|rule|Evasion Moves Clause: Evasion moves are banned
|rule|Evasion Abilities Clause: Evasion abilities are banned
|rule|Sleep Moves Clause: Sleep-inducing moves are banned
|clearpoke
|poke|p1|Serperior, F|
|poke|p1|Kingambit, M|
|poke|p1|Excadrill, M|
|poke|p1|Iron Hands|
|poke|p1|Ceruledge, M|
|poke|p1|Raging Bolt|
|poke|p2|Quaquaval, F|
|poke|p2|Ting-Lu|
|poke|p2|Hatterene, F|
|poke|p2|Dragonite, F|
|poke|p2|Scizor, M|
|poke|p2|Kyurem|
|teampreview
|inactive|Battle timer is ON: inactive players will automatically lose when time's up. (requested by spreadcrosser)
|inactive|bellumacademy has 120 seconds left.
|
|t:|1757909705
|teamsize|p1|6
|teamsize|p2|6
|start
|switch|p1a: Iron Hands|Iron Hands|100/100
|switch|p2a: Ground Venison|Ting-Lu|100/100
|-ability|p2a: Ground Venison|Vessel of Ruin
|-enditem|p1a: Iron Hands|Booster Energy
|-activate|p1a: Iron Hands|ability: Quark Drive|[fromitem]
|-start|p1a: Iron Hands|quarkdriveatk
|turn|1
|inactive|spreadcrosser has 120 seconds left.
|
|t:|1757909744
|move|p1a: Iron Hands|Swords Dance|p1a: Iron Hands
|-boost|p1a: Iron Hands|atk|2
|move|p2a: Ground Venison|Earthquake|p1a: Iron Hands
|-supereffective|p1a: Iron Hands
|-damage|p1a: Iron Hands|37/100
|
|upkeep
|turn|2
|
|t:|1757909768
|switch|p2a: Magic Gushroom|Hatterene, F|100/100
|move|p1a: Iron Hands|Ice Punch|p2a: Magic Gushroom
|-damage|p2a: Magic Gushroom|38/100
|-damage|p1a: Iron Hands|21/100|[from] item: Rocky Helmet|[of] p2a: Magic Gushroom
|
|upkeep
|turn|3
|
|t:|1757909781
|-terastallize|p1a: Iron Hands|Fire
|move|p1a: Iron Hands|Tera Blast|p2a: Magic Gushroom|[anim] Tera Blast Fire
|-damage|p2a: Magic Gushroom|0 fnt
|faint|p2a: Magic Gushroom
|
|upkeep
|
|t:|1757909790
|switch|p2a: Freeze Austin|Kyurem|100/100
|-ability|p2a: Freeze Austin|Pressure
|turn|4
|
|t:|1757909795
|-end|p1a: Iron Hands|Quark Drive|[silent]
|switch|p1a: Kingambit|Kingambit, M|100/100
|-item|p1a: Kingambit|Air Balloon
|move|p2a: Freeze Austin|Earth Power|p1a: Kingambit
|-immune|p1a: Kingambit
|
|upkeep
|turn|5
|
|t:|1757909809
|switch|p2a: Orange Chicken|Dragonite, F|100/100
|move|p1a: Kingambit|Swords Dance|p1a: Kingambit
|-boost|p1a: Kingambit|atk|2
|
|upkeep
|turn|6
|c|☆spreadcrosser|scarf check hoohaha
|c|☆spreadcrosser|got em
|
|t:|1757909816
|-terastallize|p2a: Orange Chicken|Fire
|move|p2a: Orange Chicken|Fire Punch|p1a: Kingambit
|-supereffective|p1a: Kingambit
|-damage|p1a: Kingambit|36/100
|-enditem|p1a: Kingambit|Air Balloon
|move|p1a: Kingambit|Kowtow Cleave|p2a: Orange Chicken
|-damage|p2a: Orange Chicken|42/100
|
|upkeep
|turn|7
|
|t:|1757909825
|move|p2a: Orange Chicken|Fire Punch|p1a: Kingambit
|-supereffective|p1a: Kingambit
|-damage|p1a: Kingambit|0 fnt
|faint|p1a: Kingambit
|
|upkeep
|
|t:|1757909831
|switch|p1a: Excadrill|Excadrill, M|100/100
|-ability|p1a: Excadrill|Mold Breaker
|turn|8
|c|☆bellumacademy|damn no sucker punch
|
|t:|1757909841
|switch|p2a: Quesoserious|Quaquaval, F|100/100
|move|p1a: Excadrill|Rock Tomb|p2a: Quesoserious
|-resisted|p2a: Quesoserious
|-damage|p2a: Quesoserious|87/100
|-unboost|p2a: Quesoserious|spe|1
|
|upkeep
|turn|9
|c|☆spreadcrosser|I do have sucker punch
|c|☆spreadcrosser|people are just clowns so it’s hard to click sometimes
|
|t:|1757909864
|move|p1a: Excadrill|Earthquake|p2a: Quesoserious
|-damage|p2a: Quesoserious|12/100
|move|p2a: Quesoserious|Aqua Step|p1a: Excadrill
|-supereffective|p1a: Excadrill
|-enditem|p1a: Excadrill|Focus Sash
|-damage|p1a: Excadrill|1/100
|-boost|p2a: Quesoserious|spe|1
|
|upkeep
|turn|10
|c|☆bellumacademy|do i outspeed u rn
|inactive|bellumacademy has 120 seconds left.
|c|☆bellumacademy|i think not
|c|☆spreadcrosser|nope
|c|☆spreadcrosser|it’s aqua jet im
|
|t:|1757909907
|switch|p1a: Raging Bolt|Raging Bolt|100/100
|move|p2a: Quesoserious|Aqua Step|p1a: Raging Bolt
|-resisted|p1a: Raging Bolt
|-damage|p1a: Raging Bolt|83/100
|-boost|p2a: Quesoserious|spe|1
|
|-heal|p1a: Raging Bolt|89/100|[from] item: Leftovers
|upkeep
|turn|11
|c|☆spreadcrosser|not staying in anyway
|l|☆spreadcrosser
|inactive|spreadcrosser disconnected and has a minute to reconnect!
|player|p1|
|j|☆spreadcrosser
|inactive|spreadcrosser reconnected and has 135 seconds left.
|player|p1|spreadcrosser|266|
|
|t:|1757909926
|switch|p2a: Ground Venison|Ting-Lu|100/100
|-ability|p2a: Ground Venison|Vessel of Ruin
|move|p1a: Raging Bolt|Calm Mind|p1a: Raging Bolt
|-boost|p1a: Raging Bolt|spa|1
|-boost|p1a: Raging Bolt|spd|1
|
|-heal|p1a: Raging Bolt|95/100|[from] item: Leftovers
|upkeep
|turn|12
|
|t:|1757909938
|-end|p1a: Raging Bolt|Protosynthesis|[silent]
|switch|p1a: Serperior|Serperior, F|100/100
|move|p2a: Ground Venison|Earthquake|p1a: Serperior
|-resisted|p1a: Serperior
|-damage|p1a: Serperior|76/100
|
|-heal|p1a: Serperior|82/100|[from] item: Leftovers
|upkeep
|turn|13
|
|t:|1757909945
|move|p1a: Serperior|Glare|p2a: Ground Venison
|-status|p2a: Ground Venison|par
|cant|p2a: Ground Venison|par
|
|-heal|p1a: Serperior|88/100|[from] item: Leftovers
|upkeep
|turn|14
|inactive|bellumacademy has 120 seconds left.
|
|t:|1757909956
|move|p1a: Serperior|Leaf Storm|p2a: Ground Venison
|-supereffective|p2a: Ground Venison
|-damage|p2a: Ground Venison|46/100 par
|-boost|p1a: Serperior|spa|2
|-enditem|p2a: Ground Venison|Weakness Policy
|-boost|p2a: Ground Venison|atk|2|[from] item: Weakness Policy
|-boost|p2a: Ground Venison|spa|2|[from] item: Weakness Policy
|move|p2a: Ground Venison|Payback|p1a: Serperior
|-damage|p1a: Serperior|0 fnt
|faint|p1a: Serperior
|
|upkeep
|
|t:|1757909961
|switch|p1a: Ceruledge|Ceruledge, M|100/100
|turn|15
|
|t:|1757909970
|move|p1a: Ceruledge|Swords Dance|p1a: Ceruledge
|-boost|p1a: Ceruledge|atk|2
|move|p2a: Ground Venison|Earthquake|p1a: Ceruledge
|-supereffective|p1a: Ceruledge
|-enditem|p1a: Ceruledge|Focus Sash
|-damage|p1a: Ceruledge|1/100
|-ability|p1a: Ceruledge|Weak Armor|boost
|-unboost|p1a: Ceruledge|def|1
|-boost|p1a: Ceruledge|spe|2
|
|upkeep
|turn|16
|
|t:|1757909977
|move|p1a: Ceruledge|Bitter Blade|p2a: Ground Venison
|-damage|p2a: Ground Venison|0 fnt
|-heal|p1a: Ceruledge|41/100|[from] drain|[of] p2a: Ground Venison
|faint|p2a: Ground Venison
|
|upkeep
|
|t:|1757909989
|switch|p2a: Red Lobster|Scizor, M|100/100
|turn|17
|
|t:|1757909991
|move|p2a: Red Lobster|Bullet Punch|p1a: Ceruledge
|-resisted|p1a: Ceruledge
|-damage|p1a: Ceruledge|0 fnt
|faint|p1a: Ceruledge
|
|upkeep
|c|☆spreadcrosser|that was a roll
|
|t:|1757910003
|switch|p1a: Raging Bolt|Raging Bolt|95/100
|turn|18
|
|t:|1757910012
|switch|p2a: Freeze Austin|Kyurem|100/100
|-ability|p2a: Freeze Austin|Pressure
|move|p1a: Raging Bolt|Calm Mind|p1a: Raging Bolt
|-boost|p1a: Raging Bolt|spa|1
|-boost|p1a: Raging Bolt|spd|1
|
|-heal|p1a: Raging Bolt|100/100|[from] item: Leftovers
|upkeep
|turn|19
|c|☆spreadcrosser|banded adamant 36-41 smh
|
|t:|1757910020
|move|p2a: Freeze Austin|Draco Meteor|p1a: Raging Bolt
|-supereffective|p1a: Raging Bolt
|-damage|p1a: Raging Bolt|15/100
|-unboost|p2a: Freeze Austin|spa|2
|move|p1a: Raging Bolt|Dragon Pulse|p2a: Freeze Austin
|-supereffective|p2a: Freeze Austin
|-damage|p2a: Freeze Austin|0 fnt
|faint|p2a: Freeze Austin
|
|-heal|p1a: Raging Bolt|22/100|[from] item: Leftovers
|upkeep
|
|t:|1757910028
|switch|p2a: Red Lobster|Scizor, M|100/100
|turn|20
|
|t:|1757910030
|move|p1a: Raging Bolt|Thunderclap|p2a: Red Lobster
|-damage|p2a: Red Lobster|20/100
|move|p2a: Red Lobster|Bullet Punch|p1a: Raging Bolt
|-resisted|p1a: Raging Bolt
|-damage|p1a: Raging Bolt|2/100
|
|-heal|p1a: Raging Bolt|8/100|[from] item: Leftovers
|upkeep
|turn|21
|c|☆bellumacademy|gg
|c|☆bellumacademy|so bulky
|
|t:|1757910044
|move|p2a: Red Lobster|Bullet Punch|p1a: Raging Bolt
|-resisted|p1a: Raging Bolt
|-damage|p1a: Raging Bolt|0 fnt
|faint|p1a: Raging Bolt
|-end|p1a: Raging Bolt|Protosynthesis|[silent]
|
|upkeep
|c|☆spreadcrosser|gg
|c|☆bellumacademy|wth
|c|☆bellumacademy|why didn't u thunderclap
|c|☆spreadcrosser|ifk
|c|☆spreadcrosser|idk
|-message|spreadcrosser forfeited.
|
|win|bellumacademy
|raw|spreadcrosser's rating: 1300 &rarr; <strong>1282</strong><br />(-18 for losing)
|raw|bellumacademy's rating: 1405 &rarr; <strong>1419</strong><br />(+14 for winning)
|l|☆spreadcrosser
|player|p1|
|c|☆bellumacademy|u would've won rip
|l|☆bellumacademy
|player|p2|
