|j|☆LVL62Monoco
|j|☆Micahblast115
|t:|1757811529
|gametype|singles
|player|p1|LVL62Monoco|1|1486
|player|p2|Micahblast115|hiker-gen4|1423
|gen|9
|tier|[Gen 9] OU
|rated|
|rule|HP Percentage Mod: HP is shown in percentages
|rule|Endless Battle Clause: Forcing endless battles is banned
|rule|Species Clause: Limit one of each Pokémon
|rule|OHKO Clause: OHKO moves are banned
|rule|Evasion Items Clause: Evasion items are banned
|rule|Evasion Moves Clause: Evasion moves are banned
|rule|Evasion Abilities Clause: Evasion abilities are banned
|rule|Sleep Moves Clause: Sleep-inducing moves are banned
|clearpoke
|poke|p1|Grimmsnarl, M|
|poke|p1|Ursaluna, F|
|poke|p1|Slowbro-Galar, M|
|poke|p1|Iron Hands|
|poke|p1|Kingambit, F|
|poke|p1|Enamorus-Therian, F|
|poke|p2|Cinderace, M|
|poke|p2|Corviknight, M|
|poke|p2|Raging Bolt|
|poke|p2|Dragonite, M|
|poke|p2|Samurott-Hisui, F|
|poke|p2|Serperior, M|
|teampreview
|inactive|Battle timer is ON: inactive players will automatically lose when time's up. (requested by Micahblast115)
|
|t:|1757811544
|teamsize|p1|6
|teamsize|p2|6
|start
|switch|p1a: Grimmsnarl|Grimmsnarl, M, shiny|100/100
|switch|p2a: Samurott|Samurott-Hisui, F, shiny|100/100
|turn|1
|
|t:|1757811551
|move|p1a: Grimmsnarl|Reflect|p1a: Grimmsnarl
|-sidestart|p1: LVL62Monoco|Reflect
|move|p2a: Samurott|Razor Shell|p1a: Grimmsnarl
|-damage|p1a: Grimmsnarl|80/100
|
|upkeep
|turn|2
|
|t:|1757811561
|move|p1a: Grimmsnarl|Light Screen|p1a: Grimmsnarl
|-sidestart|p1: LVL62Monoco|move: Light Screen
|move|p2a: Samurott|Razor Shell|p1a: Grimmsnarl
|-damage|p1a: Grimmsnarl|58/100
|
|upkeep
|turn|3
|
|t:|1757811567
|switch|p2a: Corviknight|Corviknight, M, shiny|100/100
|move|p1a: Grimmsnarl|Parting Shot|p2a: Corviknight
|-ability|p2a: Corviknight|Mirror Armor
|-unboost|p1a: Grimmsnarl|atk|1
|-ability|p2a: Corviknight|Mirror Armor
|-unboost|p1a: Grimmsnarl|spa|1
|
|t:|1757811582
|switch|p1a: Iron Hands|Iron Hands|100/100|[from] Parting Shot
|
|upkeep
|turn|4
|-activate|p1a: Iron Hands|item: Quick Claw
|
|t:|1757811594
|move|p1a: Iron Hands|Wild Charge|p2a: Corviknight
|-supereffective|p2a: Corviknight
|-damage|p2a: Corviknight|31/100
|-damage|p1a: Iron Hands|84/100|[from] item: Rocky Helmet|[of] p2a: Corviknight
|-damage|p1a: Iron Hands|70/100|[from] Recoil
|move|p2a: Corviknight|Defog|p1a: Iron Hands
|-unboost|p1a: Iron Hands|evasion|1
|-sideend|p1: LVL62Monoco|Reflect
|-sideend|p1: LVL62Monoco|move: Light Screen
|
|upkeep
|turn|5
|
|t:|1757811612
|switch|p2a: Serperior|Serperior, M|100/100
|move|p1a: Iron Hands|Ice Punch|p2a: Serperior
|-supereffective|p2a: Serperior
|-damage|p2a: Serperior|32/100
|
|upkeep
|turn|6
|
|t:|1757811622
|move|p2a: Serperior|Leaf Storm|p1a: Iron Hands
|-damage|p1a: Iron Hands|26/100
|-boost|p2a: Serperior|spa|2
|move|p1a: Iron Hands|Ice Punch|p2a: Serperior
|-supereffective|p2a: Serperior
|-damage|p2a: Serperior|0 fnt
|faint|p2a: Serperior
|
|upkeep
|
|t:|1757811632
|switch|p2a: Cinderace|Cinderace, M|100/100
|turn|7
|
|t:|1757811642
|move|p2a: Cinderace|High Jump Kick|p1a: Iron Hands
|-start|p2a: Cinderace|typechange|Fighting|[from] ability: Libero
|-damage|p1a: Iron Hands|0 fnt
|faint|p1a: Iron Hands
|-end|p1a: Iron Hands|Quark Drive|[silent]
|
|upkeep
|
|t:|1757811650
|switch|p1a: Grimmsnarl|Grimmsnarl, M, shiny|58/100
|turn|8
|
|t:|1757811655
|move|p1a: Grimmsnarl|Parting Shot|p2a: Cinderace
|-unboost|p2a: Cinderace|atk|1
|-unboost|p2a: Cinderace|spa|1
|
|t:|1757811659
|switch|p1a: Enamorus|Enamorus-Therian, F|100/100|[from] Parting Shot
|move|p2a: Cinderace|High Jump Kick|p1a: Enamorus
|-resisted|p1a: Enamorus
|-damage|p1a: Enamorus|86/100
|
|upkeep
|turn|9
|
|t:|1757811672
|switch|p2a: Dragonite|Dragonite, M|100/100
|move|p1a: Enamorus|Calm Mind|p1a: Enamorus
|-boost|p1a: Enamorus|spa|1
|-boost|p1a: Enamorus|spd|1
|
|upkeep
|turn|10
|
|t:|1757811682
|move|p2a: Dragonite|Dragon Dance|p2a: Dragonite
|-boost|p2a: Dragonite|atk|1
|-boost|p2a: Dragonite|spe|1
|move|p1a: Enamorus|Moonblast|p2a: Dragonite
|-supereffective|p2a: Dragonite
|-damage|p2a: Dragonite|11/100
|
|upkeep
|turn|11
|
|t:|1757811690
|move|p2a: Dragonite|Extreme Speed|p1a: Enamorus
|-damage|p1a: Enamorus|27/100
|-damage|p2a: Dragonite|1/100|[from] item: Life Orb
|move|p1a: Enamorus|Moonblast|p2a: Dragonite
|-supereffective|p2a: Dragonite
|-damage|p2a: Dragonite|0 fnt
|faint|p2a: Dragonite
|
|upkeep
|
|t:|1757811706
|switch|p2a: Cinderace|Cinderace, M|100/100
|turn|12
|-activate|p1a: Enamorus|item: Quick Claw
|
|t:|1757811709
|move|p1a: Enamorus|Earth Power|p2a: Cinderace
|-supereffective|p2a: Cinderace
|-damage|p2a: Cinderace|0 fnt
|faint|p2a: Cinderace
|
|upkeep
|
|t:|1757811721
|switch|p2a: Samurott|Samurott-Hisui, F, shiny|100/100
|turn|13
|
|t:|1757811724
|move|p2a: Samurott|Flip Turn|p1a: Enamorus
|-damage|p1a: Enamorus|4/100
|
|t:|1757811727
|switch|p2a: Corviknight|Corviknight, M, shiny|31/100|[from] Flip Turn
|move|p1a: Enamorus|Moonblast|p2a: Corviknight
|-resisted|p2a: Corviknight
|-damage|p2a: Corviknight|0 fnt
|faint|p2a: Corviknight
|
|upkeep
|
|t:|1757811736
|switch|p2a: Samurott|Samurott-Hisui, F, shiny|100/100
|turn|14
|
|t:|1757811744
|move|p2a: Samurott|Flip Turn|p1a: Enamorus
|-damage|p1a: Enamorus|0 fnt
|faint|p1a: Enamorus
|
|t:|1757811746
|switch|p2a: Raging Bolt|Raging Bolt|100/100|[from] Flip Turn
|-enditem|p2a: Raging Bolt|Booster Energy
|-activate|p2a: Raging Bolt|ability: Protosynthesis|[fromitem]
|-start|p2a: Raging Bolt|protosynthesisspa
|
|upkeep
|
|t:|1757811754
|switch|p1a: Grimmsnarl|Grimmsnarl, M, shiny|58/100
|turn|15
|
|t:|1757811758
|-terastallize|p2a: Raging Bolt|Fairy
|move|p1a: Grimmsnarl|Light Screen|p1a: Grimmsnarl
|-sidestart|p1: LVL62Monoco|move: Light Screen
|move|p2a: Raging Bolt|Tera Blast|p1a: Grimmsnarl|[anim] Tera Blast Fairy
|-supereffective|p1a: Grimmsnarl
|-damage|p1a: Grimmsnarl|0 fnt
|faint|p1a: Grimmsnarl
|
|upkeep
|
|t:|1757811768
|switch|p1a: Kingambit|Kingambit, F, shiny|100/100
|-activate|p1a: Kingambit|ability: Supreme Overlord
|-start|p1a: Kingambit|fallen3|[silent]
|turn|16
|
|t:|1757811773
|-end|p2a: Raging Bolt|Protosynthesis|[silent]
|switch|p2a: Samurott|Samurott-Hisui, F, shiny|100/100
|move|p1a: Kingambit|Iron Head|p2a: Samurott
|-resisted|p2a: Samurott
|-damage|p2a: Samurott|62/100
|
|upkeep
|turn|17
|
|t:|1757811781
|move|p2a: Samurott|Sacred Sword|p1a: Kingambit
|-supereffective|p1a: Kingambit
|-damage|p1a: Kingambit|0 fnt
|faint|p1a: Kingambit
|-end|p1a: Kingambit|fallen3|[silent]
|
|upkeep
|
|t:|1757811792
|switch|p1a: Slowbro|Slowbro-Galar, M|100/100
|turn|18
|
|t:|1757811800
|switch|p2a: Raging Bolt|Raging Bolt, tera:Fairy|100/100
|move|p1a: Slowbro|Sludge Bomb|p2a: Raging Bolt
|-supereffective|p2a: Raging Bolt
|-damage|p2a: Raging Bolt|30/100
|-status|p2a: Raging Bolt|psn
|
|-damage|p2a: Raging Bolt|18/100 psn|[from] psn
|upkeep
|turn|19
|-activate|p1a: Slowbro|ability: Quick Draw
|
|t:|1757811810
|move|p1a: Slowbro|Sludge Bomb|p2a: Raging Bolt
|-supereffective|p2a: Raging Bolt
|-damage|p2a: Raging Bolt|0 fnt
|faint|p2a: Raging Bolt
|-end|p2a: Raging Bolt|Protosynthesis|[silent]
|
|upkeep
|
|t:|1757811814
|switch|p2a: Samurott|Samurott-Hisui, F, shiny|62/100
|turn|20
|
|t:|1757811822
|-terastallize|p1a: Slowbro|Water
|move|p2a: Samurott|Razor Shell|p1a: Slowbro
|-resisted|p1a: Slowbro
|-damage|p1a: Slowbro|77/100
|-unboost|p1a: Slowbro|def|1
|move|p1a: Slowbro|Sludge Bomb|p2a: Samurott
|-damage|p2a: Samurott|0 fnt
|faint|p2a: Samurott
|
|win|LVL62Monoco
|raw|LVL62Monoco's rating: 1486 &rarr; <strong>1502</strong><br />(+16 for winning)
|raw|Micahblast115's rating: 1423 &rarr; <strong>1407</strong><br />(-16 for losing)
|l|☆Micahblast115
|player|p2|
|l|☆LVL62Monoco
|player|p1|
