|j|☆fianso-95
|j|☆Hurtadoman
|t:|1757917958
|gametype|singles
|player|p1|fianso-95|palmer|1380
|player|p2|Hurtadoman|1|1348
|gen|9
|tier|[Gen 9] OU
|rated|
|rule|HP Percentage Mod: HP is shown in percentages
|rule|Endless Battle Clause: Forcing endless battles is banned
|rule|Species Clause: Limit one of each Pokémon
|rule|OHKO Clause: OHKO moves are banned
|rule|Evasion Items Clause: Evasion items are banned
|rule|Evasion Moves Clause: Evasion moves are banned
|rule|Evasion Abilities Clause: Evasion abilities are banned
|rule|Sleep Moves Clause: Sleep-inducing moves are banned
|clearpoke
|poke|p1|Landorus-Therian, M|
|poke|p1|Volcanion|
|poke|p1|Weavile, F|
|poke|p1|Azelf|
|poke|p1|Dragonite, F|
|poke|p1|Zapdos|
|poke|p2|Iron Hands|
|poke|p2|Arcanine-Hisui, M|
|poke|p2|Primarina, M|
|poke|p2|Weavile, M|
|poke|p2|Landorus-Therian, M|
|poke|p2|Gholdengo|
|teampreview
|inactive|Battle timer is ON: inactive players will automatically lose when time's up. (requested by fianso-95)
|
|t:|1757917978
|teamsize|p1|6
|teamsize|p2|6
|start
|switch|p1a: Azelf|Azelf|100/100
|switch|p2a: Weavile|Weavile, M|100/100
|-ability|p2a: Weavile|Pressure
|turn|1
|
|t:|1757917985
|move|p2a: Weavile|Knock Off|p1a: Azelf
|-supereffective|p1a: Azelf
|-enditem|p1a: Azelf|Focus Sash
|-damage|p1a: Azelf|1/100
|-damage|p2a: Weavile|91/100|[from] item: Life Orb
|move|p1a: Azelf|Explosion|p2a: Weavile
|-damage|p2a: Weavile|0 fnt
|faint|p1a: Azelf
|faint|p2a: Weavile
|
|upkeep
|
|t:|1757918003
|switch|p2a: Landorus|Landorus-Therian, M|100/100
|switch|p1a: Volcanion|Volcanion|100/100
|-ability|p2a: Landorus|Intimidate|boost
|-unboost|p1a: Volcanion|atk|1
|turn|2
|
|t:|1757918014
|switch|p2a: Kantam|Iron Hands|100/100
|move|p1a: Volcanion|Steam Eruption|p2a: Kantam
|-damage|p2a: Kantam|58/100
|
|-heal|p2a: Kantam|64/100|[from] item: Leftovers
|upkeep
|turn|3
|
|t:|1757918023
|move|p2a: Kantam|Protect|p2a: Kantam
|-singleturn|p2a: Kantam|Protect
|move|p1a: Volcanion|Steam Eruption|p2a: Kantam
|-activate|p2a: Kantam|move: Protect
|
|-heal|p2a: Kantam|70/100|[from] item: Leftovers
|upkeep
|turn|4
|
|t:|1757918032
|move|p1a: Volcanion|Steam Eruption|p2a: Kantam
|-damage|p2a: Kantam|30/100
|move|p2a: Kantam|Supercell Slam|p1a: Volcanion
|-supereffective|p1a: Volcanion
|-damage|p1a: Volcanion|12/100
|
|-heal|p2a: Kantam|36/100|[from] item: Leftovers
|upkeep
|turn|5
|
|t:|1757918041
|move|p2a: Kantam|Protect|p2a: Kantam
|-singleturn|p2a: Kantam|Protect
|move|p1a: Volcanion|Steam Eruption|p2a: Kantam
|-activate|p2a: Kantam|move: Protect
|
|-heal|p2a: Kantam|43/100|[from] item: Leftovers
|upkeep
|turn|6
|
|t:|1757918050
|-end|p2a: Kantam|Quark Drive|[silent]
|switch|p2a: Primarina|Primarina, M|100/100
|move|p1a: Volcanion|Steam Eruption|p2a: Primarina
|-resisted|p2a: Primarina
|-crit|p2a: Primarina
|-damage|p2a: Primarina|61/100
|-status|p2a: Primarina|brn
|
|-damage|p2a: Primarina|55/100 brn|[from] brn
|upkeep
|turn|7
|
|t:|1757918063
|switch|p1a: Dragonite|Dragonite, F|100/100
|move|p2a: Primarina|Moonblast|p1a: Dragonite
|-supereffective|p1a: Dragonite
|-damage|p1a: Dragonite|41/100
|-enditem|p1a: Dragonite|Weakness Policy
|-boost|p1a: Dragonite|atk|2|[from] item: Weakness Policy
|-boost|p1a: Dragonite|spa|2|[from] item: Weakness Policy
|
|-damage|p2a: Primarina|49/100 brn|[from] brn
|upkeep
|-enditem|p2a: Primarina|Sitrus Berry|[eat]
|-heal|p2a: Primarina|74/100 brn|[from] item: Sitrus Berry
|turn|8
|
|t:|1757918076
|move|p1a: Dragonite|Earthquake|p2a: Primarina
|-damage|p2a: Primarina|0 fnt
|faint|p2a: Primarina
|
|upkeep
|
|t:|1757918081
|switch|p2a: Arcanine|Arcanine-Hisui, M|100/100
|turn|9
|
|t:|1757918085
|-terastallize|p2a: Arcanine|Normal
|move|p2a: Arcanine|Extreme Speed|p1a: Dragonite
|-damage|p1a: Dragonite|0 fnt
|faint|p1a: Dragonite
|
|upkeep
|
|t:|1757918095
|switch|p1a: Landorus|Landorus-Therian, M|100/100
|-ability|p1a: Landorus|Intimidate|boost
|-unboost|p2a: Arcanine|atk|1
|turn|10
|
|t:|1757918101
|switch|p2a: Landorus|Landorus-Therian, M|100/100
|-ability|p2a: Landorus|Intimidate|boost
|-unboost|p1a: Landorus|atk|1
|move|p1a: Landorus|U-turn|p2a: Landorus
|-resisted|p2a: Landorus
|-damage|p2a: Landorus|89/100
|-damage|p1a: Landorus|84/100|[from] item: Rocky Helmet|[of] p2a: Landorus
|
|t:|1757918105
|switch|p1a: Volcanion|Volcanion|12/100|[from] U-turn
|
|upkeep
|turn|11
|
|t:|1757918112
|move|p1a: Volcanion|Steam Eruption|p2a: Landorus
|-supereffective|p2a: Landorus
|-damage|p2a: Landorus|0 fnt
|faint|p2a: Landorus
|
|upkeep
|
|t:|1757918118
|switch|p2a: Arcanine|Arcanine-Hisui, M, tera:Normal|100/100
|turn|12
|
|t:|1757918121
|move|p2a: Arcanine|Extreme Speed|p1a: Volcanion
|-damage|p1a: Volcanion|0 fnt
|faint|p1a: Volcanion
|
|upkeep
|
|t:|1757918124
|switch|p1a: Weavile|Weavile, F|100/100
|-ability|p1a: Weavile|Pressure
|turn|13
|
|t:|1757918129
|move|p2a: Arcanine|Extreme Speed|p1a: Weavile
|-damage|p1a: Weavile|1/100
|move|p1a: Weavile|Knock Off|p2a: Arcanine
|-damage|p2a: Arcanine|39/100
|-enditem|p2a: Arcanine|Choice Band|[from] move: Knock Off|[of] p1a: Weavile
|
|upkeep
|turn|14
|
|t:|1757918137
|move|p2a: Arcanine|Extreme Speed|p1a: Weavile
|-damage|p1a: Weavile|0 fnt
|faint|p1a: Weavile
|
|upkeep
|
|t:|1757918139
|switch|p1a: Landorus|Landorus-Therian, M|84/100
|-ability|p1a: Landorus|Intimidate|boost
|-unboost|p2a: Arcanine|atk|1
|turn|15
|
|t:|1757918145
|move|p2a: Arcanine|Extreme Speed|p1a: Landorus
|-damage|p1a: Landorus|52/100
|move|p1a: Landorus|Earthquake|p2a: Arcanine
|-damage|p2a: Arcanine|0 fnt
|faint|p2a: Arcanine
|
|upkeep
|
|t:|1757918153
|switch|p2a: Gholdengo|Gholdengo|100/100
|turn|16
|
|t:|1757918157
|move|p1a: Landorus|Earthquake|p2a: Gholdengo
|-supereffective|p2a: Gholdengo
|-damage|p2a: Gholdengo|0 fnt
|faint|p2a: Gholdengo
|
|upkeep
|
|t:|1757918162
|switch|p2a: Kantam|Iron Hands|43/100
|turn|17
|
|t:|1757918166
|move|p2a: Kantam|Protect|p2a: Kantam
|-singleturn|p2a: Kantam|Protect
|move|p1a: Landorus|Earthquake|p2a: Kantam
|-activate|p2a: Kantam|move: Protect
|
|-heal|p2a: Kantam|49/100|[from] item: Leftovers
|upkeep
|turn|18
|
|t:|1757918174
|move|p1a: Landorus|Earthquake|p2a: Kantam
|-supereffective|p2a: Kantam
|-damage|p2a: Kantam|0 fnt
|faint|p2a: Kantam
|-end|p2a: Kantam|Quark Drive|[silent]
|
|win|fianso-95
|raw|fianso-95's rating: 1380 &rarr; <strong>1398</strong><br />(+18 for winning)
|raw|Hurtadoman's rating: 1348 &rarr; <strong>1330</strong><br />(-18 for losing)
|l|☆Hurtadoman
|player|p2|
|l|☆fianso-95
|player|p1|
