|j|☆litter779
|j|☆JOAX1007
|html|<table width="100%"><tr><td align="left">litter779</td><td align="right">JOAX1007</tr><tr><td align="left"><i class="fa fa-circle"></i> <i class="fa fa-circle-o"></i> </td><td align="right"><i class="fa fa-circle-o"></i> <i class="fa fa-circle"></i> </tr></table>
|uhtml|bestof|<h2><strong>Game 3</strong> of <a href="/game-bestof3-gen9ou-2441136650">a best-of-3</a></h2>
|t:|1757804583
|gametype|singles
|player|p1|litter779|giovanni|
|player|p2|JOAX1007|hugh|
|gen|9
|tier|[Gen 9] OU
|rule|HP Percentage Mod: HP is shown in percentages
|rule|Endless Battle Clause: Forcing endless battles is banned
|rule|Species Clause: Limit one of each Pokémon
|rule|OHKO Clause: OHKO moves are banned
|rule|Evasion Items Clause: Evasion items are banned
|rule|Evasion Moves Clause: Evasion moves are banned
|rule|Evasion Abilities Clause: Evasion abilities are banned
|rule|Sleep Moves Clause: Sleep-inducing moves are banned
|raw|<div class="infobox"><details class="readmore"><summary><strong>6 custom rules:</strong></summary> Force Open Team Sheets, Anything Goes, maxteamsize=8, Picked Team Size = 6, Adjust Level = 100, bestof=3</details></div>
|clearpoke
|poke|p1|Glimmora, F|
|poke|p1|Gholdengo|
|poke|p1|Garchomp, M|
|poke|p1|Rillaboom, F|
|poke|p1|Hawlucha, M|
|poke|p1|Lokix, F|
|poke|p1|Skarmory, M|
|poke|p1|Gastrodon, F|
|poke|p2|Glimmora, F|
|poke|p2|Gholdengo|
|poke|p2|Garchomp, M|
|poke|p2|Rillaboom, M|
|poke|p2|Hawlucha, M|
|poke|p2|Lokix, F|
|poke|p2|Skarmory, F|
|poke|p2|Gastrodon, F|
|teampreview|6
|showteam|p1|Glimmora||FocusSash|ToxicDebris|MortalSpin,EarthPower,SludgeWave,PowerGem|||F||||,,,,,Rock]Gholdengo||AirBalloon|GoodasGold|NastyPlot,ShadowBall,Thunderbolt,MakeItRain|||||||,,,,,Fairy]Garchomp||RockyHelmet|RoughSkin|Earthquake,DragonTail,StealthRock,Spikes|||M||||,,,,,Ghost]Rillaboom||TerrainExtender|GrassySurge|GrassyGlide,KnockOff,Uturn,LowKick|||F||||,,,,,Grass]Hawlucha||GrassySeed|Unburden|SwordsDance,Acrobatics,CloseCombat,ThroatChop|||M||||,,,,,Fighting]Lokix||ChoiceBand|TintedLens|FirstImpression,Uturn,KnockOff,LeechLife|||F||||,,,,,Bug]Skarmory||Leftovers|Sturdy|Whirlwind,IronDefense,BodyPress,Roost|||M||||,,,,,Steel]Gastrodon||RindoBerry|StormDrain|MuddyWater,Recover,SludgeBomb,StealthRock|||F||||,,,,,Water
|showteam|p2|Glimmora||FocusSash|ToxicDebris|MortalSpin,EarthPower,SludgeWave,PowerGem|||F||||,,,,,Rock]Gholdengo||AirBalloon|GoodasGold|NastyPlot,ShadowBall,Recover,MakeItRain|||||||,,,,,Fairy]Garchomp||RockyHelmet|RoughSkin|Earthquake,DragonTail,StealthRock,Spikes|||M||||,,,,,Ghost]Rillaboom||TerrainExtender|GrassySurge|GrassyGlide,KnockOff,Uturn,LowKick|||M||||,,,,,Grass]Hawlucha||GrassySeed|Unburden|SwordsDance,Acrobatics,CloseCombat,ThroatChop|||M||||,,,,,Fighting]Lokix||ChoiceBand|TintedLens|FirstImpression,Uturn,KnockOff,LeechLife|||F||||,,,,,Bug]Skarmory||Leftovers|Sturdy|Whirlwind,IronDefense,BodyPress,Roost|||F||||,,,,,Steel]Gastrodon||RindoBerry|StormDrain|MuddyWater,Recover,SludgeBomb,StealthRock|||F||||,,,,,Water
|c|☆litter779|Gg
|c|☆JOAX1007|Gg
|c|☆JOAX1007|Gholdengo ban xd
|c|☆litter779|Skamort ban
|c|☆JOAX1007|Ok
|
|t:|1757804646
|teamsize|p1|6
|teamsize|p2|6
|start
|switch|p1a: Lokix|Lokix, F|100/100
|switch|p2a: Glimmora|Glimmora, F|100/100
|turn|1
|c|☆JOAX1007|Mi fuera es Rillaboom
|j| Taro777YT_
|
|t:|1757804681
|switch|p2a: Garchomp|Garchomp, M|100/100
|switch|p1a: Skarmory|Skarmory, M|100/100
|
|upkeep
|turn|2
|
|t:|1757804694
|move|p2a: Garchomp|Dragon Tail|p1a: Skarmory
|-resisted|p1a: Skarmory
|-damage|p1a: Skarmory|90/100
|drag|p1a: Rillaboom|Rillaboom, F|100/100
|-fieldstart|move: Grassy Terrain|[from] ability: Grassy Surge|[of] p1a: Rillaboom
|
|upkeep
|turn|3
|
|t:|1757804704
|switch|p2a: Hawlucha|Hawlucha, M|100/100
|-enditem|p2a: Hawlucha|Grassy Seed
|-boost|p2a: Hawlucha|def|1|[from] item: Grassy Seed
|move|p1a: Rillaboom|Knock Off|p2a: Hawlucha
|-resisted|p2a: Hawlucha
|-damage|p2a: Hawlucha|89/100
|
|upkeep
|turn|4
|
|t:|1757804726
|switch|p1a: Garchomp|Garchomp, M|100/100
|move|p2a: Hawlucha|Throat Chop|p1a: Garchomp
|-damage|p1a: Garchomp|87/100
|-start|p1a: Garchomp|Throat Chop|[silent]
|-damage|p2a: Hawlucha|77/100|[from] ability: Rough Skin|[of] p1a: Garchomp
|-damage|p2a: Hawlucha|60/100|[from] item: Rocky Helmet|[of] p1a: Garchomp
|
|-heal|p1a: Garchomp|93/100|[from] Grassy Terrain
|upkeep
|turn|5
|
|t:|1757804738
|switch|p2a: Gastrodon|Gastrodon, F|100/100
|move|p1a: Garchomp|Dragon Tail|p2a: Gastrodon
|-crit|p2a: Gastrodon
|-damage|p2a: Gastrodon|58/100
|drag|p2a: Glimmora|Glimmora, F|100/100
|
|-heal|p1a: Garchomp|99/100|[from] Grassy Terrain
|-end|p1a: Garchomp|Throat Chop|[silent]
|upkeep
|turn|6
|
|t:|1757804751
|switch|p2a: Garchomp|Garchomp, M|100/100
|move|p1a: Garchomp|Stealth Rock|p2a: Garchomp
|-sidestart|p2: JOAX1007|move: Stealth Rock
|
|-heal|p1a: Garchomp|100/100|[from] Grassy Terrain
|upkeep
|turn|7
|
|t:|1757804758
|move|p2a: Garchomp|Stealth Rock|p1a: Garchomp
|-sidestart|p1: litter779|move: Stealth Rock
|move|p1a: Garchomp|Dragon Tail|p2a: Garchomp
|-supereffective|p2a: Garchomp
|-damage|p2a: Garchomp|69/100
|-damage|p1a: Garchomp|88/100|[from] ability: Rough Skin|[of] p2a: Garchomp
|-damage|p1a: Garchomp|71/100|[from] item: Rocky Helmet|[of] p2a: Garchomp
|drag|p2a: Glimmora|Glimmora, F|100/100
|-damage|p2a: Glimmora|88/100|[from] Stealth Rock
|
|-heal|p2a: Glimmora|94/100|[from] Grassy Terrain
|-heal|p1a: Garchomp|78/100|[from] Grassy Terrain
|upkeep
|turn|8
|
|t:|1757804772
|switch|p2a: Garchomp|Garchomp, M|69/100
|-damage|p2a: Garchomp|63/100|[from] Stealth Rock
|move|p1a: Garchomp|Earthquake|p2a: Garchomp
|-damage|p2a: Garchomp|49/100
|
|-heal|p1a: Garchomp|84/100|[from] Grassy Terrain
|-heal|p2a: Garchomp|55/100|[from] Grassy Terrain
|upkeep
|turn|9
|
|t:|1757804782
|move|p2a: Garchomp|Dragon Tail|p1a: Garchomp|[miss]
|-miss|p2a: Garchomp|p1a: Garchomp
|move|p1a: Garchomp|Dragon Tail|p2a: Garchomp
|-supereffective|p2a: Garchomp
|-crit|p2a: Garchomp
|-damage|p2a: Garchomp|7/100
|-damage|p1a: Garchomp|71/100|[from] ability: Rough Skin|[of] p2a: Garchomp
|-damage|p1a: Garchomp|55/100|[from] item: Rocky Helmet|[of] p2a: Garchomp
|drag|p2a: Gastrodon|Gastrodon, F|58/100
|-damage|p2a: Gastrodon|52/100|[from] Stealth Rock
|
|-heal|p1a: Garchomp|61/100|[from] Grassy Terrain
|-heal|p2a: Gastrodon|58/100|[from] Grassy Terrain
|-fieldend|move: Grassy Terrain
|upkeep
|turn|10
|c|☆litter779|A perdón joax
|c|☆litter779|Por los nervios no dije el descarté xf
|c|☆JOAX1007|No pasa nada xd
|c| Taro777YT_|Ojo
|c| Taro777YT_|Win para joax
|c|☆litter779|Deje q gastrodon
|c|☆JOAX1007|Ilegalísimo
|c|☆JOAX1007|Ya gané
|c| Taro777YT_|Ilegallll
|c|☆JOAX1007|🗣🗣
|c|☆litter779|Ni te había dado cuenta XD
|c|☆JOAX1007|🔥🔥
|c|☆JOAX1007|@pol
|c|☆JOAX1007|JAJAJA
|c|☆litter779|JAJAJA
|c|☆JOAX1007|Que hacemos?
|
|t:|1757804867
|move|p2a: Gastrodon|Recover|p2a: Gastrodon
|-heal|p2a: Gastrodon|100/100
|move|p1a: Garchomp|Dragon Tail|p2a: Gastrodon
|-damage|p2a: Gastrodon|75/100
|drag|p2a: Gholdengo|Gholdengo|100/100
|-damage|p2a: Gholdengo|94/100|[from] Stealth Rock
|-item|p2a: Gholdengo|Air Balloon
|
|upkeep
|turn|11
|c|☆JOAX1007|De hecho Según las reglas ya gané
|c|☆JOAX1007|Xd
|c|☆litter779|Pos avanzar nomas
|c|☆JOAX1007|La terminamos y le preguntamos a Pol
|c|☆JOAX1007|Va?
|c|☆JOAX1007|Si gano yo o que?
|c|☆JOAX1007|Si quieres te dejo esta ronda litter se le quiere
|c|☆litter779|Nel 🗣️🔥
|c|☆JOAX1007|Ok
|c|☆JOAX1007|No te la dejo pujaja
|
|t:|1757804955
|move|p2a: Gholdengo|Shadow Ball|p1a: Garchomp
|-damage|p1a: Garchomp|29/100
|-unboost|p1a: Garchomp|spd|1
|move|p1a: Garchomp|Dragon Tail|p2a: Gholdengo
|-resisted|p2a: Gholdengo
|-damage|p2a: Gholdengo|85/100
|-enditem|p2a: Gholdengo|Air Balloon
|drag|p2a: Glimmora|Glimmora, F|94/100
|-damage|p2a: Glimmora|82/100|[from] Stealth Rock
|
|upkeep
|turn|12
|c|☆litter779|😭
|
|t:|1757804969
|move|p2a: Glimmora|Earth Power|p1a: Garchomp
|-damage|p1a: Garchomp|0 fnt
|faint|p1a: Garchomp
|
|upkeep
|c| Taro777YT_|Que fue te aprovechas de la ilegalidad??
|c|☆JOAX1007|Xd
|
|t:|1757804991
|switch|p1a: Skarmory|Skarmory, M|90/100
|-damage|p1a: Skarmory|78/100|[from] Stealth Rock
|turn|13
|c|☆JOAX1007|Ya mucho que seguimos jugando
|
|t:|1757804999
|move|p2a: Glimmora|Power Gem|p1a: Skarmory
|-damage|p1a: Skarmory|39/100
|move|p1a: Skarmory|Whirlwind|p2a: Glimmora
|drag|p2a: Hawlucha|Hawlucha, M|60/100
|-damage|p2a: Hawlucha|48/100|[from] Stealth Rock
|
|-heal|p1a: Skarmory|45/100|[from] item: Leftovers
|upkeep
|turn|14
|
|t:|1757805009
|move|p2a: Hawlucha|Close Combat|p1a: Skarmory
|-damage|p1a: Skarmory|1/100
|-unboost|p2a: Hawlucha|def|1
|-unboost|p2a: Hawlucha|spd|1
|move|p1a: Skarmory|Whirlwind|p2a: Hawlucha
|drag|p2a: Gastrodon|Gastrodon, F|75/100
|-damage|p2a: Gastrodon|69/100|[from] Stealth Rock
|
|-heal|p1a: Skarmory|7/100|[from] item: Leftovers
|upkeep
|turn|15
|
|t:|1757805021
|move|p1a: Skarmory|Roost|p1a: Skarmory
|-heal|p1a: Skarmory|57/100
|-singleturn|p1a: Skarmory|move: Roost
|move|p2a: Gastrodon|Recover|p2a: Gastrodon
|-heal|p2a: Gastrodon|100/100
|
|-heal|p1a: Skarmory|63/100|[from] item: Leftovers
|upkeep
|turn|16
|
|t:|1757805031
|move|p1a: Skarmory|Iron Defense|p1a: Skarmory
|-boost|p1a: Skarmory|def|2
|move|p2a: Gastrodon|Muddy Water|p1a: Skarmory
|-damage|p1a: Skarmory|28/100
|
|-heal|p1a: Skarmory|34/100|[from] item: Leftovers
|upkeep
|turn|17
|
|t:|1757805036
|move|p1a: Skarmory|Roost|p1a: Skarmory
|-heal|p1a: Skarmory|84/100
|-singleturn|p1a: Skarmory|move: Roost
|move|p2a: Gastrodon|Muddy Water|p1a: Skarmory
|-damage|p1a: Skarmory|48/100
|-unboost|p1a: Skarmory|accuracy|1
|
|-heal|p1a: Skarmory|54/100|[from] item: Leftovers
|upkeep
|turn|18
|
|t:|1757805040
|move|p1a: Skarmory|Body Press|p2a: Gastrodon|[miss]
|-miss|p1a: Skarmory|p2a: Gastrodon
|move|p2a: Gastrodon|Muddy Water|p1a: Skarmory
|-damage|p1a: Skarmory|21/100
|
|-heal|p1a: Skarmory|27/100|[from] item: Leftovers
|upkeep
|turn|19
|
|t:|1757805045
|move|p1a: Skarmory|Roost|p1a: Skarmory
|-heal|p1a: Skarmory|77/100
|-singleturn|p1a: Skarmory|move: Roost
|move|p2a: Gastrodon|Muddy Water|p1a: Skarmory
|-damage|p1a: Skarmory|44/100
|-unboost|p1a: Skarmory|accuracy|1
|
|-heal|p1a: Skarmory|50/100|[from] item: Leftovers
|upkeep
|turn|20
|
|t:|1757805048
|move|p1a: Skarmory|Body Press|p2a: Gastrodon|[miss]
|-miss|p1a: Skarmory|p2a: Gastrodon
|move|p2a: Gastrodon|Muddy Water|p1a: Skarmory
|-damage|p1a: Skarmory|13/100
|
|-heal|p1a: Skarmory|19/100|[from] item: Leftovers
|upkeep
|turn|21
|c|☆JOAX1007|Gastrodon el prota
|c|☆JOAX1007|XDD
|
|t:|1757805061
|move|p1a: Skarmory|Roost|p1a: Skarmory
|-heal|p1a: Skarmory|69/100
|-singleturn|p1a: Skarmory|move: Roost
|move|p2a: Gastrodon|Muddy Water|p1a: Skarmory
|-damage|p1a: Skarmory|33/100
|
|-heal|p1a: Skarmory|40/100|[from] item: Leftovers
|upkeep
|turn|22
|
|t:|1757805072
|switch|p1a: Rillaboom|Rillaboom, F|100/100
|-damage|p1a: Rillaboom|88/100|[from] Stealth Rock
|-fieldstart|move: Grassy Terrain|[from] ability: Grassy Surge|[of] p1a: Rillaboom
|move|p2a: Gastrodon|Muddy Water|p1a: Rillaboom
|-resisted|p1a: Rillaboom
|-damage|p1a: Rillaboom|69/100
|
|-heal|p1a: Rillaboom|75/100|[from] Grassy Terrain
|upkeep
|turn|23
|
|t:|1757805076
|move|p1a: Rillaboom|Grassy Glide|p2a: Gastrodon
|-supereffective|p2a: Gastrodon
|-enditem|p2a: Gastrodon|Rindo Berry|[eat]
|-enditem|p2a: Gastrodon|Rindo Berry|[weaken]
|-damage|p2a: Gastrodon|23/100
|move|p2a: Gastrodon|Sludge Bomb|p1a: Rillaboom
|-supereffective|p1a: Rillaboom
|-damage|p1a: Rillaboom|22/100
|-status|p1a: Rillaboom|psn
|
|-heal|p1a: Rillaboom|29/100 psn|[from] Grassy Terrain
|-heal|p2a: Gastrodon|29/100|[from] Grassy Terrain
|-damage|p1a: Rillaboom|16/100 psn|[from] psn
|upkeep
|turn|24
|
|t:|1757805086
|switch|p2a: Garchomp|Garchomp, M|7/100
|-damage|p2a: Garchomp|1/100|[from] Stealth Rock
|move|p1a: Rillaboom|Grassy Glide|p2a: Garchomp
|-damage|p2a: Garchomp|0 fnt
|-damage|p1a: Rillaboom|4/100 psn|[from] ability: Rough Skin|[of] p2a: Garchomp
|-damage|p1a: Rillaboom|0 fnt|[from] item: Rocky Helmet|[of] p2a: Garchomp
|faint|p2a: Garchomp
|faint|p1a: Rillaboom
|
|upkeep
|
|t:|1757805100
|switch|p2a: Hawlucha|Hawlucha, M|48/100
|switch|p1a: Hawlucha|Hawlucha, M|100/100
|-damage|p1a: Hawlucha|88/100|[from] Stealth Rock
|-damage|p2a: Hawlucha|36/100|[from] Stealth Rock
|-enditem|p1a: Hawlucha|Grassy Seed
|-boost|p1a: Hawlucha|def|1|[from] item: Grassy Seed
|turn|25
|
|t:|1757805108
|move|p1a: Hawlucha|Acrobatics|p2a: Hawlucha
|-supereffective|p2a: Hawlucha
|-damage|p2a: Hawlucha|0 fnt
|faint|p2a: Hawlucha
|
|upkeep
|
|t:|1757805118
|switch|p2a: Glimmora|Glimmora, F|82/100
|-damage|p2a: Glimmora|70/100|[from] Stealth Rock
|turn|26
|
|t:|1757805137
|move|p1a: Hawlucha|Swords Dance|p1a: Hawlucha
|-boost|p1a: Hawlucha|atk|2
|move|p2a: Glimmora|Sludge Wave|p1a: Hawlucha
|-damage|p1a: Hawlucha|5/100
|
|-heal|p2a: Glimmora|76/100|[from] Grassy Terrain
|upkeep
|turn|27
|
|t:|1757805145
|move|p1a: Hawlucha|Close Combat|p2a: Glimmora
|-damage|p2a: Glimmora|0 fnt
|-unboost|p1a: Hawlucha|def|1
|-unboost|p1a: Hawlucha|spd|1
|-activate|p2a: Glimmora|ability: Toxic Debris
|-sidestart|p1: litter779|move: Toxic Spikes
|faint|p2a: Glimmora
|
|upkeep
|
|t:|1757805149
|switch|p2a: Lokix|Lokix, F|100/100
|-damage|p2a: Lokix|76/100|[from] Stealth Rock
|turn|28
|
|t:|1757805163
|switch|p1a: Glimmora|Glimmora, F|100/100
|-damage|p1a: Glimmora|88/100|[from] Stealth Rock
|-sideend|p1: litter779|move: Toxic Spikes|[of] p1a: Glimmora
|move|p2a: Lokix|First Impression|p1a: Glimmora
|-resisted|p1a: Glimmora
|-damage|p1a: Glimmora|10/100
|-activate|p1a: Glimmora|ability: Toxic Debris
|-sidestart|p2: JOAX1007|move: Toxic Spikes
|
|-heal|p1a: Glimmora|16/100|[from] Grassy Terrain
|-heal|p2a: Lokix|82/100|[from] Grassy Terrain
|upkeep
|turn|29
|
|t:|1757805176
|switch|p2a: Gastrodon|Gastrodon, F|29/100
|-damage|p2a: Gastrodon|23/100|[from] Stealth Rock
|-status|p2a: Gastrodon|psn
|move|p1a: Glimmora|Earth Power|p2a: Gastrodon
|-damage|p2a: Gastrodon|0 fnt
|faint|p2a: Gastrodon
|
|-heal|p1a: Glimmora|22/100|[from] Grassy Terrain
|-fieldend|move: Grassy Terrain
|upkeep
|
|t:|1757805186
|switch|p2a: Lokix|Lokix, F|82/100
|-damage|p2a: Lokix|57/100|[from] Stealth Rock
|-status|p2a: Lokix|psn
|turn|30
|
|t:|1757805193
|move|p2a: Lokix|First Impression|p1a: Glimmora
|-resisted|p1a: Glimmora
|-damage|p1a: Glimmora|0 fnt
|-activate|p1a: Glimmora|ability: Toxic Debris
|-sidestart|p2: JOAX1007|move: Toxic Spikes
|faint|p1a: Glimmora
|
|-damage|p2a: Lokix|45/100 psn|[from] psn
|upkeep
|
|t:|1757805206
|switch|p1a: Skarmory|Skarmory, M|40/100
|-damage|p1a: Skarmory|27/100|[from] Stealth Rock
|turn|31
|
|t:|1757805211
|switch|p2a: Gholdengo|Gholdengo|85/100
|-damage|p2a: Gholdengo|79/100|[from] Stealth Rock
|move|p1a: Skarmory|Whirlwind|p2a: Gholdengo
|-immune|p2a: Gholdengo|[from] ability: Good as Gold
|
|-heal|p1a: Skarmory|33/100|[from] item: Leftovers
|upkeep
|turn|32
|
|t:|1757805234
|switch|p1a: Hawlucha|Hawlucha, M|5/100
|-damage|p1a: Hawlucha|0 fnt|[from] Stealth Rock
|faint|p1a: Hawlucha
|move|p2a: Gholdengo|Make It Rain|p1: Hawlucha|[notarget]
|-fail|p2a: Gholdengo
|
|upkeep
|
|t:|1757805238
|switch|p1a: Lokix|Lokix, F|100/100
|-damage|p1a: Lokix|76/100|[from] Stealth Rock
|turn|33
|c| Taro777YT_|Ya fue litter
|c| Taro777YT_|Lo intentaste
|
|t:|1757805255
|switch|p2a: Lokix|Lokix, F|45/100 psn
|-damage|p2a: Lokix|20/100 psn|[from] Stealth Rock
|move|p1a: Lokix|Knock Off|p2a: Lokix
|-resisted|p2a: Lokix
|-damage|p2a: Lokix|0 fnt
|-enditem|p2a: Lokix|Choice Band|[from] move: Knock Off|[of] p1a: Lokix
|faint|p2a: Lokix
|
|upkeep
|
|t:|1757805261
|switch|p2a: Gholdengo|Gholdengo|79/100
|-damage|p2a: Gholdengo|72/100|[from] Stealth Rock
|turn|34
|c| Taro777YT_|Imposible
|c| Taro777YT_|Va a ganar litter
|c| Taro777YT_|No puedo creerlo
|
|t:|1757805268
|move|p1a: Lokix|Knock Off|p2a: Gholdengo
|-supereffective|p2a: Gholdengo
|-damage|p2a: Gholdengo|7/100
|move|p2a: Gholdengo|Make It Rain|p1a: Lokix
|-damage|p1a: Lokix|0 fnt
|-unboost|p2a: Gholdengo|spa|1
|faint|p1a: Lokix
|
|upkeep
|
|t:|1757805275
|switch|p1a: Skarmory|Skarmory, M|33/100
|-damage|p1a: Skarmory|21/100|[from] Stealth Rock
|turn|35
|c|☆JOAX1007|Dios mio
|
|t:|1757805283
|move|p2a: Gholdengo|Recover|p2a: Gholdengo
|-heal|p2a: Gholdengo|57/100
|move|p1a: Skarmory|Roost|p1a: Skarmory
|-heal|p1a: Skarmory|71/100
|-singleturn|p1a: Skarmory|move: Roost
|
|-heal|p1a: Skarmory|77/100|[from] item: Leftovers
|upkeep
|turn|36
|c| Taro777YT_|Ya perdió litter
|c| Taro777YT_|Nombe joax
|c| Taro777YT_|Si lo magabas
|
|t:|1757805293
|move|p2a: Gholdengo|Recover|p2a: Gholdengo
|-heal|p2a: Gholdengo|100/100
|move|p1a: Skarmory|Roost|p1a: Skarmory
|-heal|p1a: Skarmory|100/100
|-singleturn|p1a: Skarmory|move: Roost
|
|upkeep
|turn|37
|c| Taro777YT_|Matanas
|c|☆JOAX1007|Diste lo mejor de ti y por eso te admiro Merecías ganar muchacho
|c|☆JOAX1007|😢
|c| Taro777YT_|Gg litter
|c| Taro777YT_|Lo intentaste
|
|t:|1757805308
|move|p2a: Gholdengo|Nasty Plot|p2a: Gholdengo
|-boost|p2a: Gholdengo|spa|2
|move|p1a: Skarmory|Roost||[still]
|-fail|p1a: Skarmory|heal
|
|upkeep
|turn|38
|
|t:|1757805312
|move|p2a: Gholdengo|Nasty Plot|p2a: Gholdengo
|-boost|p2a: Gholdengo|spa|2
|move|p1a: Skarmory|Iron Defense|p1a: Skarmory
|-boost|p1a: Skarmory|def|2
|
|upkeep
|turn|39
|
|t:|1757805315
|move|p2a: Gholdengo|Nasty Plot|p2a: Gholdengo
|-boost|p2a: Gholdengo|spa|2
|move|p1a: Skarmory|Iron Defense|p1a: Skarmory
|-boost|p1a: Skarmory|def|2
|
|upkeep
|turn|40
|
|t:|1757805317
|move|p2a: Gholdengo|Nasty Plot|p2a: Gholdengo
|-boost|p2a: Gholdengo|spa|1
|move|p1a: Skarmory|Iron Defense|p1a: Skarmory
|-boost|p1a: Skarmory|def|2
|
|upkeep
|turn|41
|c| Taro777YT_|El body press es muy troll
|c|☆JOAX1007|Jamás te olvidaré litter
|
|t:|1757805328
|move|p2a: Gholdengo|Shadow Ball|p1a: Skarmory
|-ability|p1a: Skarmory|Sturdy
|-damage|p1a: Skarmory|1/100
|move|p1a: Skarmory|Iron Defense|p1a: Skarmory
|-boost|p1a: Skarmory|def|0
|
|-heal|p1a: Skarmory|7/100|[from] item: Leftovers
|upkeep
|turn|42
|
|t:|1757805335
|move|p2a: Gholdengo|Shadow Ball|p1a: Skarmory
|-damage|p1a: Skarmory|0 fnt
|faint|p1a: Skarmory
|
|win|JOAX1007
|c|☆JOAX1007|Gg
|c|☆litter779|Gg
|c|☆JOAX1007|Xd
|c|☆JOAX1007|Esta partida me sacó años de vida
|c|☆JOAX1007|JAJAJA
|c|☆litter779|XQ
|c|☆litter779|Se hizo lo que se pudo
|c|☆litter779|Un crítico no se colo
