|j|☆KingPikaPika
|j|☆Free P&lestine
|t:|1757938411
|gametype|singles
|player|p1|KingPikaPika|pokekid|1657
|player|p2|Free P&lestine|unknown|1670
|gen|9
|tier|[Gen 9] OU
|rated|
|rule|HP Percentage Mod: HP is shown in percentages
|rule|Endless Battle Clause: Forcing endless battles is banned
|rule|Species Clause: Limit one of each Pokémon
|rule|OHKO Clause: OHKO moves are banned
|rule|Evasion Items Clause: Evasion items are banned
|rule|Evasion Moves Clause: Evasion moves are banned
|rule|Evasion Abilities Clause: Evasion abilities are banned
|rule|Sleep Moves Clause: Sleep-inducing moves are banned
|clearpoke
|poke|p1|Rillaboom, M|
|poke|p1|Hydreigon, M|
|poke|p1|Jirachi|
|poke|p1|Alomomola, F|
|poke|p1|Cinderace, F|
|poke|p1|Great Tusk|
|poke|p2|Iron Valiant|
|poke|p2|Great Tusk|
|poke|p2|Dragonite, M|
|poke|p2|Deoxys-Speed|
|poke|p2|Glimmora, M|
|poke|p2|Kingambit, F|
|teampreview
|
|t:|1757938418
|teamsize|p1|6
|teamsize|p2|6
|start
|switch|p1a: Jirachi|Jirachi|100/100
|switch|p2a: Deoxys|Deoxys-Speed|100/100
|-ability|p2a: Deoxys|Pressure
|turn|1
|inactive|Battle timer is ON: inactive players will automatically lose when time's up. (requested by Free P&lestine)
|
|t:|1757938420
|move|p2a: Deoxys|Taunt|p1a: Jirachi
|-start|p1a: Jirachi|move: Taunt
|cant|p1a: Jirachi|move: Taunt|Thunder Wave
|
|upkeep
|turn|2
|
|t:|1757938423
|move|p2a: Deoxys|Reflect|p2a: Deoxys
|-sidestart|p2: Free P&lestine|Reflect
|move|p1a: Jirachi|Doom Desire|p2a: Deoxys
|-start|p1a: Jirachi|Doom Desire
|
|upkeep
|turn|3
|j| Jey2
|
|t:|1757938430
|switch|p1a: Alomomola|Alomomola, F|100/100
|move|p2a: Deoxys|Light Screen|p2a: Deoxys
|-sidestart|p2: Free P&lestine|move: Light Screen
|
|upkeep
|turn|4
|
|t:|1757938438
|move|p2a: Deoxys|Taunt|p1a: Alomomola
|-start|p1a: Alomomola|move: Taunt
|move|p1a: Alomomola|Body Slam|p2a: Deoxys
|-damage|p2a: Deoxys|92/100
|
|-end|p2a: Deoxys|move: Doom Desire
|-damage|p2a: Deoxys|57/100
|upkeep
|turn|5
|
|t:|1757938448
|switch|p2a: Great Tusk|Great Tusk|100/100
|-enditem|p2a: Great Tusk|Booster Energy
|-activate|p2a: Great Tusk|ability: Protosynthesis|[fromitem]
|-start|p2a: Great Tusk|protosynthesisspe
|move|p1a: Alomomola|Body Slam|p2a: Great Tusk
|-damage|p2a: Great Tusk|96/100
|
|upkeep
|turn|6
|
|t:|1757938453
|move|p2a: Great Tusk|Bulk Up|p2a: Great Tusk
|-boost|p2a: Great Tusk|atk|1
|-boost|p2a: Great Tusk|def|1
|move|p1a: Alomomola|Scald|p2a: Great Tusk
|-supereffective|p2a: Great Tusk
|-damage|p2a: Great Tusk|79/100
|
|-end|p1a: Alomomola|move: Taunt
|upkeep
|turn|7
|
|t:|1757938457
|move|p2a: Great Tusk|Bulk Up|p2a: Great Tusk
|-boost|p2a: Great Tusk|atk|1
|-boost|p2a: Great Tusk|def|1
|move|p1a: Alomomola|Scald|p2a: Great Tusk
|-supereffective|p2a: Great Tusk
|-damage|p2a: Great Tusk|61/100
|
|upkeep
|turn|8
|
|t:|1757938459
|move|p2a: Great Tusk|Headlong Rush|p1a: Alomomola
|-damage|p1a: Alomomola|34/100
|-unboost|p2a: Great Tusk|def|1
|-unboost|p2a: Great Tusk|spd|1
|move|p1a: Alomomola|Scald|p2a: Great Tusk
|-supereffective|p2a: Great Tusk
|-damage|p2a: Great Tusk|33/100
|-status|p2a: Great Tusk|brn
|
|-damage|p2a: Great Tusk|27/100 brn|[from] brn
|upkeep
|turn|9
|inactive|KingPikaPika has 120 seconds left.
|
|t:|1757938496
|move|p2a: Great Tusk|Bulk Up|p2a: Great Tusk
|-boost|p2a: Great Tusk|atk|1
|-boost|p2a: Great Tusk|def|1
|move|p1a: Alomomola|Flip Turn|p2a: Great Tusk
|-supereffective|p2a: Great Tusk
|-damage|p2a: Great Tusk|21/100 brn
|
|t:|1757938509
|switch|p1a: Rillaboom|Rillaboom, M, shiny|100/100|[from] Flip Turn
|-fieldstart|move: Grassy Terrain|[from] ability: Grassy Surge|[of] p1a: Rillaboom
|
|-heal|p2a: Great Tusk|28/100 brn|[from] Grassy Terrain
|-damage|p2a: Great Tusk|21/100 brn|[from] brn
|-sideend|p2: Free P&lestine|Reflect
|upkeep
|turn|10
|
|t:|1757938513
|move|p1a: Rillaboom|Grassy Glide|p2a: Great Tusk
|-supereffective|p2a: Great Tusk
|-damage|p2a: Great Tusk|0 fnt
|faint|p2a: Great Tusk
|-end|p2a: Great Tusk|Protosynthesis|[silent]
|
|-sideend|p2: Free P&lestine|move: Light Screen
|upkeep
|
|t:|1757938516
|switch|p2a: Dragonite|Dragonite, M, shiny|100/100
|turn|11
|inactive|KingPikaPika has 120 seconds left.
|
|t:|1757938537
|switch|p1a: Jirachi|Jirachi|100/100
|move|p2a: Dragonite|Dragon Dance|p2a: Dragonite
|-boost|p2a: Dragonite|atk|1
|-boost|p2a: Dragonite|spe|1
|
|upkeep
|turn|12
|j| Raining Drawing
|
|t:|1757938554
|move|p2a: Dragonite|Substitute|p2a: Dragonite
|-start|p2a: Dragonite|Substitute
|-damage|p2a: Dragonite|75/100
|move|p1a: Jirachi|Encore|p2a: Dragonite
|-start|p2a: Dragonite|Encore
|
|-heal|p2a: Dragonite|82/100|[from] item: Leftovers
|upkeep
|turn|13
|
|t:|1757938558
|move|p2a: Dragonite|Substitute|p2a: Dragonite
|-fail|p2a: Dragonite|move: Substitute
|move|p1a: Jirachi|Psychic Noise|p2a: Dragonite
|-damage|p2a: Dragonite|46/100
|-start|p2a: Dragonite|move: Heal Block
|
|-fieldend|move: Grassy Terrain
|upkeep
|turn|14
|j| prod cc
|
|t:|1757938566
|move|p2a: Dragonite|Substitute|p2a: Dragonite
|-fail|p2a: Dragonite|move: Substitute
|move|p1a: Jirachi|Psychic Noise|p2a: Dragonite
|-damage|p2a: Dragonite|10/100
|
|-end|p2a: Dragonite|move: Heal Block
|upkeep
|turn|15
|
|t:|1757938570
|switch|p2a: Kingambit|Kingambit, F|100/100
|-activate|p2a: Kingambit|ability: Supreme Overlord
|-start|p2a: Kingambit|fallen1|[silent]
|move|p1a: Jirachi|Psychic Noise|p2a: Kingambit
|-immune|p2a: Kingambit
|
|upkeep
|turn|16
|l| Jey2
|
|t:|1757938590
|-end|p2a: Kingambit|fallen1|[silent]
|switch|p2a: Glimmora|Glimmora, M|100/100
|move|p1a: Jirachi|Thunder Wave|p2a: Glimmora
|-status|p2a: Glimmora|par
|
|upkeep
|turn|17
|
|t:|1757938595
|move|p1a: Jirachi|Psychic Noise|p2a: Glimmora
|-supereffective|p2a: Glimmora
|-damage|p2a: Glimmora|22/100 par
|-start|p2a: Glimmora|move: Heal Block
|move|p2a: Glimmora|Stealth Rock|p1a: Jirachi
|-sidestart|p1: KingPikaPika|move: Stealth Rock
|
|upkeep
|turn|18
|
|t:|1757938605
|move|p1a: Jirachi|Doom Desire|p2a: Glimmora
|-start|p1a: Jirachi|Doom Desire
|move|p2a: Glimmora|Earth Power|p1a: Jirachi
|-supereffective|p1a: Jirachi
|-damage|p1a: Jirachi|41/100
|
|-end|p2a: Glimmora|move: Heal Block
|upkeep
|turn|19
|
|t:|1757938609
|switch|p2a: Kingambit|Kingambit, F|100/100
|-activate|p2a: Kingambit|ability: Supreme Overlord
|-start|p2a: Kingambit|fallen1|[silent]
|move|p1a: Jirachi|Psychic Noise|p2a: Kingambit
|-immune|p2a: Kingambit
|
|upkeep
|turn|20
|
|t:|1757938618
|switch|p1a: Cinderace|Cinderace, F|100/100
|-end|p2a: Kingambit|fallen1|[silent]
|switch|p2a: Glimmora|Glimmora, M|22/100 par
|
|-end|p2a: Glimmora|move: Doom Desire
|-supereffective|p2a: Glimmora
|-damage|p2a: Glimmora|0 fnt
|faint|p2a: Glimmora
|upkeep
|
|t:|1757938624
|switch|p2a: Deoxys|Deoxys-Speed|57/100
|-ability|p2a: Deoxys|Pressure
|turn|21
|
|t:|1757938627
|move|p2a: Deoxys|Taunt|p1a: Cinderace
|-start|p1a: Cinderace|move: Taunt
|move|p1a: Cinderace|U-turn|p2a: Deoxys
|-supereffective|p2a: Deoxys
|-damage|p2a: Deoxys|8/100
|
|t:|1757938646
|switch|p1a: Jirachi|Jirachi|41/100|[from] U-turn
|-damage|p1a: Jirachi|35/100|[from] Stealth Rock
|
|upkeep
|turn|22
|
|t:|1757938653
|move|p2a: Deoxys|Taunt|p1a: Jirachi
|-start|p1a: Jirachi|move: Taunt
|cant|p1a: Jirachi|move: Taunt|Thunder Wave
|
|upkeep
|turn|23
|
|t:|1757938656
|move|p2a: Deoxys|Reflect|p2a: Deoxys
|-sidestart|p2: Free P&lestine|Reflect
|move|p1a: Jirachi|Doom Desire|p2a: Deoxys
|-start|p1a: Jirachi|Doom Desire
|
|upkeep
|turn|24
|
|t:|1757938660
|switch|p1a: Cinderace|Cinderace, F|100/100
|move|p2a: Deoxys|Light Screen|p2a: Deoxys
|-sidestart|p2: Free P&lestine|move: Light Screen
|
|upkeep
|turn|25
|
|t:|1757938664
|switch|p1a: Alomomola|Alomomola, F|67/100
|-damage|p1a: Alomomola|55/100|[from] Stealth Rock
|move|p2a: Deoxys|Psycho Boost|p1a: Alomomola
|-damage|p1a: Alomomola|30/100
|-unboost|p2a: Deoxys|spa|2
|
|-end|p2a: Deoxys|move: Doom Desire
|-damage|p2a: Deoxys|0 fnt
|faint|p2a: Deoxys
|upkeep
|
|t:|1757938669
|switch|p2a: Dragonite|Dragonite, M, shiny|10/100
|turn|26
|
|t:|1757938674
|move|p2a: Dragonite|Dragon Dance|p2a: Dragonite
|-boost|p2a: Dragonite|atk|1
|-boost|p2a: Dragonite|spe|1
|move|p1a: Alomomola|Flip Turn|p2a: Dragonite
|-resisted|p2a: Dragonite
|-damage|p2a: Dragonite|5/100
|
|t:|1757938675
|switch|p1a: Great Tusk|Great Tusk|100/100|[from] Flip Turn
|-damage|p1a: Great Tusk|98/100|[from] Stealth Rock
|
|-heal|p2a: Dragonite|12/100|[from] item: Leftovers
|-heal|p1a: Great Tusk|100/100|[from] item: Leftovers
|upkeep
|turn|27
|j| Lady Silver ...
|
|t:|1757938684
|-terastallize|p2a: Dragonite|Flying
|-terastallize|p1a: Great Tusk|Ghost
|move|p2a: Dragonite|Tera Blast|p1a: Great Tusk|[anim] Tera Blast Flying
|-damage|p1a: Great Tusk|46/100
|move|p1a: Great Tusk|Rapid Spin|p2a: Dragonite
|-damage|p2a: Dragonite|3/100
|-boost|p1a: Great Tusk|spe|1
|-sideend|p1: KingPikaPika|Stealth Rock|[from] move: Rapid Spin|[of] p1a: Great Tusk
|
|-heal|p1a: Great Tusk|52/100|[from] item: Leftovers
|-heal|p2a: Dragonite|9/100|[from] item: Leftovers
|upkeep
|turn|28
|
|t:|1757938692
|move|p1a: Great Tusk|Ice Spinner|p2a: Dragonite
|-supereffective|p2a: Dragonite
|-damage|p2a: Dragonite|0 fnt
|faint|p2a: Dragonite
|
|-heal|p1a: Great Tusk|59/100|[from] item: Leftovers
|upkeep
|
|t:|1757938694
|switch|p2a: Iron Valiant|Iron Valiant|100/100
|-enditem|p2a: Iron Valiant|Booster Energy
|-activate|p2a: Iron Valiant|ability: Quark Drive|[fromitem]
|-start|p2a: Iron Valiant|quarkdrivespe
|turn|29
|
|t:|1757938697
|move|p2a: Iron Valiant|Calm Mind|p2a: Iron Valiant
|-boost|p2a: Iron Valiant|spa|1
|-boost|p2a: Iron Valiant|spd|1
|move|p1a: Great Tusk|Headlong Rush|p2a: Iron Valiant
|-damage|p2a: Iron Valiant|70/100
|-unboost|p1a: Great Tusk|def|1
|-unboost|p1a: Great Tusk|spd|1
|
|-heal|p1a: Great Tusk|65/100|[from] item: Leftovers
|upkeep
|turn|30
|
|t:|1757938701
|move|p2a: Iron Valiant|Moonblast|p1a: Great Tusk
|-damage|p1a: Great Tusk|0 fnt
|faint|p1a: Great Tusk
|-end|p1a: Great Tusk|Protosynthesis|[silent]
|
|-sideend|p2: Free P&lestine|Reflect
|upkeep
|
|t:|1757938714
|switch|p1a: Rillaboom|Rillaboom, M, shiny|100/100
|-fieldstart|move: Grassy Terrain|[from] ability: Grassy Surge|[of] p1a: Rillaboom
|turn|31
|
|t:|1757938718
|move|p1a: Rillaboom|Grassy Glide|p2a: Iron Valiant
|-damage|p2a: Iron Valiant|0 fnt
|faint|p2a: Iron Valiant
|-end|p2a: Iron Valiant|Quark Drive|[silent]
|
|-sideend|p2: Free P&lestine|move: Light Screen
|upkeep
|
|t:|1757938722
|switch|p2a: Kingambit|Kingambit, F|100/100
|-activate|p2a: Kingambit|ability: Supreme Overlord
|-start|p2a: Kingambit|fallen5|[silent]
|turn|32
|
|t:|1757938729
|switch|p1a: Jirachi|Jirachi|35/100
|move|p2a: Kingambit|Iron Head|p1a: Jirachi
|-resisted|p1a: Jirachi
|-damage|p1a: Jirachi|0 fnt
|faint|p1a: Jirachi
|
|upkeep
|
|t:|1757938736
|switch|p1a: Hydreigon|Hydreigon, M|100/100
|turn|33
|
|t:|1757938739
|move|p1a: Hydreigon|Heat Wave|p2a: Kingambit
|-supereffective|p2a: Kingambit
|-damage|p2a: Kingambit|2/100
|move|p2a: Kingambit|Swords Dance|p2a: Kingambit
|-boost|p2a: Kingambit|atk|2
|
|-heal|p2a: Kingambit|8/100|[from] Grassy Terrain
|upkeep
|turn|34
|
|t:|1757938744
|move|p2a: Kingambit|Sucker Punch|p1a: Hydreigon
|-resisted|p1a: Hydreigon
|-damage|p1a: Hydreigon|33/100
|move|p1a: Hydreigon|Heat Wave|p2a: Kingambit
|-supereffective|p2a: Kingambit
|-damage|p2a: Kingambit|0 fnt
|faint|p2a: Kingambit
|-end|p2a: Kingambit|fallen5|[silent]
|
|win|KingPikaPika
|raw|KingPikaPika's rating: 1673 &rarr; <strong>1693</strong><br />(+20 for winning)
|raw|Free P&amp;lestine's rating: 1670 &rarr; <strong>1650</strong><br />(-20 for losing)
|l|☆KingPikaPika
|player|p1|
|l|☆Free P&lestine
|player|p2|
|l| prod cc
|l| Raining Drawing
|l| Lady Silver ...
