|j|☆bishop1
|j|☆LonelySxNner
|t:|1757931908
|gametype|singles
|player|p1|bishop1|101|1529
|player|p2|LonelySxNner|101|1469
|gen|9
|tier|[Gen 9] OU
|rated|
|rule|HP Percentage Mod: HP is shown in percentages
|rule|Endless Battle Clause: Forcing endless battles is banned
|rule|Species Clause: Limit one of each Pokémon
|rule|OHKO Clause: OHKO moves are banned
|rule|Evasion Items Clause: Evasion items are banned
|rule|Evasion Moves Clause: Evasion moves are banned
|rule|Evasion Abilities Clause: Evasion abilities are banned
|rule|Sleep Moves Clause: Sleep-inducing moves are banned
|clearpoke
|poke|p1|Zamazenta-*|
|poke|p1|Ninetales-Alola, F|
|poke|p1|Darkrai|
|poke|p1|Ceruledge, F|
|poke|p1|Gliscor, M|
|poke|p1|Hatterene, F|
|poke|p2|Meloetta|
|poke|p2|Ogerpon, F|
|poke|p2|Ceruledge, F|
|poke|p2|Grimmsnarl, M|
|poke|p2|Greninja-*, M|
|poke|p2|Hoopa-Unbound|
|teampreview
|inactive|Battle timer is ON: inactive players will automatically lose when time's up. (requested by LonelySxNner)
|
|t:|1757931921
|teamsize|p1|6
|teamsize|p2|6
|start
|switch|p1a: Ninetales|Ninetales-Alola, F|100/100
|switch|p2a: Greninja|Greninja, M|100/100
|-weather|Snowscape|[from] ability: Snow Warning|[of] p1a: Ninetales
|turn|1
|
|t:|1757931926
|move|p1a: Ninetales|Aurora Veil|p1a: Ninetales
|-sidestart|p1: bishop1|move: Aurora Veil
|move|p2a: Greninja|Switcheroo|p1a: Ninetales
|-activate|p2a: Greninja|move: Trick|[of] p1a: Ninetales
|-item|p1a: Ninetales|Choice Specs|[from] move: Switcheroo
|-item|p2a: Greninja|Light Clay|[from] move: Switcheroo
|
|-weather|Snowscape|[upkeep]
|upkeep
|turn|2
|
|t:|1757931944
|switch|p2a: Grimmsnarl|Grimmsnarl, M|100/100
|move|p1a: Ninetales|Encore||[still]
|-fail|p1a: Ninetales
|
|-weather|Snowscape|[upkeep]
|upkeep
|turn|3
|
|t:|1757931949
|move|p2a: Grimmsnarl|Taunt|p1a: Ninetales
|-start|p1a: Ninetales|move: Taunt
|cant|p1a: Ninetales|move: Taunt|Encore
|
|-weather|Snowscape|[upkeep]
|upkeep
|turn|4
|
|t:|1757931957
|switch|p1a: Hatterene|Hatterene, F|100/100
|move|p2a: Grimmsnarl|Light Screen|p2a: Grimmsnarl
|-sidestart|p2: LonelySxNner|move: Light Screen
|
|-weather|Snowscape|[upkeep]
|upkeep
|turn|5
|
|t:|1757931967
|move|p2a: Grimmsnarl|Reflect|p2a: Grimmsnarl
|-sidestart|p2: LonelySxNner|Reflect
|move|p1a: Hatterene|Calm Mind|p1a: Hatterene
|-boost|p1a: Hatterene|spa|1
|-boost|p1a: Hatterene|spd|1
|
|-weather|none
|upkeep
|turn|6
|
|t:|1757931970
|switch|p2a: Ogerpon|Ogerpon, F|100/100
|move|p1a: Hatterene|Calm Mind|p1a: Hatterene
|-boost|p1a: Hatterene|spa|1
|-boost|p1a: Hatterene|spd|1
|
|upkeep
|turn|7
|
|t:|1757931972
|move|p2a: Ogerpon|Swords Dance|p2a: Ogerpon
|-boost|p2a: Ogerpon|atk|2
|move|p1a: Hatterene|Calm Mind|p1a: Hatterene
|-boost|p1a: Hatterene|spa|1
|-boost|p1a: Hatterene|spd|1
|
|upkeep
|turn|8
|
|t:|1757931976
|move|p2a: Ogerpon|Ivy Cudgel|p1a: Hatterene
|-damage|p1a: Hatterene|62/100
|move|p1a: Hatterene|Calm Mind|p1a: Hatterene
|-boost|p1a: Hatterene|spa|1
|-boost|p1a: Hatterene|spd|1
|
|-heal|p1a: Hatterene|68/100|[from] item: Leftovers
|-sideend|p1: bishop1|move: Aurora Veil
|upkeep
|turn|9
|
|t:|1757931979
|move|p2a: Ogerpon|Ivy Cudgel|p1a: Hatterene
|-damage|p1a: Hatterene|0 fnt
|faint|p1a: Hatterene
|
|upkeep
|
|t:|1757931995
|switch|p1a: Zamazenta|Zamazenta|100/100
|-ability|p1a: Zamazenta|Dauntless Shield|boost
|-boost|p1a: Zamazenta|def|1
|turn|10
|
|t:|1757932000
|move|p1a: Zamazenta|Iron Defense|p1a: Zamazenta
|-boost|p1a: Zamazenta|def|2
|move|p2a: Ogerpon|Ivy Cudgel|p1a: Zamazenta
|-damage|p1a: Zamazenta|70/100
|
|upkeep
|turn|11
|
|t:|1757932002
|move|p1a: Zamazenta|Iron Defense|p1a: Zamazenta
|-boost|p1a: Zamazenta|def|2
|move|p2a: Ogerpon|Ivy Cudgel|p1a: Zamazenta
|-damage|p1a: Zamazenta|44/100
|
|-sideend|p2: LonelySxNner|move: Light Screen
|upkeep
|turn|12
|
|t:|1757932007
|-terastallize|p2a: Ogerpon|Grass
|detailschange|p2a: Ogerpon|Ogerpon-Teal-Tera, F, tera:Grass
|-ability|p2a: Ogerpon|Embody Aspect (Teal)|boost
|-boost|p2a: Ogerpon|spe|1
|move|p2a: Ogerpon|Ivy Cudgel|p1a: Zamazenta
|-damage|p1a: Zamazenta|16/100
|move|p1a: Zamazenta|Body Press|p2a: Ogerpon
|-damage|p2a: Ogerpon|26/100
|
|-sideend|p2: LonelySxNner|Reflect
|upkeep
|turn|13
|
|t:|1757932013
|move|p2a: Ogerpon|Ivy Cudgel|p1a: Zamazenta
|-damage|p1a: Zamazenta|0 fnt
|faint|p1a: Zamazenta
|
|upkeep
|
|t:|1757932024
|switch|p1a: Ceruledge|Ceruledge, F|100/100
|turn|14
|
|t:|1757932027
|move|p2a: Ogerpon|Spiky Shield|p2a: Ogerpon
|-singleturn|p2a: Ogerpon|move: Protect
|move|p1a: Ceruledge|Shadow Sneak|p2a: Ogerpon
|-activate|p2a: Ogerpon|move: Protect
|-damage|p1a: Ceruledge|88/100|[from] Spiky Shield|[of] p2a: Ogerpon
|
|upkeep
|turn|15
|
|t:|1757932033
|switch|p2a: Greninja|Greninja, M|100/100
|move|p1a: Ceruledge|Shadow Sneak|p2a: Greninja
|-resisted|p2a: Greninja
|-damage|p2a: Greninja|86/100
|
|upkeep
|turn|16
|
|t:|1757932042
|switch|p1a: Ninetales|Ninetales-Alola, F|100/100
|-weather|Snowscape|[from] ability: Snow Warning|[of] p1a: Ninetales
|move|p2a: Greninja|Surf|p1a: Ninetales
|-damage|p1a: Ninetales|57/100
|
|-weather|Snowscape|[upkeep]
|upkeep
|turn|17
|
|t:|1757932051
|switch|p2a: Grimmsnarl|Grimmsnarl, M|100/100
|move|p1a: Ninetales|Aurora Veil|p1a: Ninetales
|-sidestart|p1: bishop1|move: Aurora Veil
|
|-weather|Snowscape|[upkeep]
|upkeep
|turn|18
|
|t:|1757932060
|switch|p1a: Gliscor|Gliscor, M|100/100
|move|p2a: Grimmsnarl|Light Screen|p2a: Grimmsnarl
|-sidestart|p2: LonelySxNner|move: Light Screen
|
|-weather|Snowscape|[upkeep]
|-status|p1a: Gliscor|tox|[from] item: Toxic Orb
|upkeep
|turn|19
|
|t:|1757932063
|move|p2a: Grimmsnarl|Reflect|p2a: Grimmsnarl
|-sidestart|p2: LonelySxNner|Reflect
|move|p1a: Gliscor|Agility|p1a: Gliscor
|-boost|p1a: Gliscor|spe|2
|
|-weather|Snowscape|[upkeep]
|upkeep
|turn|20
|
|t:|1757932066
|move|p2a: Grimmsnarl|Parting Shot|p1a: Gliscor
|-unboost|p1a: Gliscor|atk|1
|-unboost|p1a: Gliscor|spa|1
|
|t:|1757932070
|switch|p2a: Hoopa|Hoopa-Unbound|100/100|[from] Parting Shot
|move|p1a: Gliscor|Swords Dance|p1a: Gliscor
|-boost|p1a: Gliscor|atk|2
|
|-weather|none
|upkeep
|turn|21
|
|t:|1757932072
|move|p1a: Gliscor|Swords Dance|p1a: Gliscor
|-boost|p1a: Gliscor|atk|2
|move|p2a: Hoopa|Psychic|p1a: Gliscor
|-damage|p1a: Gliscor|57/100 tox
|
|-heal|p1a: Gliscor|70/100 tox|[from] ability: Poison Heal
|-sideend|p1: bishop1|move: Aurora Veil
|upkeep
|turn|22
|
|t:|1757932088
|-terastallize|p1a: Gliscor|Normal
|move|p1a: Gliscor|Facade|p2a: Hoopa
|-damage|p2a: Hoopa|0 fnt
|faint|p2a: Hoopa
|
|-heal|p1a: Gliscor|82/100 tox|[from] ability: Poison Heal
|upkeep
|
|t:|1757932092
|switch|p2a: Ceruledge|Ceruledge, F|100/100
|turn|23
|
|t:|1757932096
|move|p1a: Gliscor|Earthquake|p2a: Ceruledge
|-supereffective|p2a: Ceruledge
|-damage|p2a: Ceruledge|0 fnt
|faint|p2a: Ceruledge
|
|-heal|p1a: Gliscor|95/100 tox|[from] ability: Poison Heal
|upkeep
|
|t:|1757932108
|switch|p2a: Grimmsnarl|Grimmsnarl, M|100/100
|turn|24
|
|t:|1757932113
|move|p2a: Grimmsnarl|Parting Shot|p1a: Gliscor
|-unboost|p1a: Gliscor|atk|1
|-unboost|p1a: Gliscor|spa|1
|
|t:|1757932114
|switch|p2a: Ogerpon|Ogerpon-Teal-Tera, F, tera:Grass|26/100|[from] Parting Shot
|-ability|p2a: Ogerpon|Embody Aspect (Teal)|boost
|-boost|p2a: Ogerpon|spe|1
|move|p1a: Gliscor|Swords Dance|p1a: Gliscor
|-boost|p1a: Gliscor|atk|2
|
|-heal|p1a: Gliscor|100/100 tox|[from] ability: Poison Heal
|upkeep
|turn|25
|
|t:|1757932118
|move|p1a: Gliscor|Facade|p2a: Ogerpon
|-damage|p2a: Ogerpon|0 fnt
|faint|p2a: Ogerpon
|detailschange|p2: Ogerpon|Ogerpon, F|[silent]
|
|-sideend|p2: LonelySxNner|move: Light Screen
|upkeep
|
|t:|1757932123
|switch|p2a: Greninja|Greninja, M|86/100
|turn|26
|
|t:|1757932125
|move|p1a: Gliscor|Facade|p2a: Greninja
|-damage|p2a: Greninja|0 fnt
|faint|p2a: Greninja
|
|-sideend|p2: LonelySxNner|Reflect
|upkeep
|
|t:|1757932127
|switch|p2a: Best girl|Meloetta, shiny|100/100
|turn|27
|
|t:|1757932129
|move|p1a: Gliscor|Facade|p2a: Best girl
|-damage|p2a: Best girl|0 fnt
|faint|p2a: Best girl
|
|upkeep
|
|t:|1757932132
|switch|p2a: Grimmsnarl|Grimmsnarl, M|100/100
|turn|28
|
|t:|1757932133
|move|p2a: Grimmsnarl|Reflect|p2a: Grimmsnarl
|-sidestart|p2: LonelySxNner|Reflect
|move|p1a: Gliscor|Facade|p2a: Grimmsnarl
|-damage|p2a: Grimmsnarl|27/100
|
|upkeep
|turn|29
|
|t:|1757932136
|move|p2a: Grimmsnarl|Reflect||[still]
|-fail|p2a: Grimmsnarl
|move|p1a: Gliscor|Facade|p2a: Grimmsnarl
|-damage|p2a: Grimmsnarl|0 fnt
|faint|p2a: Grimmsnarl
|
|win|bishop1
|raw|bishop1's rating: 1529 &rarr; <strong>1546</strong><br />(+17 for winning)
|raw|LonelySxNner's rating: 1469 &rarr; <strong>1452</strong><br />(-17 for losing)
|l|☆LonelySxNner
|player|p2|
|l|☆bishop1
|player|p1|
