|j|☆Bob2576
|j|☆98k40a
|t:|1757818478
|gametype|singles
|player|p1|Bob2576|265|1254
|player|p2|98k40a|lucas|1242
|gen|9
|tier|[Gen 9] OU
|rated|
|rule|HP Percentage Mod: HP is shown in percentages
|rule|Endless Battle Clause: Forcing endless battles is banned
|rule|Species Clause: Limit one of each Pokémon
|rule|OHKO Clause: OHKO moves are banned
|rule|Evasion Items Clause: Evasion items are banned
|rule|Evasion Moves Clause: Evasion moves are banned
|rule|Evasion Abilities Clause: Evasion abilities are banned
|rule|Sleep Moves Clause: Sleep-inducing moves are banned
|clearpoke
|poke|p1|Fezandipiti, M|
|poke|p1|Landorus-Therian, M|
|poke|p1|Dragonite, M|
|poke|p1|Moltres|
|poke|p1|Gholdengo|
|poke|p1|Latias, F|
|poke|p2|Araquanid, F|
|poke|p2|Gholdengo|
|poke|p2|Iron Moth|
|poke|p2|Iron Valiant|
|poke|p2|Raging Bolt|
|poke|p2|Kingambit, F|
|teampreview
|inactive|Battle timer is ON: inactive players will automatically lose when time's up. (requested by 98k40a)
|
|t:|1757818506
|teamsize|p1|6
|teamsize|p2|6
|start
|switch|p1a: Fezandipiti|Fezandipiti, M|100/100
|switch|p2a: QUIL|Araquanid, F|100/100
|turn|1
|
|t:|1757818516
|move|p1a: Fezandipiti|Beat Up|p2a: QUIL
|-damage|p2a: QUIL|97/100
|-damage|p2a: QUIL|93/100
|-status|p2a: QUIL|tox|[from] ability: Toxic Chain|[of] p1a: Fezandipiti
|-damage|p2a: QUIL|88/100 tox
|-damage|p2a: QUIL|84/100 tox
|-damage|p2a: QUIL|81/100 tox
|-damage|p2a: QUIL|78/100 tox
|-hitcount|p2a: QUIL|6
|move|p2a: QUIL|Sticky Web|p1a: Fezandipiti
|-sidestart|p1: Bob2576|move: Sticky Web
|
|-damage|p2a: QUIL|72/100 tox|[from] psn
|upkeep
|turn|2
|
|t:|1757818539
|switch|p2a: CALA|Iron Moth|100/100
|-enditem|p2a: CALA|Booster Energy
|-activate|p2a: CALA|ability: Quark Drive|[fromitem]
|-start|p2a: CALA|quarkdrivespa
|move|p1a: Fezandipiti|U-turn|p2a: CALA
|-resisted|p2a: CALA
|-damage|p2a: CALA|93/100
|inactive|Bob2576 has 120 seconds left.
|
|t:|1757818554
|switch|p1a: Landorus|Landorus-Therian, M|100/100|[from] U-turn
|-ability|p1a: Landorus|Intimidate|boost
|-unboost|p2a: CALA|atk|1
|
|upkeep
|turn|3
|
|t:|1757818575
|move|p1a: Landorus|Earthquake|p2a: CALA
|-supereffective|p2a: CALA
|-damage|p2a: CALA|0 fnt
|faint|p2a: CALA
|-end|p2a: CALA|Quark Drive|[silent]
|
|upkeep
|inactive|98k40a has 120 seconds left.
|inactive|98k40a has 90 seconds left.
|
|t:|1757818625
|switch|p2a: TREE?|Gholdengo|100/100
|-item|p2a: TREE?|Air Balloon
|turn|4
|inactive|98k40a has 90 seconds left.
|
|t:|1757818631
|switch|p1a: Fezandipiti|Fezandipiti, M|100/100
|move|p2a: TREE?|Shadow Ball|p1a: Fezandipiti
|-damage|p1a: Fezandipiti|74/100
|
|upkeep
|turn|5
|
|t:|1757818636
|move|p2a: TREE?|Make It Rain|p1a: Fezandipiti
|-supereffective|p1a: Fezandipiti
|-crit|p1a: Fezandipiti
|-damage|p1a: Fezandipiti|0 fnt
|-unboost|p2a: TREE?|spa|1
|faint|p1a: Fezandipiti
|
|upkeep
|
|t:|1757818648
|switch|p1a: Latias|Latias, F|100/100
|turn|6
|
|t:|1757818661
|switch|p2a: SUPA|Kingambit, F|100/100
|-activate|p2a: SUPA|ability: Supreme Overlord
|-start|p2a: SUPA|fallen1|[silent]
|-item|p2a: SUPA|Air Balloon
|move|p1a: Latias|Agility|p1a: Latias
|-boost|p1a: Latias|spe|2
|
|upkeep
|turn|7
|
|t:|1757818674
|switch|p1a: Moltres|Moltres|100/100
|-terastallize|p2a: SUPA|Fire
|move|p2a: SUPA|Kowtow Cleave|p1a: Moltres
|-damage|p1a: Moltres|64/100
|
|upkeep
|turn|8
|inactive|Bob2576 has 120 seconds left.
|
|t:|1757818728
|-end|p2a: SUPA|fallen1|[silent]
|switch|p2a: QUIL|Araquanid, F|72/100 tox
|move|p1a: Moltres|Roost|p1a: Moltres
|-heal|p1a: Moltres|100/100
|-singleturn|p1a: Moltres|move: Roost
|
|-damage|p2a: QUIL|65/100 tox|[from] psn
|upkeep
|turn|9
|
|t:|1757818735
|move|p1a: Moltres|Hurricane|p2a: QUIL
|-supereffective|p2a: QUIL
|-damage|p2a: QUIL|9/100 tox
|move|p2a: QUIL|Surf|p1a: Moltres
|-supereffective|p1a: Moltres
|-damage|p1a: Moltres|33/100
|
|-damage|p2a: QUIL|0 fnt|[from] psn
|faint|p2a: QUIL
|upkeep
|inactive|98k40a has 90 seconds left.
|
|t:|1757818779
|switch|p2a: QUZZ|Iron Valiant|100/100
|-enditem|p2a: QUZZ|Booster Energy
|-activate|p2a: QUZZ|ability: Quark Drive|[fromitem]
|-start|p2a: QUZZ|quarkdrivespa
|turn|10
|inactive|Bob2576 has 90 seconds left.
|
|t:|1757818814
|move|p2a: QUZZ|Shadow Ball|p1a: Moltres
|-damage|p1a: Moltres|0 fnt
|faint|p1a: Moltres
|
|upkeep
|inactive|Bob2576 has 90 seconds left.
|
|t:|1757818820
|switch|p1a: Latias|Latias, F|100/100
|turn|11
|inactive|98k40a has 90 seconds left.
|
|t:|1757818830
|move|p2a: QUZZ|Calm Mind|p2a: QUZZ
|-boost|p2a: QUZZ|spa|1
|-boost|p2a: QUZZ|spd|1
|move|p1a: Latias|Agility|p1a: Latias
|-boost|p1a: Latias|spe|2
|
|upkeep
|turn|12
|inactive|Bob2576 has 90 seconds left.
|
|t:|1757818878
|move|p1a: Latias|Draining Kiss|p2a: QUZZ
|-supereffective|p2a: QUZZ
|-damage|p2a: QUZZ|73/100
|move|p2a: QUZZ|Moonblast|p1a: Latias
|-supereffective|p1a: Latias
|-damage|p1a: Latias|0 fnt
|faint|p1a: Latias
|
|upkeep
|
|t:|1757818882
|switch|p1a: Gholdengo|Gholdengo|100/100
|turn|13
|
|t:|1757818895
|move|p2a: QUZZ|Shadow Ball|p1a: Gholdengo
|-supereffective|p1a: Gholdengo
|-damage|p1a: Gholdengo|0 fnt
|faint|p1a: Gholdengo
|
|upkeep
|
|t:|1757818899
|switch|p1a: Landorus|Landorus-Therian, M|100/100
|-ability|p1a: Landorus|Intimidate|boost
|-unboost|p2a: QUZZ|atk|1
|turn|14
|
|t:|1757818903
|move|p1a: Landorus|Earthquake|p2a: QUZZ
|-damage|p2a: QUZZ|1/100
|move|p2a: QUZZ|Moonblast|p1a: Landorus
|-damage|p1a: Landorus|0 fnt
|faint|p1a: Landorus
|
|upkeep
|
|t:|1757818906
|switch|p1a: Dragonite|Dragonite, M|100/100
|turn|15
|
|t:|1757818913
|move|p1a: Dragonite|Extreme Speed|p2a: QUZZ
|-damage|p2a: QUZZ|0 fnt
|faint|p2a: QUZZ
|-end|p2a: QUZZ|Quark Drive|[silent]
|
|upkeep
|
|t:|1757818919
|switch|p2a: TREE?|Gholdengo|100/100
|-item|p2a: TREE?|Air Balloon
|turn|16
|inactive|Bob2576 has 120 seconds left.
|
|t:|1757818930
|move|p2a: TREE?|Nasty Plot|p2a: TREE?
|-boost|p2a: TREE?|spa|2
|move|p1a: Dragonite|Ice Spinner|p2a: TREE?
|-resisted|p2a: TREE?
|-damage|p2a: TREE?|84/100
|-enditem|p2a: TREE?|Air Balloon
|
|upkeep
|turn|17
|inactive|Bob2576 has 120 seconds left.
|
|t:|1757818941
|-terastallize|p1a: Dragonite|Normal
|move|p2a: TREE?|Make It Rain|p1a: Dragonite
|-damage|p1a: Dragonite|35/100
|-unboost|p2a: TREE?|spa|1
|move|p1a: Dragonite|Dragon Dance|p1a: Dragonite
|-boost|p1a: Dragonite|atk|1
|-boost|p1a: Dragonite|spe|1
|
|upkeep
|turn|18
|inactive|Bob2576 has 120 seconds left.
|
|t:|1757818955
|move|p1a: Dragonite|Earthquake|p2a: TREE?
|-supereffective|p2a: TREE?
|-damage|p2a: TREE?|0 fnt
|faint|p2a: TREE?
|
|upkeep
|
|t:|1757818960
|switch|p2a: SUPA|Kingambit, F, tera:Fire|100/100
|-activate|p2a: SUPA|ability: Supreme Overlord
|-start|p2a: SUPA|fallen4|[silent]
|-item|p2a: SUPA|Air Balloon
|turn|19
|
|t:|1757818966
|move|p1a: Dragonite|Extreme Speed|p2a: SUPA
|-damage|p2a: SUPA|39/100
|-enditem|p2a: SUPA|Air Balloon
|move|p2a: SUPA|Kowtow Cleave|p1a: Dragonite
|-damage|p1a: Dragonite|0 fnt
|faint|p1a: Dragonite
|
|win|98k40a
|raw|Bob2576's rating: 1254 &rarr; <strong>1228</strong><br />(-26 for losing)
|raw|98k40a's rating: 1242 &rarr; <strong>1268</strong><br />(+26 for winning)
|l|☆Bob2576
|player|p1|
