|j|☆B!ngChiLing
|j|☆osodelclima
|t:|1757810322
|gametype|singles
|player|p1|B!ngChiLing|dragontamer|1343
|player|p2|osodelclima|1|1294
|gen|9
|tier|[Gen 9] OU
|rated|
|rule|HP Percentage Mod: HP is shown in percentages
|rule|Endless Battle Clause: Forcing endless battles is banned
|rule|Species Clause: Limit one of each Pokémon
|rule|OHKO Clause: OHKO moves are banned
|rule|Evasion Items Clause: Evasion items are banned
|rule|Evasion Moves Clause: Evasion moves are banned
|rule|Evasion Abilities Clause: Evasion abilities are banned
|rule|Sleep Moves Clause: Sleep-inducing moves are banned
|clearpoke
|poke|p1|Iron Moth|
|poke|p1|Ogerpon-Wellspring, F|
|poke|p1|Hawlucha, F|
|poke|p1|Raging Bolt|
|poke|p1|Meowscarada, M|
|poke|p1|Iron Treads|
|poke|p2|Lucario, M|
|poke|p2|Tatsugiri, M|
|poke|p2|Kommo-o, F|
|poke|p2|Kyurem|
|poke|p2|Ceruledge, F|
|poke|p2|Quaquaval, M|
|teampreview
|inactive|Battle timer is ON: inactive players will automatically lose when time's up. (requested by B!ngChiLing)
|
|t:|1757810335
|teamsize|p1|6
|teamsize|p2|6
|start
|switch|p1a: Meowscarada|Meowscarada, M|100/100
|switch|p2a: Kommo-o|Kommo-o, F|100/100
|turn|1
|j| i know charmander
|
|t:|1757810351
|move|p1a: Meowscarada|U-turn|p2a: Kommo-o
|-start|p1a: Meowscarada|typechange|Bug|[from] ability: Protean
|-resisted|p2a: Kommo-o
|-damage|p2a: Kommo-o|77/100
|
|t:|1757810356
|switch|p1a: Hawlucha|Hawlucha, F, shiny|100/100|[from] U-turn
|move|p2a: Kommo-o|Drain Punch|p1a: Hawlucha
|-resisted|p1a: Hawlucha
|-damage|p1a: Hawlucha|80/100
|-heal|p2a: Kommo-o|88/100|[from] drain|[of] p1a: Hawlucha
|
|upkeep
|turn|2
|
|t:|1757810369
|move|p1a: Hawlucha|Sky Attack||[still]
|-prepare|p1a: Hawlucha|Sky Attack
|-enditem|p1a: Hawlucha|Power Herb
|-anim|p1a: Hawlucha|Sky Attack|p2a: Kommo-o
|-supereffective|p2a: Kommo-o
|-damage|p2a: Kommo-o|0 fnt
|faint|p2a: Kommo-o
|
|upkeep
|
|t:|1757810382
|switch|p2a: Ceruledge|Ceruledge, F|100/100
|turn|3
|inactive|B!ngChiLing has 120 seconds left.
|
|t:|1757810413
|move|p1a: Hawlucha|Acrobatics|p2a: Ceruledge
|-damage|p2a: Ceruledge|31/100
|-ability|p2a: Ceruledge|Weak Armor|boost
|-unboost|p2a: Ceruledge|def|1
|-boost|p2a: Ceruledge|spe|2
|move|p2a: Ceruledge|Bitter Blade|p1a: Hawlucha
|-damage|p1a: Hawlucha|14/100
|-heal|p2a: Ceruledge|65/100|[from] drain|[of] p1a: Hawlucha
|
|upkeep
|turn|4
|inactive|B!ngChiLing has 120 seconds left.
|
|t:|1757810423
|move|p2a: Ceruledge|Endure|p2a: Ceruledge
|-singleturn|p2a: Ceruledge|move: Endure
|move|p1a: Hawlucha|Acrobatics|p2a: Ceruledge
|-activate|p2a: Ceruledge|move: Endure
|-damage|p2a: Ceruledge|1/100
|-ability|p2a: Ceruledge|Weak Armor|boost
|-unboost|p2a: Ceruledge|def|1
|-boost|p2a: Ceruledge|spe|2
|
|upkeep
|turn|5
|inactive|B!ngChiLing has 120 seconds left.
|
|t:|1757810438
|move|p2a: Ceruledge|Bitter Blade|p1a: Hawlucha
|-damage|p1a: Hawlucha|0 fnt
|-heal|p2a: Ceruledge|8/100|[from] drain|[of] p1a: Hawlucha
|faint|p1a: Hawlucha
|
|upkeep
|inactive|B!ngChiLing has 120 seconds left.
|
|t:|1757810454
|switch|p1a: Meowscarada|Meowscarada, M|100/100
|turn|6
|
|t:|1757810458
|move|p2a: Ceruledge|Endure|p2a: Ceruledge
|-singleturn|p2a: Ceruledge|move: Endure
|move|p1a: Meowscarada|Sucker Punch||[still]
|-fail|p1a: Meowscarada
|
|upkeep
|turn|7
|inactive|B!ngChiLing has 120 seconds left.
|
|t:|1757810478
|switch|p2a: Lucario|Lucario, M|100/100
|move|p1a: Meowscarada|Sucker Punch||[still]
|-fail|p1a: Meowscarada
|
|upkeep
|turn|8
|
|t:|1757810497
|switch|p1a: Iron Moth|Iron Moth, shiny|100/100
|-enditem|p1a: Iron Moth|Booster Energy
|-activate|p1a: Iron Moth|ability: Quark Drive|[fromitem]
|-start|p1a: Iron Moth|quarkdrivespa
|move|p2a: Lucario|Nasty Plot|p2a: Lucario
|-boost|p2a: Lucario|spa|2
|
|upkeep
|turn|9
|
|t:|1757810513
|-terastallize|p2a: Lucario|Ghost
|move|p1a: Iron Moth|Fiery Dance|p2a: Lucario
|-damage|p2a: Lucario|5/100
|move|p2a: Lucario|Shadow Ball|p1a: Iron Moth
|-crit|p1a: Iron Moth
|-damage|p1a: Iron Moth|0 fnt
|faint|p1a: Iron Moth
|-end|p1a: Iron Moth|Quark Drive|[silent]
|
|-heal|p2a: Lucario|11/100|[from] item: Leftovers
|upkeep
|inactive|B!ngChiLing has 90 seconds left.
|
|t:|1757810533
|switch|p1a: Ogerpon|Ogerpon-Wellspring, F|100/100
|turn|10
|
|t:|1757810551
|switch|p2a: Tatsugiri|Tatsugiri, M|100/100
|move|p1a: Ogerpon|Ivy Cudgel|p2a: Tatsugiri|[anim] Ivy Cudgel Water
|-ability|p2a: Tatsugiri|Storm Drain|boost
|-boost|p2a: Tatsugiri|spa|1
|
|upkeep
|turn|11
|
|t:|1757810566
|move|p1a: Ogerpon|U-turn|p2a: Tatsugiri
|-damage|p2a: Tatsugiri|53/100
|
|t:|1757810569
|switch|p1a: Raging Bolt|Raging Bolt|100/100|[from] U-turn
|move|p2a: Tatsugiri|Dragon Pulse|p1a: Raging Bolt
|-supereffective|p1a: Raging Bolt
|-damage|p1a: Raging Bolt|0 fnt
|faint|p1a: Raging Bolt
|-end|p1a: Raging Bolt|Protosynthesis|[silent]
|
|-heal|p2a: Tatsugiri|59/100|[from] item: Leftovers
|upkeep
|inactive|B!ngChiLing has 90 seconds left.
|
|t:|1757810593
|switch|p1a: Meowscarada|Meowscarada, M|100/100
|turn|12
|
|t:|1757810597
|move|p1a: Meowscarada|Flower Trick|p2a: Tatsugiri
|-start|p1a: Meowscarada|typechange|Grass|[from] ability: Protean
|-crit|p2a: Tatsugiri
|-damage|p2a: Tatsugiri|0 fnt
|faint|p2a: Tatsugiri
|
|upkeep
|
|t:|1757810604
|switch|p2a: Ceruledge|Ceruledge, F|8/100
|turn|13
|inactive|B!ngChiLing has 90 seconds left.
|
|t:|1757810645
|switch|p1a: Ogerpon|Ogerpon-Wellspring, F|100/100
|move|p2a: Ceruledge|Endure||[still]
|-fail|p2a: Ceruledge
|
|upkeep
|turn|14
|
|t:|1757810652
|move|p2a: Ceruledge|Endure|p2a: Ceruledge
|-singleturn|p2a: Ceruledge|move: Endure
|move|p1a: Ogerpon|Swords Dance|p1a: Ogerpon
|-boost|p1a: Ogerpon|atk|2
|
|upkeep
|turn|15
|-message|osodelclima forfeited.
|
|win|B!ngChiLing
|raw|B!ngChiLing's rating: 1343 &rarr; <strong>1360</strong><br />(+17 for winning)
|raw|osodelclima's rating: 1294 &rarr; <strong>1273</strong><br />(-21 for losing)
|l|☆osodelclima
|player|p2|
|l|☆B!ngChiLing
|player|p1|
