|j|☆sindicate viii
|j|☆Cherrybomb15
|t:|1757901857
|gametype|singles
|player|p1|sindicate viii|101|1638
|player|p2|Cherrybomb15|102|1603
|gen|9
|tier|[Gen 9] OU
|rated|
|rule|HP Percentage Mod: HP is shown in percentages
|rule|Endless Battle Clause: Forcing endless battles is banned
|rule|Species Clause: Limit one of each Pokémon
|rule|OHKO Clause: OHKO moves are banned
|rule|Evasion Items Clause: Evasion items are banned
|rule|Evasion Moves Clause: Evasion moves are banned
|rule|Evasion Abilities Clause: Evasion abilities are banned
|rule|Sleep Moves Clause: Sleep-inducing moves are banned
|clearpoke
|poke|p1|Tinkaton, F|
|poke|p1|Kyurem|
|poke|p1|Landorus-Therian, M|
|poke|p1|Ogerpon-Wellspring, F|
|poke|p1|Great Tusk|
|poke|p1|Kingambit, F|
|poke|p2|Dondozo, F|
|poke|p2|Slowking-Galar, M|
|poke|p2|Cinderace, M|
|poke|p2|Gholdengo|
|poke|p2|Hatterene, F|
|poke|p2|Landorus-Therian, M|
|teampreview
|inactive|Battle timer is ON: inactive players will automatically lose when time's up. (requested by Cherrybomb15)
|inactive|sindicate viii also wants the timer to be on.
|
|t:|1757901872
|teamsize|p1|6
|teamsize|p2|6
|start
|switch|p1a: Landorus|Landorus-Therian, M|100/100
|switch|p2a: Cinderace|Cinderace, M|100/100
|-ability|p1a: Landorus|Intimidate|boost
|-unboost|p2a: Cinderace|atk|1
|turn|1
|
|t:|1757901876
|switch|p2a: Hatterene|Hatterene, F|100/100
|move|p1a: Landorus|U-turn|p2a: Hatterene
|-crit|p2a: Hatterene
|-damage|p2a: Hatterene|67/100
|inactive|sindicate viii has 120 seconds left.
|
|t:|1757901910
|switch|p1a: Tinkaton|Tinkaton, F|100/100|[from] U-turn
|-ability|p1a: Tinkaton|Mold Breaker
|-item|p1a: Tinkaton|Air Balloon
|
|-heal|p2a: Hatterene|73/100|[from] item: Leftovers
|upkeep
|turn|2
|
|t:|1757901916
|switch|p2a: Gholdengo|Gholdengo|100/100
|move|p1a: Tinkaton|Gigaton Hammer|p2a: Gholdengo
|-resisted|p2a: Gholdengo
|-damage|p2a: Gholdengo|77/100
|
|upkeep
|turn|3
|
|t:|1757901922
|move|p2a: Gholdengo|Shadow Ball|p1a: Tinkaton
|-damage|p1a: Tinkaton|70/100
|-unboost|p1a: Tinkaton|spd|1
|-enditem|p1a: Tinkaton|Air Balloon
|move|p1a: Tinkaton|Thunder Wave|p2a: Gholdengo
|-status|p2a: Gholdengo|par
|
|upkeep
|turn|4
|
|t:|1757901930
|switch|p1a: Kingambit|Kingambit, F|100/100
|cant|p2a: Gholdengo|par
|
|upkeep
|turn|5
|j| ulisesdiogenes
|
|t:|1757901936
|switch|p2a: Dondozo|Dondozo, F|100/100
|-end|p1a: Kingambit|fallenundefined|[silent]
|switch|p1a: Kyurem|Kyurem|100/100
|-ability|p1a: Kyurem|Pressure
|
|upkeep
|turn|6
|
|t:|1757901944
|switch|p2a: Gholdengo|Gholdengo|77/100 par
|move|p1a: Kyurem|Freeze-Dry|p2a: Gholdengo
|-resisted|p2a: Gholdengo
|-damage|p2a: Gholdengo|45/100 par
|
|upkeep
|turn|7
|
|t:|1757901949
|switch|p1a: Kingambit|Kingambit, F|100/100
|cant|p2a: Gholdengo|par
|
|upkeep
|turn|8
|
|t:|1757901954
|-end|p1a: Kingambit|fallenundefined|[silent]
|switch|p1a: Kyurem|Kyurem|100/100
|-ability|p1a: Kyurem|Pressure
|move|p2a: Gholdengo|Trick|p1a: Kyurem
|-activate|p2a: Gholdengo|move: Trick|[of] p1a: Kyurem
|-item|p1a: Kyurem|Choice Scarf|[from] move: Trick
|-item|p2a: Gholdengo|Choice Specs|[from] move: Trick
|
|upkeep
|turn|9
|
|t:|1757901962
|move|p1a: Kyurem|Draco Meteor|p2a: Gholdengo
|-resisted|p2a: Gholdengo
|-damage|p2a: Gholdengo|5/100 par
|-unboost|p1a: Kyurem|spa|2
|move|p2a: Gholdengo|Make It Rain|p1a: Kyurem
|-supereffective|p1a: Kyurem
|-damage|p1a: Kyurem|0 fnt
|-unboost|p2a: Gholdengo|spa|1
|faint|p1a: Kyurem
|
|upkeep
|
|t:|1757901968
|switch|p1a: Kingambit|Kingambit, F|100/100
|-activate|p1a: Kingambit|ability: Supreme Overlord
|-start|p1a: Kingambit|fallen1|[silent]
|turn|10
|
|t:|1757901980
|-end|p1a: Kingambit|fallen1|[silent]
|switch|p1a: Ogerpon|Ogerpon-Wellspring, F|100/100
|move|p2a: Gholdengo|Make It Rain|p1a: Ogerpon
|-resisted|p1a: Ogerpon
|-damage|p1a: Ogerpon|61/100
|-unboost|p2a: Gholdengo|spa|1
|
|upkeep
|turn|11
|
|t:|1757901986
|move|p1a: Ogerpon|Swords Dance|p1a: Ogerpon
|-boost|p1a: Ogerpon|atk|2
|cant|p2a: Gholdengo|par
|
|upkeep
|turn|12
|
|t:|1757901989
|move|p1a: Ogerpon|Ivy Cudgel|p2a: Gholdengo|[anim] Ivy Cudgel Water
|-damage|p2a: Gholdengo|0 fnt
|faint|p2a: Gholdengo
|
|upkeep
|
|t:|1757901992
|switch|p2a: Cinderace|Cinderace, M|100/100
|turn|13
|l| ulisesdiogenes
|
|t:|1757902016
|switch|p1a: Landorus|Landorus-Therian, M|100/100
|-ability|p1a: Landorus|Intimidate|boost
|-unboost|p2a: Cinderace|atk|1
|move|p2a: Cinderace|U-turn|p1a: Landorus
|-start|p2a: Cinderace|typechange|Bug|[from] ability: Libero
|-resisted|p1a: Landorus
|-damage|p1a: Landorus|88/100
|
|t:|1757902035
|switch|p2a: Hatterene|Hatterene, F|73/100|[from] U-turn
|
|-heal|p2a: Hatterene|79/100|[from] item: Leftovers
|upkeep
|turn|14
|
|t:|1757902040
|move|p1a: Landorus|Earthquake|p2a: Hatterene
|-damage|p2a: Hatterene|34/100
|move|p2a: Hatterene|Nuzzle|p1a: Landorus
|-immune|p1a: Landorus
|
|-heal|p2a: Hatterene|39/100|[from] item: Leftovers
|upkeep
|turn|15
|
|t:|1757902045
|switch|p1a: Ogerpon|Ogerpon-Wellspring, F|61/100
|move|p2a: Hatterene|Draining Kiss|p1a: Ogerpon
|-damage|p1a: Ogerpon|34/100
|-heal|p2a: Hatterene|58/100|[from] drain|[of] p1a: Ogerpon
|
|-heal|p2a: Hatterene|64/100|[from] item: Leftovers
|upkeep
|turn|16
|
|t:|1757902053
|move|p1a: Ogerpon|Ivy Cudgel|p2a: Hatterene|[anim] Ivy Cudgel Water
|-crit|p2a: Hatterene
|-damage|p2a: Hatterene|0 fnt
|faint|p2a: Hatterene
|
|upkeep
|
|t:|1757902057
|switch|p2a: Cinderace|Cinderace, M|100/100
|turn|17
|
|t:|1757902061
|-terastallize|p2a: Cinderace|Fire
|move|p2a: Cinderace|Pyro Ball|p1a: Ogerpon
|-crit|p1a: Ogerpon
|-damage|p1a: Ogerpon|0 fnt
|faint|p1a: Ogerpon
|
|upkeep
|
|t:|1757902067
|switch|p1a: Landorus|Landorus-Therian, M|88/100
|-ability|p1a: Landorus|Intimidate|boost
|-unboost|p2a: Cinderace|atk|1
|turn|18
|
|t:|1757902070
|move|p1a: Landorus|U-turn|p2a: Cinderace
|-resisted|p2a: Cinderace
|-damage|p2a: Cinderace|80/100
|
|t:|1757902078
|switch|p1a: Tinkaton|Tinkaton, F|70/100|[from] U-turn
|-ability|p1a: Tinkaton|Mold Breaker
|move|p2a: Cinderace|U-turn|p1a: Tinkaton
|-resisted|p1a: Tinkaton
|-damage|p1a: Tinkaton|66/100
|
|t:|1757902097
|switch|p2a: Landorus|Landorus-Therian, M|100/100|[from] U-turn
|-ability|p2a: Landorus|Intimidate|boost
|-unboost|p1a: Tinkaton|atk|1
|
|upkeep
|turn|19
|
|t:|1757902105
|switch|p1a: Landorus|Landorus-Therian, M|88/100
|-ability|p1a: Landorus|Intimidate|boost
|-unboost|p2a: Landorus|atk|1
|move|p2a: Landorus|Earthquake|p1a: Landorus
|-immune|p1a: Landorus
|
|upkeep
|turn|20
|
|t:|1757902110
|switch|p2a: Dondozo|Dondozo, F|100/100
|move|p1a: Landorus|U-turn|p2a: Dondozo
|-damage|p2a: Dondozo|89/100
|
|t:|1757902118
|switch|p1a: Tinkaton|Tinkaton, F|66/100|[from] U-turn
|-ability|p1a: Tinkaton|Mold Breaker
|
|-heal|p2a: Dondozo|95/100|[from] item: Leftovers
|upkeep
|turn|21
|
|t:|1757902125
|switch|p2a: Landorus|Landorus-Therian, M|100/100
|-ability|p2a: Landorus|Intimidate|boost
|-unboost|p1a: Tinkaton|atk|1
|move|p1a: Tinkaton|Stealth Rock|p2a: Landorus
|-sidestart|p2: Cherrybomb15|move: Stealth Rock
|
|upkeep
|turn|22
|
|t:|1757902132
|move|p2a: Landorus|U-turn|p1a: Tinkaton
|-resisted|p1a: Tinkaton
|-damage|p1a: Tinkaton|57/100
|
|t:|1757902154
|switch|p2a: Cinderace|Cinderace, M, tera:Fire|80/100|[from] U-turn
|move|p1a: Tinkaton|Thunder Wave|p2a: Cinderace
|-status|p2a: Cinderace|par
|
|upkeep
|turn|23
|
|t:|1757902161
|switch|p1a: Great Tusk|Great Tusk|100/100
|move|p2a: Cinderace|Pyro Ball|p1a: Great Tusk
|-damage|p1a: Great Tusk|62/100
|
|-heal|p1a: Great Tusk|68/100|[from] item: Leftovers
|upkeep
|turn|24
|-message|Cherrybomb15 forfeited.
|
|win|sindicate viii
|raw|sindicate viii's rating: 1638 &rarr; <strong>1656</strong><br />(+18 for winning)
|raw|Cherrybomb15's rating: 1603 &rarr; <strong>1585</strong><br />(-18 for losing)
|l|☆Cherrybomb15
|player|p2|
|c|☆sindicate viii|?
