|j|☆yiht
|j|☆ScarfyX_X
|t:|1757822834
|gametype|singles
|player|p1|yiht|1|1291
|player|p2|ScarfyX_X|miku-psychic|1298
|gen|9
|tier|[Gen 9] OU
|rated|
|rule|HP Percentage Mod: HP is shown in percentages
|rule|Endless Battle Clause: Forcing endless battles is banned
|rule|Species Clause: Limit one of each Pokémon
|rule|OHKO Clause: OHKO moves are banned
|rule|Evasion Items Clause: Evasion items are banned
|rule|Evasion Moves Clause: Evasion moves are banned
|rule|Evasion Abilities Clause: Evasion abilities are banned
|rule|Sleep Moves Clause: Sleep-inducing moves are banned
|clearpoke
|poke|p1|Ribombee, M|
|poke|p1|Samurott-Hisui, F|
|poke|p1|Gholdengo|
|poke|p1|Great Tusk|
|poke|p1|Glimmora, M|
|poke|p1|Dragonite, M|
|poke|p2|Samurott-Hisui, F|
|poke|p2|Indeedee, M|
|poke|p2|Corviknight, M|
|poke|p2|Ninetales-Alola, F|
|poke|p2|Ogerpon, F|
|poke|p2|Iron Treads|
|teampreview
|inactive|Battle timer is ON: inactive players will automatically lose when time's up. (requested by ScarfyX_X)
|
|t:|1757822861
|teamsize|p1|6
|teamsize|p2|6
|start
|switch|p1a: Ribombee|Ribombee, M|100/100
|switch|p2a: Samurott|Samurott-Hisui, F|100/100
|turn|1
|
|t:|1757822868
|move|p2a: Samurott|Flip Turn|p1a: Ribombee
|-damage|p1a: Ribombee|47/100
|
|t:|1757822880
|switch|p2a: Corviknight|Corviknight, M|100/100|[from] Flip Turn
|move|p1a: Ribombee|Sticky Web|p2a: Corviknight
|-sidestart|p2: ScarfyX_X|move: Sticky Web
|
|upkeep
|turn|2
|
|t:|1757822897
|move|p1a: Ribombee|Stun Spore|p2a: Corviknight|[miss]
|-miss|p1a: Ribombee|p2a: Corviknight
|move|p2a: Corviknight|Brave Bird|p1a: Ribombee
|-supereffective|p1a: Ribombee
|-damage|p1a: Ribombee|0 fnt
|faint|p1a: Ribombee
|-damage|p2a: Corviknight|89/100|[from] Recoil
|
|upkeep
|
|t:|1757822904
|switch|p1a: Glimmora|Glimmora, M|100/100
|turn|3
|
|t:|1757822906
|move|p1a: Glimmora|Meteor Beam||[still]
|-prepare|p1a: Glimmora|Meteor Beam
|-boost|p1a: Glimmora|spa|1
|-enditem|p1a: Glimmora|Power Herb
|-anim|p1a: Glimmora|Meteor Beam|p2a: Corviknight
|-damage|p2a: Corviknight|3/100
|move|p2a: Corviknight|Defog|p1a: Glimmora
|-unboost|p1a: Glimmora|evasion|1
|-sideend|p2: ScarfyX_X|Sticky Web|[from] move: Defog|[of] p2a: Corviknight
|
|upkeep
|turn|4
|
|t:|1757822915
|move|p1a: Glimmora|Power Gem|p2a: Corviknight
|-damage|p2a: Corviknight|0 fnt
|faint|p2a: Corviknight
|
|upkeep
|
|t:|1757822921
|switch|p2a: Samurott|Samurott-Hisui, F|100/100
|turn|5
|
|t:|1757822942
|-terastallize|p1a: Glimmora|Flying
|move|p2a: Samurott|Flip Turn|p1a: Glimmora
|-damage|p1a: Glimmora|68/100
|-activate|p1a: Glimmora|ability: Toxic Debris
|-sidestart|p2: ScarfyX_X|move: Toxic Spikes
|
|t:|1757822952
|switch|p2a: Indeedee|Indeedee, M|100/100|[from] Flip Turn
|-status|p2a: Indeedee|psn
|-fieldstart|move: Psychic Terrain|[from] ability: Psychic Surge|[of] p2a: Indeedee
|move|p1a: Glimmora|Sludge Wave|p2a: Indeedee
|-damage|p2a: Indeedee|0 fnt
|faint|p2a: Indeedee
|
|upkeep
|
|t:|1757822958
|switch|p2a: Iron Treads|Iron Treads|100/100
|-enditem|p2a: Iron Treads|Booster Energy
|-activate|p2a: Iron Treads|ability: Quark Drive|[fromitem]
|-start|p2a: Iron Treads|quarkdrivespe
|turn|6
|
|t:|1757822970
|move|p2a: Iron Treads|Rapid Spin|p1a: Glimmora
|-damage|p1a: Glimmora|50/100
|-boost|p2a: Iron Treads|spe|1
|-activate|p1a: Glimmora|ability: Toxic Debris
|-sidestart|p2: ScarfyX_X|move: Toxic Spikes
|-sideend|p2: ScarfyX_X|Toxic Spikes|[from] move: Rapid Spin|[of] p2a: Iron Treads
|move|p1a: Glimmora|Earth Power|p2a: Iron Treads
|-supereffective|p2a: Iron Treads
|-damage|p2a: Iron Treads|0 fnt
|faint|p2a: Iron Treads
|-end|p2a: Iron Treads|Quark Drive|[silent]
|
|upkeep
|
|t:|1757822979
|switch|p2a: Samurott|Samurott-Hisui, F|100/100
|turn|7
|
|t:|1757823001
|move|p2a: Samurott|Aqua Cutter|p1a: Glimmora
|-damage|p1a: Glimmora|0 fnt
|-activate|p1a: Glimmora|ability: Toxic Debris
|-sidestart|p2: ScarfyX_X|move: Toxic Spikes
|faint|p1a: Glimmora
|
|upkeep
|
|t:|1757823006
|switch|p1a: Dragonite|Dragonite, M|100/100
|turn|8
|
|t:|1757823011
|switch|p2a: Ninetales|Ninetales-Alola, F|100/100
|-status|p2a: Ninetales|psn
|-weather|Snowscape|[from] ability: Snow Warning|[of] p2a: Ninetales
|move|p1a: Dragonite|Dragon Dance|p1a: Dragonite
|-boost|p1a: Dragonite|atk|1
|-boost|p1a: Dragonite|spe|1
|
|-weather|Snowscape|[upkeep]
|-damage|p2a: Ninetales|88/100 psn|[from] psn
|upkeep
|turn|9
|
|t:|1757823016
|move|p1a: Dragonite|Earthquake|p2a: Ninetales
|-damage|p2a: Ninetales|27/100 psn
|move|p2a: Ninetales|Blizzard|p1a: Dragonite
|-supereffective|p1a: Dragonite
|-damage|p1a: Dragonite|0 fnt
|faint|p1a: Dragonite
|
|-weather|Snowscape|[upkeep]
|-damage|p2a: Ninetales|14/100 psn|[from] psn
|-fieldend|move: Psychic Terrain
|upkeep
|
|t:|1757823031
|switch|p1a: Gholdengo|Gholdengo|100/100
|-item|p1a: Gholdengo|Air Balloon
|turn|10
|
|t:|1757823044
|move|p2a: Ninetales|Blizzard|p1a: Gholdengo
|-resisted|p1a: Gholdengo
|-damage|p1a: Gholdengo|76/100
|-enditem|p1a: Gholdengo|Air Balloon
|move|p1a: Gholdengo|Shadow Ball|p2a: Ninetales
|-damage|p2a: Ninetales|0 fnt
|faint|p2a: Ninetales
|
|-weather|Snowscape|[upkeep]
|upkeep
|
|t:|1757823054
|switch|p2a: Samurott|Samurott-Hisui, F|100/100
|-status|p2a: Samurott|psn
|turn|11
|
|t:|1757823067
|move|p2a: Samurott|Ceaseless Edge|p1a: Gholdengo
|-supereffective|p1a: Gholdengo
|-damage|p1a: Gholdengo|0 fnt
|-sidestart|p1: yiht|Spikes
|faint|p1a: Gholdengo
|
|-weather|Snowscape|[upkeep]
|-damage|p2a: Samurott|88/100 psn|[from] psn
|upkeep
|
|t:|1757823070
|switch|p1a: Samurott|Samurott-Hisui, F|100/100
|-damage|p1a: Samurott|88/100|[from] Spikes
|turn|12
|
|t:|1757823076
|move|p2a: Samurott|Ceaseless Edge|p1a: Samurott
|-resisted|p1a: Samurott
|-crit|p1a: Samurott
|-damage|p1a: Samurott|43/100
|-sidestart|p1: yiht|Spikes
|move|p1a: Samurott|Swords Dance|p1a: Samurott
|-boost|p1a: Samurott|atk|2
|
|-weather|none
|-damage|p2a: Samurott|76/100 psn|[from] psn
|upkeep
|turn|13
|
|t:|1757823086
|move|p2a: Samurott|Ceaseless Edge|p1a: Samurott
|-resisted|p1a: Samurott
|-damage|p1a: Samurott|13/100
|-sidestart|p1: yiht|Spikes
|move|p1a: Samurott|Ceaseless Edge|p2a: Samurott|[miss]
|-miss|p1a: Samurott|p2a: Samurott
|
|-damage|p2a: Samurott|63/100 psn|[from] psn
|upkeep
|turn|14
|
|t:|1757823096
|move|p1a: Samurott|Sucker Punch|p2a: Samurott
|-resisted|p2a: Samurott
|-damage|p2a: Samurott|8/100 psn
|-damage|p1a: Samurott|3/100|[from] item: Life Orb
|move|p2a: Samurott|Ceaseless Edge|p1a: Samurott
|-resisted|p1a: Samurott
|-damage|p1a: Samurott|0 fnt
|faint|p1a: Samurott
|
|-damage|p2a: Samurott|0 fnt|[from] psn
|faint|p2a: Samurott
|upkeep
|
|t:|1757823101
|switch|p2a: Ogerpon|Ogerpon, F|100/100
|switch|p1a: Great Tusk|Great Tusk|100/100
|-status|p2a: Ogerpon|psn
|-damage|p1a: Great Tusk|76/100|[from] Spikes
|-enditem|p1a: Great Tusk|Booster Energy
|-activate|p1a: Great Tusk|ability: Protosynthesis|[fromitem]
|-start|p1a: Great Tusk|protosynthesisatk
|turn|15
|
|t:|1757823108
|-terastallize|p2a: Ogerpon|Grass
|detailschange|p2a: Ogerpon|Ogerpon-Teal-Tera, F, tera:Grass
|-ability|p2a: Ogerpon|Embody Aspect (Teal)|boost
|-boost|p2a: Ogerpon|spe|1
|move|p2a: Ogerpon|Horn Leech|p1a: Great Tusk
|-supereffective|p1a: Great Tusk
|-damage|p1a: Great Tusk|3/100
|move|p1a: Great Tusk|Rapid Spin|p2a: Ogerpon
|-damage|p2a: Ogerpon|68/100 psn
|-boost|p1a: Great Tusk|spe|1
|-sideend|p1: yiht|Spikes|[from] move: Rapid Spin|[of] p1a: Great Tusk
|
|-damage|p2a: Ogerpon|56/100 psn|[from] psn
|upkeep
|turn|16
|inactive|yiht has 120 seconds left.
|
|t:|1757823141
|move|p2a: Ogerpon|Horn Leech|p1a: Great Tusk
|-supereffective|p1a: Great Tusk
|-damage|p1a: Great Tusk|0 fnt
|-heal|p2a: Ogerpon|58/100 psn|[from] drain|[of] p1a: Great Tusk
|faint|p1a: Great Tusk
|-end|p1a: Great Tusk|Protosynthesis|[silent]
|
|win|ScarfyX_X
|raw|yiht's rating: 1263 &rarr; <strong>1241</strong><br />(-22 for losing)
|raw|ScarfyX_X's rating: 1298 &rarr; <strong>1320</strong><br />(+22 for winning)
|l|☆yiht
|player|p1|
|l|☆ScarfyX_X
|player|p2|
