|j|☆BornOfCreed
|j|☆iwannabeeeee
|t:|1757816970
|gametype|singles
|player|p1|BornOfCreed|ghetsis|1113
|player|p2|iwannabeeeee|backers|1164
|gen|9
|tier|[Gen 9] OU
|rated|
|rule|HP Percentage Mod: HP is shown in percentages
|rule|Endless Battle Clause: Forcing endless battles is banned
|rule|Species Clause: Limit one of each Pokémon
|rule|OHKO Clause: OHKO moves are banned
|rule|Evasion Items Clause: Evasion items are banned
|rule|Evasion Moves Clause: Evasion moves are banned
|rule|Evasion Abilities Clause: Evasion abilities are banned
|rule|Sleep Moves Clause: Sleep-inducing moves are banned
|clearpoke
|poke|p1|Amoonguss, M|
|poke|p1|Milotic, M|
|poke|p1|Muk, M|
|poke|p1|Avalugg-Hisui, M|
|poke|p1|Scyther, F|
|poke|p1|Shelgon, F|
|poke|p2|Raging Bolt|
|poke|p2|Gholdengo|
|poke|p2|Great Tusk|
|poke|p2|Alomomola, F|
|poke|p2|Dragonite, F|
|poke|p2|Garganacl, M|
|teampreview
|
|t:|1757816989
|teamsize|p1|6
|teamsize|p2|6
|start
|switch|p1a: Amoonguss|Amoonguss, M|100/100
|switch|p2a: Garganacl|Garganacl, M|100/100
|turn|1
|
|t:|1757816995
|move|p2a: Garganacl|Stealth Rock|p1a: Amoonguss
|-sidestart|p1: BornOfCreed|move: Stealth Rock
|move|p1a: Amoonguss|Energy Ball|p2a: Garganacl
|-supereffective|p2a: Garganacl
|-damage|p2a: Garganacl|59/100
|
|-heal|p2a: Garganacl|65/100|[from] item: Leftovers
|upkeep
|turn|2
|
|t:|1757817003
|switch|p1a: Scyther|Scyther, F|100/100
|move|p2a: Garganacl|Protect||[still]
|-fail|p2a: Garganacl
|
|-heal|p2a: Garganacl|71/100|[from] item: Leftovers
|upkeep
|turn|3
|
|t:|1757817011
|move|p1a: Scyther|U-turn|p2a: Garganacl
|-damage|p2a: Garganacl|49/100
|
|t:|1757817014
|switch|p1a: Amoonguss|Amoonguss, M|100/100|[from] U-turn
|-damage|p1a: Amoonguss|88/100|[from] Stealth Rock
|move|p2a: Garganacl|Salt Cure|p1a: Amoonguss
|-damage|p1a: Amoonguss|78/100
|-start|p1a: Amoonguss|Salt Cure
|
|-heal|p2a: Garganacl|55/100|[from] item: Leftovers
|-damage|p1a: Amoonguss|65/100|[from] Salt Cure
|upkeep
|turn|4
|
|t:|1757817030
|switch|p2a: Gholdengo|Gholdengo|100/100
|move|p1a: Amoonguss|Synthesis|p1a: Amoonguss
|-heal|p1a: Amoonguss|100/100
|
|-damage|p1a: Amoonguss|88/100|[from] Salt Cure
|upkeep
|turn|5
|inactive|Battle timer is ON: inactive players will automatically lose when time's up. (requested by BornOfCreed)
|
|t:|1757817062
|switch|p1a: Milotic|Milotic, M|100/100
|-damage|p1a: Milotic|88/100|[from] Stealth Rock
|move|p2a: Gholdengo|Trick|p1a: Milotic
|-activate|p2a: Gholdengo|move: Trick|[of] p1a: Milotic
|-item|p1a: Milotic|Choice Scarf|[from] move: Trick
|-item|p2a: Gholdengo|Assault Vest|[from] move: Trick
|
|upkeep
|turn|6
|
|t:|1757817078
|switch|p2a: Alomomola|Alomomola, F|100/100
|move|p1a: Milotic|Scald|p2a: Alomomola
|-resisted|p2a: Alomomola
|-damage|p2a: Alomomola|82/100
|
|upkeep
|turn|7
|
|t:|1757817091
|switch|p1a: Scyther|Scyther, F|100/100
|move|p2a: Alomomola|Wish|p2a: Alomomola
|
|upkeep
|turn|8
|
|t:|1757817095
|move|p1a: Scyther|Defog|p2a: Alomomola
|-unboost|p2a: Alomomola|evasion|1
|-sideend|p1: BornOfCreed|Stealth Rock|[from] move: Defog|[of] p1a: Scyther
|move|p2a: Alomomola|Flip Turn|p1a: Scyther
|-damage|p1a: Scyther|75/100
|
|t:|1757817101
|switch|p2a: Raging Bolt|Raging Bolt|100/100|[from] Flip Turn
|
|upkeep
|turn|9
|
|t:|1757817122
|switch|p1a: Milotic|Milotic, M|88/100
|move|p2a: Raging Bolt|Dragon Pulse|p1a: Milotic
|-damage|p1a: Milotic|23/100
|
|upkeep
|turn|10
|
|t:|1757817128
|move|p1a: Milotic|Blizzard|p2a: Raging Bolt
|-supereffective|p2a: Raging Bolt
|-damage|p2a: Raging Bolt|29/100
|move|p2a: Raging Bolt|Dragon Pulse|p1a: Milotic
|-damage|p1a: Milotic|0 fnt
|faint|p1a: Milotic
|
|upkeep
|
|t:|1757817147
|switch|p1a: Scyther|Scyther, F|75/100
|turn|11
|
|t:|1757817153
|-end|p2a: Raging Bolt|Protosynthesis|[silent]
|switch|p2a: Alomomola|Alomomola, F|100/100
|move|p1a: Scyther|Pounce|p2a: Alomomola
|-crit|p2a: Alomomola
|-damage|p2a: Alomomola|67/100
|-unboost|p2a: Alomomola|spe|1
|
|upkeep
|turn|12
|
|t:|1757817162
|move|p1a: Scyther|U-turn|p2a: Alomomola
|-damage|p2a: Alomomola|49/100
|
|t:|1757817167
|switch|p1a: Muk|Muk, M|100/100|[from] U-turn
|move|p2a: Alomomola|Wish|p2a: Alomomola
|
|upkeep
|turn|13
|
|t:|1757817171
|move|p1a: Muk|Curse|p1a: Muk
|-unboost|p1a: Muk|spe|1
|-boost|p1a: Muk|atk|1
|-boost|p1a: Muk|def|1
|move|p2a: Alomomola|Flip Turn|p1a: Muk
|-damage|p1a: Muk|89/100
|inactive|iwannabeeeee has 120 seconds left.
|c|☆BornOfCreed|having fun?
|
|t:|1757817203
|switch|p2a: Great Tusk|Great Tusk|100/100|[from] Flip Turn
|
|upkeep
|turn|14
|
|t:|1757817213
|move|p2a: Great Tusk|Headlong Rush|p1a: Muk
|-supereffective|p1a: Muk
|-damage|p1a: Muk|2/100
|-unboost|p2a: Great Tusk|def|1
|-unboost|p2a: Great Tusk|spd|1
|move|p1a: Muk|Curse|p1a: Muk
|-unboost|p1a: Muk|spe|1
|-boost|p1a: Muk|atk|1
|-boost|p1a: Muk|def|1
|
|upkeep
|turn|15
|
|t:|1757817221
|move|p1a: Muk|Shadow Sneak|p2a: Great Tusk
|-damage|p2a: Great Tusk|64/100
|-damage|p1a: Muk|0 fnt|[from] item: Life Orb
|faint|p1a: Muk
|move|p2a: Great Tusk|Knock Off|p1: Muk|[notarget]
|-fail|p2a: Great Tusk
|
|upkeep
|
|t:|1757817237
|switch|p1a: Avalugg|Avalugg-Hisui, M|100/100
|turn|16
|
|t:|1757817244
|-end|p2a: Great Tusk|Protosynthesis|[silent]
|switch|p2a: Alomomola|Alomomola, F|82/100
|-terastallize|p1a: Avalugg|Ghost
|move|p1a: Avalugg|Ice Fang|p2a: Alomomola
|-resisted|p2a: Alomomola
|-crit|p2a: Alomomola
|-damage|p2a: Alomomola|44/100
|
|upkeep
|turn|17
|
|t:|1757817253
|switch|p1a: Amoonguss|Amoonguss, M|88/100
|move|p2a: Alomomola|Wish|p2a: Alomomola
|
|upkeep
|turn|18
|
|t:|1757817258
|move|p2a: Alomomola|Flip Turn|p1a: Amoonguss
|-resisted|p1a: Amoonguss
|-damage|p1a: Amoonguss|82/100
|-damage|p2a: Alomomola|27/100|[from] item: Rocky Helmet|[of] p1a: Amoonguss
|
|t:|1757817264
|switch|p2a: Raging Bolt|Raging Bolt|29/100|[from] Flip Turn
|move|p1a: Amoonguss|Stun Spore|p2a: Raging Bolt
|-immune|p2a: Raging Bolt
|
|-heal|p2a: Raging Bolt|89/100|[from] move: Wish|[wisher] Alomomola
|upkeep
|turn|19
|
|t:|1757817275
|move|p2a: Raging Bolt|Draco Meteor|p1a: Amoonguss
|-damage|p1a: Amoonguss|0 fnt
|-unboost|p2a: Raging Bolt|spa|2
|faint|p1a: Amoonguss
|
|upkeep
|
|t:|1757817280
|switch|p1a: Shelgon|Shelgon, F|100/100
|turn|20
|
|t:|1757817284
|move|p2a: Raging Bolt|Draco Meteor|p1a: Shelgon
|-supereffective|p1a: Shelgon
|-damage|p1a: Shelgon|0 fnt
|-unboost|p2a: Raging Bolt|spa|2
|faint|p1a: Shelgon
|
|upkeep
|-message|BornOfCreed forfeited.
|
|win|iwannabeeeee
|raw|BornOfCreed's rating: 1113 &rarr; <strong>1092</strong><br />(-21 for losing)
|raw|iwannabeeeee's rating: 1164 &rarr; <strong>1185</strong><br />(+21 for winning)
|l|☆BornOfCreed
|player|p1|
|l|☆iwannabeeeee
|player|p2|
