|badge|p1|silver|gen9uu|30-6
|uhtml|medal-msg|<div class="broadcast-blue">Curious what those medals under the avatar are? PS now has Ladder Seasons! For more information, check out the <a href="https://www.smogon.com/forums/threads/3740067/">thread on Smogon.</a></div>
|j|☆ulky
|j|‽Lucid Coffee
|t:|1757928442
|gametype|singles
|player|p1|ulky|rosa|1677
|player|p2|Lucid Coffee|blue|1640
|gen|9
|tier|[Gen 9] OU
|rated|
|rule|HP Percentage Mod: HP is shown in percentages
|rule|Endless Battle Clause: Forcing endless battles is banned
|rule|Species Clause: Limit one of each Pokémon
|rule|OHKO Clause: OHKO moves are banned
|rule|Evasion Items Clause: Evasion items are banned
|rule|Evasion Moves Clause: Evasion moves are banned
|rule|Evasion Abilities Clause: Evasion abilities are banned
|rule|Sleep Moves Clause: Sleep-inducing moves are banned
|clearpoke
|poke|p1|Kyurem|
|poke|p1|Corviknight, M|
|poke|p1|Ting-Lu|
|poke|p1|Dondozo, F|
|poke|p1|Slowking-Galar, L99, F|
|poke|p1|Cinderace, M|
|poke|p2|Dragapult, M|
|poke|p2|Glimmora, M|
|poke|p2|Comfey, M|
|poke|p2|Kingambit, M|
|poke|p2|Ogerpon-Wellspring, F|
|poke|p2|Blaziken, M|
|teampreview
|
|t:|1757928454
|teamsize|p1|6
|teamsize|p2|6
|start
|switch|p1a: Ting-Lu|Ting-Lu|100/100
|switch|p2a: Blaziken|Blaziken, M, shiny|100/100
|-ability|p1a: Ting-Lu|Vessel of Ruin
|turn|1
|
|t:|1757928463
|move|p2a: Blaziken|Close Combat|p1a: Ting-Lu
|-supereffective|p1a: Ting-Lu
|-damage|p1a: Ting-Lu|6/100
|-unboost|p2a: Blaziken|def|1
|-unboost|p2a: Blaziken|spd|1
|-damage|p2a: Blaziken|91/100|[from] item: Life Orb
|move|p1a: Ting-Lu|Earthquake|p2a: Blaziken
|-supereffective|p2a: Blaziken
|-damage|p2a: Blaziken|0 fnt
|faint|p2a: Blaziken
|
|-heal|p1a: Ting-Lu|12/100|[from] item: Leftovers
|upkeep
|
|t:|1757928469
|switch|p2a: Ogerpon|Ogerpon-Wellspring, F|100/100
|turn|2
|
|t:|1757928479
|switch|p1a: Kyurem|Kyurem|100/100
|-ability|p1a: Kyurem|Pressure
|move|p2a: Ogerpon|U-turn|p1a: Kyurem
|-damage|p1a: Kyurem|75/100
|
|t:|1757928486
|switch|p2a: Dragapult|Dragapult, M, shiny|100/100|[from] U-turn
|
|-heal|p1a: Kyurem|81/100|[from] item: Leftovers
|upkeep
|turn|3
|
|t:|1757928498
|switch|p1a: Corviknight|Corviknight, M|100/100
|-ability|p1a: Corviknight|Pressure
|move|p2a: Dragapult|Dragon Darts|p1a: Corviknight
|-resisted|p1a: Corviknight
|-damage|p1a: Corviknight|93/100
|-anim|p2a: Dragapult|Dragon Darts|p1a: Corviknight
|-resisted|p1a: Corviknight
|-damage|p1a: Corviknight|84/100
|-damage|p2a: Dragapult|91/100|[from] item: Life Orb
|
|upkeep
|turn|4
|
|t:|1757928503
|move|p2a: Dragapult|Shadow Ball|p1a: Corviknight
|-damage|p1a: Corviknight|41/100
|-damage|p2a: Dragapult|81/100|[from] item: Life Orb
|move|p1a: Corviknight|U-turn|p2a: Dragapult
|-resisted|p2a: Dragapult
|-damage|p2a: Dragapult|71/100
|
|t:|1757928530
|switch|p1a: Kyurem|Kyurem|81/100|[from] U-turn
|-ability|p1a: Kyurem|Pressure
|
|-heal|p1a: Kyurem|87/100|[from] item: Leftovers
|upkeep
|turn|5
|
|t:|1757928544
|-terastallize|p1a: Kyurem|Ground
|move|p2a: Dragapult|Draco Meteor|p1a: Kyurem
|-damage|p1a: Kyurem|22/100
|-unboost|p2a: Dragapult|spa|2
|-damage|p2a: Dragapult|61/100|[from] item: Life Orb
|move|p1a: Kyurem|Freeze-Dry|p2a: Dragapult
|-supereffective|p2a: Dragapult
|-damage|p2a: Dragapult|0 fnt
|faint|p2a: Dragapult
|
|-heal|p1a: Kyurem|28/100|[from] item: Leftovers
|upkeep
|
|t:|1757928550
|switch|p2a: Ogerpon|Ogerpon-Wellspring, F|100/100
|turn|6
|
|t:|1757928588
|switch|p1a: Ting-Lu|Ting-Lu|12/100
|-ability|p1a: Ting-Lu|Vessel of Ruin
|move|p2a: Ogerpon|Ivy Cudgel|p1a: Ting-Lu|[anim] Ivy Cudgel Water
|-supereffective|p1a: Ting-Lu
|-damage|p1a: Ting-Lu|0 fnt
|faint|p1a: Ting-Lu
|
|upkeep
|
|t:|1757928611
|switch|p1a: Cinderace|Cinderace, M|100/100
|turn|7
|
|t:|1757928615
|switch|p2a: Glimmora|Glimmora, M, shiny|100/100
|move|p1a: Cinderace|Will-O-Wisp|p2a: Glimmora
|-status|p2a: Glimmora|brn
|
|-damage|p2a: Glimmora|94/100 brn|[from] brn
|upkeep
|turn|8
|
|t:|1757928621
|move|p1a: Cinderace|U-turn|p2a: Glimmora
|-resisted|p2a: Glimmora
|-damage|p2a: Glimmora|88/100 brn
|-activate|p2a: Glimmora|ability: Toxic Debris
|-sidestart|p1: ulky|move: Toxic Spikes
|-enditem|p2a: Glimmora|Red Card|[of] p1a: Cinderace
|drag|p1a: Corviknight|Corviknight, M|41/100
|-ability|p1a: Corviknight|Pressure
|move|p2a: Glimmora|Stealth Rock|p1a: Corviknight
|-sidestart|p1: ulky|move: Stealth Rock
|
|-damage|p2a: Glimmora|82/100 brn|[from] brn
|upkeep
|turn|9
|
|t:|1757928649
|switch|p2a: Ogerpon|Ogerpon-Wellspring, F|100/100
|move|p1a: Corviknight|Roost|p1a: Corviknight
|-heal|p1a: Corviknight|91/100
|-singleturn|p1a: Corviknight|move: Roost
|
|upkeep
|turn|10
|
|t:|1757928656
|move|p2a: Ogerpon|Spikes|p1a: Corviknight
|-sidestart|p1: ulky|Spikes
|move|p1a: Corviknight|Brave Bird|p2a: Ogerpon
|-supereffective|p2a: Ogerpon
|-damage|p2a: Ogerpon|4/100
|-damage|p1a: Corviknight|67/100|[from] Recoil
|
|upkeep
|turn|11
|j| wgw2333
|
|t:|1757928682
|switch|p2a: Glimmora|Glimmora, M, shiny|82/100 brn
|move|p1a: Corviknight|Defog|p2a: Glimmora
|-unboost|p2a: Glimmora|evasion|1
|-sideend|p1: ulky|Spikes|[from] move: Defog|[of] p1a: Corviknight
|-sideend|p1: ulky|Toxic Spikes|[from] move: Defog|[of] p1a: Corviknight
|-sideend|p1: ulky|Stealth Rock|[from] move: Defog|[of] p1a: Corviknight
|
|-damage|p2a: Glimmora|76/100 brn|[from] brn
|upkeep
|turn|12
|
|t:|1757928688
|move|p2a: Glimmora|Stealth Rock|p1a: Corviknight
|-sidestart|p1: ulky|move: Stealth Rock
|move|p1a: Corviknight|Roost|p1a: Corviknight
|-heal|p1a: Corviknight|100/100
|-singleturn|p1a: Corviknight|move: Roost
|
|-damage|p2a: Glimmora|69/100 brn|[from] brn
|upkeep
|turn|13
|
|t:|1757928694
|move|p2a: Glimmora|Power Gem|p1a: Corviknight
|-damage|p1a: Corviknight|68/100
|move|p1a: Corviknight|Defog|p2a: Glimmora
|-unboost|p2a: Glimmora|evasion|1
|-sideend|p1: ulky|Stealth Rock|[from] move: Defog|[of] p1a: Corviknight
|
|-damage|p2a: Glimmora|63/100 brn|[from] brn
|upkeep
|turn|14
|
|t:|1757928732
|switch|p2a: Ogerpon|Ogerpon-Wellspring, F|4/100
|move|p1a: Corviknight|U-turn|p2a: Ogerpon
|-supereffective|p2a: Ogerpon
|-damage|p2a: Ogerpon|0 fnt
|faint|p2a: Ogerpon
|
|t:|1757928736
|switch|p1a: Cinderace|Cinderace, M|100/100|[from] U-turn
|
|upkeep
|
|t:|1757928750
|switch|p2a: Glimmora|Glimmora, M, shiny|63/100 brn
|turn|15
|
|t:|1757928763
|move|p1a: Cinderace|U-turn|p2a: Glimmora
|-resisted|p2a: Glimmora
|-damage|p2a: Glimmora|57/100 brn
|-activate|p2a: Glimmora|ability: Toxic Debris
|-sidestart|p1: ulky|move: Toxic Spikes
|
|t:|1757928765
|switch|p1a: Slowking|Slowking-Galar, L99, F|100/100|[from] U-turn
|-sideend|p1: ulky|move: Toxic Spikes|[of] p1a: Slowking
|move|p2a: Glimmora|Power Gem|p1a: Slowking
|-damage|p1a: Slowking|81/100
|
|-damage|p2a: Glimmora|50/100 brn|[from] brn
|upkeep
|turn|16
|
|t:|1757928773
|move|p2a: Glimmora|Stealth Rock|p1a: Slowking
|-sidestart|p1: ulky|move: Stealth Rock
|move|p1a: Slowking|Future Sight|p2a: Glimmora
|-start|p1a: Slowking|move: Future Sight
|
|-damage|p2a: Glimmora|44/100 brn|[from] brn
|upkeep
|turn|17
|
|t:|1757928788
|move|p2a: Glimmora|Power Gem|p1a: Slowking
|-damage|p1a: Slowking|59/100
|-prepare|p1a: Slowking|Chilly Reception|[premajor]
|move|p1a: Slowking|Chilly Reception|p1a: Slowking
|-weather|Snowscape
|
|t:|1757928795
|switch|p1a: Kyurem|Kyurem, tera:Ground|28/100|[from] Chilly Reception
|-damage|p1a: Kyurem|22/100|[from] Stealth Rock
|-ability|p1a: Kyurem|Pressure
|
|-weather|Snowscape|[upkeep]
|-heal|p1a: Kyurem|28/100|[from] item: Leftovers
|-damage|p2a: Glimmora|38/100 brn|[from] brn
|upkeep
|turn|18
|
|t:|1757928806
|move|p1a: Kyurem|Substitute|p1a: Kyurem
|-start|p1a: Kyurem|Substitute
|-damage|p1a: Kyurem|3/100
|move|p2a: Glimmora|Earth Power|p1a: Kyurem
|-end|p1a: Kyurem|Substitute
|
|-weather|Snowscape|[upkeep]
|-end|p2a: Glimmora|move: Future Sight
|-supereffective|p2a: Glimmora
|-damage|p2a: Glimmora|0 fnt
|faint|p2a: Glimmora
|-heal|p1a: Kyurem|9/100|[from] item: Leftovers
|upkeep
|
|t:|1757928816
|switch|p2a: Comfey|Comfey, M, shiny|100/100
|turn|19
|j| cris peacock
|
|t:|1757928828
|move|p1a: Kyurem|Freeze-Dry|p2a: Comfey
|-damage|p2a: Comfey|61/100
|move|p2a: Comfey|Calm Mind|p2a: Comfey
|-boost|p2a: Comfey|spa|1
|-boost|p2a: Comfey|spd|1
|
|-weather|Snowscape|[upkeep]
|-heal|p1a: Kyurem|15/100|[from] item: Leftovers
|upkeep
|turn|20
|
|t:|1757928836
|switch|p1a: Slowking|Slowking-Galar, L99, F|93/100
|move|p2a: Comfey|Calm Mind|p2a: Comfey
|-boost|p2a: Comfey|spa|1
|-boost|p2a: Comfey|spd|1
|
|-weather|Snowscape|[upkeep]
|upkeep
|turn|21
|
|t:|1757928845
|move|p2a: Comfey|Substitute|p2a: Comfey
|-start|p2a: Comfey|Substitute
|-damage|p2a: Comfey|36/100
|move|p1a: Slowking|Toxic||[still]
|-fail|p1a: Slowking
|
|-weather|none
|upkeep
|turn|22
|
|t:|1757928851
|move|p2a: Comfey|Calm Mind|p2a: Comfey
|-boost|p2a: Comfey|spa|1
|-boost|p2a: Comfey|spd|1
|move|p1a: Slowking|Sludge Bomb|p2a: Comfey
|-supereffective|p2a: Comfey
|-end|p2a: Comfey|Substitute
|
|upkeep
|turn|23
|
|t:|1757928859
|-terastallize|p2a: Comfey|Ground
|move|p2a: Comfey|Substitute|p2a: Comfey
|-start|p2a: Comfey|Substitute
|-damage|p2a: Comfey|11/100
|move|p1a: Slowking|Sludge Bomb|p2a: Comfey
|-resisted|p2a: Comfey
|-activate|p2a: Comfey|move: Substitute|[damage]
|
|upkeep
|turn|24
|
|t:|1757928866
|move|p2a: Comfey|Tera Blast|p1a: Slowking|[anim] Tera Blast Ground
|-supereffective|p1a: Slowking
|-damage|p1a: Slowking|0 fnt
|faint|p1a: Slowking
|-damage|p2a: Comfey|1/100|[from] item: Life Orb
|
|upkeep
|
|t:|1757928874
|switch|p1a: Corviknight|Corviknight, M|68/100
|-damage|p1a: Corviknight|56/100|[from] Stealth Rock
|-ability|p1a: Corviknight|Pressure
|turn|25
|
|t:|1757928878
|move|p2a: Comfey|Draining Kiss|p1a: Corviknight
|-resisted|p1a: Corviknight
|-damage|p1a: Corviknight|22/100
|-heal|p2a: Comfey|34/100|[from] drain|[of] p1a: Corviknight
|-damage|p2a: Comfey|18/100|[from] item: Rocky Helmet|[of] p1a: Corviknight
|-damage|p2a: Comfey|8/100|[from] item: Life Orb
|move|p1a: Corviknight|Brave Bird|p2a: Comfey
|-end|p2a: Comfey|Substitute
|-damage|p1a: Corviknight|18/100|[from] Recoil|[of] p2a: Comfey
|
|upkeep
|turn|26
|
|t:|1757928887
|move|p2a: Comfey|Draining Kiss|p1a: Corviknight
|-resisted|p1a: Corviknight
|-damage|p1a: Corviknight|0 fnt
|-heal|p2a: Comfey|25/100|[from] drain|[of] p1a: Corviknight
|-damage|p2a: Comfey|8/100|[from] item: Rocky Helmet|[of] p1a: Corviknight
|faint|p1a: Corviknight
|-damage|p2a: Comfey|0 fnt|[from] item: Life Orb
|faint|p2a: Comfey
|
|upkeep
|
|t:|1757928891
|switch|p2a: Kingambit|Kingambit, M, shiny|100/100
|switch|p1a: Cinderace|Cinderace, M|100/100
|-activate|p2a: Kingambit|ability: Supreme Overlord
|-start|p2a: Kingambit|fallen5|[silent]
|turn|27
|
|t:|1757928895
|move|p1a: Cinderace|Will-O-Wisp|p2a: Kingambit
|-status|p2a: Kingambit|brn
|move|p2a: Kingambit|Swords Dance|p2a: Kingambit
|-boost|p2a: Kingambit|atk|2
|
|-damage|p2a: Kingambit|94/100 brn|[from] brn
|upkeep
|turn|28
|
|t:|1757928905
|move|p2a: Kingambit|Sucker Punch|p1a: Cinderace
|-damage|p1a: Cinderace|24/100
|move|p1a: Cinderace|Pyro Ball|p2a: Kingambit
|-supereffective|p2a: Kingambit
|-damage|p2a: Kingambit|0 fnt
|faint|p2a: Kingambit
|-end|p2a: Kingambit|fallen5|[silent]
|
|win|ulky
|raw|ulky's rating: 1704 &rarr; <strong>1720</strong><br />(+16 for winning)
|raw|Lucid Coffee's rating: 1640 &rarr; <strong>1624</strong><br />(-16 for losing)
|l|☆ulky
|player|p1|
|l|‽Lucid Coffee
|player|p2|
|l| cris peacock
