|j|☆Gameprom4
|j|☆nmx123
|t:|1757955716
|gametype|singles
|player|p1|Gameprom4|169|1632
|player|p2|nmx123|1|1624
|gen|9
|tier|[Gen 9] OU
|rated|
|rule|HP Percentage Mod: HP is shown in percentages
|rule|Endless Battle Clause: Forcing endless battles is banned
|rule|Species Clause: Limit one of each Pokémon
|rule|OHKO Clause: OHKO moves are banned
|rule|Evasion Items Clause: Evasion items are banned
|rule|Evasion Moves Clause: Evasion moves are banned
|rule|Evasion Abilities Clause: Evasion abilities are banned
|rule|Sleep Moves Clause: Sleep-inducing moves are banned
|clearpoke
|poke|p1|Sinistcha|
|poke|p1|Scizor, F|
|poke|p1|Araquanid, M|
|poke|p1|Great Tusk|
|poke|p1|Primarina, M|
|poke|p1|Chandelure, M|
|poke|p2|Dragonite, M|
|poke|p2|Zamazenta-*|
|poke|p2|Ting-Lu|
|poke|p2|Gholdengo|
|poke|p2|Raging Bolt|
|poke|p2|Cinderace, F|
|teampreview
|inactive|Battle timer is ON: inactive players will automatically lose when time's up. (requested by Gameprom4)
|inactive|nmx123 also wants the timer to be on.
|
|t:|1757955731
|teamsize|p1|6
|teamsize|p2|6
|start
|switch|p1a: Primarina|Primarina, M|100/100
|switch|p2a: Raging Bolt|Raging Bolt|100/100
|turn|1
|
|t:|1757955735
|switch|p1a: Great Tusk|Great Tusk|100/100
|move|p2a: Raging Bolt|Thunderbolt|p1a: Great Tusk
|-immune|p1a: Great Tusk
|
|upkeep
|turn|2
|
|t:|1757955742
|move|p1a: Great Tusk|Headlong Rush|p2a: Raging Bolt
|-supereffective|p2a: Raging Bolt
|-damage|p2a: Raging Bolt|7/100
|-unboost|p1a: Great Tusk|def|1
|-unboost|p1a: Great Tusk|spd|1
|move|p2a: Raging Bolt|Draco Meteor|p1a: Great Tusk
|-damage|p1a: Great Tusk|0 fnt
|-unboost|p2a: Raging Bolt|spa|2
|faint|p1a: Great Tusk
|-end|p1a: Great Tusk|Protosynthesis|[silent]
|-damage|p2a: Raging Bolt|0 fnt|[from] item: Life Orb
|faint|p2a: Raging Bolt
|-end|p2a: Raging Bolt|Protosynthesis|[silent]
|
|upkeep
|
|t:|1757955752
|switch|p1a: Primarina|Primarina, M|100/100
|switch|p2a: Dragonite|Dragonite, M|100/100
|turn|3
|
|t:|1757955767
|move|p1a: Primarina|Moonblast|p2a: Dragonite
|-supereffective|p2a: Dragonite
|-damage|p2a: Dragonite|38/100
|-unboost|p2a: Dragonite|spa|1
|move|p2a: Dragonite|Thunder Punch|p1a: Primarina
|-supereffective|p1a: Primarina
|-damage|p1a: Primarina|0 fnt
|faint|p1a: Primarina
|
|upkeep
|
|t:|1757955774
|switch|p1a: Sinistcha|Sinistcha|100/100
|turn|4
|
|t:|1757955777
|switch|p2a: Ting-Lu|Ting-Lu|100/100
|-ability|p2a: Ting-Lu|Vessel of Ruin
|move|p1a: Sinistcha|Calm Mind|p1a: Sinistcha
|-boost|p1a: Sinistcha|spa|1
|-boost|p1a: Sinistcha|spd|1
|
|upkeep
|turn|5
|
|t:|1757955779
|move|p1a: Sinistcha|Calm Mind|p1a: Sinistcha
|-boost|p1a: Sinistcha|spa|1
|-boost|p1a: Sinistcha|spd|1
|move|p2a: Ting-Lu|Whirlwind|p1a: Sinistcha
|drag|p1a: Araquanid|Araquanid, M|100/100
|
|upkeep
|turn|6
|
|t:|1757955788
|switch|p2a: Gholdengo|Gholdengo|100/100
|move|p1a: Araquanid|Sticky Web|p2a: Gholdengo
|-sidestart|p2: nmx123|move: Sticky Web
|
|upkeep
|turn|7
|
|t:|1757955792
|switch|p1a: Chandelure|Chandelure, M|100/100
|move|p2a: Gholdengo|Shadow Ball|p1a: Chandelure
|-supereffective|p1a: Chandelure
|-damage|p1a: Chandelure|0 fnt
|faint|p1a: Chandelure
|-damage|p2a: Gholdengo|91/100|[from] item: Life Orb
|
|upkeep
|
|t:|1757955794
|switch|p1a: Scizor|Scizor, F|100/100
|turn|8
|
|t:|1757955801
|switch|p2a: Zamazenta|Zamazenta|100/100
|-activate|p2a: Zamazenta|move: Sticky Web
|-unboost|p2a: Zamazenta|spe|1
|-ability|p2a: Zamazenta|Dauntless Shield|boost
|-boost|p2a: Zamazenta|def|1
|move|p1a: Scizor|Swords Dance|p1a: Scizor
|-boost|p1a: Scizor|atk|2
|
|upkeep
|turn|9
|
|t:|1757955803
|move|p1a: Scizor|U-turn|p2a: Zamazenta
|-resisted|p2a: Zamazenta
|-damage|p2a: Zamazenta|83/100
|
|t:|1757955804
|switch|p1a: Sinistcha|Sinistcha|100/100|[from] U-turn
|move|p2a: Zamazenta|Iron Defense|p2a: Zamazenta
|-boost|p2a: Zamazenta|def|2
|
|-heal|p2a: Zamazenta|89/100|[from] item: Leftovers
|upkeep
|turn|10
|
|t:|1757955810
|switch|p2a: Cinderace|Cinderace, F|100/100
|move|p1a: Sinistcha|Shadow Ball|p2a: Cinderace
|-damage|p2a: Cinderace|51/100
|
|upkeep
|turn|11
|
|t:|1757955817
|move|p2a: Cinderace|Pyro Ball|p1a: Sinistcha
|-supereffective|p1a: Sinistcha
|-damage|p1a: Sinistcha|62/100
|-status|p1a: Sinistcha|brn
|move|p1a: Sinistcha|Calm Mind|p1a: Sinistcha
|-boost|p1a: Sinistcha|spa|1
|-boost|p1a: Sinistcha|spd|1
|
|-heal|p1a: Sinistcha|68/100 brn|[from] item: Leftovers
|-damage|p1a: Sinistcha|65/100 brn|[from] brn
|upkeep
|turn|12
|
|t:|1757955822
|move|p2a: Cinderace|Court Change|p2a: Cinderace
|-start|p2a: Cinderace|typechange|Normal|[from] ability: Libero
|-swapsideconditions
|-activate|p2a: Cinderace|move: Court Change
|move|p1a: Sinistcha|Strength Sap|p2a: Cinderace
|-unboost|p2a: Cinderace|atk|1
|-heal|p1a: Sinistcha|100/100 brn
|
|-damage|p1a: Sinistcha|98/100 brn|[from] brn
|upkeep
|turn|13
|
|t:|1757955828
|move|p2a: Cinderace|U-turn|p1a: Sinistcha
|-damage|p1a: Sinistcha|87/100 brn
|
|t:|1757955834
|switch|p2a: Ting-Lu|Ting-Lu|100/100|[from] U-turn
|-ability|p2a: Ting-Lu|Vessel of Ruin
|move|p1a: Sinistcha|Calm Mind|p1a: Sinistcha
|-boost|p1a: Sinistcha|spa|1
|-boost|p1a: Sinistcha|spd|1
|
|-heal|p1a: Sinistcha|94/100 brn|[from] item: Leftovers
|-damage|p1a: Sinistcha|91/100 brn|[from] brn
|upkeep
|turn|14
|
|t:|1757955836
|move|p1a: Sinistcha|Matcha Gotcha|p2a: Ting-Lu
|-supereffective|p2a: Ting-Lu
|-damage|p2a: Ting-Lu|30/100
|-heal|p1a: Sinistcha|100/100 brn|[from] drain|[of] p2a: Ting-Lu
|move|p2a: Ting-Lu|Whirlwind|p1a: Sinistcha
|drag|p1a: Scizor|Scizor, F|100/100
|-activate|p1a: Scizor|move: Sticky Web
|-unboost|p1a: Scizor|spe|1
|
|-heal|p2a: Ting-Lu|36/100|[from] item: Leftovers
|upkeep
|turn|15
|
|t:|1757955841
|move|p1a: Scizor|U-turn|p2a: Ting-Lu
|-supereffective|p2a: Ting-Lu
|-damage|p2a: Ting-Lu|0 fnt
|faint|p2a: Ting-Lu
|
|t:|1757955844
|switch|p1a: Araquanid|Araquanid, M|100/100|[from] U-turn
|-activate|p1a: Araquanid|move: Sticky Web
|-unboost|p1a: Araquanid|spe|1
|
|upkeep
|
|t:|1757955848
|switch|p2a: Dragonite|Dragonite, M|38/100
|turn|16
|
|t:|1757955854
|move|p2a: Dragonite|Outrage|p1a: Araquanid
|-damage|p1a: Araquanid|0 fnt
|faint|p1a: Araquanid
|
|upkeep
|
|t:|1757955867
|switch|p1a: Sinistcha|Sinistcha|100/100 brn
|-activate|p1a: Sinistcha|move: Sticky Web
|-unboost|p1a: Sinistcha|spe|1
|turn|17
|
|t:|1757955869
|move|p2a: Dragonite|Outrage|p1a: Sinistcha|[from] lockedmove
|-damage|p1a: Sinistcha|26/100 brn
|move|p1a: Sinistcha|Strength Sap|p2a: Dragonite
|-unboost|p2a: Dragonite|atk|1
|-heal|p1a: Sinistcha|100/100 brn
|
|-damage|p1a: Sinistcha|98/100 brn|[from] brn
|upkeep
|turn|18
|
|t:|1757955875
|move|p2a: Dragonite|Outrage|p1a: Sinistcha|[from] lockedmove
|-damage|p1a: Sinistcha|52/100 brn
|-start|p2a: Dragonite|confusion|[fatigue]
|move|p1a: Sinistcha|Shadow Ball|p2a: Dragonite
|-damage|p2a: Dragonite|8/100
|
|-heal|p1a: Sinistcha|58/100 brn|[from] item: Leftovers
|-damage|p1a: Sinistcha|55/100 brn|[from] brn
|upkeep
|turn|19
|
|t:|1757955883
|switch|p2a: Gholdengo|Gholdengo|91/100
|move|p1a: Sinistcha|Strength Sap|p2a: Gholdengo
|-immune|p2a: Gholdengo|[from] ability: Good as Gold
|
|-heal|p1a: Sinistcha|61/100 brn|[from] item: Leftovers
|-damage|p1a: Sinistcha|58/100 brn|[from] brn
|upkeep
|turn|20
|
|t:|1757955891
|switch|p1a: Scizor|Scizor, F|100/100
|-activate|p1a: Scizor|move: Sticky Web
|-unboost|p1a: Scizor|spe|1
|move|p2a: Gholdengo|Shadow Ball|p1a: Scizor
|-damage|p1a: Scizor|20/100
|-damage|p2a: Gholdengo|81/100|[from] item: Life Orb
|
|upkeep
|turn|21
|
|t:|1757955897
|move|p1a: Scizor|Bullet Punch|p2a: Gholdengo
|-resisted|p2a: Gholdengo
|-damage|p2a: Gholdengo|59/100
|move|p2a: Gholdengo|Shadow Ball|p1a: Scizor
|-damage|p1a: Scizor|0 fnt
|faint|p1a: Scizor
|-damage|p2a: Gholdengo|49/100|[from] item: Life Orb
|
|upkeep
|
|t:|1757955900
|switch|p1a: Sinistcha|Sinistcha|58/100 brn
|-activate|p1a: Sinistcha|move: Sticky Web
|-unboost|p1a: Sinistcha|spe|1
|turn|22
|
|t:|1757955902
|-terastallize|p1a: Sinistcha|Poison
|move|p2a: Gholdengo|Shadow Ball|p1a: Sinistcha
|-damage|p1a: Sinistcha|0 fnt
|faint|p1a: Sinistcha
|-damage|p2a: Gholdengo|39/100|[from] item: Life Orb
|
|win|nmx123
|raw|Gameprom4's rating: 1632 &rarr; <strong>1612</strong><br />(-20 for losing)
|raw|nmx123's rating: 1624 &rarr; <strong>1644</strong><br />(+20 for winning)
|l|☆Gameprom4
|player|p1|
|l|☆nmx123
|player|p2|
