|j|☆ZeNiN_K1
|j|☆gwest314
|t:|1757886521
|gametype|singles
|player|p1|ZeNiN_K1|acetrainer-gen4|1124
|player|p2|gwest314|steven|1189
|gen|9
|tier|[Gen 9] OU
|rated|
|rule|HP Percentage Mod: HP is shown in percentages
|rule|Endless Battle Clause: Forcing endless battles is banned
|rule|Species Clause: Limit one of each Pokémon
|rule|OHKO Clause: OHKO moves are banned
|rule|Evasion Items Clause: Evasion items are banned
|rule|Evasion Moves Clause: Evasion moves are banned
|rule|Evasion Abilities Clause: Evasion abilities are banned
|rule|Sleep Moves Clause: Sleep-inducing moves are banned
|clearpoke
|poke|p1|Zamazenta-*|
|poke|p1|Ninetales-Alola, M|
|poke|p1|Darkrai|
|poke|p1|Ceruledge, F|
|poke|p1|Gliscor, M|
|poke|p1|Hatterene, F|
|poke|p2|Araquanid, F|
|poke|p2|Lokix, M|
|poke|p2|Corviknight, M|
|poke|p2|Iron Crown|
|poke|p2|Raging Bolt|
|poke|p2|Iron Valiant|
|teampreview
|inactive|Battle timer is ON: inactive players will automatically lose when time's up. (requested by gwest314)
|
|t:|1757886550
|teamsize|p1|6
|teamsize|p2|6
|start
|switch|p1a: Hatterene|Hatterene, F|100/100
|switch|p2a: Iron Valiant|Iron Valiant|100/100
|turn|1
|
|t:|1757886566
|move|p2a: Iron Valiant|Trick|p1a: Hatterene
|-activate|p2a: Iron Valiant|move: Trick|[of] p1a: Hatterene
|-item|p1a: Hatterene|Choice Scarf|[from] move: Trick
|-item|p2a: Iron Valiant|Assault Vest|[from] move: Trick
|move|p1a: Hatterene|Nuzzle|p2a: Iron Valiant
|-damage|p2a: Iron Valiant|96/100
|-status|p2a: Iron Valiant|par
|
|upkeep
|turn|2
|inactive|ZeNiN_K1 has 120 seconds left.
|
|t:|1757886605
|-end|p2a: Iron Valiant|Quark Drive|[silent]
|switch|p2a: Arakuanid|Araquanid, F|100/100
|switch|p1a: Ninetales|Ninetales-Alola, M|100/100
|-weather|Snowscape|[from] ability: Snow Warning|[of] p1a: Ninetales
|
|-weather|Snowscape|[upkeep]
|upkeep
|turn|3
|
|t:|1757886617
|switch|p1a: Hatterene|Hatterene, F|100/100
|move|p2a: Arakuanid|Liquidation|p1a: Hatterene
|-damage|p1a: Hatterene|0 fnt
|faint|p1a: Hatterene
|
|-weather|Snowscape|[upkeep]
|upkeep
|
|t:|1757886627
|switch|p1a: Ninetales|Ninetales-Alola, M|100/100
|turn|4
|
|t:|1757886638
|move|p1a: Ninetales|Aurora Veil|p1a: Ninetales
|-sidestart|p1: ZeNiN_K1|move: Aurora Veil
|move|p2a: Arakuanid|Liquidation|p1a: Ninetales
|-damage|p1a: Ninetales|63/100
|-unboost|p1a: Ninetales|def|1
|
|-weather|Snowscape|[upkeep]
|upkeep
|turn|5
|
|t:|1757886647
|switch|p1a: Darkrai|Darkrai|100/100
|-terastallize|p2a: Arakuanid|Water
|move|p2a: Arakuanid|Liquidation|p1a: Darkrai
|-damage|p1a: Darkrai|13/100
|
|-weather|Snowscape|[upkeep]
|-heal|p1a: Darkrai|19/100|[from] item: Leftovers
|upkeep
|turn|6
|
|t:|1757886657
|switch|p1a: Zamazenta|Zamazenta|100/100
|-ability|p1a: Zamazenta|Dauntless Shield|boost
|-boost|p1a: Zamazenta|def|1
|move|p2a: Arakuanid|Liquidation|p1a: Zamazenta
|-damage|p1a: Zamazenta|64/100
|
|-weather|none
|upkeep
|turn|7
|
|t:|1757886676
|move|p1a: Zamazenta|Iron Defense|p1a: Zamazenta
|-boost|p1a: Zamazenta|def|2
|move|p2a: Arakuanid|Liquidation|p1a: Zamazenta
|-damage|p1a: Zamazenta|44/100
|
|upkeep
|turn|8
|
|t:|1757886681
|move|p1a: Zamazenta|Iron Defense|p1a: Zamazenta
|-boost|p1a: Zamazenta|def|2
|move|p2a: Arakuanid|Liquidation|p1a: Zamazenta
|-damage|p1a: Zamazenta|29/100
|
|upkeep
|turn|9
|
|t:|1757886684
|move|p1a: Zamazenta|Iron Defense|p1a: Zamazenta
|-boost|p1a: Zamazenta|def|1
|move|p2a: Arakuanid|Liquidation|p1a: Zamazenta
|-damage|p1a: Zamazenta|17/100
|-unboost|p1a: Zamazenta|def|1
|
|upkeep
|turn|10
|
|t:|1757886686
|move|p1a: Zamazenta|Rest|p1a: Zamazenta
|-status|p1a: Zamazenta|slp|[from] move: Rest
|-heal|p1a: Zamazenta|100/100 slp|[silent]
|-enditem|p1a: Zamazenta|Chesto Berry|[eat]
|-curestatus|p1a: Zamazenta|slp|[msg]
|move|p2a: Arakuanid|Liquidation|p1a: Zamazenta
|-damage|p1a: Zamazenta|85/100
|-unboost|p1a: Zamazenta|def|1
|
|upkeep
|turn|11
|
|t:|1757886689
|move|p1a: Zamazenta|Body Press|p2a: Arakuanid
|-damage|p2a: Arakuanid|0 fnt
|faint|p2a: Arakuanid
|
|-sideend|p1: ZeNiN_K1|move: Aurora Veil
|upkeep
|
|t:|1757886698
|switch|p2a: Raging Bol|Raging Bolt|100/100
|turn|12
|
|t:|1757886700
|move|p2a: Raging Bol|Thunderclap||[still]
|-fail|p2a: Raging Bol
|move|p1a: Zamazenta|Iron Defense|p1a: Zamazenta
|-boost|p1a: Zamazenta|def|2
|
|upkeep
|turn|13
|
|t:|1757886702
|move|p2a: Raging Bol|Thunderclap|p1a: Zamazenta
|-damage|p1a: Zamazenta|30/100
|-damage|p2a: Raging Bol|91/100|[from] item: Life Orb
|move|p1a: Zamazenta|Body Press|p2a: Raging Bol
|-damage|p2a: Raging Bol|0 fnt
|faint|p2a: Raging Bol
|-end|p2a: Raging Bol|Protosynthesis|[silent]
|
|upkeep
|
|t:|1757886704
|switch|p2a: Lokicks|Lokix, M, shiny|100/100
|turn|14
|
|t:|1757886710
|-terastallize|p1a: Zamazenta|Fire
|move|p2a: Lokicks|First Impression|p1a: Zamazenta
|-resisted|p1a: Zamazenta
|-damage|p1a: Zamazenta|21/100
|move|p1a: Zamazenta|Rest|p1a: Zamazenta
|-status|p1a: Zamazenta|slp|[from] move: Rest
|-heal|p1a: Zamazenta|100/100 slp|[silent]
|
|upkeep
|turn|15
|
|t:|1757886719
|cant|p1a: Zamazenta|slp
|move|p2a: Lokicks|U-turn|p1a: Zamazenta
|-resisted|p1a: Zamazenta
|-damage|p1a: Zamazenta|93/100 slp
|
|t:|1757886720
|switch|p2a: Iron Horse|Iron Crown|100/100|[from] U-turn
|
|upkeep
|turn|16
|
|t:|1757886724
|cant|p1a: Zamazenta|slp
|move|p2a: Iron Horse|Steel Beam|p1a: Zamazenta
|-resisted|p1a: Zamazenta
|-damage|p1a: Zamazenta|52/100 slp
|-damage|p2a: Iron Horse|50/100|[from] steelbeam
|-damage|p2a: Iron Horse|41/100|[from] item: Life Orb
|
|upkeep
|turn|17
|
|t:|1757886730
|-curestatus|p1a: Zamazenta|slp|[msg]
|move|p1a: Zamazenta|Body Press|p2a: Iron Horse
|-damage|p2a: Iron Horse|0 fnt
|faint|p2a: Iron Horse
|-end|p2a: Iron Horse|Quark Drive|[silent]
|
|upkeep
|-message|gwest314 forfeited.
|
|win|ZeNiN_K1
|raw|ZeNiN_K1's rating: 1124 &rarr; <strong>1154</strong><br />(+30 for winning)
|raw|gwest314's rating: 1189 &rarr; <strong>1159</strong><br />(-30 for losing)
|l|☆gwest314
|player|p2|
