|j|☆owl_with_scarf
|j|☆love is simple
|t:|1757948368
|gametype|singles
|player|p1|owl_with_scarf|#owlwithscarf|1529
|player|p2|love is simple|dawn|1523
|gen|9
|tier|[Gen 9] OU
|rated|
|rule|HP Percentage Mod: HP is shown in percentages
|rule|Endless Battle Clause: Forcing endless battles is banned
|rule|Species Clause: Limit one of each Pokémon
|rule|OHKO Clause: OHKO moves are banned
|rule|Evasion Items Clause: Evasion items are banned
|rule|Evasion Moves Clause: Evasion moves are banned
|rule|Evasion Abilities Clause: Evasion abilities are banned
|rule|Sleep Moves Clause: Sleep-inducing moves are banned
|clearpoke
|poke|p1|Ninetales-Alola, M|
|poke|p1|Cetitan, M|
|poke|p1|Kyurem|
|poke|p1|Sandslash-Alola, F|
|poke|p1|Moltres|
|poke|p1|Zamazenta-*|
|poke|p2|Dondozo, M|
|poke|p2|Blissey, F|
|poke|p2|Corviknight, M|
|poke|p2|Weezing-Galar, F|
|poke|p2|Gliscor, M|
|poke|p2|Toxapex, F|
|teampreview
|inactive|Battle timer is ON: inactive players will automatically lose when time's up. (requested by owl_with_scarf)
|inactive|love is simple also wants the timer to be on.
|
|t:|1757948375
|teamsize|p1|6
|teamsize|p2|6
|start
|switch|p1a: Sandslash|Sandslash-Alola, F|100/100
|switch|p2a: Gliscor|Gliscor, M|100/100
|turn|1
|
|t:|1757948396
|move|p2a: Gliscor|Protect|p2a: Gliscor
|-singleturn|p2a: Gliscor|Protect
|move|p1a: Sandslash|Knock Off|p2a: Gliscor
|-activate|p2a: Gliscor|move: Protect
|
|-status|p2a: Gliscor|tox|[from] item: Toxic Orb
|upkeep
|turn|2
|
|t:|1757948403
|switch|p2a: Toxapex|Toxapex, F|100/100
|move|p1a: Sandslash|Triple Axel|p2a: Toxapex
|-resisted|p2a: Toxapex
|-damage|p2a: Toxapex|97/100
|-resisted|p2a: Toxapex
|-damage|p2a: Toxapex|89/100
|-resisted|p2a: Toxapex
|-damage|p2a: Toxapex|78/100
|-hitcount|p2a: Toxapex|3
|
|-heal|p2a: Toxapex|84/100|[from] item: Leftovers
|upkeep
|turn|3
|
|t:|1757948408
|move|p1a: Sandslash|Knock Off|p2a: Toxapex
|-damage|p2a: Toxapex|60/100
|-enditem|p2a: Toxapex|Leftovers|[from] move: Knock Off|[of] p1a: Sandslash
|move|p2a: Toxapex|Toxic Spikes|p1a: Sandslash
|-sidestart|p1: owl_with_scarf|move: Toxic Spikes
|
|upkeep
|turn|4
|
|t:|1757948415
|move|p1a: Sandslash|Stealth Rock|p2a: Toxapex
|-sidestart|p2: love is simple|move: Stealth Rock
|move|p2a: Toxapex|Recover|p2a: Toxapex
|-heal|p2a: Toxapex|100/100
|
|upkeep
|turn|5
|
|t:|1757948418
|move|p1a: Sandslash|Rapid Spin|p2a: Toxapex
|-damage|p2a: Toxapex|89/100
|-boost|p1a: Sandslash|spe|1
|-sideend|p1: owl_with_scarf|Toxic Spikes|[from] move: Rapid Spin|[of] p1a: Sandslash
|move|p2a: Toxapex|Toxic Spikes|p1a: Sandslash
|-sidestart|p1: owl_with_scarf|move: Toxic Spikes
|
|upkeep
|turn|6
|
|t:|1757948424
|switch|p2a: Corviknight|Corviknight, M|100/100
|-damage|p2a: Corviknight|88/100|[from] Stealth Rock
|-ability|p2a: Corviknight|Pressure
|move|p1a: Sandslash|Rapid Spin|p2a: Corviknight
|-resisted|p2a: Corviknight
|-damage|p2a: Corviknight|83/100
|-boost|p1a: Sandslash|spe|1
|-sideend|p1: owl_with_scarf|Toxic Spikes|[from] move: Rapid Spin|[of] p1a: Sandslash
|
|-heal|p2a: Corviknight|89/100|[from] item: Leftovers
|upkeep
|turn|7
|
|t:|1757948428
|switch|p1a: Moltres|Moltres|100/100
|move|p2a: Corviknight|Defog|p1a: Moltres
|-unboost|p1a: Moltres|evasion|1
|-sideend|p2: love is simple|Stealth Rock|[from] move: Defog|[of] p2a: Corviknight
|
|-heal|p2a: Corviknight|95/100|[from] item: Leftovers
|upkeep
|turn|8
|
|t:|1757948432
|switch|p2a: Gliscor|Gliscor, M|100/100 tox
|move|p1a: Moltres|U-turn|p2a: Gliscor
|-resisted|p2a: Gliscor
|-damage|p2a: Gliscor|95/100 tox
|
|t:|1757948436
|switch|p1a: Kyurem|Kyurem|100/100|[from] U-turn
|-ability|p1a: Kyurem|Pressure
|
|-heal|p2a: Gliscor|100/100 tox|[from] ability: Poison Heal
|upkeep
|turn|9
|j| Dionysos
|
|t:|1757948439
|switch|p2a: Toxapex|Toxapex, F|100/100
|move|p1a: Kyurem|Freeze-Dry|p2a: Toxapex
|-supereffective|p2a: Toxapex
|-damage|p2a: Toxapex|29/100
|
|upkeep
|turn|10
|l| Dionysos
|
|t:|1757948445
|switch|p1a: Sandslash|Sandslash-Alola, F|100/100
|switch|p2a: Blissey|Blissey, F|100/100
|
|upkeep
|turn|11
|
|t:|1757948450
|switch|p2a: Gliscor|Gliscor, M|100/100 tox
|move|p1a: Sandslash|Stealth Rock|p2a: Gliscor
|-sidestart|p2: love is simple|move: Stealth Rock
|
|upkeep
|turn|12
|
|t:|1757948457
|switch|p2a: Corviknight|Corviknight, M|95/100
|-damage|p2a: Corviknight|83/100|[from] Stealth Rock
|-ability|p2a: Corviknight|Pressure
|move|p1a: Sandslash|Triple Axel|p2a: Corviknight
|-damage|p2a: Corviknight|77/100
|-damage|p2a: Corviknight|66/100
|-damage|p2a: Corviknight|49/100
|-hitcount|p2a: Corviknight|3
|
|-heal|p2a: Corviknight|55/100|[from] item: Leftovers
|upkeep
|turn|13
|
|t:|1757948465
|switch|p1a: Moltres|Moltres|100/100
|move|p2a: Corviknight|Roost|p2a: Corviknight
|-heal|p2a: Corviknight|100/100
|-singleturn|p2a: Corviknight|move: Roost
|
|upkeep
|turn|14
|
|t:|1757948470
|move|p1a: Moltres|Hurricane|p2a: Corviknight
|-resisted|p2a: Corviknight
|-damage|p2a: Corviknight|69/100
|-start|p2a: Corviknight|confusion
|-activate|p2a: Corviknight|confusion
|move|p2a: Corviknight|Defog|p1a: Moltres
|-unboost|p1a: Moltres|evasion|1
|-sideend|p2: love is simple|Stealth Rock|[from] move: Defog|[of] p2a: Corviknight
|
|-heal|p2a: Corviknight|75/100|[from] item: Leftovers
|upkeep
|turn|15
|
|t:|1757948475
|switch|p2a: Gliscor|Gliscor, M|100/100 tox
|move|p1a: Moltres|U-turn|p2a: Gliscor
|-resisted|p2a: Gliscor
|-damage|p2a: Gliscor|95/100 tox
|
|t:|1757948480
|switch|p1a: Kyurem|Kyurem|100/100|[from] U-turn
|-ability|p1a: Kyurem|Pressure
|
|-heal|p2a: Gliscor|100/100 tox|[from] ability: Poison Heal
|upkeep
|turn|16
|
|t:|1757948483
|switch|p2a: Blissey|Blissey, F|100/100
|move|p1a: Kyurem|Draco Meteor|p2a: Blissey
|-damage|p2a: Blissey|69/100
|-unboost|p1a: Kyurem|spa|2
|
|-heal|p2a: Blissey|75/100|[from] item: Leftovers
|upkeep
|turn|17
|
|t:|1757948492
|switch|p1a: Sandslash|Sandslash-Alola, F|100/100
|move|p2a: Blissey|Seismic Toss|p1a: Sandslash
|-damage|p1a: Sandslash|66/100
|
|-heal|p2a: Blissey|81/100|[from] item: Leftovers
|upkeep
|turn|18
|
|t:|1757948496
|switch|p2a: Corviknight|Corviknight, M|75/100
|-ability|p2a: Corviknight|Pressure
|move|p1a: Sandslash|Knock Off|p2a: Corviknight
|-damage|p2a: Corviknight|57/100
|-enditem|p2a: Corviknight|Leftovers|[from] move: Knock Off|[of] p1a: Sandslash
|
|upkeep
|turn|19
|
|t:|1757948505
|switch|p1a: Moltres|Moltres|100/100
|move|p2a: Corviknight|Roost|p2a: Corviknight
|-heal|p2a: Corviknight|100/100
|-singleturn|p2a: Corviknight|move: Roost
|
|upkeep
|turn|20
|
|t:|1757948508
|switch|p2a: Gliscor|Gliscor, M|100/100 tox
|move|p1a: Moltres|U-turn|p2a: Gliscor
|-resisted|p2a: Gliscor
|-damage|p2a: Gliscor|94/100 tox
|
|t:|1757948510
|switch|p1a: Kyurem|Kyurem|100/100|[from] U-turn
|-ability|p1a: Kyurem|Pressure
|
|-heal|p2a: Gliscor|100/100 tox|[from] ability: Poison Heal
|upkeep
|turn|21
|
|t:|1757948515
|switch|p1a: Sandslash|Sandslash-Alola, F|66/100
|switch|p2a: Blissey|Blissey, F|81/100
|
|-heal|p2a: Blissey|88/100|[from] item: Leftovers
|upkeep
|turn|22
|
|t:|1757948520
|switch|p2a: Corviknight|Corviknight, M|100/100
|-ability|p2a: Corviknight|Pressure
|move|p1a: Sandslash|Triple Axel|p2a: Corviknight
|-damage|p2a: Corviknight|94/100
|-damage|p2a: Corviknight|83/100
|-damage|p2a: Corviknight|65/100
|-hitcount|p2a: Corviknight|3
|
|upkeep
|turn|23
|
|t:|1757948531
|switch|p1a: Moltres|Moltres|100/100
|switch|p2a: Gliscor|Gliscor, M|100/100 tox
|
|upkeep
|turn|24
|
|t:|1757948534
|move|p1a: Moltres|U-turn|p2a: Gliscor
|-resisted|p2a: Gliscor
|-damage|p2a: Gliscor|95/100 tox
|
|t:|1757948536
|switch|p1a: Ninetales|Ninetales-Alola, M|100/100|[from] U-turn
|-weather|Snowscape|[from] ability: Snow Warning|[of] p1a: Ninetales
|move|p2a: Gliscor|Knock Off|p1a: Ninetales
|-resisted|p1a: Ninetales
|-damage|p1a: Ninetales|90/100
|-enditem|p1a: Ninetales|Icy Rock|[from] move: Knock Off|[of] p2a: Gliscor
|
|-weather|Snowscape|[upkeep]
|-heal|p2a: Gliscor|100/100 tox|[from] ability: Poison Heal
|upkeep
|turn|25
|
|t:|1757948544
|switch|p1a: Sandslash|Sandslash-Alola, F|66/100
|switch|p2a: Blissey|Blissey, F|88/100
|
|-weather|Snowscape|[upkeep]
|-heal|p2a: Blissey|94/100|[from] item: Leftovers
|upkeep
|turn|26
|
|t:|1757948547
|switch|p2a: Corviknight|Corviknight, M|65/100
|-ability|p2a: Corviknight|Pressure
|move|p1a: Sandslash|Stealth Rock|p2a: Corviknight
|-sidestart|p2: love is simple|move: Stealth Rock
|
|-weather|Snowscape|[upkeep]
|upkeep
|turn|27
|
|t:|1757948556
|move|p1a: Sandslash|Triple Axel|p2a: Corviknight
|-damage|p2a: Corviknight|59/100
|-damage|p2a: Corviknight|48/100
|-damage|p2a: Corviknight|32/100
|-hitcount|p2a: Corviknight|3
|move|p2a: Corviknight|Defog|p1a: Sandslash
|-unboost|p1a: Sandslash|evasion|1
|-sideend|p2: love is simple|Stealth Rock|[from] move: Defog|[of] p2a: Corviknight
|
|-weather|Snowscape|[upkeep]
|upkeep
|turn|28
|
|t:|1757948563
|move|p1a: Sandslash|Triple Axel|p2a: Corviknight
|-damage|p2a: Corviknight|27/100
|-hitcount|p2a: Corviknight|1
|move|p2a: Corviknight|Roost|p2a: Corviknight
|-heal|p2a: Corviknight|77/100
|-singleturn|p2a: Corviknight|move: Roost
|
|-weather|Snowscape|[upkeep]
|upkeep
|turn|29
|
|t:|1757948572
|switch|p1a: Moltres|Moltres|100/100
|move|p2a: Corviknight|Iron Defense|p2a: Corviknight
|-boost|p2a: Corviknight|def|2
|
|-weather|Snowscape|[upkeep]
|upkeep
|turn|30
|
|t:|1757948577
|switch|p2a: Gliscor|Gliscor, M|100/100 tox
|move|p1a: Moltres|U-turn|p2a: Gliscor
|-resisted|p2a: Gliscor
|-damage|p2a: Gliscor|95/100 tox
|
|t:|1757948579
|switch|p1a: Kyurem|Kyurem|100/100|[from] U-turn
|-ability|p1a: Kyurem|Pressure
|
|-weather|Snowscape|[upkeep]
|-heal|p2a: Gliscor|100/100 tox|[from] ability: Poison Heal
|upkeep
|turn|31
|
|t:|1757948583
|switch|p2a: Blissey|Blissey, F|94/100
|move|p1a: Kyurem|Blizzard|p2a: Blissey
|-damage|p2a: Blissey|70/100
|
|-weather|none
|-heal|p2a: Blissey|76/100|[from] item: Leftovers
|upkeep
|turn|32
|
|t:|1757948590
|switch|p1a: Moltres|Moltres|100/100
|move|p2a: Blissey|Seismic Toss|p1a: Moltres
|-damage|p1a: Moltres|69/100
|-status|p2a: Blissey|brn|[from] ability: Flame Body|[of] p1a: Moltres
|
|-heal|p2a: Blissey|82/100 brn|[from] item: Leftovers
|-damage|p2a: Blissey|76/100 brn|[from] brn
|upkeep
|turn|33
|l|☆owl_with_scarf
|inactive|owl_with_scarf disconnected and has a minute to reconnect!
|player|p1|
|j|☆owl_with_scarf
|inactive|owl_with_scarf reconnected and has 135 seconds left.
|player|p1|owl_with_scarf|#owlwithscarf|
|
|t:|1757948607
|move|p1a: Moltres|U-turn|p2a: Blissey
|-damage|p2a: Blissey|60/100 brn
|
|t:|1757948609
|switch|p1a: Sandslash|Sandslash-Alola, F|66/100|[from] U-turn
|move|p2a: Blissey|Stealth Rock|p1a: Sandslash
|-sidestart|p1: owl_with_scarf|move: Stealth Rock
|
|-heal|p2a: Blissey|66/100 brn|[from] item: Leftovers
|-damage|p2a: Blissey|60/100 brn|[from] brn
|upkeep
|turn|34
|
|t:|1757948613
|-curestatus|p2a: Blissey|brn|[from] ability: Natural Cure
|switch|p2a: Corviknight|Corviknight, M|77/100
|-ability|p2a: Corviknight|Pressure
|move|p1a: Sandslash|Rapid Spin|p2a: Corviknight
|-resisted|p2a: Corviknight
|-damage|p2a: Corviknight|72/100
|-boost|p1a: Sandslash|spe|1
|-sideend|p1: owl_with_scarf|Stealth Rock|[from] move: Rapid Spin|[of] p1a: Sandslash
|
|upkeep
|turn|35
|
|t:|1757948621
|switch|p1a: Moltres|Moltres|69/100
|move|p2a: Corviknight|Iron Defense|p2a: Corviknight
|-boost|p2a: Corviknight|def|2
|
|upkeep
|turn|36
|l|☆owl_with_scarf
|inactive|owl_with_scarf disconnected and has a minute to reconnect!
|player|p1|
|j|☆owl_with_scarf
|inactive|owl_with_scarf reconnected and has 140 seconds left.
|player|p1|owl_with_scarf|#owlwithscarf|
|
|t:|1757948635
|switch|p2a: Gliscor|Gliscor, M|100/100 tox
|move|p1a: Moltres|U-turn|p2a: Gliscor
|-resisted|p2a: Gliscor
|-damage|p2a: Gliscor|94/100 tox
|
|t:|1757948638
|switch|p1a: Kyurem|Kyurem|100/100|[from] U-turn
|-ability|p1a: Kyurem|Pressure
|
|-heal|p2a: Gliscor|100/100 tox|[from] ability: Poison Heal
|upkeep
|turn|37
|
|t:|1757948642
|switch|p2a: Blissey|Blissey, F|60/100
|move|p1a: Kyurem|Freeze-Dry|p2a: Blissey
|-damage|p2a: Blissey|44/100
|
|-heal|p2a: Blissey|50/100|[from] item: Leftovers
|upkeep
|turn|38
|
|t:|1757948647
|switch|p1a: Sandslash|Sandslash-Alola, F|66/100
|move|p2a: Blissey|Soft-Boiled|p2a: Blissey
|-heal|p2a: Blissey|99/100
|
|-heal|p2a: Blissey|100/100|[from] item: Leftovers
|upkeep
|turn|39
|
|t:|1757948653
|switch|p1a: Moltres|Moltres|69/100
|switch|p2a: Corviknight|Corviknight, M|72/100
|-ability|p2a: Corviknight|Pressure
|
|upkeep
|turn|40
|
|t:|1757948656
|switch|p2a: Gliscor|Gliscor, M|100/100 tox
|move|p1a: Moltres|U-turn|p2a: Gliscor
|-resisted|p2a: Gliscor
|-damage|p2a: Gliscor|94/100 tox
|j| Dionysos
|
|t:|1757948661
|switch|p1a: Kyurem|Kyurem|100/100|[from] U-turn
|-ability|p1a: Kyurem|Pressure
|
|-heal|p2a: Gliscor|100/100 tox|[from] ability: Poison Heal
|upkeep
|turn|41
|l| Dionysos
|
|t:|1757948664
|switch|p2a: Blissey|Blissey, F|100/100
|move|p1a: Kyurem|Freeze-Dry|p2a: Blissey
|-damage|p2a: Blissey|85/100
|
|-heal|p2a: Blissey|91/100|[from] item: Leftovers
|upkeep
|turn|42
|
|t:|1757948668
|switch|p1a: Sandslash|Sandslash-Alola, F|66/100
|move|p2a: Blissey|Seismic Toss|p1a: Sandslash
|-damage|p1a: Sandslash|32/100
|
|-heal|p2a: Blissey|97/100|[from] item: Leftovers
|upkeep
|turn|43
|
|t:|1757948672
|switch|p2a: Corviknight|Corviknight, M|72/100
|-ability|p2a: Corviknight|Pressure
|move|p1a: Sandslash|Stealth Rock|p2a: Corviknight
|-sidestart|p2: love is simple|move: Stealth Rock
|
|upkeep
|turn|44
|
|t:|1757948678
|switch|p1a: Moltres|Moltres|69/100
|move|p2a: Corviknight|Defog|p1a: Moltres
|-unboost|p1a: Moltres|evasion|1
|-sideend|p2: love is simple|Stealth Rock|[from] move: Defog|[of] p2a: Corviknight
|
|upkeep
|turn|45
|
|t:|1757948682
|switch|p2a: Gliscor|Gliscor, M|100/100 tox
|move|p1a: Moltres|Hurricane|p2a: Gliscor|[miss]
|-miss|p1a: Moltres|p2a: Gliscor
|
|upkeep
|turn|46
|
|t:|1757948686
|move|p1a: Moltres|Hurricane|p2a: Gliscor
|-damage|p2a: Gliscor|46/100 tox
|-start|p2a: Gliscor|confusion
|-activate|p2a: Gliscor|confusion
|move|p2a: Gliscor|Earthquake|p1a: Moltres
|-immune|p1a: Moltres
|
|-heal|p2a: Gliscor|58/100 tox|[from] ability: Poison Heal
|upkeep
|turn|47
|
|t:|1757948691
|-activate|p2a: Gliscor|confusion
|-damage|p2a: Gliscor|51/100 tox|[from] confusion
|move|p1a: Moltres|Hurricane|p2a: Gliscor
|-damage|p2a: Gliscor|0 fnt
|faint|p2a: Gliscor
|
|upkeep
|
|t:|1757948702
|switch|p2a: Toxapex|Toxapex, F|62/100
|turn|48
|
|t:|1757948706
|move|p1a: Moltres|U-turn|p2a: Toxapex
|-resisted|p2a: Toxapex
|-damage|p2a: Toxapex|56/100
|
|t:|1757948708
|switch|p1a: Sandslash|Sandslash-Alola, F|32/100|[from] U-turn
|move|p2a: Toxapex|Toxic Spikes|p1a: Sandslash
|-sidestart|p1: owl_with_scarf|move: Toxic Spikes
|
|upkeep
|turn|49
|
|t:|1757948712
|switch|p2a: Corviknight|Corviknight, M|72/100
|-ability|p2a: Corviknight|Pressure
|move|p1a: Sandslash|Stealth Rock|p2a: Corviknight
|-sidestart|p2: love is simple|move: Stealth Rock
|
|upkeep
|turn|50
|
|t:|1757948715
|switch|p1a: Moltres|Moltres|69/100
|move|p2a: Corviknight|Defog|p1a: Moltres
|-unboost|p1a: Moltres|evasion|1
|-sideend|p1: owl_with_scarf|Toxic Spikes|[from] move: Defog|[of] p2a: Corviknight
|-sideend|p2: love is simple|Stealth Rock|[from] move: Defog|[of] p2a: Corviknight
|
|upkeep
|turn|51
|
|t:|1757948718
|switch|p2a: Toxapex|Toxapex, F|90/100
|move|p1a: Moltres|U-turn|p2a: Toxapex
|-resisted|p2a: Toxapex
|-damage|p2a: Toxapex|84/100
|
|t:|1757948720
|switch|p1a: Kyurem|Kyurem|100/100|[from] U-turn
|-ability|p1a: Kyurem|Pressure
|
|upkeep
|turn|52
|
|t:|1757948722
|switch|p2a: Blissey|Blissey, F|97/100
|move|p1a: Kyurem|Freeze-Dry|p2a: Blissey
|-damage|p2a: Blissey|80/100
|
|-heal|p2a: Blissey|86/100|[from] item: Leftovers
|upkeep
|turn|53
|
|t:|1757948726
|switch|p1a: Moltres|Moltres|69/100
|move|p2a: Blissey|Seismic Toss|p1a: Moltres
|-damage|p1a: Moltres|38/100
|-status|p2a: Blissey|brn|[from] ability: Flame Body|[of] p1a: Moltres
|
|-heal|p2a: Blissey|93/100 brn|[from] item: Leftovers
|-damage|p2a: Blissey|86/100 brn|[from] brn
|upkeep
|turn|54
|
|t:|1757948729
|move|p1a: Moltres|Roost|p1a: Moltres
|-heal|p1a: Moltres|88/100
|-singleturn|p1a: Moltres|move: Roost
|move|p2a: Blissey|Seismic Toss|p1a: Moltres
|-damage|p1a: Moltres|57/100
|
|-heal|p2a: Blissey|93/100 brn|[from] item: Leftovers
|-damage|p2a: Blissey|86/100 brn|[from] brn
|upkeep
|turn|55
|
|t:|1757948732
|move|p1a: Moltres|U-turn|p2a: Blissey
|-damage|p2a: Blissey|72/100 brn
|
|t:|1757948735
|switch|p1a: Zamazenta|Zamazenta|100/100|[from] U-turn
|-ability|p1a: Zamazenta|Dauntless Shield|boost
|-boost|p1a: Zamazenta|def|1
|move|p2a: Blissey|Stealth Rock|p1a: Zamazenta
|-sidestart|p1: owl_with_scarf|move: Stealth Rock
|
|-heal|p2a: Blissey|78/100 brn|[from] item: Leftovers
|-damage|p2a: Blissey|72/100 brn|[from] brn
|upkeep
|turn|56
|
|t:|1757948743
|-curestatus|p2a: Blissey|brn|[from] ability: Natural Cure
|switch|p2a: Toxapex|Toxapex, F|100/100
|move|p1a: Zamazenta|Iron Defense|p1a: Zamazenta
|-boost|p1a: Zamazenta|def|2
|
|upkeep
|turn|57
|
|t:|1757948747
|switch|p1a: Sandslash|Sandslash-Alola, F|32/100
|move|p2a: Toxapex|Toxic|p1a: Sandslash
|-immune|p1a: Sandslash
|
|upkeep
|turn|58
|
|t:|1757948753
|switch|p2a: Weezing|Weezing-Galar, F|100/100
|-ability|p2a: Weezing|Neutralizing Gas
|move|p1a: Sandslash|Rapid Spin|p2a: Weezing
|-damage|p2a: Weezing|89/100
|-boost|p1a: Sandslash|spe|1
|-sideend|p1: owl_with_scarf|Stealth Rock|[from] move: Rapid Spin|[of] p1a: Sandslash
|
|upkeep
|turn|59
|
|t:|1757948765
|switch|p1a: Moltres|Moltres|57/100
|move|p2a: Weezing|Strange Steam|p1a: Moltres
|-resisted|p1a: Moltres
|-damage|p1a: Moltres|42/100
|
|upkeep
|turn|60
|
|t:|1757948769
|-end|p2a: Weezing|ability: Neutralizing Gas
|switch|p2a: Blissey|Blissey, F|72/100
|move|p1a: Moltres|Roost|p1a: Moltres
|-heal|p1a: Moltres|92/100
|-singleturn|p1a: Moltres|move: Roost
|
|-heal|p2a: Blissey|78/100|[from] item: Leftovers
|upkeep
|turn|61
|
|t:|1757948774
|move|p1a: Moltres|U-turn|p2a: Blissey
|-damage|p2a: Blissey|64/100
|
|t:|1757948777
|switch|p1a: Zamazenta|Zamazenta|100/100|[from] U-turn
|move|p2a: Blissey|Seismic Toss|p1a: Zamazenta
|-damage|p1a: Zamazenta|75/100
|
|-heal|p1a: Zamazenta|81/100|[from] item: Leftovers
|-heal|p2a: Blissey|70/100|[from] item: Leftovers
|upkeep
|turn|62
|
|t:|1757948781
|switch|p1a: Kyurem|Kyurem|100/100
|-ability|p1a: Kyurem|Pressure
|switch|p2a: Toxapex|Toxapex, F|100/100
|
|upkeep
|turn|63
|
|t:|1757948788
|switch|p1a: Moltres|Moltres|92/100
|switch|p2a: Blissey|Blissey, F|70/100
|
|-heal|p2a: Blissey|76/100|[from] item: Leftovers
|upkeep
|turn|64
|
|t:|1757948792
|move|p1a: Moltres|U-turn|p2a: Blissey
|-damage|p2a: Blissey|60/100
|
|t:|1757948794
|switch|p1a: Zamazenta|Zamazenta|81/100|[from] U-turn
|move|p2a: Blissey|Seismic Toss|p1a: Zamazenta
|-damage|p1a: Zamazenta|55/100
|
|-heal|p1a: Zamazenta|61/100|[from] item: Leftovers
|-heal|p2a: Blissey|67/100|[from] item: Leftovers
|upkeep
|turn|65
|
|t:|1757948798
|switch|p1a: Moltres|Moltres|92/100
|switch|p2a: Toxapex|Toxapex, F|100/100
|
|upkeep
|turn|66
|
|t:|1757948801
|move|p1a: Moltres|U-turn|p2a: Toxapex
|-resisted|p2a: Toxapex
|-damage|p2a: Toxapex|95/100
|
|t:|1757948803
|switch|p1a: Sandslash|Sandslash-Alola, F|32/100|[from] U-turn
|move|p2a: Toxapex|Toxic|p1a: Sandslash
|-immune|p1a: Sandslash
|
|upkeep
|turn|67
|
|t:|1757948810
|switch|p2a: Corviknight|Corviknight, M|72/100
|-ability|p2a: Corviknight|Pressure
|move|p1a: Sandslash|Stealth Rock|p2a: Corviknight
|-sidestart|p2: love is simple|move: Stealth Rock
|
|upkeep
|turn|68
|
|t:|1757948813
|switch|p1a: Moltres|Moltres|92/100
|move|p2a: Corviknight|Defog|p1a: Moltres
|-unboost|p1a: Moltres|evasion|1
|-sideend|p2: love is simple|Stealth Rock|[from] move: Defog|[of] p2a: Corviknight
|
|upkeep
|turn|69
|
|t:|1757948816
|switch|p2a: Toxapex|Toxapex, F|100/100
|move|p1a: Moltres|U-turn|p2a: Toxapex
|-resisted|p2a: Toxapex
|-damage|p2a: Toxapex|95/100
|
|t:|1757948819
|switch|p1a: Kyurem|Kyurem|100/100|[from] U-turn
|-ability|p1a: Kyurem|Pressure
|
|upkeep
|turn|70
|
|t:|1757948822
|-terastallize|p1a: Kyurem|Ice
|move|p1a: Kyurem|Freeze-Dry|p2a: Toxapex
|-supereffective|p2a: Toxapex
|-damage|p2a: Toxapex|4/100
|move|p2a: Toxapex|Toxic|p1a: Kyurem
|-status|p1a: Kyurem|tox
|
|-damage|p1a: Kyurem|94/100 tox|[from] psn
|upkeep
|turn|71
|
|t:|1757948826
|switch|p2a: Blissey|Blissey, F|67/100
|move|p1a: Kyurem|Freeze-Dry|p2a: Blissey
|-damage|p2a: Blissey|44/100
|
|-heal|p2a: Blissey|50/100|[from] item: Leftovers
|-damage|p1a: Kyurem|82/100 tox|[from] psn
|upkeep
|turn|72
|
|t:|1757948828
|switch|p1a: Sandslash|Sandslash-Alola, F|32/100
|move|p2a: Blissey|Soft-Boiled|p2a: Blissey
|-heal|p2a: Blissey|99/100
|
|-heal|p2a: Blissey|100/100|[from] item: Leftovers
|upkeep
|turn|73
|
|t:|1757948832
|switch|p2a: Corviknight|Corviknight, M|72/100
|-ability|p2a: Corviknight|Pressure
|move|p1a: Sandslash|Knock Off|p2a: Corviknight
|-damage|p2a: Corviknight|59/100
|
|upkeep
|turn|74
|
|t:|1757948840
|switch|p1a: Moltres|Moltres|92/100
|move|p2a: Corviknight|Roost|p2a: Corviknight
|-heal|p2a: Corviknight|100/100
|-singleturn|p2a: Corviknight|move: Roost
|
|upkeep
|turn|75
|
|t:|1757948844
|switch|p2a: Blissey|Blissey, F|100/100
|move|p1a: Moltres|Hurricane|p2a: Blissey
|-damage|p2a: Blissey|82/100
|-start|p2a: Blissey|confusion
|
|-heal|p2a: Blissey|88/100|[from] item: Leftovers
|upkeep
|turn|76
|
|t:|1757948848
|move|p1a: Moltres|U-turn|p2a: Blissey
|-damage|p2a: Blissey|74/100
|
|t:|1757948851
|switch|p1a: Zamazenta|Zamazenta|61/100|[from] U-turn
|-activate|p2a: Blissey|confusion
|move|p2a: Blissey|Seismic Toss|p1a: Zamazenta
|-damage|p1a: Zamazenta|36/100
|
|-heal|p1a: Zamazenta|42/100|[from] item: Leftovers
|-heal|p2a: Blissey|80/100|[from] item: Leftovers
|upkeep
|turn|77
|
|t:|1757948862
|switch|p1a: Sandslash|Sandslash-Alola, F|32/100
|switch|p2a: Toxapex|Toxapex, F|38/100
|
|upkeep
|turn|78
|
|t:|1757948866
|switch|p2a: Corviknight|Corviknight, M|100/100
|-ability|p2a: Corviknight|Pressure
|move|p1a: Sandslash|Stealth Rock|p2a: Corviknight
|-sidestart|p2: love is simple|move: Stealth Rock
|
|upkeep
|turn|79
|
|t:|1757948875
|switch|p1a: Moltres|Moltres|92/100
|move|p2a: Corviknight|Defog|p1a: Moltres
|-unboost|p1a: Moltres|evasion|1
|-sideend|p2: love is simple|Stealth Rock|[from] move: Defog|[of] p2a: Corviknight
|
|upkeep
|turn|80
|
|t:|1757948880
|switch|p2a: Toxapex|Toxapex, F|71/100
|move|p1a: Moltres|U-turn|p2a: Toxapex
|-resisted|p2a: Toxapex
|-damage|p2a: Toxapex|66/100
|
|t:|1757948883
|switch|p1a: Kyurem|Kyurem, tera:Ice|82/100 tox|[from] U-turn
|-ability|p1a: Kyurem|Pressure
|
|-damage|p1a: Kyurem|76/100 tox|[from] psn
|upkeep
|turn|81
|
|t:|1757948887
|switch|p1a: Zamazenta|Zamazenta|42/100
|switch|p2a: Blissey|Blissey, F|80/100
|
|-heal|p1a: Zamazenta|48/100|[from] item: Leftovers
|-heal|p2a: Blissey|86/100|[from] item: Leftovers
|upkeep
|turn|82
|
|t:|1757948890
|switch|p1a: Kyurem|Kyurem, tera:Ice|76/100 tox
|-ability|p1a: Kyurem|Pressure
|switch|p2a: Weezing|Weezing-Galar, F|89/100
|-ability|p2a: Weezing|Neutralizing Gas
|
|-damage|p1a: Kyurem|70/100 tox|[from] psn
|upkeep
|turn|83
|
|t:|1757948894
|-end|p2a: Weezing|ability: Neutralizing Gas
|-ability|p1a: Kyurem|Pressure
|switch|p2a: Blissey|Blissey, F|86/100
|move|p1a: Kyurem|Blizzard|p2a: Blissey
|-damage|p2a: Blissey|51/100
|
|-heal|p2a: Blissey|57/100|[from] item: Leftovers
|-damage|p1a: Kyurem|58/100 tox|[from] psn
|upkeep
|turn|84
|
|t:|1757948900
|move|p1a: Kyurem|Blizzard|p2a: Blissey
|-damage|p2a: Blissey|24/100
|move|p2a: Blissey|Stealth Rock|p1a: Kyurem
|-sidestart|p1: owl_with_scarf|move: Stealth Rock
|
|-heal|p2a: Blissey|31/100|[from] item: Leftovers
|-damage|p1a: Kyurem|39/100 tox|[from] psn
|upkeep
|turn|85
|
|t:|1757948905
|switch|p2a: Toxapex|Toxapex, F|99/100
|move|p1a: Kyurem|Blizzard|p2a: Toxapex|[miss]
|-miss|p1a: Kyurem|p2a: Toxapex
|
|-damage|p1a: Kyurem|15/100 tox|[from] psn
|upkeep
|turn|86
|
|t:|1757948912
|move|p1a: Kyurem|Blizzard|p2a: Toxapex|[miss]
|-miss|p1a: Kyurem|p2a: Toxapex
|move|p2a: Toxapex|Recover|p2a: Toxapex
|-heal|p2a: Toxapex|100/100
|
|-damage|p1a: Kyurem|0 fnt|[from] psn
|faint|p1a: Kyurem
|upkeep
|
|t:|1757948915
|switch|p1a: Sandslash|Sandslash-Alola, F|32/100
|turn|87
|
|t:|1757948924
|switch|p2a: Corviknight|Corviknight, M|100/100
|-ability|p2a: Corviknight|Pressure
|move|p1a: Sandslash|Rapid Spin|p2a: Corviknight
|-resisted|p2a: Corviknight
|-damage|p2a: Corviknight|96/100
|-boost|p1a: Sandslash|spe|1
|-sideend|p1: owl_with_scarf|Stealth Rock|[from] move: Rapid Spin|[of] p1a: Sandslash
|
|upkeep
|turn|88
|
|t:|1757948931
|switch|p1a: Moltres|Moltres|92/100
|move|p2a: Corviknight|Iron Defense|p2a: Corviknight
|-boost|p2a: Corviknight|def|2
|
|upkeep
|turn|89
|
|t:|1757948936
|switch|p2a: Toxapex|Toxapex, F|100/100
|move|p1a: Moltres|Hurricane|p2a: Toxapex
|-damage|p2a: Toxapex|60/100
|-start|p2a: Toxapex|confusion
|
|upkeep
|turn|90
|
|t:|1757948939
|move|p1a: Moltres|Hurricane|p2a: Toxapex|[miss]
|-miss|p1a: Moltres|p2a: Toxapex
|-activate|p2a: Toxapex|confusion
|-damage|p2a: Toxapex|56/100|[from] confusion
|
|upkeep
|turn|91
|
|t:|1757948942
|move|p1a: Moltres|Hurricane|p2a: Toxapex
|-damage|p2a: Toxapex|16/100
|-end|p2a: Toxapex|confusion
|move|p2a: Toxapex|Toxic|p1a: Moltres
|-status|p1a: Moltres|tox
|
|-damage|p1a: Moltres|86/100 tox|[from] psn
|upkeep
|turn|92
|
|t:|1757948951
|switch|p2a: Weezing|Weezing-Galar, F|89/100
|-ability|p2a: Weezing|Neutralizing Gas
|move|p1a: Moltres|Hurricane|p2a: Weezing
|-damage|p2a: Weezing|9/100
|
|-damage|p1a: Moltres|73/100 tox|[from] psn
|upkeep
|turn|93
|
|t:|1757948953
|move|p1a: Moltres|Flamethrower|p2a: Weezing
|-damage|p2a: Weezing|0 fnt
|faint|p2a: Weezing
|-end|p2a: Weezing|ability: Neutralizing Gas
|
|-damage|p1a: Moltres|55/100 tox|[from] psn
|upkeep
|
|t:|1757948956
|switch|p2a: Blissey|Blissey, F|31/100
|turn|94
|
|t:|1757948959
|move|p1a: Moltres|U-turn|p2a: Blissey
|-damage|p2a: Blissey|16/100
|
|t:|1757948961
|switch|p1a: Zamazenta|Zamazenta|48/100|[from] U-turn
|move|p2a: Blissey|Soft-Boiled|p2a: Blissey
|-heal|p2a: Blissey|66/100
|
|-heal|p1a: Zamazenta|54/100|[from] item: Leftovers
|-heal|p2a: Blissey|72/100|[from] item: Leftovers
|upkeep
|turn|95
|
|t:|1757948965
|switch|p1a: Ninetales|Ninetales-Alola, M|90/100
|-weather|Snowscape|[from] ability: Snow Warning|[of] p1a: Ninetales
|switch|p2a: Toxapex|Toxapex, F|49/100
|
|-weather|Snowscape|[upkeep]
|upkeep
|turn|96
|
|t:|1757948967
|switch|p2a: Blissey|Blissey, F|72/100
|move|p1a: Ninetales|Freeze-Dry|p2a: Blissey
|-damage|p2a: Blissey|64/100
|
|-weather|Snowscape|[upkeep]
|-heal|p2a: Blissey|70/100|[from] item: Leftovers
|upkeep
|turn|97
|
|t:|1757948977
|switch|p1a: Zamazenta|Zamazenta|54/100
|move|p2a: Blissey|Stealth Rock|p1a: Zamazenta
|-sidestart|p1: owl_with_scarf|move: Stealth Rock
|
|-weather|Snowscape|[upkeep]
|-heal|p1a: Zamazenta|60/100|[from] item: Leftovers
|-heal|p2a: Blissey|77/100|[from] item: Leftovers
|upkeep
|turn|98
|
|t:|1757948980
|switch|p1a: Sandslash|Sandslash-Alola, F|32/100
|switch|p2a: Toxapex|Toxapex, F|82/100
|
|-weather|Snowscape|[upkeep]
|upkeep
|turn|99
|
|t:|1757948983
|switch|p2a: Corviknight|Corviknight, M|96/100
|-ability|p2a: Corviknight|Pressure
|move|p1a: Sandslash|Rapid Spin|p2a: Corviknight
|-resisted|p2a: Corviknight
|-damage|p2a: Corviknight|91/100
|-boost|p1a: Sandslash|spe|1
|-sideend|p1: owl_with_scarf|Stealth Rock|[from] move: Rapid Spin|[of] p1a: Sandslash
|
|-weather|none
|upkeep
|turn|100
|
|t:|1757948989
|switch|p1a: Moltres|Moltres|55/100 tox
|move|p2a: Corviknight|Iron Defense|p2a: Corviknight
|-boost|p2a: Corviknight|def|2
|
|-damage|p1a: Moltres|48/100 tox|[from] psn
|upkeep
|turn|101
|
|t:|1757948992
|switch|p2a: Blissey|Blissey, F|77/100
|move|p1a: Moltres|Roost|p1a: Moltres
|-heal|p1a: Moltres|99/100 tox
|-singleturn|p1a: Moltres|move: Roost
|
|-heal|p2a: Blissey|83/100|[from] item: Leftovers
|-damage|p1a: Moltres|86/100 tox|[from] psn
|upkeep
|turn|102
|
|t:|1757948996
|move|p1a: Moltres|U-turn|p2a: Blissey
|-damage|p2a: Blissey|69/100
|
|t:|1757948998
|switch|p1a: Zamazenta|Zamazenta|60/100|[from] U-turn
|move|p2a: Blissey|Stealth Rock|p1a: Zamazenta
|-sidestart|p1: owl_with_scarf|move: Stealth Rock
|
|-heal|p1a: Zamazenta|66/100|[from] item: Leftovers
|-heal|p2a: Blissey|75/100|[from] item: Leftovers
|upkeep
|turn|103
|
|t:|1757949001
|switch|p2a: Toxapex|Toxapex, F|100/100
|move|p1a: Zamazenta|Body Press|p2a: Toxapex
|-resisted|p2a: Toxapex
|-damage|p2a: Toxapex|89/100
|
|-heal|p1a: Zamazenta|73/100|[from] item: Leftovers
|upkeep
|turn|104
|
|t:|1757949004
|switch|p1a: Sandslash|Sandslash-Alola, F|32/100
|move|p2a: Toxapex|Toxic Spikes|p1a: Sandslash
|-sidestart|p1: owl_with_scarf|move: Toxic Spikes
|
|upkeep
|turn|105
|
|t:|1757949006
|switch|p2a: Corviknight|Corviknight, M|91/100
|-ability|p2a: Corviknight|Pressure
|move|p1a: Sandslash|Rapid Spin|p2a: Corviknight
|-resisted|p2a: Corviknight
|-damage|p2a: Corviknight|86/100
|-boost|p1a: Sandslash|spe|1
|-sideend|p1: owl_with_scarf|Toxic Spikes|[from] move: Rapid Spin|[of] p1a: Sandslash
|-sideend|p1: owl_with_scarf|Stealth Rock|[from] move: Rapid Spin|[of] p1a: Sandslash
|
|upkeep
|turn|106
|
|t:|1757949014
|switch|p1a: Moltres|Moltres|86/100 tox
|move|p2a: Corviknight|Iron Defense|p2a: Corviknight
|-boost|p2a: Corviknight|def|2
|
|-damage|p1a: Moltres|80/100 tox|[from] psn
|upkeep
|turn|107
|
|t:|1757949018
|switch|p2a: Toxapex|Toxapex, F|100/100
|move|p1a: Moltres|U-turn|p2a: Toxapex
|-resisted|p2a: Toxapex
|-damage|p2a: Toxapex|95/100
|
|t:|1757949023
|switch|p1a: Sandslash|Sandslash-Alola, F|32/100|[from] U-turn
|
|upkeep
|turn|108
|
|t:|1757949026
|switch|p2a: Corviknight|Corviknight, M|86/100
|-ability|p2a: Corviknight|Pressure
|move|p1a: Sandslash|Stealth Rock|p2a: Corviknight
|-sidestart|p2: love is simple|move: Stealth Rock
|
|upkeep
|turn|109
|
|t:|1757949028
|switch|p1a: Moltres|Moltres|80/100 tox
|move|p2a: Corviknight|Defog|p1a: Moltres
|-unboost|p1a: Moltres|evasion|1
|-sideend|p2: love is simple|Stealth Rock|[from] move: Defog|[of] p2a: Corviknight
|
|-damage|p1a: Moltres|74/100 tox|[from] psn
|upkeep
|turn|110
|
|t:|1757949031
|switch|p2a: Toxapex|Toxapex, F|100/100
|move|p1a: Moltres|U-turn|p2a: Toxapex
|-resisted|p2a: Toxapex
|-damage|p2a: Toxapex|95/100
|
|t:|1757949033
|switch|p1a: Sandslash|Sandslash-Alola, F|32/100|[from] U-turn
|
|upkeep
|turn|111
|
|t:|1757949037
|switch|p2a: Corviknight|Corviknight, M|86/100
|-ability|p2a: Corviknight|Pressure
|move|p1a: Sandslash|Triple Axel|p2a: Corviknight
|-damage|p2a: Corviknight|81/100
|-damage|p2a: Corviknight|69/100
|-damage|p2a: Corviknight|52/100
|-hitcount|p2a: Corviknight|3
|
|upkeep
|turn|112
|
|t:|1757949042
|switch|p1a: Moltres|Moltres|74/100 tox
|move|p2a: Corviknight|Roost|p2a: Corviknight
|-heal|p2a: Corviknight|100/100
|-singleturn|p2a: Corviknight|move: Roost
|
|-damage|p1a: Moltres|67/100 tox|[from] psn
|upkeep
|turn|113
|
|t:|1757949045
|switch|p2a: Toxapex|Toxapex, F|100/100
|move|p1a: Moltres|U-turn|p2a: Toxapex
|-resisted|p2a: Toxapex
|-damage|p2a: Toxapex|95/100
|
|t:|1757949047
|switch|p1a: Sandslash|Sandslash-Alola, F|32/100|[from] U-turn
|
|upkeep
|turn|114
|
|t:|1757949053
|move|p1a: Sandslash|Triple Axel|p2a: Toxapex
|-resisted|p2a: Toxapex
|-damage|p2a: Toxapex|91/100
|-resisted|p2a: Toxapex
|-damage|p2a: Toxapex|84/100
|-resisted|p2a: Toxapex
|-damage|p2a: Toxapex|72/100
|-hitcount|p2a: Toxapex|3
|move|p2a: Toxapex|Toxic Spikes|p1a: Sandslash
|-sidestart|p1: owl_with_scarf|move: Toxic Spikes
|
|upkeep
|turn|115
|
|t:|1757949056
|switch|p2a: Corviknight|Corviknight, M|100/100
|-ability|p2a: Corviknight|Pressure
|move|p1a: Sandslash|Rapid Spin|p2a: Corviknight
|-resisted|p2a: Corviknight
|-damage|p2a: Corviknight|95/100
|-boost|p1a: Sandslash|spe|1
|-sideend|p1: owl_with_scarf|Toxic Spikes|[from] move: Rapid Spin|[of] p1a: Sandslash
|
|upkeep
|turn|116
|
|t:|1757949060
|move|p1a: Sandslash|Triple Axel|p2a: Corviknight
|-damage|p2a: Corviknight|89/100
|-damage|p2a: Corviknight|78/100
|-crit|p2a: Corviknight
|-damage|p2a: Corviknight|52/100
|-hitcount|p2a: Corviknight|3
|move|p2a: Corviknight|Body Press|p1a: Sandslash
|-supereffective|p1a: Sandslash
|-damage|p1a: Sandslash|0 fnt
|faint|p1a: Sandslash
|
|upkeep
|
|t:|1757949064
|switch|p1a: Moltres|Moltres|67/100 tox
|turn|117
|
|t:|1757949069
|switch|p2a: Toxapex|Toxapex, F|100/100
|move|p1a: Moltres|Hurricane|p2a: Toxapex
|-damage|p2a: Toxapex|62/100
|
|-damage|p1a: Moltres|61/100 tox|[from] psn
|upkeep
|turn|118
|
|t:|1757949073
|move|p1a: Moltres|Hurricane|p2a: Toxapex
|-crit|p2a: Toxapex
|-damage|p2a: Toxapex|7/100
|move|p2a: Toxapex|Toxic Spikes|p1a: Moltres
|-sidestart|p1: owl_with_scarf|move: Toxic Spikes
|
|-damage|p1a: Moltres|49/100 tox|[from] psn
|upkeep
|turn|119
|
|t:|1757949079
|switch|p2a: Blissey|Blissey, F|75/100
|move|p1a: Moltres|U-turn|p2a: Blissey
|-damage|p2a: Blissey|60/100
|
|t:|1757949082
|switch|p1a: Cetitan|Cetitan, M, shiny|100/100|[from] U-turn
|-status|p1a: Cetitan|psn
|
|-heal|p2a: Blissey|66/100|[from] item: Leftovers
|-damage|p1a: Cetitan|88/100 psn|[from] psn
|upkeep
|turn|120
|
|t:|1757949086
|switch|p2a: Dondozo|Dondozo, M|100/100
|move|p1a: Cetitan|Belly Drum|p1a: Cetitan
|-damage|p1a: Cetitan|38/100 psn
|-setboost|p1a: Cetitan|atk|6|[from] move: Belly Drum
|-enditem|p1a: Cetitan|Sitrus Berry|[eat]
|-heal|p1a: Cetitan|63/100 psn|[from] item: Sitrus Berry
|
|-damage|p1a: Cetitan|50/100 psn|[from] psn
|upkeep
|turn|121
|-message|owl_with_scarf forfeited.
|
|win|love is simple
|raw|owl_with_scarf's rating: 1529 &rarr; <strong>1509</strong><br />(-20 for losing)
|raw|love is simple's rating: 1523 &rarr; <strong>1543</strong><br />(+20 for winning)
|l|☆owl_with_scarf
|player|p1|
|l|☆love is simple
|player|p2|
