|j|☆Linton Molnar
|j|☆Obih
|t:|1757843854
|gametype|singles
|player|p1|Linton Molnar|dawn|1205
|player|p2|Obih|266|1193
|gen|9
|tier|[Gen 9] OU
|rated|
|rule|HP Percentage Mod: HP is shown in percentages
|rule|Endless Battle Clause: Forcing endless battles is banned
|rule|Species Clause: Limit one of each Pokémon
|rule|OHKO Clause: OHKO moves are banned
|rule|Evasion Items Clause: Evasion items are banned
|rule|Evasion Moves Clause: Evasion moves are banned
|rule|Evasion Abilities Clause: Evasion abilities are banned
|rule|Sleep Moves Clause: Sleep-inducing moves are banned
|clearpoke
|poke|p1|Corviknight, M|
|poke|p1|Alomomola, M|
|poke|p1|Dondozo, M|
|poke|p1|Ting-Lu|
|poke|p1|Blissey, F|
|poke|p1|Clodsire, F|
|poke|p2|Toxapex, M|
|poke|p2|Glimmora, M|
|poke|p2|Spiritomb, M|
|poke|p2|Weezing-Galar, M|
|poke|p2|Rabsca, F|
|poke|p2|Umbreon, F|
|teampreview
|
|t:|1757843864
|teamsize|p1|6
|teamsize|p2|6
|start
|switch|p1a: Clodsire|Clodsire, F|100/100
|switch|p2a: Glimmora|Glimmora, M|100/100
|turn|1
|inactive|Battle timer is ON: inactive players will automatically lose when time's up. (requested by Obih)
|
|t:|1757843875
|-terastallize|p2a: Glimmora|Flying
|move|p2a: Glimmora|Toxic|p1a: Clodsire
|-status|p1a: Clodsire|tox
|move|p1a: Clodsire|Toxic Spikes|p2a: Glimmora
|-sidestart|p2: Obih|move: Toxic Spikes
|
|-damage|p1a: Clodsire|94/100 tox|[from] psn
|upkeep
|turn|2
|
|t:|1757843889
|move|p2a: Glimmora|Acid Armor|p2a: Glimmora
|-boost|p2a: Glimmora|def|2
|move|p1a: Clodsire|Toxic Spikes|p2a: Glimmora
|-sidestart|p2: Obih|move: Toxic Spikes
|
|-heal|p1a: Clodsire|100/100 tox|[from] item: Leftovers
|-damage|p1a: Clodsire|88/100 tox|[from] psn
|upkeep
|turn|3
|
|t:|1757843910
|switch|p1a: Dondozo|Dondozo, M|100/100
|move|p2a: Glimmora|Spiky Shield||[still]
|-fail|p2a: Glimmora
|
|upkeep
|turn|4
|
|t:|1757843917
|move|p2a: Glimmora|Spiky Shield|p2a: Glimmora
|-singleturn|p2a: Glimmora|move: Protect
|move|p1a: Dondozo|Curse|p1a: Dondozo
|-unboost|p1a: Dondozo|spe|1
|-boost|p1a: Dondozo|atk|1
|-boost|p1a: Dondozo|def|1
|
|upkeep
|turn|5
|
|t:|1757843925
|move|p2a: Glimmora|Toxic|p1a: Dondozo
|-status|p1a: Dondozo|tox
|move|p1a: Dondozo|Curse|p1a: Dondozo
|-unboost|p1a: Dondozo|spe|1
|-boost|p1a: Dondozo|atk|1
|-boost|p1a: Dondozo|def|1
|
|-damage|p1a: Dondozo|94/100 tox|[from] psn
|upkeep
|turn|6
|
|t:|1757843935
|move|p2a: Glimmora|Stealth Rock|p1a: Dondozo
|-sidestart|p1: Linton Molnar|move: Stealth Rock
|move|p1a: Dondozo|Curse|p1a: Dondozo
|-unboost|p1a: Dondozo|spe|1
|-boost|p1a: Dondozo|atk|1
|-boost|p1a: Dondozo|def|1
|
|-heal|p1a: Dondozo|100/100 tox|[from] item: Leftovers
|-damage|p1a: Dondozo|88/100 tox|[from] psn
|upkeep
|turn|7
|
|t:|1757843946
|move|p2a: Glimmora|Acid Armor|p2a: Glimmora
|-boost|p2a: Glimmora|def|2
|move|p1a: Dondozo|Curse|p1a: Dondozo
|-unboost|p1a: Dondozo|spe|1
|-boost|p1a: Dondozo|atk|1
|-boost|p1a: Dondozo|def|1
|
|-heal|p1a: Dondozo|94/100 tox|[from] item: Leftovers
|-damage|p1a: Dondozo|76/100 tox|[from] psn
|upkeep
|turn|8
|
|t:|1757843956
|move|p2a: Glimmora|Acid Armor|p2a: Glimmora
|-boost|p2a: Glimmora|def|2
|move|p1a: Dondozo|Curse|p1a: Dondozo
|-unboost|p1a: Dondozo|spe|1
|-boost|p1a: Dondozo|atk|1
|-boost|p1a: Dondozo|def|1
|
|-heal|p1a: Dondozo|82/100 tox|[from] item: Leftovers
|-damage|p1a: Dondozo|57/100 tox|[from] psn
|upkeep
|turn|9
|
|t:|1757843972
|move|p2a: Glimmora|Toxic|p1a: Dondozo
|-fail|p1a: Dondozo|tox
|move|p1a: Dondozo|Curse|p1a: Dondozo
|-unboost|p1a: Dondozo|spe|1
|-boost|p1a: Dondozo|atk|1
|-boost|p1a: Dondozo|def|1
|
|-heal|p1a: Dondozo|64/100 tox|[from] item: Leftovers
|-damage|p1a: Dondozo|33/100 tox|[from] psn
|upkeep
|turn|10
|
|t:|1757843983
|move|p2a: Glimmora|Spiky Shield|p2a: Glimmora
|-singleturn|p2a: Glimmora|move: Protect
|move|p1a: Dondozo|Rest|p1a: Dondozo
|-status|p1a: Dondozo|slp|[from] move: Rest
|-heal|p1a: Dondozo|100/100 slp|[silent]
|
|upkeep
|turn|11
|
|t:|1757843991
|switch|p2a: Weezing|Weezing-Galar, M|100/100
|-ability|p2a: Weezing|Neutralizing Gas
|-sideend|p2: Obih|move: Toxic Spikes|[of] p2a: Weezing
|cant|p1a: Dondozo|slp
|move|p1a: Dondozo|Sleep Talk|p1a: Dondozo
|move|p1a: Dondozo|Liquidation|p2a: Weezing|[from] move: Sleep Talk
|-damage|p2a: Weezing|21/100
|-unboost|p2a: Weezing|def|1
|
|-heal|p2a: Weezing|27/100|[from] item: Leftovers
|upkeep
|turn|12
|
|t:|1757844007
|move|p2a: Weezing|Clear Smog|p1a: Dondozo
|-damage|p1a: Dondozo|91/100 slp
|-clearboost|p1a: Dondozo
|cant|p1a: Dondozo|slp
|move|p1a: Dondozo|Sleep Talk|p1a: Dondozo
|move|p1a: Dondozo|Rest||[from] move: Sleep Talk|[still]
|-fail|p1a: Dondozo
|
|-heal|p2a: Weezing|33/100|[from] item: Leftovers
|-heal|p1a: Dondozo|97/100 slp|[from] item: Leftovers
|upkeep
|turn|13
|
|t:|1757844029
|-end|p2a: Weezing|ability: Neutralizing Gas
|switch|p2a: Spiritomb|Spiritomb, M|100/100
|-curestatus|p1a: Dondozo|slp|[msg]
|move|p1a: Dondozo|Liquidation|p2a: Spiritomb
|-damage|p2a: Spiritomb|71/100
|
|-heal|p2a: Spiritomb|77/100|[from] item: Leftovers
|-heal|p1a: Dondozo|100/100|[from] item: Leftovers
|upkeep
|turn|14
|
|t:|1757844041
|switch|p1a: Corviknight|Corviknight, M|100/100
|-damage|p1a: Corviknight|88/100|[from] Stealth Rock
|move|p2a: Spiritomb|Toxic|p1a: Corviknight
|-immune|p1a: Corviknight
|
|-heal|p2a: Spiritomb|83/100|[from] item: Leftovers
|upkeep
|turn|15
|
|t:|1757844052
|move|p2a: Spiritomb|Protect|p2a: Spiritomb
|-singleturn|p2a: Spiritomb|Protect
|move|p1a: Corviknight|Defog|p2a: Spiritomb
|-activate|p2a: Spiritomb|move: Protect
|
|-heal|p2a: Spiritomb|90/100|[from] item: Leftovers
|upkeep
|turn|16
|
|t:|1757844062
|switch|p2a: Glimmora|Glimmora, M, tera:Flying|100/100
|move|p1a: Corviknight|Defog|p2a: Glimmora
|-unboost|p2a: Glimmora|evasion|1
|-sideend|p1: Linton Molnar|Stealth Rock|[from] move: Defog|[of] p1a: Corviknight
|
|upkeep
|turn|17
|
|t:|1757844071
|switch|p1a: Dondozo|Dondozo, M|100/100
|move|p2a: Glimmora|Toxic|p1a: Dondozo
|-status|p1a: Dondozo|tox
|
|-damage|p1a: Dondozo|94/100 tox|[from] psn
|upkeep
|turn|18
|
|t:|1757844079
|move|p2a: Glimmora|Spiky Shield|p2a: Glimmora
|-singleturn|p2a: Glimmora|move: Protect
|move|p1a: Dondozo|Curse|p1a: Dondozo
|-unboost|p1a: Dondozo|spe|1
|-boost|p1a: Dondozo|atk|1
|-boost|p1a: Dondozo|def|1
|
|-heal|p1a: Dondozo|100/100 tox|[from] item: Leftovers
|-damage|p1a: Dondozo|88/100 tox|[from] psn
|upkeep
|turn|19
|
|t:|1757844093
|switch|p2a: Weezing|Weezing-Galar, M|33/100
|-ability|p2a: Weezing|Neutralizing Gas
|move|p1a: Dondozo|Liquidation|p2a: Weezing
|-damage|p2a: Weezing|4/100
|
|-heal|p2a: Weezing|10/100|[from] item: Leftovers
|-heal|p1a: Dondozo|94/100 tox|[from] item: Leftovers
|-damage|p1a: Dondozo|76/100 tox|[from] psn
|upkeep
|turn|20
|
|t:|1757844104
|move|p2a: Weezing|Protect|p2a: Weezing
|-singleturn|p2a: Weezing|Protect
|move|p1a: Dondozo|Liquidation|p2a: Weezing
|-activate|p2a: Weezing|move: Protect
|
|-heal|p2a: Weezing|16/100|[from] item: Leftovers
|-heal|p1a: Dondozo|82/100 tox|[from] item: Leftovers
|-damage|p1a: Dondozo|57/100 tox|[from] psn
|upkeep
|turn|21
|
|t:|1757844116
|-end|p2a: Weezing|ability: Neutralizing Gas
|switch|p2a: Spiritomb|Spiritomb, M|90/100
|move|p1a: Dondozo|Liquidation|p2a: Spiritomb
|-damage|p2a: Spiritomb|47/100
|-unboost|p2a: Spiritomb|def|1
|
|-heal|p2a: Spiritomb|53/100|[from] item: Leftovers
|-heal|p1a: Dondozo|64/100 tox|[from] item: Leftovers
|-damage|p1a: Dondozo|33/100 tox|[from] psn
|upkeep
|turn|22
|
|t:|1757844130
|switch|p1a: Alomomola|Alomomola, M|100/100
|move|p2a: Spiritomb|Taunt|p1a: Alomomola
|-start|p1a: Alomomola|move: Taunt
|
|-heal|p2a: Spiritomb|60/100|[from] item: Leftovers
|upkeep
|turn|23
|
|t:|1757844149
|switch|p1a: Dondozo|Dondozo, M|33/100 tox
|move|p2a: Spiritomb|Protect||[still]
|-fail|p2a: Spiritomb
|
|-heal|p2a: Spiritomb|66/100|[from] item: Leftovers
|-heal|p1a: Dondozo|39/100 tox|[from] item: Leftovers
|-damage|p1a: Dondozo|33/100 tox|[from] psn
|upkeep
|turn|24
|
|t:|1757844158
|move|p1a: Dondozo|Rest|p1a: Dondozo
|-status|p1a: Dondozo|slp|[from] move: Rest
|-heal|p1a: Dondozo|100/100 slp|[silent]
|move|p2a: Spiritomb|Taunt|p1a: Dondozo
|-start|p1a: Dondozo|move: Taunt
|
|-heal|p2a: Spiritomb|72/100|[from] item: Leftovers
|upkeep
|turn|25
|
|t:|1757844174
|switch|p2a: Toxapex|Toxapex, M|100/100
|switch|p1a: Clodsire|Clodsire, F|88/100 tox
|
|-heal|p1a: Clodsire|94/100 tox|[from] item: Leftovers
|-damage|p1a: Clodsire|88/100 tox|[from] psn
|upkeep
|turn|26
|
|t:|1757844195
|switch|p1a: Blissey|Blissey, F|100/100
|move|p2a: Toxapex|Infestation|p1a: Blissey
|-damage|p1a: Blissey|99/100
|-activate|p1a: Blissey|move: Infestation|[of] p2a: Toxapex
|
|-heal|p1a: Blissey|100/100|[from] item: Leftovers
|-damage|p1a: Blissey|88/100|[from] move: Infestation|[partiallytrapped]
|upkeep
|turn|27
|
|t:|1757844207
|move|p1a: Blissey|Thunder Wave|p2a: Toxapex
|-status|p2a: Toxapex|par
|move|p2a: Toxapex|Toxic|p1a: Blissey
|-status|p1a: Blissey|tox
|
|-heal|p1a: Blissey|94/100 tox|[from] item: Leftovers
|-damage|p1a: Blissey|88/100 tox|[from] psn
|-damage|p1a: Blissey|76/100 tox|[from] move: Infestation|[partiallytrapped]
|upkeep
|turn|28
|
|t:|1757844221
|move|p2a: Toxapex|Baneful Bunker|p2a: Toxapex
|-singleturn|p2a: Toxapex|move: Protect
|move|p1a: Blissey|Seismic Toss|p2a: Toxapex
|-activate|p2a: Toxapex|move: Protect
|
|-heal|p1a: Blissey|82/100 tox|[from] item: Leftovers
|-damage|p1a: Blissey|69/100 tox|[from] psn
|-damage|p1a: Blissey|57/100 tox|[from] move: Infestation|[partiallytrapped]
|upkeep
|turn|29
|
|t:|1757844233
|move|p1a: Blissey|Seismic Toss|p2a: Toxapex
|-damage|p2a: Toxapex|66/100 par
|move|p2a: Toxapex|Recover|p2a: Toxapex
|-heal|p2a: Toxapex|100/100 par
|
|-heal|p1a: Blissey|63/100 tox|[from] item: Leftovers
|-damage|p1a: Blissey|45/100 tox|[from] psn
|-damage|p1a: Blissey|32/100 tox|[from] move: Infestation|[partiallytrapped]
|upkeep
|turn|30
|
|t:|1757844244
|cant|p2a: Toxapex|par
|move|p1a: Blissey|Soft-Boiled|p1a: Blissey
|-heal|p1a: Blissey|82/100 tox
|
|-heal|p1a: Blissey|88/100 tox|[from] item: Leftovers
|-damage|p1a: Blissey|64/100 tox|[from] psn
|-end|p1a: Blissey|Infestation|[partiallytrapped]
|upkeep
|turn|31
|inactive|Linton Molnar has 120 seconds left.
|
|t:|1757844260
|-curestatus|p1a: Blissey|tox|[from] ability: Natural Cure
|switch|p1a: Dondozo|Dondozo, M|100/100 slp
|cant|p2a: Toxapex|par
|
|upkeep
|turn|32
|
|t:|1757844268
|cant|p1a: Dondozo|slp
|move|p2a: Toxapex|Infestation|p1a: Dondozo
|-damage|p1a: Dondozo|99/100 slp
|-activate|p1a: Dondozo|move: Infestation|[of] p2a: Toxapex
|
|-heal|p1a: Dondozo|100/100 slp|[from] item: Leftovers
|-damage|p1a: Dondozo|88/100 slp|[from] move: Infestation|[partiallytrapped]
|upkeep
|turn|33
|
|t:|1757844280
|cant|p1a: Dondozo|slp
|move|p1a: Dondozo|Sleep Talk|p1a: Dondozo
|move|p1a: Dondozo|Liquidation|p2a: Toxapex|[from] move: Sleep Talk
|-resisted|p2a: Toxapex
|-damage|p2a: Toxapex|90/100 par
|move|p2a: Toxapex|Toxic||[still]
|-fail|p2a: Toxapex
|
|-heal|p1a: Dondozo|94/100 slp|[from] item: Leftovers
|-heal|p2a: Toxapex|96/100 par|[from] item: Leftovers
|-damage|p1a: Dondozo|82/100 slp|[from] move: Infestation|[partiallytrapped]
|upkeep
|turn|34
|
|t:|1757844295
|-curestatus|p1a: Dondozo|slp|[msg]
|move|p1a: Dondozo|Curse|p1a: Dondozo
|-unboost|p1a: Dondozo|spe|1
|-boost|p1a: Dondozo|atk|1
|-boost|p1a: Dondozo|def|1
|cant|p2a: Toxapex|par
|
|-heal|p1a: Dondozo|88/100|[from] item: Leftovers
|-heal|p2a: Toxapex|100/100 par|[from] item: Leftovers
|-damage|p1a: Dondozo|75/100|[from] move: Infestation|[partiallytrapped]
|upkeep
|turn|35
|
|t:|1757844308
|move|p1a: Dondozo|Curse|p1a: Dondozo
|-unboost|p1a: Dondozo|spe|1
|-boost|p1a: Dondozo|atk|1
|-boost|p1a: Dondozo|def|1
|move|p2a: Toxapex|Toxic|p1a: Dondozo
|-status|p1a: Dondozo|tox
|
|-heal|p1a: Dondozo|81/100 tox|[from] item: Leftovers
|-damage|p1a: Dondozo|75/100 tox|[from] psn
|-damage|p1a: Dondozo|63/100 tox|[from] move: Infestation|[partiallytrapped]
|upkeep
|turn|36
|
|t:|1757844321
|switch|p2a: Spiritomb|Spiritomb, M|72/100
|move|p1a: Dondozo|Liquidation|p2a: Spiritomb
|-damage|p2a: Spiritomb|13/100
|-unboost|p2a: Spiritomb|def|1
|
|-heal|p2a: Spiritomb|19/100|[from] item: Leftovers
|-heal|p1a: Dondozo|69/100 tox|[from] item: Leftovers
|-damage|p1a: Dondozo|57/100 tox|[from] psn
|-end|p1a: Dondozo|Infestation|[partiallytrapped]
|upkeep
|turn|37
|inactive|Linton Molnar has 120 seconds left.
|
|t:|1757844342
|switch|p1a: Blissey|Blissey, F|64/100
|move|p2a: Spiritomb|Protect||[still]
|-fail|p2a: Spiritomb
|
|-heal|p1a: Blissey|70/100|[from] item: Leftovers
|-heal|p2a: Spiritomb|25/100|[from] item: Leftovers
|upkeep
|turn|38
|inactive|Linton Molnar has 120 seconds left.
|
|t:|1757844351
|move|p2a: Spiritomb|Protect|p2a: Spiritomb
|-singleturn|p2a: Spiritomb|Protect
|move|p1a: Blissey|Seismic Toss|p2a: Spiritomb
|-activate|p2a: Spiritomb|move: Protect
|
|-heal|p1a: Blissey|76/100|[from] item: Leftovers
|-heal|p2a: Spiritomb|32/100|[from] item: Leftovers
|upkeep
|turn|39
|
|t:|1757844362
|move|p1a: Blissey|Seismic Toss|p2a: Spiritomb
|-immune|p2a: Spiritomb
|move|p2a: Spiritomb|Toxic|p1a: Blissey|[miss]
|-miss|p2a: Spiritomb|p1a: Blissey
|
|-heal|p1a: Blissey|82/100|[from] item: Leftovers
|-heal|p2a: Spiritomb|38/100|[from] item: Leftovers
|upkeep
|turn|40
|
|t:|1757844372
|move|p1a: Blissey|Thunder Wave|p2a: Spiritomb
|-status|p2a: Spiritomb|par
|move|p2a: Spiritomb|Toxic|p1a: Blissey|[miss]
|-miss|p2a: Spiritomb|p1a: Blissey
|
|-heal|p1a: Blissey|88/100|[from] item: Leftovers
|-heal|p2a: Spiritomb|44/100 par|[from] item: Leftovers
|upkeep
|turn|41
|c|☆Obih|What
|inactive|Linton Molnar has 120 seconds left.
|
|t:|1757844394
|switch|p1a: Dondozo|Dondozo, M|57/100 tox
|move|p2a: Spiritomb|Taunt|p1a: Dondozo
|-start|p1a: Dondozo|move: Taunt
|
|-heal|p1a: Dondozo|63/100 tox|[from] item: Leftovers
|-heal|p2a: Spiritomb|50/100 par|[from] item: Leftovers
|-damage|p1a: Dondozo|57/100 tox|[from] psn
|upkeep
|turn|42
|inactive|Linton Molnar has 120 seconds left.
|
|t:|1757844409
|switch|p1a: Clodsire|Clodsire, F|88/100 tox
|move|p2a: Spiritomb|Toxic|p1a: Clodsire
|-fail|p1a: Clodsire|tox
|
|-heal|p1a: Clodsire|94/100 tox|[from] item: Leftovers
|-heal|p2a: Spiritomb|57/100 par|[from] item: Leftovers
|-damage|p1a: Clodsire|88/100 tox|[from] psn
|upkeep
|turn|43
|inactive|Linton Molnar has 120 seconds left.
|
|t:|1757844421
|switch|p1a: Dondozo|Dondozo, M|57/100 tox
|move|p2a: Spiritomb|Protect||[still]
|-fail|p2a: Spiritomb
|
|-heal|p1a: Dondozo|63/100 tox|[from] item: Leftovers
|-heal|p2a: Spiritomb|63/100 par|[from] item: Leftovers
|-damage|p1a: Dondozo|57/100 tox|[from] psn
|upkeep
|turn|44
|inactive|Linton Molnar has 120 seconds left.
|
|t:|1757844431
|move|p1a: Dondozo|Rest|p1a: Dondozo
|-status|p1a: Dondozo|slp|[from] move: Rest
|-heal|p1a: Dondozo|100/100 slp|[silent]
|move|p2a: Spiritomb|Taunt|p1a: Dondozo
|-start|p1a: Dondozo|move: Taunt
|
|-heal|p2a: Spiritomb|69/100 par|[from] item: Leftovers
|upkeep
|turn|45
|inactive|Linton Molnar has 120 seconds left.
|
|t:|1757844448
|switch|p1a: Corviknight|Corviknight, M|88/100
|switch|p2a: Toxapex|Toxapex, M|100/100 par
|
|upkeep
|turn|46
|inactive|Linton Molnar has 120 seconds left.
|
|t:|1757844459
|switch|p1a: Blissey|Blissey, F|88/100
|cant|p2a: Toxapex|par
|
|-heal|p1a: Blissey|94/100|[from] item: Leftovers
|upkeep
|turn|47
|inactive|Linton Molnar has 120 seconds left.
|
|t:|1757844468
|move|p1a: Blissey|Seismic Toss|p2a: Toxapex
|-damage|p2a: Toxapex|66/100 par
|cant|p2a: Toxapex|par
|
|-heal|p1a: Blissey|100/100|[from] item: Leftovers
|-heal|p2a: Toxapex|71/100 par|[from] item: Leftovers
|upkeep
|turn|48
|
|t:|1757844476
|move|p2a: Toxapex|Baneful Bunker|p2a: Toxapex
|-singleturn|p2a: Toxapex|move: Protect
|move|p1a: Blissey|Seismic Toss|p2a: Toxapex
|-activate|p2a: Toxapex|move: Protect
|-status|p1a: Blissey|psn
|
|-heal|p2a: Toxapex|77/100 par|[from] item: Leftovers
|-damage|p1a: Blissey|88/100 psn|[from] psn
|upkeep
|turn|49
|inactive|Linton Molnar has 120 seconds left.
|
|t:|1757844494
|-curestatus|p1a: Blissey|psn|[from] ability: Natural Cure
|switch|p1a: Corviknight|Corviknight, M|88/100
|move|p2a: Toxapex|Infestation|p1a: Corviknight
|-resisted|p1a: Corviknight
|-damage|p1a: Corviknight|88/100
|-activate|p1a: Corviknight|move: Infestation|[of] p2a: Toxapex
|-damage|p2a: Toxapex|61/100 par|[from] item: Rocky Helmet|[of] p1a: Corviknight
|
|-heal|p2a: Toxapex|67/100 par|[from] item: Leftovers
|-damage|p1a: Corviknight|75/100|[from] move: Infestation|[partiallytrapped]
|upkeep
|turn|50
|inactive|Linton Molnar has 120 seconds left.
|
|t:|1757844508
|cant|p2a: Toxapex|par
|move|p1a: Corviknight|Iron Defense|p1a: Corviknight
|-boost|p1a: Corviknight|def|2
|
|-heal|p2a: Toxapex|73/100 par|[from] item: Leftovers
|-damage|p1a: Corviknight|63/100|[from] move: Infestation|[partiallytrapped]
|upkeep
|turn|51
|
|t:|1757844518
|switch|p2a: Glimmora|Glimmora, M, tera:Flying|100/100
|move|p1a: Corviknight|Iron Defense|p1a: Corviknight
|-boost|p1a: Corviknight|def|2
|
|-end|p1a: Corviknight|Infestation|[partiallytrapped]|[silent]
|upkeep
|turn|52
|
|t:|1757844527
|switch|p1a: Blissey|Blissey, F|88/100
|move|p2a: Glimmora|Toxic|p1a: Blissey
|-status|p1a: Blissey|tox
|
|-heal|p1a: Blissey|94/100 tox|[from] item: Leftovers
|-damage|p1a: Blissey|88/100 tox|[from] psn
|upkeep
|turn|53
|
|t:|1757844537
|move|p2a: Glimmora|Stealth Rock|p1a: Blissey
|-sidestart|p1: Linton Molnar|move: Stealth Rock
|move|p1a: Blissey|Thunder Wave|p2a: Glimmora
|-status|p2a: Glimmora|par
|
|-heal|p1a: Blissey|94/100 tox|[from] item: Leftovers
|-damage|p1a: Blissey|82/100 tox|[from] psn
|upkeep
|turn|54
|
|t:|1757844552
|-curestatus|p1a: Blissey|tox|[from] ability: Natural Cure
|switch|p1a: Corviknight|Corviknight, M|63/100
|-damage|p1a: Corviknight|51/100|[from] Stealth Rock
|move|p2a: Glimmora|Acid Armor|p2a: Glimmora
|-boost|p2a: Glimmora|def|2
|
|upkeep
|turn|55
|
|t:|1757844564
|switch|p1a: Dondozo|Dondozo, M|100/100 slp
|-damage|p1a: Dondozo|88/100 slp|[from] Stealth Rock
|move|p2a: Glimmora|Toxic||[still]
|-fail|p2a: Glimmora
|
|-heal|p1a: Dondozo|94/100 slp|[from] item: Leftovers
|upkeep
|turn|56
|
|t:|1757844579
|switch|p2a: Weezing|Weezing-Galar, M|16/100
|-ability|p2a: Weezing|Neutralizing Gas
|cant|p1a: Dondozo|slp
|
|-heal|p2a: Weezing|22/100|[from] item: Leftovers
|-heal|p1a: Dondozo|99/100 slp|[from] item: Leftovers
|upkeep
|turn|57
|
|t:|1757844595
|move|p2a: Weezing|Protect|p2a: Weezing
|-singleturn|p2a: Weezing|Protect
|cant|p1a: Dondozo|slp
|move|p1a: Dondozo|Sleep Talk|p1a: Dondozo
|move|p1a: Dondozo|Rest||[from] move: Sleep Talk|[still]
|-fail|p1a: Dondozo
|
|-heal|p2a: Weezing|28/100|[from] item: Leftovers
|-heal|p1a: Dondozo|100/100 slp|[from] item: Leftovers
|upkeep
|turn|58
|
|t:|1757844608
|move|p2a: Weezing|Clear Smog|p1a: Dondozo
|-damage|p1a: Dondozo|91/100 slp
|-clearboost|p1a: Dondozo
|-curestatus|p1a: Dondozo|slp|[msg]
|move|p1a: Dondozo|Liquidation|p2a: Weezing
|-damage|p2a: Weezing|8/100
|-unboost|p2a: Weezing|def|1
|
|-heal|p2a: Weezing|14/100|[from] item: Leftovers
|-heal|p1a: Dondozo|98/100|[from] item: Leftovers
|upkeep
|turn|59
|
|t:|1757844622
|-end|p2a: Weezing|ability: Neutralizing Gas
|switch|p2a: Toxapex|Toxapex, M|100/100 par
|move|p1a: Dondozo|Liquidation|p2a: Toxapex
|-resisted|p2a: Toxapex
|-damage|p2a: Toxapex|89/100 par
|
|-heal|p1a: Dondozo|100/100|[from] item: Leftovers
|-heal|p2a: Toxapex|95/100 par|[from] item: Leftovers
|upkeep
|turn|60
|inactive|Linton Molnar has 120 seconds left.
|
|t:|1757844646
|switch|p1a: Corviknight|Corviknight, M|51/100
|-damage|p1a: Corviknight|39/100|[from] Stealth Rock
|move|p2a: Toxapex|Toxic|p1a: Corviknight
|-immune|p1a: Corviknight
|
|-heal|p2a: Toxapex|100/100 par|[from] item: Leftovers
|upkeep
|turn|61
|
|t:|1757844657
|move|p1a: Corviknight|Roost|p1a: Corviknight
|-heal|p1a: Corviknight|89/100
|-singleturn|p1a: Corviknight|move: Roost
|move|p2a: Toxapex|Infestation|p1a: Corviknight
|-resisted|p1a: Corviknight
|-damage|p1a: Corviknight|87/100
|-activate|p1a: Corviknight|move: Infestation|[of] p2a: Toxapex
|-damage|p2a: Toxapex|84/100 par|[from] item: Rocky Helmet|[of] p1a: Corviknight
|
|-heal|p2a: Toxapex|90/100 par|[from] item: Leftovers
|-damage|p1a: Corviknight|75/100|[from] move: Infestation|[partiallytrapped]
|upkeep
|turn|62
|
|t:|1757844674
|switch|p2a: Glimmora|Glimmora, M, tera:Flying|100/100 par
|move|p1a: Corviknight|Iron Defense|p1a: Corviknight
|-boost|p1a: Corviknight|def|2
|
|-end|p1a: Corviknight|Infestation|[partiallytrapped]|[silent]
|upkeep
|turn|63
|
|t:|1757844684
|move|p1a: Corviknight|Iron Defense|p1a: Corviknight
|-boost|p1a: Corviknight|def|2
|move|p2a: Glimmora|Toxic|p1a: Corviknight
|-status|p1a: Corviknight|tox
|
|-damage|p1a: Corviknight|69/100 tox|[from] psn
|upkeep
|turn|64
|
|t:|1757844696
|move|p2a: Glimmora|Spiky Shield|p2a: Glimmora
|-singleturn|p2a: Glimmora|move: Protect
|move|p1a: Corviknight|Body Press|p2a: Glimmora
|-activate|p2a: Glimmora|move: Protect
|-damage|p1a: Corviknight|57/100 tox|[from] Spiky Shield|[of] p2a: Glimmora
|
|-damage|p1a: Corviknight|45/100 tox|[from] psn
|upkeep
|turn|65
|
|t:|1757844706
|switch|p2a: Spiritomb|Spiritomb, M|69/100 par
|move|p1a: Corviknight|Roost|p1a: Corviknight
|-heal|p1a: Corviknight|95/100 tox
|-singleturn|p1a: Corviknight|move: Roost
|
|-heal|p2a: Spiritomb|75/100 par|[from] item: Leftovers
|-damage|p1a: Corviknight|77/100 tox|[from] psn
|upkeep
|turn|66
|
|t:|1757844718
|move|p1a: Corviknight|Defog|p2a: Spiritomb
|-unboost|p2a: Spiritomb|evasion|1
|-sideend|p1: Linton Molnar|Stealth Rock|[from] move: Defog|[of] p1a: Corviknight
|move|p2a: Spiritomb|Substitute|p2a: Spiritomb
|-start|p2a: Spiritomb|Substitute
|-damage|p2a: Spiritomb|50/100 par
|
|-heal|p2a: Spiritomb|57/100 par|[from] item: Leftovers
|-damage|p1a: Corviknight|53/100 tox|[from] psn
|upkeep
|turn|67
|
|t:|1757844729
|switch|p1a: Clodsire|Clodsire, F|88/100 tox
|cant|p2a: Spiritomb|par
|
|-heal|p1a: Clodsire|94/100 tox|[from] item: Leftovers
|-heal|p2a: Spiritomb|63/100 par|[from] item: Leftovers
|-damage|p1a: Clodsire|88/100 tox|[from] psn
|upkeep
|turn|68
|
|t:|1757844739
|move|p1a: Clodsire|Toxic Spikes|p2a: Spiritomb
|-sidestart|p2: Obih|move: Toxic Spikes
|move|p2a: Spiritomb|Taunt|p1a: Clodsire
|-start|p1a: Clodsire|move: Taunt
|
|-heal|p1a: Clodsire|94/100 tox|[from] item: Leftovers
|-heal|p2a: Spiritomb|69/100 par|[from] item: Leftovers
|-damage|p1a: Clodsire|82/100 tox|[from] psn
|upkeep
|turn|69
|
|t:|1757844752
|switch|p1a: Corviknight|Corviknight, M|53/100 tox
|move|p2a: Spiritomb|Protect||[still]
|-fail|p2a: Spiritomb
|
|-heal|p2a: Spiritomb|75/100 par|[from] item: Leftovers
|-damage|p1a: Corviknight|47/100 tox|[from] psn
|upkeep
|turn|70
|
|t:|1757844761
|move|p1a: Corviknight|Roost|p1a: Corviknight
|-heal|p1a: Corviknight|97/100 tox
|-singleturn|p1a: Corviknight|move: Roost
|move|p2a: Spiritomb|Taunt|p1a: Corviknight
|-start|p1a: Corviknight|move: Taunt
|
|-heal|p2a: Spiritomb|82/100 par|[from] item: Leftovers
|-damage|p1a: Corviknight|85/100 tox|[from] psn
|upkeep
|turn|71
|
|t:|1757844776
|switch|p1a: Blissey|Blissey, F|82/100
|move|p2a: Spiritomb|Protect||[still]
|-fail|p2a: Spiritomb
|
|-heal|p1a: Blissey|88/100|[from] item: Leftovers
|-heal|p2a: Spiritomb|88/100 par|[from] item: Leftovers
|upkeep
|turn|72
|
|t:|1757844790
|move|p1a: Blissey|Seismic Toss|p2a: Spiritomb
|-immune|p2a: Spiritomb
|move|p2a: Spiritomb|Toxic|p1a: Blissey
|-status|p1a: Blissey|tox
|
|-heal|p1a: Blissey|94/100 tox|[from] item: Leftovers
|-heal|p2a: Spiritomb|94/100 par|[from] item: Leftovers
|-damage|p1a: Blissey|88/100 tox|[from] psn
|upkeep
|turn|73
|
|t:|1757844804
|-curestatus|p1a: Blissey|tox|[from] ability: Natural Cure
|switch|p1a: Corviknight|Corviknight, M|85/100 tox
|move|p2a: Spiritomb|Taunt|p1a: Corviknight
|-start|p1a: Corviknight|move: Taunt
|
|-heal|p2a: Spiritomb|100/100 par|[from] item: Leftovers
|-damage|p1a: Corviknight|79/100 tox|[from] psn
|upkeep
|turn|74
|
|t:|1757844822
|switch|p1a: Dondozo|Dondozo, M|100/100
|move|p2a: Spiritomb|Taunt|p1a: Dondozo
|-start|p1a: Dondozo|move: Taunt
|
|upkeep
|turn|75
|
|t:|1757844831
|move|p1a: Dondozo|Liquidation|p2a: Spiritomb
|-end|p2a: Spiritomb|Substitute
|move|p2a: Spiritomb|Toxic|p1a: Dondozo
|-status|p1a: Dondozo|tox
|
|-damage|p1a: Dondozo|94/100 tox|[from] psn
|upkeep
|turn|76
|
|t:|1757844841
|move|p1a: Dondozo|Liquidation|p2a: Spiritomb
|-damage|p2a: Spiritomb|68/100 par
|move|p2a: Spiritomb|Substitute|p2a: Spiritomb
|-start|p2a: Spiritomb|Substitute
|-damage|p2a: Spiritomb|43/100 par
|
|-heal|p1a: Dondozo|100/100 tox|[from] item: Leftovers
|-heal|p2a: Spiritomb|49/100 par|[from] item: Leftovers
|-damage|p1a: Dondozo|88/100 tox|[from] psn
|-end|p1a: Dondozo|move: Taunt
|upkeep
|turn|77
|
|t:|1757844854
|cant|p2a: Spiritomb|par
|move|p1a: Dondozo|Curse|p1a: Dondozo
|-unboost|p1a: Dondozo|spe|1
|-boost|p1a: Dondozo|atk|1
|-boost|p1a: Dondozo|def|1
|
|-heal|p1a: Dondozo|94/100 tox|[from] item: Leftovers
|-heal|p2a: Spiritomb|55/100 par|[from] item: Leftovers
|-damage|p1a: Dondozo|76/100 tox|[from] psn
|upkeep
|turn|78
|
|t:|1757844867
|move|p1a: Dondozo|Curse|p1a: Dondozo
|-unboost|p1a: Dondozo|spe|1
|-boost|p1a: Dondozo|atk|1
|-boost|p1a: Dondozo|def|1
|move|p2a: Spiritomb|Taunt|p1a: Dondozo
|-start|p1a: Dondozo|move: Taunt
|
|-heal|p1a: Dondozo|82/100 tox|[from] item: Leftovers
|-heal|p2a: Spiritomb|62/100 par|[from] item: Leftovers
|-damage|p1a: Dondozo|57/100 tox|[from] psn
|upkeep
|turn|79
|
|t:|1757844880
|move|p2a: Spiritomb|Protect|p2a: Spiritomb
|-singleturn|p2a: Spiritomb|Protect
|move|p1a: Dondozo|Liquidation|p2a: Spiritomb
|-activate|p2a: Spiritomb|move: Protect
|
|-heal|p1a: Dondozo|64/100 tox|[from] item: Leftovers
|-heal|p2a: Spiritomb|68/100 par|[from] item: Leftovers
|-damage|p1a: Dondozo|33/100 tox|[from] psn
|upkeep
|turn|80
|
|t:|1757844892
|switch|p1a: Alomomola|Alomomola, M|100/100
|move|p2a: Spiritomb|Taunt|p1a: Alomomola
|-start|p1a: Alomomola|move: Taunt
|
|-heal|p2a: Spiritomb|74/100 par|[from] item: Leftovers
|upkeep
|turn|81
|
|t:|1757844902
|switch|p1a: Dondozo|Dondozo, M|33/100 tox
|move|p2a: Spiritomb|Taunt|p1a: Dondozo
|-start|p1a: Dondozo|move: Taunt
|
|-heal|p1a: Dondozo|39/100 tox|[from] item: Leftovers
|-heal|p2a: Spiritomb|80/100 par|[from] item: Leftovers
|-damage|p1a: Dondozo|33/100 tox|[from] psn
|upkeep
|turn|82
|
|t:|1757844916
|switch|p1a: Alomomola|Alomomola, M|100/100
|move|p2a: Spiritomb|Toxic|p1a: Alomomola
|-status|p1a: Alomomola|tox
|
|-heal|p2a: Spiritomb|87/100 par|[from] item: Leftovers
|-damage|p1a: Alomomola|94/100 tox|[from] psn
|upkeep
|turn|83
|
|t:|1757844926
|move|p1a: Alomomola|Wish|p1a: Alomomola
|move|p2a: Spiritomb|Taunt|p1a: Alomomola
|-start|p1a: Alomomola|move: Taunt
|
|-heal|p1a: Alomomola|100/100 tox|[from] item: Leftovers
|-heal|p2a: Spiritomb|93/100 par|[from] item: Leftovers
|-damage|p1a: Alomomola|88/100 tox|[from] psn
|upkeep
|turn|84
|
|t:|1757844955
|switch|p1a: Dondozo|Dondozo, M|33/100 tox
|cant|p2a: Spiritomb|par
|
|-heal|p1a: Dondozo|86/100 tox|[from] move: Wish|[wisher] Alomomola
|-heal|p1a: Dondozo|92/100 tox|[from] item: Leftovers
|-heal|p2a: Spiritomb|99/100 par|[from] item: Leftovers
|-damage|p1a: Dondozo|86/100 tox|[from] psn
|upkeep
|turn|85
|
|t:|1757844972
|move|p1a: Dondozo|Curse|p1a: Dondozo
|-unboost|p1a: Dondozo|spe|1
|-boost|p1a: Dondozo|atk|1
|-boost|p1a: Dondozo|def|1
|move|p2a: Spiritomb|Taunt|p1a: Dondozo
|-start|p1a: Dondozo|move: Taunt
|
|-heal|p1a: Dondozo|92/100 tox|[from] item: Leftovers
|-heal|p2a: Spiritomb|100/100 par|[from] item: Leftovers
|-damage|p1a: Dondozo|80/100 tox|[from] psn
|upkeep
|turn|86
|inactive|Obih has 120 seconds left.
|
|t:|1757844989
|switch|p2a: Toxapex|Toxapex, M|100/100 par
|-sideend|p2: Obih|move: Toxic Spikes|[of] p2a: Toxapex
|move|p1a: Dondozo|Liquidation|p2a: Toxapex
|-resisted|p2a: Toxapex
|-damage|p2a: Toxapex|85/100 par
|-unboost|p2a: Toxapex|def|1
|
|-heal|p1a: Dondozo|86/100 tox|[from] item: Leftovers
|-heal|p2a: Toxapex|91/100 par|[from] item: Leftovers
|-damage|p1a: Dondozo|67/100 tox|[from] psn
|upkeep
|turn|87
|inactive|Obih has 120 seconds left.
|
|t:|1757845000
|move|p1a: Dondozo|Liquidation|p2a: Toxapex
|-resisted|p2a: Toxapex
|-damage|p2a: Toxapex|77/100 par
|move|p2a: Toxapex|Infestation|p1a: Dondozo
|-damage|p1a: Dondozo|65/100 tox
|-activate|p1a: Dondozo|move: Infestation|[of] p2a: Toxapex
|
|-heal|p1a: Dondozo|72/100 tox|[from] item: Leftovers
|-heal|p2a: Toxapex|83/100 par|[from] item: Leftovers
|-damage|p1a: Dondozo|47/100 tox|[from] psn
|-damage|p1a: Dondozo|34/100 tox|[from] move: Infestation|[partiallytrapped]
|upkeep
|turn|88
|inactive|Obih has 120 seconds left.
|
|t:|1757845017
|move|p2a: Toxapex|Baneful Bunker|p2a: Toxapex
|-singleturn|p2a: Toxapex|move: Protect
|move|p1a: Dondozo|Liquidation|p2a: Toxapex
|-activate|p2a: Toxapex|move: Protect
|
|-heal|p1a: Dondozo|41/100 tox|[from] item: Leftovers
|-heal|p2a: Toxapex|89/100 par|[from] item: Leftovers
|-damage|p1a: Dondozo|10/100 tox|[from] psn
|-damage|p1a: Dondozo|0 fnt|[from] move: Infestation|[partiallytrapped]
|faint|p1a: Dondozo
|upkeep
|
|t:|1757845029
|switch|p1a: Blissey|Blissey, F|88/100
|turn|89
|c|☆Obih|Finally
|
|t:|1757845043
|move|p1a: Blissey|Seismic Toss|p2a: Toxapex
|-damage|p2a: Toxapex|54/100 par
|move|p2a: Toxapex|Infestation|p1a: Blissey
|-crit|p1a: Blissey
|-damage|p1a: Blissey|87/100
|-activate|p1a: Blissey|move: Infestation|[of] p2a: Toxapex
|
|-heal|p1a: Blissey|93/100|[from] item: Leftovers
|-heal|p2a: Toxapex|60/100 par|[from] item: Leftovers
|-damage|p1a: Blissey|80/100|[from] move: Infestation|[partiallytrapped]
|upkeep
|turn|90
|
|t:|1757845055
|move|p1a: Blissey|Seismic Toss|p2a: Toxapex
|-damage|p2a: Toxapex|25/100 par
|move|p2a: Toxapex|Toxic|p1a: Blissey
|-status|p1a: Blissey|tox
|
|-heal|p1a: Blissey|87/100 tox|[from] item: Leftovers
|-heal|p2a: Toxapex|31/100 par|[from] item: Leftovers
|-damage|p1a: Blissey|80/100 tox|[from] psn
|-damage|p1a: Blissey|68/100 tox|[from] move: Infestation|[partiallytrapped]
|upkeep
|turn|91
|
|t:|1757845067
|switch|p2a: Spiritomb|Spiritomb, M|100/100 par
|move|p1a: Blissey|Soft-Boiled|p1a: Blissey
|-heal|p1a: Blissey|100/100 tox
|
|-damage|p1a: Blissey|88/100 tox|[from] psn
|-end|p1a: Blissey|Infestation|[partiallytrapped]|[silent]
|upkeep
|turn|92
|
|t:|1757845080
|-curestatus|p1a: Blissey|tox|[from] ability: Natural Cure
|switch|p1a: Alomomola|Alomomola, M|100/100 tox
|cant|p2a: Spiritomb|par
|
|-damage|p1a: Alomomola|94/100 tox|[from] psn
|upkeep
|turn|93
|
|t:|1757845094
|switch|p1a: Ting-Lu|Ting-Lu|100/100
|-ability|p1a: Ting-Lu|Vessel of Ruin
|move|p2a: Spiritomb|Taunt|p1a: Ting-Lu
|-start|p1a: Ting-Lu|move: Taunt
|
|upkeep
|turn|94
|
|t:|1757845109
|switch|p1a: Clodsire|Clodsire, F|82/100 tox
|move|p2a: Spiritomb|Toxic|p1a: Clodsire
|-fail|p1a: Clodsire|tox
|
|-heal|p1a: Clodsire|88/100 tox|[from] item: Leftovers
|-damage|p1a: Clodsire|82/100 tox|[from] psn
|upkeep
|turn|95
|
|t:|1757845122
|switch|p1a: Blissey|Blissey, F|88/100
|switch|p2a: Glimmora|Glimmora, M, tera:Flying|100/100 par
|
|-heal|p1a: Blissey|94/100|[from] item: Leftovers
|upkeep
|turn|96
|
|t:|1757845133
|switch|p2a: Toxapex|Toxapex, M|64/100 par
|move|p1a: Blissey|Seismic Toss|p2a: Toxapex
|-damage|p2a: Toxapex|29/100 par
|
|-heal|p1a: Blissey|100/100|[from] item: Leftovers
|-heal|p2a: Toxapex|35/100 par|[from] item: Leftovers
|upkeep
|turn|97
|
|t:|1757845154
|switch|p2a: Spiritomb|Spiritomb, M|100/100 par
|move|p1a: Blissey|Seismic Toss|p2a: Spiritomb
|-immune|p2a: Spiritomb
|
|upkeep
|turn|98
|
|t:|1757845169
|switch|p1a: Clodsire|Clodsire, F|82/100 tox
|move|p2a: Spiritomb|Toxic|p1a: Clodsire
|-fail|p1a: Clodsire|tox
|
|-heal|p1a: Clodsire|88/100 tox|[from] item: Leftovers
|-damage|p1a: Clodsire|82/100 tox|[from] psn
|upkeep
|turn|99
|
|t:|1757845179
|switch|p1a: Corviknight|Corviknight, M|79/100 tox
|switch|p2a: Glimmora|Glimmora, M, tera:Flying|100/100 par
|
|-damage|p1a: Corviknight|73/100 tox|[from] psn
|upkeep
|turn|100
|
|t:|1757845194
|move|p1a: Corviknight|Body Press|p2a: Glimmora
|-resisted|p2a: Glimmora
|-damage|p2a: Glimmora|90/100 par
|move|p2a: Glimmora|Acid Armor|p2a: Glimmora
|-boost|p2a: Glimmora|def|2
|
|-heal|p2a: Glimmora|97/100 par|[from] item: Leftovers
|-damage|p1a: Corviknight|61/100 tox|[from] psn
|upkeep
|turn|101
|inactive|Linton Molnar has 120 seconds left.
|
|t:|1757845212
|switch|p1a: Blissey|Blissey, F|100/100
|move|p2a: Glimmora|Spiky Shield||[still]
|-fail|p2a: Glimmora
|
|-heal|p2a: Glimmora|100/100 par|[from] item: Leftovers
|upkeep
|turn|102
|inactive|Linton Molnar has 120 seconds left.
|
|t:|1757845221
|move|p1a: Blissey|Seismic Toss|p2a: Glimmora
|-damage|p2a: Glimmora|73/100 par
|move|p2a: Glimmora|Toxic|p1a: Blissey
|-status|p1a: Blissey|tox
|
|-heal|p2a: Glimmora|80/100 par|[from] item: Leftovers
|-damage|p1a: Blissey|94/100 tox|[from] psn
|upkeep
|turn|103
|inactive|Linton Molnar has 120 seconds left.
|
|t:|1757845231
|move|p2a: Glimmora|Spiky Shield|p2a: Glimmora
|-singleturn|p2a: Glimmora|move: Protect
|move|p1a: Blissey|Seismic Toss|p2a: Glimmora
|-activate|p2a: Glimmora|move: Protect
|-damage|p1a: Blissey|82/100 tox|[from] Spiky Shield|[of] p2a: Glimmora
|
|-heal|p1a: Blissey|88/100 tox|[from] item: Leftovers
|-heal|p2a: Glimmora|86/100 par|[from] item: Leftovers
|-damage|p1a: Blissey|76/100 tox|[from] psn
|upkeep
|turn|104
|inactive|Linton Molnar has 120 seconds left.
|
|t:|1757845242
|move|p1a: Blissey|Seismic Toss|p2a: Glimmora
|-damage|p2a: Glimmora|59/100 par
|move|p2a: Glimmora|Stealth Rock|p1a: Blissey
|-sidestart|p1: Linton Molnar|move: Stealth Rock
|
|-heal|p1a: Blissey|82/100 tox|[from] item: Leftovers
|-heal|p2a: Glimmora|65/100 par|[from] item: Leftovers
|-damage|p1a: Blissey|63/100 tox|[from] psn
|upkeep
|turn|105
|inactive|Obih has 120 seconds left.
|
|t:|1757845253
|move|p2a: Glimmora|Spiky Shield|p2a: Glimmora
|-singleturn|p2a: Glimmora|move: Protect
|move|p1a: Blissey|Soft-Boiled|p1a: Blissey
|-heal|p1a: Blissey|100/100 tox
|
|-heal|p2a: Glimmora|71/100 par|[from] item: Leftovers
|-damage|p1a: Blissey|76/100 tox|[from] psn
|upkeep
|turn|106
|inactive|Obih has 120 seconds left.
|
|t:|1757845264
|-curestatus|p1a: Blissey|tox|[from] ability: Natural Cure
|switch|p1a: Clodsire|Clodsire, F|82/100 tox
|-damage|p1a: Clodsire|76/100 tox|[from] Stealth Rock
|move|p2a: Glimmora|Acid Armor|p2a: Glimmora
|-boost|p2a: Glimmora|def|2
|
|-heal|p2a: Glimmora|78/100 par|[from] item: Leftovers
|-heal|p1a: Clodsire|82/100 tox|[from] item: Leftovers
|-damage|p1a: Clodsire|76/100 tox|[from] psn
|upkeep
|turn|107
|inactive|Linton Molnar has 90 seconds left.
|
|t:|1757845286
|switch|p1a: Blissey|Blissey, F|76/100
|-damage|p1a: Blissey|63/100|[from] Stealth Rock
|cant|p2a: Glimmora|par
|
|-heal|p1a: Blissey|70/100|[from] item: Leftovers
|-heal|p2a: Glimmora|84/100 par|[from] item: Leftovers
|upkeep
|turn|108
|inactive|Linton Molnar has 90 seconds left.
|
|t:|1757845296
|move|p1a: Blissey|Seismic Toss|p2a: Glimmora
|-damage|p2a: Glimmora|57/100 par
|move|p2a: Glimmora|Toxic|p1a: Blissey
|-status|p1a: Blissey|tox
|
|-heal|p1a: Blissey|76/100 tox|[from] item: Leftovers
|-heal|p2a: Glimmora|63/100 par|[from] item: Leftovers
|-damage|p1a: Blissey|70/100 tox|[from] psn
|upkeep
|turn|109
|inactive|Linton Molnar has 90 seconds left.
|
|t:|1757845310
|switch|p2a: Toxapex|Toxapex, M|68/100 par
|move|p1a: Blissey|Soft-Boiled|p1a: Blissey
|-heal|p1a: Blissey|100/100 tox
|
|-heal|p2a: Toxapex|74/100 par|[from] item: Leftovers
|-damage|p1a: Blissey|88/100 tox|[from] psn
|upkeep
|turn|110
|
|t:|1757845322
|-curestatus|p1a: Blissey|tox|[from] ability: Natural Cure
|switch|p1a: Corviknight|Corviknight, M|61/100 tox
|-damage|p1a: Corviknight|48/100 tox|[from] Stealth Rock
|move|p2a: Toxapex|Infestation|p1a: Corviknight
|-resisted|p1a: Corviknight
|-damage|p1a: Corviknight|48/100 tox
|-activate|p1a: Corviknight|move: Infestation|[of] p2a: Toxapex
|-damage|p2a: Toxapex|57/100 par|[from] item: Rocky Helmet|[of] p1a: Corviknight
|
|-heal|p2a: Toxapex|63/100 par|[from] item: Leftovers
|-damage|p1a: Corviknight|42/100 tox|[from] psn
|-damage|p1a: Corviknight|29/100 tox|[from] move: Infestation|[partiallytrapped]
|upkeep
|turn|111
|
|t:|1757845337
|move|p2a: Toxapex|Baneful Bunker|p2a: Toxapex
|-singleturn|p2a: Toxapex|move: Protect
|move|p1a: Corviknight|Roost|p1a: Corviknight
|-heal|p1a: Corviknight|79/100 tox
|-singleturn|p1a: Corviknight|move: Roost
|
|-heal|p2a: Toxapex|69/100 par|[from] item: Leftovers
|-damage|p1a: Corviknight|67/100 tox|[from] psn
|-damage|p1a: Corviknight|55/100 tox|[from] move: Infestation|[partiallytrapped]
|upkeep
|turn|112
|
|t:|1757845349
|move|p1a: Corviknight|Roost|p1a: Corviknight
|-heal|p1a: Corviknight|100/100 tox
|-singleturn|p1a: Corviknight|move: Roost
|move|p2a: Toxapex|Recover|p2a: Toxapex
|-heal|p2a: Toxapex|100/100 par
|
|-damage|p1a: Corviknight|82/100 tox|[from] psn
|-damage|p1a: Corviknight|70/100 tox|[from] move: Infestation|[partiallytrapped]
|upkeep
|turn|113
|inactive|Obih has 90 seconds left.
|inactive|Linton Molnar has 60 seconds left.
|
|t:|1757845370
|move|p2a: Toxapex|Baneful Bunker|p2a: Toxapex
|-singleturn|p2a: Toxapex|move: Protect
|move|p1a: Corviknight|Defog|p2a: Toxapex
|-activate|p2a: Toxapex|move: Protect
|
|-damage|p1a: Corviknight|46/100 tox|[from] psn
|-damage|p1a: Corviknight|34/100 tox|[from] move: Infestation|[partiallytrapped]
|upkeep
|turn|114
|inactive|Obih has 90 seconds left.
|
|t:|1757845391
|cant|p2a: Toxapex|par
|move|p1a: Corviknight|Roost|p1a: Corviknight
|-heal|p1a: Corviknight|84/100 tox
|-singleturn|p1a: Corviknight|move: Roost
|
|-damage|p1a: Corviknight|54/100 tox|[from] psn
|-damage|p1a: Corviknight|42/100 tox|[from] move: Infestation|[partiallytrapped]
|upkeep
|turn|115
|
|t:|1757845405
|move|p2a: Toxapex|Baneful Bunker|p2a: Toxapex
|-singleturn|p2a: Toxapex|move: Protect
|move|p1a: Corviknight|Roost|p1a: Corviknight
|-heal|p1a: Corviknight|92/100 tox
|-singleturn|p1a: Corviknight|move: Roost
|
|-damage|p1a: Corviknight|56/100 tox|[from] psn
|-end|p1a: Corviknight|Infestation|[partiallytrapped]
|upkeep
|turn|116
|
|t:|1757845417
|switch|p1a: Alomomola|Alomomola, M|100/100 tox
|-damage|p1a: Alomomola|88/100 tox|[from] Stealth Rock
|cant|p2a: Toxapex|par
|
|-heal|p1a: Alomomola|94/100 tox|[from] item: Leftovers
|-damage|p1a: Alomomola|88/100 tox|[from] psn
|upkeep
|turn|117
|inactive|Obih has 60 seconds left.
|
|t:|1757845428
|move|p1a: Alomomola|Wish|p1a: Alomomola
|move|p2a: Toxapex|Infestation|p1a: Alomomola
|-damage|p1a: Alomomola|85/100 tox
|-activate|p1a: Alomomola|move: Infestation|[of] p2a: Toxapex
|
|-heal|p1a: Alomomola|91/100 tox|[from] item: Leftovers
|-damage|p1a: Alomomola|78/100 tox|[from] psn
|-damage|p1a: Alomomola|66/100 tox|[from] move: Infestation|[partiallytrapped]
|upkeep
|turn|118
|inactive|Obih has 60 seconds left.
|-message|Linton Molnar forfeited.
|
|win|Obih
|raw|Linton Molnar's rating: 1205 &rarr; <strong>1179</strong><br />(-26 for losing)
|raw|Obih's rating: 1193 &rarr; <strong>1219</strong><br />(+26 for winning)
|l|☆Linton Molnar
|player|p1|
|l|☆Obih
|player|p2|
