|j|☆InotspeakEnglish
|j|☆muru drinker
|t:|1757826263
|gametype|singles
|player|p1|InotspeakEnglish|169|1294
|player|p2|muru drinker|linebacker|1234
|gen|9
|tier|[Gen 9] OU
|rated|
|rule|HP Percentage Mod: HP is shown in percentages
|rule|Endless Battle Clause: Forcing endless battles is banned
|rule|Species Clause: Limit one of each Pokémon
|rule|OHKO Clause: OHKO moves are banned
|rule|Evasion Items Clause: Evasion items are banned
|rule|Evasion Moves Clause: Evasion moves are banned
|rule|Evasion Abilities Clause: Evasion abilities are banned
|rule|Sleep Moves Clause: Sleep-inducing moves are banned
|clearpoke
|poke|p1|Maushold-Four|
|poke|p1|Great Tusk|
|poke|p1|Raging Bolt|
|poke|p1|Grafaiai, F|
|poke|p1|Moltres|
|poke|p1|Scizor, F|
|poke|p2|Corviknight, F|
|poke|p2|Alomomola, F|
|poke|p2|Rillaboom, M|
|poke|p2|Slowking-Galar, M|
|poke|p2|Heatran, M|
|poke|p2|Darkrai|
|teampreview
|
|t:|1757826301
|teamsize|p1|6
|teamsize|p2|6
|start
|switch|p1a: Grafaiai|Grafaiai, F|100/100
|switch|p2a: Corviknight|Corviknight, F|100/100
|turn|1
|
|t:|1757826311
|move|p1a: Grafaiai|Knock Off|p2a: Corviknight
|-damage|p2a: Corviknight|87/100
|-damage|p1a: Grafaiai|84/100|[from] item: Rocky Helmet|[of] p2a: Corviknight
|-enditem|p2a: Corviknight|Rocky Helmet|[from] move: Knock Off|[of] p1a: Grafaiai
|move|p2a: Corviknight|Iron Defense|p2a: Corviknight
|-boost|p2a: Corviknight|def|2
|
|upkeep
|turn|2
|
|t:|1757826318
|move|p1a: Grafaiai|Encore|p2a: Corviknight
|-start|p2a: Corviknight|Encore
|move|p2a: Corviknight|Iron Defense|p2a: Corviknight
|-boost|p2a: Corviknight|def|2
|
|upkeep
|turn|3
|
|t:|1757826323
|switch|p1a: Moltres|Moltres|100/100
|switch|p2a: Alomomola|Alomomola, F|100/100
|
|upkeep
|turn|4
|
|t:|1757826329
|move|p1a: Moltres|Air Slash|p2a: Alomomola
|-damage|p2a: Alomomola|62/100
|move|p2a: Alomomola|Scald|p1a: Moltres
|-supereffective|p1a: Moltres
|-damage|p1a: Moltres|80/100
|
|-heal|p2a: Alomomola|68/100|[from] item: Leftovers
|upkeep
|turn|5
|
|t:|1757826334
|move|p1a: Moltres|Air Slash|p2a: Alomomola
|-damage|p2a: Alomomola|28/100
|move|p2a: Alomomola|Mirror Coat|p1a: Moltres
|-damage|p1a: Moltres|0 fnt
|faint|p1a: Moltres
|
|-heal|p2a: Alomomola|35/100|[from] item: Leftovers
|upkeep
|
|t:|1757826343
|switch|p1a: Raging Bolt|Raging Bolt|100/100
|turn|6
|
|t:|1757826349
|switch|p2a: Slowking|Slowking-Galar, M|100/100
|move|p1a: Raging Bolt|Draco Meteor|p2a: Slowking
|-damage|p2a: Slowking|55/100
|-unboost|p1a: Raging Bolt|spa|2
|-damage|p1a: Raging Bolt|90/100|[from] item: Life Orb
|
|upkeep
|turn|7
|
|t:|1757826354
|move|p1a: Raging Bolt|Volt Switch|p2a: Slowking
|-damage|p2a: Slowking|42/100
|-damage|p1a: Raging Bolt|80/100|[from] item: Life Orb
|
|t:|1757826357
|-end|p1a: Raging Bolt|Protosynthesis|[silent]
|switch|p1a: Grafaiai|Grafaiai, F|84/100|[from] Volt Switch
|move|p2a: Slowking|Future Sight|p1a: Grafaiai
|-start|p2a: Slowking|move: Future Sight
|
|upkeep
|turn|8
|
|t:|1757826363
|switch|p2a: Corviknight|Corviknight, F|87/100
|move|p1a: Grafaiai|Knock Off|p2a: Corviknight
|-damage|p2a: Corviknight|78/100
|
|upkeep
|turn|9
|
|t:|1757826371
|switch|p1a: Scizor|Scizor, F|100/100
|move|p2a: Corviknight|Body Press|p1a: Scizor
|-damage|p1a: Scizor|79/100
|
|-end|p1a: Scizor|move: Future Sight
|-resisted|p1a: Scizor
|-damage|p1a: Scizor|55/100
|-heal|p1a: Scizor|61/100|[from] item: Leftovers
|upkeep
|turn|10
|
|t:|1757826379
|move|p2a: Corviknight|Iron Defense|p2a: Corviknight
|-boost|p2a: Corviknight|def|2
|move|p1a: Scizor|U-turn|p2a: Corviknight
|-resisted|p2a: Corviknight
|-damage|p2a: Corviknight|76/100
|
|t:|1757826382
|switch|p1a: Grafaiai|Grafaiai, F|84/100|[from] U-turn
|
|upkeep
|turn|11
|
|t:|1757826385
|move|p1a: Grafaiai|Parting Shot|p2a: Corviknight
|-ability|p2a: Corviknight|Mirror Armor
|-unboost|p1a: Grafaiai|atk|1
|-ability|p2a: Corviknight|Mirror Armor
|-unboost|p1a: Grafaiai|spa|1
|
|t:|1757826388
|switch|p1a: Raging Bolt|Raging Bolt|80/100|[from] Parting Shot
|move|p2a: Corviknight|Body Press|p1a: Raging Bolt
|-damage|p1a: Raging Bolt|39/100
|
|upkeep
|turn|12
|
|t:|1757826400
|switch|p2a: Slowking|Slowking-Galar, M|75/100
|move|p1a: Raging Bolt|Volt Switch|p2a: Slowking
|-damage|p2a: Slowking|50/100
|-damage|p1a: Raging Bolt|29/100|[from] item: Life Orb
|
|t:|1757826418
|-end|p1a: Raging Bolt|Protosynthesis|[silent]
|switch|p1a: Great Tusk|Great Tusk|100/100|[from] Volt Switch
|
|upkeep
|turn|13
|
|t:|1757826435
|switch|p2a: Corviknight|Corviknight, F|76/100
|move|p1a: Great Tusk|Rapid Spin|p2a: Corviknight
|-resisted|p2a: Corviknight
|-damage|p2a: Corviknight|71/100
|-boost|p1a: Great Tusk|spe|1
|
|upkeep
|turn|14
|
|t:|1757826440
|move|p1a: Great Tusk|Supercell Slam|p2a: Corviknight
|-supereffective|p2a: Corviknight
|-damage|p2a: Corviknight|23/100
|move|p2a: Corviknight|Iron Defense|p2a: Corviknight
|-boost|p2a: Corviknight|def|2
|
|upkeep
|turn|15
|
|t:|1757826445
|move|p1a: Great Tusk|Supercell Slam|p2a: Corviknight
|-supereffective|p2a: Corviknight
|-damage|p2a: Corviknight|0 fnt
|faint|p2a: Corviknight
|
|upkeep
|
|t:|1757826495
|switch|p2a: Rillaboom|Rillaboom, M|100/100
|-fieldstart|move: Grassy Terrain|[from] ability: Grassy Surge|[of] p2a: Rillaboom
|turn|16
|
|t:|1757826506
|-end|p1a: Great Tusk|Protosynthesis|[silent]
|switch|p1a: Grafaiai|Grafaiai, F|84/100
|move|p2a: Rillaboom|Grassy Glide|p1a: Grafaiai
|-resisted|p1a: Grafaiai
|-damage|p1a: Grafaiai|59/100
|-damage|p2a: Rillaboom|84/100|[from] item: Rocky Helmet|[of] p1a: Grafaiai
|
|-heal|p2a: Rillaboom|90/100|[from] Grassy Terrain
|-heal|p1a: Grafaiai|65/100|[from] Grassy Terrain
|upkeep
|turn|17
|
|t:|1757826516
|switch|p2a: Alomomola|Alomomola, F|68/100
|move|p1a: Grafaiai|Knock Off|p2a: Alomomola
|-damage|p2a: Alomomola|57/100
|-enditem|p2a: Alomomola|Leftovers|[from] move: Knock Off|[of] p1a: Grafaiai
|
|-heal|p1a: Grafaiai|71/100|[from] Grassy Terrain
|-heal|p2a: Alomomola|63/100|[from] Grassy Terrain
|upkeep
|turn|18
|
|t:|1757826531
|move|p1a: Grafaiai|Parting Shot|p2a: Alomomola
|-unboost|p2a: Alomomola|atk|1
|-unboost|p2a: Alomomola|spa|1
|
|t:|1757826533
|switch|p1a: Raging Bolt|Raging Bolt|29/100|[from] Parting Shot
|move|p2a: Alomomola|Wish|p2a: Alomomola
|
|-heal|p1a: Raging Bolt|36/100|[from] Grassy Terrain
|-heal|p2a: Alomomola|70/100|[from] Grassy Terrain
|upkeep
|turn|19
|
|t:|1757826542
|switch|p2a: Heatran|Heatran, M|100/100
|move|p1a: Raging Bolt|Volt Switch|p2a: Heatran
|-damage|p2a: Heatran|71/100
|-damage|p1a: Raging Bolt|26/100|[from] item: Life Orb
|
|t:|1757826552
|-end|p1a: Raging Bolt|Protosynthesis|[silent]
|switch|p1a: Grafaiai|Grafaiai, F|71/100|[from] Volt Switch
|
|-heal|p2a: Heatran|100/100|[from] move: Wish|[wisher] Alomomola
|-heal|p1a: Grafaiai|77/100|[from] Grassy Terrain
|upkeep
|turn|20
|
|t:|1757826564
|switch|p2a: Alomomola|Alomomola, F|100/100
|move|p1a: Grafaiai|Parting Shot|p2a: Alomomola
|-unboost|p2a: Alomomola|atk|1
|-unboost|p2a: Alomomola|spa|1
|
|t:|1757826570
|switch|p1a: Maushold|Maushold-Four|100/100|[from] Parting Shot
|
|-fieldend|move: Grassy Terrain
|upkeep
|turn|21
|
|t:|1757826581
|move|p1a: Maushold|Thunder Wave|p2a: Alomomola
|-status|p2a: Alomomola|par
|move|p2a: Alomomola|Flip Turn|p1a: Maushold
|-damage|p1a: Maushold|86/100
|
|t:|1757826586
|switch|p2a: Darkrai|Darkrai|100/100|[from] Flip Turn
|
|upkeep
|turn|22
|
|t:|1757826605
|move|p2a: Darkrai|Dark Pulse|p1a: Maushold
|-damage|p1a: Maushold|0 fnt
|faint|p1a: Maushold
|
|upkeep
|
|t:|1757826610
|switch|p1a: Great Tusk|Great Tusk|100/100
|turn|23
|
|t:|1757826629
|switch|p2a: Alomomola|Alomomola, F|100/100 par
|move|p1a: Great Tusk|Rapid Spin|p2a: Alomomola
|-damage|p2a: Alomomola|91/100 par
|-boost|p1a: Great Tusk|spe|1
|
|upkeep
|turn|24
|
|t:|1757826635
|move|p1a: Great Tusk|Supercell Slam|p2a: Alomomola
|-supereffective|p2a: Alomomola
|-damage|p2a: Alomomola|45/100 par
|cant|p2a: Alomomola|par
|
|upkeep
|turn|25
|inactive|Battle timer is ON: inactive players will automatically lose when time's up. (requested by InotspeakEnglish)
|inactive|muru drinker has 120 seconds left.
|
|t:|1757826699
|-terastallize|p2a: Alomomola|Poison
|move|p1a: Great Tusk|Ice Spinner|p2a: Alomomola
|-crit|p2a: Alomomola
|-damage|p2a: Alomomola|23/100 par
|move|p2a: Alomomola|Flip Turn|p1a: Great Tusk
|-supereffective|p1a: Great Tusk
|-damage|p1a: Great Tusk|79/100
|
|t:|1757826718
|switch|p2a: Rillaboom|Rillaboom, M|90/100|[from] Flip Turn
|-fieldstart|move: Grassy Terrain|[from] ability: Grassy Surge|[of] p2a: Rillaboom
|
|-heal|p1a: Great Tusk|85/100|[from] Grassy Terrain
|-heal|p2a: Rillaboom|96/100|[from] Grassy Terrain
|upkeep
|turn|26
|
|t:|1757826724
|-terastallize|p1a: Great Tusk|Ice
|move|p1a: Great Tusk|Ice Spinner|p2a: Rillaboom
|-supereffective|p2a: Rillaboom
|-damage|p2a: Rillaboom|0 fnt
|-fieldend|move: Grassy Terrain
|faint|p2a: Rillaboom
|
|upkeep
|
|t:|1757826733
|switch|p2a: Alomomola|Alomomola, F, tera:Poison|56/100 par
|turn|27
|
|t:|1757826736
|move|p1a: Great Tusk|Headlong Rush|p2a: Alomomola
|-supereffective|p2a: Alomomola
|-damage|p2a: Alomomola|0 fnt
|-unboost|p1a: Great Tusk|def|1
|-unboost|p1a: Great Tusk|spd|1
|faint|p2a: Alomomola
|
|upkeep
|
|t:|1757826744
|switch|p2a: Darkrai|Darkrai|100/100
|turn|28
|
|t:|1757826751
|-end|p1a: Great Tusk|Protosynthesis|[silent]
|switch|p1a: Grafaiai|Grafaiai, F|77/100
|move|p2a: Darkrai|Focus Blast|p1a: Grafaiai
|-damage|p1a: Grafaiai|0 fnt
|faint|p1a: Grafaiai
|
|upkeep
|
|t:|1757826754
|switch|p1a: Scizor|Scizor, F|61/100
|turn|29
|
|t:|1757826763
|switch|p2a: Heatran|Heatran, M|100/100
|move|p1a: Scizor|U-turn|p2a: Heatran
|-resisted|p2a: Heatran
|-damage|p2a: Heatran|94/100
|
|t:|1757826766
|switch|p1a: Great Tusk|Great Tusk, tera:Ice|85/100|[from] U-turn
|
|-heal|p2a: Heatran|99/100|[from] item: Leftovers
|upkeep
|turn|30
|
|t:|1757826773
|move|p1a: Great Tusk|Headlong Rush|p2a: Heatran
|-supereffective|p2a: Heatran
|-damage|p2a: Heatran|0 fnt
|-unboost|p1a: Great Tusk|def|1
|-unboost|p1a: Great Tusk|spd|1
|faint|p2a: Heatran
|
|upkeep
|
|t:|1757826777
|switch|p2a: Darkrai|Darkrai|100/100
|turn|31
|
|t:|1757826785
|-end|p1a: Great Tusk|Protosynthesis|[silent]
|switch|p1a: Raging Bolt|Raging Bolt|26/100
|move|p2a: Darkrai|Blizzard|p1a: Raging Bolt
|-supereffective|p1a: Raging Bolt
|-damage|p1a: Raging Bolt|0 fnt
|faint|p1a: Raging Bolt
|-end|p1a: Raging Bolt|Protosynthesis|[silent]
|
|upkeep
|
|t:|1757826788
|switch|p1a: Scizor|Scizor, F|61/100
|turn|32
|
|t:|1757826792
|switch|p2a: Slowking|Slowking-Galar, M|83/100
|move|p1a: Scizor|Bullet Punch|p2a: Slowking
|-damage|p2a: Slowking|55/100
|
|-heal|p1a: Scizor|67/100|[from] item: Leftovers
|upkeep
|turn|33
|
|t:|1757826796
|move|p1a: Scizor|Swords Dance|p1a: Scizor
|-boost|p1a: Scizor|atk|2
|move|p2a: Slowking|Future Sight|p1a: Scizor
|-start|p2a: Slowking|move: Future Sight
|
|-heal|p1a: Scizor|73/100|[from] item: Leftovers
|upkeep
|turn|34
|
|t:|1757826798
|move|p1a: Scizor|Bullet Punch|p2a: Slowking
|-damage|p2a: Slowking|0 fnt
|faint|p2a: Slowking
|
|-heal|p1a: Scizor|79/100|[from] item: Leftovers
|upkeep
|
|t:|1757826800
|switch|p2a: Darkrai|Darkrai|100/100
|turn|35
|
|t:|1757826805
|move|p1a: Scizor|Bullet Punch|p2a: Darkrai
|-damage|p2a: Darkrai|14/100
|move|p2a: Darkrai|Dark Pulse|p1a: Scizor
|-damage|p1a: Scizor|5/100
|
|-end|p1a: Scizor|move: Future Sight
|-resisted|p1a: Scizor
|-damage|p1a: Scizor|0 fnt
|faint|p1a: Scizor
|upkeep
|
|t:|1757826808
|switch|p1a: Great Tusk|Great Tusk, tera:Ice|85/100
|turn|36
|
|t:|1757826812
|move|p2a: Darkrai|Dark Pulse|p1a: Great Tusk
|-crit|p1a: Great Tusk
|-damage|p1a: Great Tusk|0 fnt
|faint|p1a: Great Tusk
|-end|p1a: Great Tusk|Protosynthesis|[silent]
|
|win|muru drinker
|raw|InotspeakEnglish's rating: 1294 &rarr; <strong>1265</strong><br />(-29 for losing)
|raw|muru drinker's rating: 1234 &rarr; <strong>1263</strong><br />(+29 for winning)
|l|☆InotspeakEnglish
|player|p1|
|c|☆muru drinker|ggg
|l|☆muru drinker
|player|p2|
