|j|☆WhenZero
|j|☆Jasamius
|t:|1757864715
|gametype|singles
|player|p1|WhenZero|aaron|1324
|player|p2|Jasamius|miku-fire|1337
|gen|9
|tier|[Gen 9] OU
|rated|
|rule|HP Percentage Mod: HP is shown in percentages
|rule|Endless Battle Clause: Forcing endless battles is banned
|rule|Species Clause: Limit one of each Pokémon
|rule|OHKO Clause: OHKO moves are banned
|rule|Evasion Items Clause: Evasion items are banned
|rule|Evasion Moves Clause: Evasion moves are banned
|rule|Evasion Abilities Clause: Evasion abilities are banned
|rule|Sleep Moves Clause: Sleep-inducing moves are banned
|clearpoke
|poke|p1|Sinistcha|
|poke|p1|Garganacl, M|
|poke|p1|Iron Valiant|
|poke|p1|Iron Treads|
|poke|p1|Alomomola, F|
|poke|p1|Rillaboom, F|
|poke|p2|Indeedee, M|
|poke|p2|Hatterene, F|
|poke|p2|Ursaluna, F|
|poke|p2|Iron Hands|
|poke|p2|Hoopa-Unbound|
|poke|p2|Mimikyu, F|
|teampreview
|inactive|Battle timer is ON: inactive players will automatically lose when time's up. (requested by Jasamius)
|inactive|WhenZero also wants the timer to be on.
|
|t:|1757864740
|teamsize|p1|6
|teamsize|p2|6
|start
|switch|p1a: Alomomola|Alomomola, F|100/100
|switch|p2a: Indeedee|Indeedee, M, shiny|100/100
|-fieldstart|move: Psychic Terrain|[from] ability: Psychic Surge|[of] p2a: Indeedee
|turn|1
|
|t:|1757864747
|move|p1a: Alomomola|Protect|p1a: Alomomola
|-singleturn|p1a: Alomomola|Protect
|move|p2a: Indeedee|Trick Room|p2a: Indeedee
|-fieldstart|move: Trick Room|[of] p2a: Indeedee
|
|upkeep
|turn|2
|
|t:|1757864751
|move|p1a: Alomomola|Flip Turn|p2a: Indeedee
|-damage|p2a: Indeedee|83/100
|
|t:|1757864759
|switch|p1a: Iron Treads|Iron Treads|100/100|[from] Flip Turn
|move|p2a: Indeedee|Encore||[still]
|-fail|p2a: Indeedee
|
|upkeep
|turn|3
|
|t:|1757864766
|switch|p2a: Ursaluna|Ursaluna, F, shiny|100/100
|move|p1a: Iron Treads|Knock Off|p2a: Ursaluna
|-damage|p2a: Ursaluna|78/100
|-enditem|p2a: Ursaluna|Flame Orb|[from] move: Knock Off|[of] p1a: Iron Treads
|
|upkeep
|turn|4
|
|t:|1757864773
|-end|p1a: Iron Treads|Quark Drive|[silent]
|switch|p1a: Rillaboom|Rillaboom, F|100/100
|-fieldstart|move: Grassy Terrain|[from] ability: Grassy Surge|[of] p1a: Rillaboom
|move|p2a: Ursaluna|Headlong Rush|p1a: Rillaboom
|-resisted|p1a: Rillaboom
|-damage|p1a: Rillaboom|62/100
|-unboost|p2a: Ursaluna|def|1
|-unboost|p2a: Ursaluna|spd|1
|
|-heal|p2a: Ursaluna|84/100|[from] Grassy Terrain
|-heal|p1a: Rillaboom|68/100|[from] Grassy Terrain
|-heal|p1a: Rillaboom|74/100|[from] item: Leftovers
|upkeep
|turn|5
|
|t:|1757864789
|switch|p2a: Indeedee|Indeedee, M, shiny|83/100
|-fieldstart|move: Psychic Terrain|[from] ability: Psychic Surge|[of] p2a: Indeedee
|move|p1a: Rillaboom|Grassy Glide|p2a: Indeedee
|-damage|p2a: Indeedee|52/100
|
|-heal|p1a: Rillaboom|80/100|[from] item: Leftovers
|-fieldend|move: Trick Room
|upkeep
|turn|6
|
|t:|1757864801
|switch|p1a: Iron Treads|Iron Treads|100/100
|move|p2a: Indeedee|Trick Room|p2a: Indeedee
|-fieldstart|move: Trick Room|[of] p2a: Indeedee
|
|upkeep
|turn|7
|
|t:|1757864808
|switch|p2a: Hatterene|Hatterene, F, shiny|100/100
|move|p1a: Iron Treads|Ice Spinner|p2a: Hatterene
|-damage|p2a: Hatterene|71/100
|-fieldend|move: Psychic Terrain
|
|upkeep
|turn|8
|
|t:|1757864827
|move|p2a: Hatterene|Mystical Fire|p1a: Iron Treads
|-supereffective|p1a: Iron Treads
|-damage|p1a: Iron Treads|31/100
|-unboost|p1a: Iron Treads|spa|1
|-damage|p2a: Hatterene|61/100|[from] item: Life Orb
|move|p1a: Iron Treads|Knock Off|p2a: Hatterene
|-damage|p2a: Hatterene|28/100
|-enditem|p2a: Hatterene|Life Orb|[from] move: Knock Off|[of] p1a: Iron Treads
|
|upkeep
|turn|9
|
|t:|1757864838
|-end|p1a: Iron Treads|Quark Drive|[silent]
|switch|p1a: Alomomola|Alomomola, F|100/100
|move|p2a: Hatterene|Mystical Fire|p1a: Alomomola
|-resisted|p1a: Alomomola
|-damage|p1a: Alomomola|87/100
|-unboost|p1a: Alomomola|spa|1
|
|upkeep
|turn|10
|
|t:|1757864843
|switch|p2a: Indeedee|Indeedee, M, shiny|52/100
|-fieldstart|move: Psychic Terrain|[from] ability: Psychic Surge|[of] p2a: Indeedee
|move|p1a: Alomomola|Wish|p1a: Alomomola
|
|-fieldend|move: Trick Room
|upkeep
|turn|11
|
|t:|1757864848
|move|p1a: Alomomola|Flip Turn|p2a: Indeedee
|-damage|p2a: Indeedee|33/100
|
|t:|1757864851
|switch|p1a: Iron Treads|Iron Treads|31/100|[from] Flip Turn
|move|p2a: Indeedee|Trick Room|p2a: Indeedee
|-fieldstart|move: Trick Room|[of] p2a: Indeedee
|
|-heal|p1a: Iron Treads|100/100|[from] move: Wish|[wisher] Alomomola
|upkeep
|turn|12
|
|t:|1757864869
|move|p2a: Indeedee|Healing Wish|p2a: Indeedee
|faint|p2a: Indeedee
|move|p1a: Iron Treads|Ice Spinner|p2: Indeedee|[notarget]
|-fail|p1a: Iron Treads
|
|upkeep
|
|t:|1757864871
|switch|p2a: Hatterene|Hatterene, F, shiny|28/100
|-heal|p2a: Hatterene|100/100|[from] move: Healing Wish
|turn|13
|
|t:|1757864882
|-end|p1a: Iron Treads|Quark Drive|[silent]
|switch|p1a: Alomomola|Alomomola, F|100/100
|move|p2a: Hatterene|Expanding Force|p1a: Alomomola
|-damage|p1a: Alomomola|11/100
|
|upkeep
|turn|14
|
|t:|1757864887
|move|p1a: Alomomola|Protect|p1a: Alomomola
|-singleturn|p1a: Alomomola|Protect
|move|p2a: Hatterene|Expanding Force|p1a: Alomomola
|-activate|p1a: Alomomola|move: Protect
|
|upkeep
|turn|15
|
|t:|1757864901
|switch|p1a: Iron Treads|Iron Treads|100/100
|move|p2a: Hatterene|Expanding Force|p1a: Iron Treads
|-resisted|p1a: Iron Treads
|-damage|p1a: Iron Treads|56/100
|
|-fieldend|move: Trick Room
|upkeep
|turn|16
|
|t:|1757864909
|move|p1a: Iron Treads|Ice Spinner|p2a: Hatterene
|-damage|p2a: Hatterene|70/100
|-fieldend|move: Psychic Terrain
|move|p2a: Hatterene|Trick Room|p2a: Hatterene
|-fieldstart|move: Trick Room|[of] p2a: Hatterene
|
|upkeep
|turn|17
|
|t:|1757864916
|-end|p1a: Iron Treads|Quark Drive|[silent]
|switch|p1a: Alomomola|Alomomola, F|45/100
|move|p2a: Hatterene|Mystical Fire|p1a: Alomomola
|-resisted|p1a: Alomomola
|-damage|p1a: Alomomola|31/100
|-unboost|p1a: Alomomola|spa|1
|
|upkeep
|turn|18
|
|t:|1757864924
|move|p2a: Hatterene|Expanding Force|p1a: Alomomola
|-damage|p1a: Alomomola|0 fnt
|faint|p1a: Alomomola
|
|upkeep
|
|t:|1757864943
|switch|p1a: Garganacl|Garganacl, M|100/100
|turn|19
|
|t:|1757864956
|switch|p2a: Ursaluna|Ursaluna, F, shiny|84/100
|move|p1a: Garganacl|Salt Cure|p2a: Ursaluna
|-resisted|p2a: Ursaluna
|-damage|p2a: Ursaluna|79/100
|-start|p2a: Ursaluna|Salt Cure
|
|-damage|p2a: Ursaluna|67/100|[from] Salt Cure
|upkeep
|turn|20
|
|t:|1757864984
|move|p1a: Garganacl|Protect|p1a: Garganacl
|-singleturn|p1a: Garganacl|Protect
|move|p2a: Ursaluna|Ice Punch|p1a: Garganacl
|-activate|p1a: Garganacl|move: Protect
|
|-damage|p2a: Ursaluna|54/100|[from] Salt Cure
|-fieldend|move: Trick Room
|upkeep
|turn|21
|
|t:|1757864997
|switch|p1a: Sinistcha|Sinistcha|100/100
|move|p2a: Ursaluna|Headlong Rush|p1a: Sinistcha
|-resisted|p1a: Sinistcha
|-damage|p1a: Sinistcha|73/100
|-unboost|p2a: Ursaluna|def|1
|-unboost|p2a: Ursaluna|spd|1
|
|-damage|p2a: Ursaluna|42/100|[from] Salt Cure
|upkeep
|turn|22
|
|t:|1757865012
|move|p1a: Sinistcha|Strength Sap|p2a: Ursaluna
|-unboost|p2a: Ursaluna|atk|1
|-heal|p1a: Sinistcha|100/100
|move|p2a: Ursaluna|Ice Punch|p1a: Sinistcha
|-supereffective|p1a: Sinistcha
|-damage|p1a: Sinistcha|68/100
|
|-damage|p2a: Ursaluna|30/100|[from] Salt Cure
|upkeep
|turn|23
|
|t:|1757865018
|switch|p2a: Hoopa|Hoopa-Unbound|100/100
|move|p1a: Sinistcha|Matcha Gotcha|p2a: Hoopa
|-damage|p2a: Hoopa|75/100
|-heal|p1a: Sinistcha|81/100|[from] drain|[of] p2a: Hoopa
|
|upkeep
|turn|24
|
|t:|1757865037
|switch|p1a: Iron Treads|Iron Treads|56/100
|move|p2a: Hoopa|Trick Room|p2a: Hoopa
|-fieldstart|move: Trick Room|[of] p2a: Hoopa
|
|upkeep
|turn|25
|
|t:|1757865051
|-terastallize|p1a: Iron Treads|Ghost
|move|p2a: Hoopa|Focus Blast|p1a: Iron Treads
|-immune|p1a: Iron Treads
|move|p1a: Iron Treads|Knock Off|p2a: Hoopa
|-damage|p2a: Hoopa|43/100
|-enditem|p2a: Hoopa|Psychic Seed|[from] move: Knock Off|[of] p1a: Iron Treads
|
|upkeep
|turn|26
|
|t:|1757865064
|-end|p1a: Iron Treads|Quark Drive|[silent]
|switch|p1a: Garganacl|Garganacl, M|100/100
|move|p2a: Hoopa|Hyperspace Fury|p1a: Garganacl
|-damage|p1a: Garganacl|63/100
|-unboost|p2a: Hoopa|def|1
|-item|p2a: Hoopa|Leftovers|[from] ability: Magician|[of] p1a: Garganacl
|
|-heal|p2a: Hoopa|49/100|[from] item: Leftovers
|upkeep
|turn|27
|
|t:|1757865077
|move|p1a: Garganacl|Protect|p1a: Garganacl
|-singleturn|p1a: Garganacl|Protect
|move|p2a: Hoopa|Trick Room|p2a: Hoopa
|-fieldend|move: Trick Room
|
|-heal|p2a: Hoopa|55/100|[from] item: Leftovers
|upkeep
|turn|28
|
|t:|1757865092
|move|p1a: Garganacl|Salt Cure|p2a: Hoopa
|-damage|p2a: Hoopa|30/100
|-start|p2a: Hoopa|Salt Cure
|move|p2a: Hoopa|Trick Room|p2a: Hoopa
|-fieldstart|move: Trick Room|[of] p2a: Hoopa
|
|-heal|p2a: Hoopa|36/100|[from] item: Leftovers
|-damage|p2a: Hoopa|24/100|[from] Salt Cure
|upkeep
|turn|29
|
|t:|1757865099
|switch|p2a: Iron Hands|Iron Hands, shiny|100/100
|-enditem|p2a: Iron Hands|Booster Energy
|-activate|p2a: Iron Hands|ability: Quark Drive|[fromitem]
|-start|p2a: Iron Hands|quarkdriveatk
|move|p1a: Garganacl|Protect||[still]
|-fail|p1a: Garganacl
|
|upkeep
|turn|30
|
|t:|1757865109
|switch|p1a: Sinistcha|Sinistcha|81/100
|move|p2a: Iron Hands|Close Combat|p1a: Sinistcha
|-immune|p1a: Sinistcha
|
|upkeep
|turn|31
|
|t:|1757865116
|move|p2a: Iron Hands|Ice Punch|p1a: Sinistcha
|-supereffective|p1a: Sinistcha
|-damage|p1a: Sinistcha|20/100
|move|p1a: Sinistcha|Strength Sap|p2a: Iron Hands
|-unboost|p2a: Iron Hands|atk|1
|-heal|p1a: Sinistcha|100/100
|
|upkeep
|turn|32
|
|t:|1757865126
|-end|p2a: Iron Hands|Quark Drive|[silent]
|switch|p2a: Hatterene|Hatterene, F, shiny|70/100
|move|p1a: Sinistcha|Matcha Gotcha|p2a: Hatterene
|-damage|p2a: Hatterene|32/100
|
|-fieldend|move: Trick Room
|upkeep
|turn|33
|
|t:|1757865133
|move|p1a: Sinistcha|Hex|p2a: Hatterene
|-supereffective|p2a: Hatterene
|-damage|p2a: Hatterene|0 fnt
|faint|p2a: Hatterene
|
|upkeep
|-message|Jasamius forfeited.
|
|win|WhenZero
|raw|WhenZero's rating: 1324 &rarr; <strong>1345</strong><br />(+21 for winning)
|raw|Jasamius's rating: 1337 &rarr; <strong>1316</strong><br />(-21 for losing)
|l|☆Jasamius
|player|p2|
