|j|☆frozen0214
|j|☆hsysbsbs
|t:|1757872489
|gametype|singles
|player|p1|frozen0214|102|1079
|player|p2|hsysbsbs|266|1083
|gen|9
|tier|[Gen 9] OU
|rated|
|rule|HP Percentage Mod: HP is shown in percentages
|rule|Endless Battle Clause: Forcing endless battles is banned
|rule|Species Clause: Limit one of each Pokémon
|rule|OHKO Clause: OHKO moves are banned
|rule|Evasion Items Clause: Evasion items are banned
|rule|Evasion Moves Clause: Evasion moves are banned
|rule|Evasion Abilities Clause: Evasion abilities are banned
|rule|Sleep Moves Clause: Sleep-inducing moves are banned
|clearpoke
|poke|p1|Torkoal, F|
|poke|p1|Walking Wake|
|poke|p1|Great Tusk|
|poke|p1|Rotom-Wash|
|poke|p1|Venusaur, F|
|poke|p1|Arcanine, M|
|poke|p2|Goodra-Hisui, M|
|poke|p2|Arcanine-Hisui, F|
|poke|p2|Comfey, M|
|poke|p2|Cinderace, M|
|poke|p2|Araquanid, F|
|poke|p2|Lurantis, M|
|teampreview
|
|t:|1757872505
|teamsize|p1|6
|teamsize|p2|6
|start
|switch|p1a: Torkoal|Torkoal, F|100/100
|switch|p2a: Goodra|Goodra-Hisui, M|100/100
|-weather|SunnyDay|[from] ability: Drought|[of] p1a: Torkoal
|turn|1
|
|t:|1757872517
|move|p2a: Goodra|Curse|p2a: Goodra
|-unboost|p2a: Goodra|spe|1
|-boost|p2a: Goodra|atk|1
|-boost|p2a: Goodra|def|1
|move|p1a: Torkoal|Overheat|p2a: Goodra
|-damage|p2a: Goodra|72/100
|-unboost|p1a: Torkoal|spa|2
|-enditem|p1a: Torkoal|Eject Pack
|inactive|Battle timer is ON: inactive players will automatically lose when time's up. (requested by hsysbsbs)
|
|t:|1757872536
|switch|p1a: Great Tusk|Great Tusk|100/100
|-activate|p1a: Great Tusk|ability: Protosynthesis
|-start|p1a: Great Tusk|protosynthesisatk
|
|-weather|SunnyDay|[upkeep]
|upkeep
|turn|2
|
|t:|1757872556
|move|p1a: Great Tusk|Headlong Rush|p2a: Goodra
|-supereffective|p2a: Goodra
|-damage|p2a: Goodra|0 fnt
|-unboost|p1a: Great Tusk|def|1
|-unboost|p1a: Great Tusk|spd|1
|faint|p2a: Goodra
|
|-weather|SunnyDay|[upkeep]
|upkeep
|
|t:|1757872565
|switch|p2a: Lurantis|Lurantis, M|100/100
|turn|3
|
|t:|1757872589
|-end|p1a: Great Tusk|Protosynthesis|[silent]
|switch|p1a: Venusaur|Venusaur, F|100/100
|move|p2a: Lurantis|Superpower|p1a: Venusaur
|-resisted|p1a: Venusaur
|-damage|p1a: Venusaur|75/100
|-boost|p2a: Lurantis|atk|1
|-boost|p2a: Lurantis|def|1
|
|-weather|SunnyDay|[upkeep]
|upkeep
|turn|4
|
|t:|1757872600
|move|p1a: Venusaur|Weather Ball|p2a: Lurantis
|-supereffective|p2a: Lurantis
|-damage|p2a: Lurantis|19/100
|-damage|p1a: Venusaur|65/100|[from] item: Life Orb
|move|p2a: Lurantis|Knock Off|p1a: Venusaur
|-damage|p1a: Venusaur|0 fnt
|-enditem|p1a: Venusaur|Life Orb|[from] move: Knock Off|[of] p2a: Lurantis
|faint|p1a: Venusaur
|
|-weather|SunnyDay|[upkeep]
|upkeep
|
|t:|1757872612
|switch|p1a: Arcanine|Arcanine, M|100/100
|-ability|p1a: Arcanine|Intimidate|boost
|-boost|p2a: Lurantis|atk|1
|turn|5
|
|t:|1757872620
|move|p1a: Arcanine|Extreme Speed|p2a: Lurantis
|-damage|p2a: Lurantis|2/100
|move|p2a: Lurantis|Knock Off|p1a: Arcanine
|-damage|p1a: Arcanine|13/100
|-enditem|p1a: Arcanine|Choice Scarf|[from] move: Knock Off|[of] p2a: Lurantis
|
|-weather|none
|upkeep
|turn|6
|
|t:|1757872630
|move|p1a: Arcanine|Extreme Speed|p2a: Lurantis
|-damage|p2a: Lurantis|0 fnt
|faint|p2a: Lurantis
|
|upkeep
|
|t:|1757872643
|switch|p2a: Arcanine|Arcanine-Hisui, F|100/100
|-ability|p2a: Arcanine|Intimidate|boost
|-unboost|p1a: Arcanine|atk|1
|turn|7
|
|t:|1757872648
|move|p1a: Arcanine|Extreme Speed|p2a: Arcanine
|-resisted|p2a: Arcanine
|-damage|p2a: Arcanine|90/100
|move|p2a: Arcanine|Stealth Rock|p1a: Arcanine
|-sidestart|p1: frozen0214|move: Stealth Rock
|
|-heal|p2a: Arcanine|96/100|[from] item: Leftovers
|upkeep
|turn|8
|
|t:|1757872658
|move|p1a: Arcanine|Extreme Speed|p2a: Arcanine
|-resisted|p2a: Arcanine
|-damage|p2a: Arcanine|87/100
|move|p2a: Arcanine|Extreme Speed|p1a: Arcanine
|-damage|p1a: Arcanine|0 fnt
|faint|p1a: Arcanine
|
|-heal|p2a: Arcanine|93/100|[from] item: Leftovers
|upkeep
|
|t:|1757872669
|switch|p1a: Torkoal|Torkoal, F|100/100
|-damage|p1a: Torkoal|75/100|[from] Stealth Rock
|-weather|SunnyDay|[from] ability: Drought|[of] p1a: Torkoal
|turn|9
|
|t:|1757872679
|move|p2a: Arcanine|Flare Blitz|p1a: Torkoal
|-resisted|p1a: Torkoal
|-damage|p1a: Torkoal|47/100
|-damage|p2a: Arcanine|84/100|[from] Recoil
|move|p1a: Torkoal|Rapid Spin|p2a: Arcanine
|-resisted|p2a: Arcanine
|-damage|p2a: Arcanine|78/100
|-boost|p1a: Torkoal|spe|1
|-sideend|p1: frozen0214|Stealth Rock|[from] move: Rapid Spin|[of] p1a: Torkoal
|
|-weather|SunnyDay|[upkeep]
|-heal|p2a: Arcanine|84/100|[from] item: Leftovers
|upkeep
|turn|10
|
|t:|1757872695
|move|p2a: Arcanine|Flare Blitz|p1a: Torkoal
|-resisted|p1a: Torkoal
|-damage|p1a: Torkoal|15/100
|-damage|p2a: Arcanine|73/100|[from] Recoil
|move|p1a: Torkoal|Will-O-Wisp|p2a: Arcanine
|-immune|p2a: Arcanine
|
|-weather|SunnyDay|[upkeep]
|-heal|p2a: Arcanine|79/100|[from] item: Leftovers
|upkeep
|turn|11
|
|t:|1757872713
|move|p2a: Arcanine|Extreme Speed|p1a: Torkoal
|-damage|p1a: Torkoal|0 fnt
|faint|p1a: Torkoal
|
|-weather|SunnyDay|[upkeep]
|-heal|p2a: Arcanine|85/100|[from] item: Leftovers
|upkeep
|
|t:|1757872721
|switch|p1a: Walking Wake|Walking Wake|100/100
|-activate|p1a: Walking Wake|ability: Protosynthesis
|-start|p1a: Walking Wake|protosynthesisspa
|turn|12
|
|t:|1757872746
|move|p2a: Arcanine|Extreme Speed|p1a: Walking Wake
|-damage|p1a: Walking Wake|72/100
|move|p1a: Walking Wake|Hydro Steam|p2a: Arcanine
|-supereffective|p2a: Arcanine
|-damage|p2a: Arcanine|0 fnt
|faint|p2a: Arcanine
|-damage|p1a: Walking Wake|62/100|[from] item: Life Orb
|
|-weather|SunnyDay|[upkeep]
|upkeep
|inactive|hsysbsbs has 120 seconds left.
|
|t:|1757872765
|switch|p2a: Comfey|Comfey, M|100/100
|turn|13
|
|t:|1757872771
|move|p1a: Walking Wake|Flamethrower|p2a: Comfey
|-damage|p2a: Comfey|16/100
|-damage|p1a: Walking Wake|52/100|[from] item: Life Orb
|move|p2a: Comfey|Calm Mind|p2a: Comfey
|-boost|p2a: Comfey|spa|1
|-boost|p2a: Comfey|spd|1
|
|-weather|none
|-end|p1a: Walking Wake|Protosynthesis
|-heal|p2a: Comfey|22/100|[from] item: Leftovers
|upkeep
|turn|14
|
|t:|1757872782
|move|p2a: Comfey|Draining Kiss|p1a: Walking Wake
|-supereffective|p1a: Walking Wake
|-damage|p1a: Walking Wake|0 fnt
|-heal|p2a: Comfey|70/100|[from] drain|[of] p1a: Walking Wake
|faint|p1a: Walking Wake
|-end|p1a: Walking Wake|Protosynthesis|[silent]
|
|-heal|p2a: Comfey|76/100|[from] item: Leftovers
|upkeep
|-message|frozen0214 forfeited.
|
|win|hsysbsbs
|raw|frozen0214's rating: 1058 &rarr; <strong>1041</strong><br />(-17 for losing)
|raw|hsysbsbs's rating: 1083 &rarr; <strong>1109</strong><br />(+26 for winning)
|l|☆frozen0214
|player|p1|
|l|☆hsysbsbs
|player|p2|
