|j|☆Acastillo631
|j|☆AjonymousNon
|t:|1757795659
|gametype|singles
|player|p1|Acastillo631|silver|1748
|player|p2|AjonymousNon|workerice|1653
|gen|9
|tier|[Gen 9] OU
|rated|
|rule|HP Percentage Mod: HP is shown in percentages
|rule|Endless Battle Clause: Forcing endless battles is banned
|rule|Species Clause: Limit one of each Pokémon
|rule|OHKO Clause: OHKO moves are banned
|rule|Evasion Items Clause: Evasion items are banned
|rule|Evasion Moves Clause: Evasion moves are banned
|rule|Evasion Abilities Clause: Evasion abilities are banned
|rule|Sleep Moves Clause: Sleep-inducing moves are banned
|clearpoke
|poke|p1|Iron Valiant|
|poke|p1|Tyranitar, F|
|poke|p1|Corviknight, F|
|poke|p1|Sinistcha|
|poke|p1|Keldeo-Resolute|
|poke|p1|Magnezone|
|poke|p2|Great Tusk|
|poke|p2|Ogerpon-Cornerstone, F|
|poke|p2|Rillaboom, M|
|poke|p2|Tyranitar, M|
|poke|p2|Corviknight, F|
|poke|p2|Dragapult, F|
|teampreview
|inactive|Battle timer is ON: inactive players will automatically lose when time's up. (requested by AjonymousNon)
|inactive|Acastillo631 also wants the timer to be on.
|inactive|Acastillo631 has 120 seconds left.
|
|t:|1757795709
|teamsize|p1|6
|teamsize|p2|6
|start
|switch|p1a: Eregion|Tyranitar, F|100/100
|switch|p2a: Dragapult|Dragapult, F|100/100
|-weather|Sandstorm|[from] ability: Sand Stream|[of] p1a: Eregion
|turn|1
|
|t:|1757795713
|switch|p2a: Rillaboom|Rillaboom, M|100/100
|-fieldstart|move: Grassy Terrain|[from] ability: Grassy Surge|[of] p2a: Rillaboom
|switch|p1a: Wind Crowrang|Corviknight, F|100/100
|
|-weather|Sandstorm|[upkeep]
|-damage|p2a: Rillaboom|94/100|[from] Sandstorm
|-heal|p2a: Rillaboom|100/100|[from] Grassy Terrain
|upkeep
|turn|2
|
|t:|1757795719
|move|p2a: Rillaboom|Knock Off|p1a: Wind Crowrang
|-damage|p1a: Wind Crowrang|67/100
|-damage|p2a: Rillaboom|84/100|[from] item: Rocky Helmet|[of] p1a: Wind Crowrang
|-enditem|p1a: Wind Crowrang|Rocky Helmet|[from] move: Knock Off|[of] p2a: Rillaboom
|move|p1a: Wind Crowrang|U-turn|p2a: Rillaboom
|-supereffective|p2a: Rillaboom
|-damage|p2a: Rillaboom|50/100
|
|t:|1757795729
|switch|p1a: Wire Sponge|Sinistcha|100/100|[from] U-turn
|
|-weather|Sandstorm|[upkeep]
|-damage|p2a: Rillaboom|44/100|[from] Sandstorm
|-damage|p1a: Wire Sponge|94/100|[from] Sandstorm
|-heal|p2a: Rillaboom|50/100|[from] Grassy Terrain
|-heal|p1a: Wire Sponge|100/100|[from] Grassy Terrain
|upkeep
|turn|3
|
|t:|1757795732
|move|p2a: Rillaboom|Knock Off|p1a: Wire Sponge
|-supereffective|p1a: Wire Sponge
|-damage|p1a: Wire Sponge|18/100
|-enditem|p1a: Wire Sponge|Heavy-Duty Boots|[from] move: Knock Off|[of] p2a: Rillaboom
|move|p1a: Wire Sponge|Strength Sap|p2a: Rillaboom
|-unboost|p2a: Rillaboom|atk|1
|-heal|p1a: Wire Sponge|100/100
|
|-weather|Sandstorm|[upkeep]
|-damage|p2a: Rillaboom|44/100|[from] Sandstorm
|-damage|p1a: Wire Sponge|94/100|[from] Sandstorm
|-heal|p2a: Rillaboom|50/100|[from] Grassy Terrain
|-heal|p1a: Wire Sponge|100/100|[from] Grassy Terrain
|upkeep
|turn|4
|
|t:|1757795743
|switch|p2a: Dragapult|Dragapult, F|100/100
|move|p1a: Wire Sponge|Shadow Ball|p2a: Dragapult
|-supereffective|p2a: Dragapult
|-damage|p2a: Dragapult|13/100
|
|-weather|Sandstorm|[upkeep]
|-damage|p2a: Dragapult|6/100|[from] Sandstorm
|-damage|p1a: Wire Sponge|94/100|[from] Sandstorm
|-heal|p2a: Dragapult|13/100|[from] Grassy Terrain
|-heal|p2a: Dragapult|19/100|[from] item: Leftovers
|-heal|p1a: Wire Sponge|100/100|[from] Grassy Terrain
|upkeep
|turn|5
|
|t:|1757795754
|move|p2a: Dragapult|Will-O-Wisp|p1a: Wire Sponge
|-status|p1a: Wire Sponge|brn
|move|p1a: Wire Sponge|Shadow Ball|p2a: Dragapult
|-supereffective|p2a: Dragapult
|-damage|p2a: Dragapult|0 fnt
|faint|p2a: Dragapult
|
|-weather|none
|-damage|p1a: Wire Sponge|98/100 brn|[from] brn
|-fieldend|move: Grassy Terrain
|upkeep
|
|t:|1757795759
|switch|p2a: Tyranitar|Tyranitar, M|100/100
|-weather|Sandstorm|[from] ability: Sand Stream|[of] p2a: Tyranitar
|turn|6
|
|t:|1757795773
|switch|p1a: Wind Crowrang|Corviknight, F|67/100
|move|p2a: Tyranitar|Stealth Rock|p1a: Wind Crowrang
|-sidestart|p1: Acastillo631|move: Stealth Rock
|
|-weather|Sandstorm|[upkeep]
|upkeep
|turn|7
|
|t:|1757795781
|switch|p2a: Corviknight|Corviknight, F|100/100
|-ability|p2a: Corviknight|Pressure
|move|p1a: Wind Crowrang|U-turn|p2a: Corviknight
|-resisted|p2a: Corviknight
|-crit|p2a: Corviknight
|-damage|p2a: Corviknight|97/100
|-damage|p1a: Wind Crowrang|51/100|[from] item: Rocky Helmet|[of] p2a: Corviknight
|
|t:|1757795808
|switch|p1a: Gigabolt Man o War|Magnezone|100/100|[from] U-turn
|-damage|p1a: Gigabolt Man o War|94/100|[from] Stealth Rock
|
|-weather|Sandstorm|[upkeep]
|-heal|p1a: Gigabolt Man o War|100/100|[from] item: Leftovers
|upkeep
|turn|8
|
|t:|1757795813
|move|p2a: Corviknight|U-turn|p1a: Gigabolt Man o War
|-resisted|p1a: Gigabolt Man o War
|-damage|p1a: Gigabolt Man o War|94/100
|
|t:|1757795815
|switch|p2a: Great Tusk|Great Tusk|100/100|[from] U-turn
|move|p1a: Gigabolt Man o War|Magnet Rise|p1a: Gigabolt Man o War
|-start|p1a: Gigabolt Man o War|Magnet Rise
|
|-weather|Sandstorm|[upkeep]
|-heal|p1a: Gigabolt Man o War|99/100|[from] item: Leftovers
|upkeep
|turn|9
|
|t:|1757795819
|move|p2a: Great Tusk|Temper Flare|p1a: Gigabolt Man o War
|-supereffective|p1a: Gigabolt Man o War
|-damage|p1a: Gigabolt Man o War|54/100
|move|p1a: Gigabolt Man o War|Iron Defense|p1a: Gigabolt Man o War
|-boost|p1a: Gigabolt Man o War|def|2
|
|-weather|Sandstorm|[upkeep]
|-heal|p1a: Gigabolt Man o War|61/100|[from] item: Leftovers
|upkeep
|turn|10
|
|t:|1757795831
|move|p2a: Great Tusk|Temper Flare|p1a: Gigabolt Man o War
|-supereffective|p1a: Gigabolt Man o War
|-damage|p1a: Gigabolt Man o War|40/100
|move|p1a: Gigabolt Man o War|Iron Defense|p1a: Gigabolt Man o War
|-boost|p1a: Gigabolt Man o War|def|2
|
|-weather|none
|-heal|p1a: Gigabolt Man o War|46/100|[from] item: Leftovers
|upkeep
|turn|11
|
|t:|1757795835
|move|p2a: Great Tusk|Temper Flare|p1a: Gigabolt Man o War
|-supereffective|p1a: Gigabolt Man o War
|-damage|p1a: Gigabolt Man o War|31/100
|move|p1a: Gigabolt Man o War|Body Press|p2a: Great Tusk
|-damage|p2a: Great Tusk|57/100
|
|-heal|p1a: Gigabolt Man o War|37/100|[from] item: Leftovers
|upkeep
|turn|12
|
|t:|1757795849
|move|p2a: Great Tusk|Temper Flare|p1a: Gigabolt Man o War
|-supereffective|p1a: Gigabolt Man o War
|-damage|p1a: Gigabolt Man o War|21/100
|move|p1a: Gigabolt Man o War|Body Press|p2a: Great Tusk
|-damage|p2a: Great Tusk|12/100
|
|-heal|p1a: Gigabolt Man o War|28/100|[from] item: Leftovers
|-end|p1a: Gigabolt Man o War|Magnet Rise
|upkeep
|turn|13
|
|t:|1757795854
|-end|p2a: Great Tusk|Protosynthesis|[silent]
|switch|p2a: Corviknight|Corviknight, F|97/100
|-ability|p2a: Corviknight|Pressure
|switch|p1a: Wind Crowrang|Corviknight, F|51/100
|-damage|p1a: Wind Crowrang|38/100|[from] Stealth Rock
|
|upkeep
|turn|14
|
|t:|1757795859
|move|p1a: Wind Crowrang|Roost|p1a: Wind Crowrang
|-heal|p1a: Wind Crowrang|88/100
|-singleturn|p1a: Wind Crowrang|move: Roost
|move|p2a: Corviknight|Body Press|p1a: Wind Crowrang
|-supereffective|p1a: Wind Crowrang
|-crit|p1a: Wind Crowrang
|-damage|p1a: Wind Crowrang|42/100
|
|upkeep
|turn|15
|
|t:|1757795862
|move|p2a: Corviknight|Body Press|p1a: Wind Crowrang
|-damage|p1a: Wind Crowrang|27/100
|move|p1a: Wind Crowrang|Defog|p2a: Corviknight
|-unboost|p2a: Corviknight|evasion|1
|-sideend|p1: Acastillo631|Stealth Rock|[from] move: Defog|[of] p1a: Wind Crowrang
|
|upkeep
|turn|16
|
|t:|1757795869
|switch|p2a: Tyranitar|Tyranitar, M|100/100
|-weather|Sandstorm|[from] ability: Sand Stream|[of] p2a: Tyranitar
|move|p1a: Wind Crowrang|U-turn|p2a: Tyranitar
|-supereffective|p2a: Tyranitar
|-crit|p2a: Tyranitar
|-damage|p2a: Tyranitar|64/100
|
|t:|1757795875
|switch|p1a: Gigabolt Man o War|Magnezone|28/100|[from] U-turn
|
|-weather|Sandstorm|[upkeep]
|-heal|p2a: Tyranitar|70/100|[from] item: Leftovers
|-heal|p1a: Gigabolt Man o War|34/100|[from] item: Leftovers
|upkeep
|turn|17
|
|t:|1757795878
|move|p2a: Tyranitar|Stealth Rock|p1a: Gigabolt Man o War
|-sidestart|p1: Acastillo631|move: Stealth Rock
|move|p1a: Gigabolt Man o War|Body Press|p2a: Tyranitar
|-supereffective|p2a: Tyranitar
|-damage|p2a: Tyranitar|5/100
|
|-weather|Sandstorm|[upkeep]
|-heal|p2a: Tyranitar|11/100|[from] item: Leftovers
|-heal|p1a: Gigabolt Man o War|40/100|[from] item: Leftovers
|upkeep
|turn|18
|
|t:|1757795884
|move|p2a: Tyranitar|Knock Off|p1a: Gigabolt Man o War
|-damage|p1a: Gigabolt Man o War|0 fnt
|-enditem|p1a: Gigabolt Man o War|Leftovers|[from] move: Knock Off|[of] p2a: Tyranitar
|faint|p1a: Gigabolt Man o War
|
|-weather|Sandstorm|[upkeep]
|-heal|p2a: Tyranitar|17/100|[from] item: Leftovers
|upkeep
|
|t:|1757795886
|switch|p1a: Spiral Pegasus|Keldeo-Resolute|100/100
|turn|19
|
|t:|1757795894
|switch|p1a: Eregion|Tyranitar, F|100/100
|-damage|p1a: Eregion|88/100|[from] Stealth Rock
|move|p2a: Tyranitar|Roar|p1a: Eregion
|drag|p1a: Wind Crowrang|Corviknight, F|27/100
|-damage|p1a: Wind Crowrang|15/100|[from] Stealth Rock
|
|-weather|Sandstorm|[upkeep]
|-heal|p2a: Tyranitar|24/100|[from] item: Leftovers
|upkeep
|turn|20
|
|t:|1757795897
|move|p1a: Wind Crowrang|Roost|p1a: Wind Crowrang
|-heal|p1a: Wind Crowrang|65/100
|-singleturn|p1a: Wind Crowrang|move: Roost
|move|p2a: Tyranitar|Knock Off|p1a: Wind Crowrang
|-damage|p1a: Wind Crowrang|47/100
|
|-weather|none
|-heal|p2a: Tyranitar|30/100|[from] item: Leftovers
|upkeep
|turn|21
|
|t:|1757795903
|switch|p2a: Great Tusk|Great Tusk|12/100
|move|p1a: Wind Crowrang|Roost|p1a: Wind Crowrang
|-heal|p1a: Wind Crowrang|97/100
|-singleturn|p1a: Wind Crowrang|move: Roost
|
|upkeep
|turn|22
|
|t:|1757795909
|move|p2a: Great Tusk|Temper Flare|p1a: Wind Crowrang
|-supereffective|p1a: Wind Crowrang
|-damage|p1a: Wind Crowrang|69/100
|move|p1a: Wind Crowrang|Brave Bird|p2a: Great Tusk
|-supereffective|p2a: Great Tusk
|-damage|p2a: Great Tusk|0 fnt
|faint|p2a: Great Tusk
|-end|p2a: Great Tusk|Protosynthesis|[silent]
|-damage|p1a: Wind Crowrang|65/100|[from] Recoil
|
|upkeep
|
|t:|1757795913
|switch|p2a: Ogerpon|Ogerpon-Cornerstone, F|100/100
|turn|23
|
|t:|1757795918
|move|p2a: Ogerpon|Swords Dance|p2a: Ogerpon
|-boost|p2a: Ogerpon|atk|2
|move|p1a: Wind Crowrang|U-turn|p2a: Ogerpon
|-supereffective|p2a: Ogerpon
|-damage|p2a: Ogerpon|64/100
|
|t:|1757795924
|switch|p1a: Sage Harpuia|Iron Valiant|100/100|[from] U-turn
|-damage|p1a: Sage Harpuia|94/100|[from] Stealth Rock
|-enditem|p1a: Sage Harpuia|Booster Energy
|-activate|p1a: Sage Harpuia|ability: Quark Drive|[fromitem]
|-start|p1a: Sage Harpuia|quarkdrivespe
|
|upkeep
|turn|24
|
|t:|1757795927
|switch|p2a: Corviknight|Corviknight, F|97/100
|-ability|p2a: Corviknight|Pressure
|move|p1a: Sage Harpuia|Encore||[still]
|-fail|p1a: Sage Harpuia
|
|upkeep
|turn|25
|
|t:|1757795932
|move|p1a: Sage Harpuia|Moonblast|p2a: Corviknight
|-resisted|p2a: Corviknight
|-damage|p2a: Corviknight|74/100
|-unboost|p2a: Corviknight|spa|1
|move|p2a: Corviknight|Brave Bird|p1a: Sage Harpuia
|-supereffective|p1a: Sage Harpuia
|-damage|p1a: Sage Harpuia|0 fnt
|faint|p1a: Sage Harpuia
|-end|p1a: Sage Harpuia|Quark Drive|[silent]
|-damage|p2a: Corviknight|52/100|[from] Recoil
|
|upkeep
|
|t:|1757795952
|switch|p1a: Spiral Pegasus|Keldeo-Resolute|100/100
|turn|26
|
|t:|1757795959
|-terastallize|p1a: Spiral Pegasus|Water
|move|p1a: Spiral Pegasus|Surf|p2a: Corviknight
|-crit|p2a: Corviknight
|-damage|p2a: Corviknight|0 fnt
|faint|p2a: Corviknight
|
|upkeep
|
|t:|1757795961
|switch|p2a: Rillaboom|Rillaboom, M|50/100
|-fieldstart|move: Grassy Terrain|[from] ability: Grassy Surge|[of] p2a: Rillaboom
|turn|27
|
|t:|1757795973
|switch|p1a: Wind Crowrang|Corviknight, F|65/100
|-damage|p1a: Wind Crowrang|53/100|[from] Stealth Rock
|move|p2a: Rillaboom|U-turn|p1a: Wind Crowrang
|-resisted|p1a: Wind Crowrang
|-damage|p1a: Wind Crowrang|47/100
|
|t:|1757795975
|switch|p2a: Ogerpon|Ogerpon-Cornerstone, F|64/100|[from] U-turn
|
|-heal|p2a: Ogerpon|70/100|[from] Grassy Terrain
|upkeep
|turn|28
|
|t:|1757795981
|move|p2a: Ogerpon|Swords Dance|p2a: Ogerpon
|-boost|p2a: Ogerpon|atk|2
|move|p1a: Wind Crowrang|U-turn|p2a: Ogerpon
|-supereffective|p2a: Ogerpon
|-crit|p2a: Ogerpon
|-damage|p2a: Ogerpon|13/100
|
|t:|1757795983
|switch|p1a: Spiral Pegasus|Keldeo-Resolute, tera:Water|100/100|[from] U-turn
|
|-heal|p2a: Ogerpon|19/100|[from] Grassy Terrain
|upkeep
|turn|29
|
|t:|1757795987
|switch|p2a: Rillaboom|Rillaboom, M|50/100
|move|p1a: Spiral Pegasus|Vacuum Wave|p2a: Rillaboom
|-damage|p2a: Rillaboom|21/100
|
|-heal|p2a: Rillaboom|27/100|[from] Grassy Terrain
|upkeep
|turn|30
|
|t:|1757795993
|move|p1a: Spiral Pegasus|Vacuum Wave|p2a: Rillaboom
|-damage|p2a: Rillaboom|1/100
|move|p2a: Rillaboom|U-turn|p1a: Spiral Pegasus
|-damage|p1a: Spiral Pegasus|57/100
|-message|AjonymousNon forfeited.
|
|win|Acastillo631
|raw|Acastillo631's rating: 1748 &rarr; <strong>1763</strong><br />(+15 for winning)
|raw|AjonymousNon's rating: 1653 &rarr; <strong>1638</strong><br />(-15 for losing)
|l|☆AjonymousNon
|player|p2|
|l|☆Acastillo631
|player|p1|
