|j|☆ThePhantomOfHope
|j|☆Mreda
|t:|1757886202
|gametype|singles
|player|p1|ThePhantomOfHope|lance|1479
|player|p2|Mreda|steven|1447
|gen|9
|tier|[Gen 9] OU
|rated|
|rule|HP Percentage Mod: HP is shown in percentages
|rule|Endless Battle Clause: Forcing endless battles is banned
|rule|Species Clause: Limit one of each Pokémon
|rule|OHKO Clause: OHKO moves are banned
|rule|Evasion Items Clause: Evasion items are banned
|rule|Evasion Moves Clause: Evasion moves are banned
|rule|Evasion Abilities Clause: Evasion abilities are banned
|rule|Sleep Moves Clause: Sleep-inducing moves are banned
|clearpoke
|poke|p1|Samurott-Hisui, F|
|poke|p1|Tornadus-Therian, M|
|poke|p1|Pecharunt|
|poke|p1|Great Tusk|
|poke|p1|Clefable, F|
|poke|p1|Zamazenta-*|
|poke|p2|Moltres|
|poke|p2|Zamazenta-*|
|poke|p2|Corviknight, M|
|poke|p2|Garchomp, M|
|poke|p2|Clodsire, M|
|poke|p2|Kingambit, M|
|teampreview
|inactive|Battle timer is ON: inactive players will automatically lose when time's up. (requested by ThePhantomOfHope)
|
|t:|1757886221
|teamsize|p1|6
|teamsize|p2|6
|start
|switch|p1a: Samurott|Samurott-Hisui, F|100/100
|switch|p2a: Megalodon|Garchomp, M|100/100
|turn|1
|
|t:|1757886231
|switch|p2a: Igriş|Corviknight, M|100/100
|-ability|p2a: Igriş|Pressure
|move|p1a: Samurott|Ceaseless Edge|p2a: Igriş
|-damage|p2a: Igriş|73/100
|-damage|p1a: Samurott|84/100|[from] item: Rocky Helmet|[of] p2a: Igriş
|-sidestart|p2: Mreda|Spikes
|
|upkeep
|turn|2
|
|t:|1757886246
|move|p1a: Samurott|Razor Shell|p2a: Igriş
|-damage|p2a: Igriş|43/100
|-damage|p1a: Samurott|67/100|[from] item: Rocky Helmet|[of] p2a: Igriş
|move|p2a: Igriş|Brave Bird|p1a: Samurott
|-crit|p1a: Samurott
|-damage|p1a: Samurott|0 fnt
|faint|p1a: Samurott
|-damage|p2a: Igriş|23/100|[from] Recoil
|
|upkeep
|
|t:|1757886265
|switch|p1a: Tornadus|Tornadus-Therian, M|100/100
|turn|3
|
|t:|1757886268
|switch|p2a: Jogäider|Clodsire, M|100/100
|-damage|p2a: Jogäider|88/100|[from] Spikes
|move|p1a: Tornadus|Nasty Plot|p1a: Tornadus
|-boost|p1a: Tornadus|spa|2
|
|-heal|p2a: Jogäider|94/100|[from] item: Leftovers
|upkeep
|turn|4
|
|t:|1757886280
|move|p1a: Tornadus|Bleakwind Storm|p2a: Jogäider
|-damage|p2a: Jogäider|32/100
|-damage|p1a: Tornadus|91/100|[from] item: Life Orb
|move|p2a: Jogäider|Toxic|p1a: Tornadus
|-status|p1a: Tornadus|tox
|
|-heal|p2a: Jogäider|38/100|[from] item: Leftovers
|-damage|p1a: Tornadus|85/100 tox|[from] psn
|upkeep
|turn|5
|
|t:|1757886294
|move|p1a: Tornadus|Bleakwind Storm|p2a: Jogäider
|-damage|p2a: Jogäider|0 fnt
|faint|p2a: Jogäider
|-damage|p1a: Tornadus|75/100 tox|[from] item: Life Orb
|
|-damage|p1a: Tornadus|63/100 tox|[from] psn
|upkeep
|
|t:|1757886306
|switch|p2a: Fuego|Zamazenta|100/100
|-damage|p2a: Fuego|88/100|[from] Spikes
|-ability|p2a: Fuego|Dauntless Shield|boost
|-boost|p2a: Fuego|def|1
|turn|6
|
|t:|1757886312
|move|p2a: Fuego|Ice Fang|p1a: Tornadus
|-supereffective|p1a: Tornadus
|-damage|p1a: Tornadus|0 fnt
|faint|p1a: Tornadus
|
|upkeep
|
|t:|1757886320
|switch|p1a: Pecharunt|Pecharunt|100/100
|turn|7
|
|t:|1757886324
|switch|p2a: Igriş|Corviknight, M|23/100
|-ability|p2a: Igriş|Pressure
|move|p1a: Pecharunt|Parting Shot|p2a: Igriş
|-unboost|p2a: Igriş|atk|1
|-unboost|p2a: Igriş|spa|1
|
|t:|1757886340
|switch|p1a: Zamazenta|Zamazenta|100/100|[from] Parting Shot
|-ability|p1a: Zamazenta|Dauntless Shield|boost
|-boost|p1a: Zamazenta|def|1
|
|upkeep
|turn|8
|
|t:|1757886347
|move|p1a: Zamazenta|Stone Edge|p2a: Igriş
|-damage|p2a: Igriş|5/100
|move|p2a: Igriş|Roost|p2a: Igriş
|-heal|p2a: Igriş|55/100
|-singleturn|p2a: Igriş|move: Roost
|
|upkeep
|turn|9
|
|t:|1757886355
|move|p1a: Zamazenta|Close Combat|p2a: Igriş
|-damage|p2a: Igriş|21/100
|-unboost|p1a: Zamazenta|def|1
|-unboost|p1a: Zamazenta|spd|1
|-damage|p1a: Zamazenta|84/100|[from] item: Rocky Helmet|[of] p2a: Igriş
|move|p2a: Igriş|Roost|p2a: Igriş
|-heal|p2a: Igriş|71/100
|-singleturn|p2a: Igriş|move: Roost
|
|upkeep
|turn|10
|
|t:|1757886365
|switch|p1a: Clefable|Clefable, F|100/100
|move|p2a: Igriş|Roost|p2a: Igriş
|-heal|p2a: Igriş|100/100
|-singleturn|p2a: Igriş|move: Roost
|
|upkeep
|turn|11
|
|t:|1757886373
|switch|p2a: Marco|Moltres|100/100
|move|p1a: Clefable|Calm Mind|p1a: Clefable
|-boost|p1a: Clefable|spa|1
|-boost|p1a: Clefable|spd|1
|
|upkeep
|turn|12
|
|t:|1757886385
|move|p1a: Clefable|Calm Mind|p1a: Clefable
|-boost|p1a: Clefable|spa|1
|-boost|p1a: Clefable|spd|1
|move|p2a: Marco|Roar|p1a: Clefable
|drag|p1a: Pecharunt|Pecharunt|100/100
|
|upkeep
|turn|13
|
|t:|1757886396
|switch|p2a: Igriş|Corviknight, M|100/100
|-ability|p2a: Igriş|Pressure
|move|p1a: Pecharunt|Parting Shot|p2a: Igriş
|-unboost|p2a: Igriş|atk|1
|-unboost|p2a: Igriş|spa|1
|
|t:|1757886402
|switch|p1a: Clefable|Clefable, F|100/100|[from] Parting Shot
|
|upkeep
|turn|14
|
|t:|1757886410
|switch|p2a: Fuego|Zamazenta|88/100
|-damage|p2a: Fuego|76/100|[from] Spikes
|move|p1a: Clefable|Calm Mind|p1a: Clefable
|-boost|p1a: Clefable|spa|1
|-boost|p1a: Clefable|spd|1
|
|upkeep
|turn|15
|
|t:|1757886419
|-terastallize|p1a: Clefable|Water
|move|p2a: Fuego|Iron Head|p1a: Clefable
|-resisted|p1a: Clefable
|-damage|p1a: Clefable|85/100
|cant|p1a: Clefable|flinch
|
|-heal|p1a: Clefable|91/100|[from] item: Leftovers
|upkeep
|turn|16
|
|t:|1757886442
|switch|p2a: Marco|Moltres|100/100
|move|p1a: Clefable|Moonblast|p2a: Marco
|-resisted|p2a: Marco
|-damage|p2a: Marco|75/100
|
|-heal|p1a: Clefable|97/100|[from] item: Leftovers
|upkeep
|turn|17
|
|t:|1757886458
|move|p1a: Clefable|Moonblast|p2a: Marco
|-resisted|p2a: Marco
|-damage|p2a: Marco|51/100
|-unboost|p2a: Marco|spa|1
|move|p2a: Marco|Roar|p1a: Clefable
|drag|p1a: Pecharunt|Pecharunt|100/100
|
|upkeep
|turn|18
|
|t:|1757886468
|move|p2a: Marco|Roost|p2a: Marco
|-heal|p2a: Marco|100/100
|-singleturn|p2a: Marco|move: Roost
|move|p1a: Pecharunt|Malignant Chain|p2a: Marco
|-damage|p2a: Marco|70/100
|
|upkeep
|turn|19
|
|t:|1757886476
|move|p2a: Marco|U-turn|p1a: Pecharunt
|-resisted|p1a: Pecharunt
|-damage|p1a: Pecharunt|99/100
|
|t:|1757886479
|switch|p2a: Igriş|Corviknight, M|100/100|[from] U-turn
|-ability|p2a: Igriş|Pressure
|move|p1a: Pecharunt|Malignant Chain|p2a: Igriş
|-immune|p2a: Igriş
|
|upkeep
|turn|20
|
|t:|1757886503
|move|p1a: Pecharunt|Parting Shot|p2a: Igriş
|-unboost|p2a: Igriş|atk|1
|-unboost|p2a: Igriş|spa|1
|
|t:|1757886505
|switch|p1a: Clefable|Clefable, F, tera:Water|97/100|[from] Parting Shot
|move|p2a: Igriş|Defog|p1a: Clefable
|-unboost|p1a: Clefable|evasion|1
|-sideend|p2: Mreda|Spikes|[from] move: Defog|[of] p2a: Igriş
|
|-heal|p1a: Clefable|100/100|[from] item: Leftovers
|upkeep
|turn|21
|
|t:|1757886515
|switch|p2a: Marco|Moltres|70/100
|move|p1a: Clefable|Calm Mind|p1a: Clefable
|-boost|p1a: Clefable|spa|1
|-boost|p1a: Clefable|spd|1
|
|upkeep
|turn|22
|
|t:|1757886527
|move|p2a: Marco|Roost|p2a: Marco
|-heal|p2a: Marco|100/100
|-singleturn|p2a: Marco|move: Roost
|move|p1a: Clefable|Moonblast|p2a: Marco
|-resisted|p2a: Marco
|-damage|p2a: Marco|76/100
|-unboost|p2a: Marco|spa|1
|
|upkeep
|turn|23
|
|t:|1757886539
|move|p1a: Clefable|Moonblast|p2a: Marco
|-resisted|p2a: Marco
|-damage|p2a: Marco|54/100
|move|p2a: Marco|Roar|p1a: Clefable
|drag|p1a: Great Tusk|Great Tusk|100/100
|
|upkeep
|turn|24
|
|t:|1757886547
|move|p1a: Great Tusk|Knock Off|p2a: Marco
|-damage|p2a: Marco|32/100
|-enditem|p2a: Marco|Heavy-Duty Boots|[from] move: Knock Off|[of] p1a: Great Tusk
|move|p2a: Marco|Flamethrower|p1a: Great Tusk
|-damage|p1a: Great Tusk|66/100
|-status|p1a: Great Tusk|brn
|
|-damage|p1a: Great Tusk|59/100 brn|[from] brn
|upkeep
|turn|25
|
|t:|1757886558
|move|p1a: Great Tusk|Stealth Rock|p2a: Marco
|-sidestart|p2: Mreda|move: Stealth Rock
|move|p2a: Marco|Roost|p2a: Marco
|-heal|p2a: Marco|82/100
|-singleturn|p2a: Marco|move: Roost
|
|-damage|p1a: Great Tusk|53/100 brn|[from] brn
|upkeep
|turn|26
|
|t:|1757886566
|-end|p1a: Great Tusk|Protosynthesis|[silent]
|switch|p1a: Pecharunt|Pecharunt|99/100
|move|p2a: Marco|U-turn|p1a: Pecharunt
|-resisted|p1a: Pecharunt
|-damage|p1a: Pecharunt|97/100
|
|t:|1757886572
|switch|p2a: Igriş|Corviknight, M|100/100|[from] U-turn
|-damage|p2a: Igriş|88/100|[from] Stealth Rock
|-ability|p2a: Igriş|Pressure
|
|upkeep
|turn|27
|
|t:|1757886595
|move|p1a: Pecharunt|Parting Shot|p2a: Igriş
|-unboost|p2a: Igriş|atk|1
|-unboost|p2a: Igriş|spa|1
|
|t:|1757886600
|switch|p1a: Clefable|Clefable, F, tera:Water|100/100|[from] Parting Shot
|move|p2a: Igriş|Defog|p1a: Clefable
|-unboost|p1a: Clefable|evasion|1
|-sideend|p2: Mreda|Stealth Rock|[from] move: Defog|[of] p2a: Igriş
|
|upkeep
|turn|28
|
|t:|1757886610
|switch|p2a: Marco|Moltres|82/100
|move|p1a: Clefable|Calm Mind|p1a: Clefable
|-boost|p1a: Clefable|spa|1
|-boost|p1a: Clefable|spd|1
|
|upkeep
|turn|29
|inactive|ThePhantomOfHope has 120 seconds left.
|
|t:|1757886651
|move|p1a: Clefable|Moonblast|p2a: Marco
|-resisted|p2a: Marco
|-damage|p2a: Marco|60/100
|-unboost|p2a: Marco|spa|1
|move|p2a: Marco|Roar|p1a: Clefable
|drag|p1a: Pecharunt|Pecharunt|97/100
|
|upkeep
|turn|30
|
|t:|1757886662
|move|p2a: Marco|U-turn|p1a: Pecharunt
|-resisted|p1a: Pecharunt
|-damage|p1a: Pecharunt|95/100
|
|t:|1757886665
|switch|p2a: Hanzo|Kingambit, M|100/100|[from] U-turn
|-activate|p2a: Hanzo|ability: Supreme Overlord
|-start|p2a: Hanzo|fallen1|[silent]
|move|p1a: Pecharunt|Parting Shot|p2a: Hanzo
|-unboost|p2a: Hanzo|atk|1
|-unboost|p2a: Hanzo|spa|1
|
|t:|1757886670
|switch|p1a: Clefable|Clefable, F, tera:Water|100/100|[from] Parting Shot
|
|upkeep
|turn|31
|
|t:|1757886677
|-end|p2a: Hanzo|fallen1|[silent]
|switch|p2a: Marco|Moltres|60/100
|move|p1a: Clefable|Calm Mind|p1a: Clefable
|-boost|p1a: Clefable|spa|1
|-boost|p1a: Clefable|spd|1
|
|upkeep
|turn|32
|
|t:|1757886690
|move|p2a: Marco|Roost|p2a: Marco
|-heal|p2a: Marco|100/100
|-singleturn|p2a: Marco|move: Roost
|move|p1a: Clefable|Moonblast|p2a: Marco
|-resisted|p2a: Marco
|-damage|p2a: Marco|77/100
|
|upkeep
|turn|33
|
|t:|1757886698
|move|p1a: Clefable|Moonblast|p2a: Marco
|-resisted|p2a: Marco
|-damage|p2a: Marco|55/100
|move|p2a: Marco|Roar|p1a: Clefable
|drag|p1a: Great Tusk|Great Tusk|53/100 brn
|
|-damage|p1a: Great Tusk|47/100 brn|[from] brn
|upkeep
|turn|34
|
|t:|1757886712
|-end|p1a: Great Tusk|Protosynthesis|[silent]
|switch|p1a: Zamazenta|Zamazenta|84/100
|move|p2a: Marco|Flamethrower|p1a: Zamazenta
|-damage|p1a: Zamazenta|60/100
|-status|p1a: Zamazenta|brn
|
|-damage|p1a: Zamazenta|54/100 brn|[from] brn
|upkeep
|turn|35
|
|t:|1757886722
|switch|p1a: Clefable|Clefable, F, tera:Water|100/100
|switch|p2a: Igriş|Corviknight, M|88/100
|-ability|p2a: Igriş|Pressure
|
|upkeep
|turn|36
|-message|ThePhantomOfHope forfeited.
|
|win|Mreda
|raw|ThePhantomOfHope's rating: 1479 &rarr; <strong>1457</strong><br />(-22 for losing)
|raw|Mreda's rating: 1447 &rarr; <strong>1469</strong><br />(+22 for winning)
|l|☆ThePhantomOfHope
|player|p1|
