|j|☆DomCat
|j|☆baibianqizui
|t:|1757835640
|gametype|singles
|player|p1|DomCat|lady-gen4|1406
|player|p2|baibianqizui|1|1377
|gen|9
|tier|[Gen 9] OU
|rated|
|rule|HP Percentage Mod: HP is shown in percentages
|rule|Endless Battle Clause: Forcing endless battles is banned
|rule|Species Clause: Limit one of each Pokémon
|rule|OHKO Clause: OHKO moves are banned
|rule|Evasion Items Clause: Evasion items are banned
|rule|Evasion Moves Clause: Evasion moves are banned
|rule|Evasion Abilities Clause: Evasion abilities are banned
|rule|Sleep Moves Clause: Sleep-inducing moves are banned
|clearpoke
|poke|p1|Heatran, F|
|poke|p1|Quaquaval, F|
|poke|p1|Garganacl, M|
|poke|p1|Gliscor, F|
|poke|p1|Zapdos|
|poke|p1|Walking Wake|
|poke|p2|Heatran, M|
|poke|p2|Rillaboom, M|
|poke|p2|Ogerpon-Wellspring, F|
|poke|p2|Dragapult, M|
|poke|p2|Great Tusk|
|poke|p2|Bronzong|
|teampreview
|inactive|Battle timer is ON: inactive players will automatically lose when time's up. (requested by DomCat)
|
|t:|1757835649
|teamsize|p1|6
|teamsize|p2|6
|start
|switch|p1a: Boiling Dragon|Walking Wake|100/100
|switch|p2a: Starlink|Bronzong, shiny|100/100
|turn|1
|
|t:|1757835663
|move|p1a: Boiling Dragon|Flamethrower|p2a: Starlink
|-supereffective|p2a: Starlink
|-damage|p2a: Starlink|19/100
|move|p2a: Starlink|Stealth Rock|p1a: Boiling Dragon
|-sidestart|p1: DomCat|move: Stealth Rock
|
|upkeep
|turn|2
|j| heatrantaperfade
|
|t:|1757835670
|-end|p1a: Boiling Dragon|Protosynthesis|[silent]
|switch|p1a: Sparkuno|Zapdos|100/100
|switch|p2a: Starblaze|Heatran, M|100/100
|
|upkeep
|turn|3
|
|t:|1757835678
|move|p1a: Sparkuno|Volt Switch|p2a: Starblaze
|-damage|p2a: Starblaze|76/100
|
|t:|1757835681
|switch|p1a: Joker 2019|Quaquaval, F|100/100|[from] Volt Switch
|-damage|p1a: Joker 2019|94/100|[from] Stealth Rock
|move|p2a: Starblaze|Magma Storm|p1a: Joker 2019|[miss]
|-miss|p2a: Starblaze|p1a: Joker 2019
|
|-heal|p1a: Joker 2019|100/100|[from] item: Leftovers
|-heal|p2a: Starblaze|82/100|[from] item: Leftovers
|upkeep
|turn|4
|
|t:|1757835689
|switch|p2a: Stardrum|Rillaboom, M|100/100
|-fieldstart|move: Grassy Terrain|[from] ability: Grassy Surge|[of] p2a: Stardrum
|move|p1a: Joker 2019|Bulk Up|p1a: Joker 2019
|-boost|p1a: Joker 2019|atk|1
|-boost|p1a: Joker 2019|def|1
|
|upkeep
|turn|5
|
|t:|1757835697
|move|p2a: Stardrum|Grassy Glide|p1a: Joker 2019
|-supereffective|p1a: Joker 2019
|-damage|p1a: Joker 2019|30/100
|move|p1a: Joker 2019|Triple Axel|p2a: Stardrum
|-supereffective|p2a: Stardrum
|-damage|p2a: Stardrum|81/100
|-supereffective|p2a: Stardrum
|-damage|p2a: Stardrum|39/100
|-supereffective|p2a: Stardrum
|-damage|p2a: Stardrum|0 fnt
|faint|p2a: Stardrum
|-ability|p1a: Joker 2019|Moxie|boost
|-boost|p1a: Joker 2019|atk|1
|-hitcount|p2: Stardrum|3
|
|-heal|p1a: Joker 2019|37/100|[from] Grassy Terrain
|-heal|p1a: Joker 2019|43/100|[from] item: Leftovers
|upkeep
|
|t:|1757835702
|switch|p2a: Starforce|Ogerpon-Wellspring, F|100/100
|turn|6
|
|t:|1757835717
|switch|p1a: Sparkuno|Zapdos|100/100
|move|p2a: Starforce|Grassy Glide|p1a: Sparkuno
|-resisted|p1a: Sparkuno
|-damage|p1a: Sparkuno|77/100
|
|upkeep
|turn|7
|
|t:|1757835723
|switch|p2a: Starburst|Great Tusk|100/100
|move|p1a: Sparkuno|Volt Switch|p2a: Starburst
|-immune|p2a: Starburst
|
|upkeep
|turn|8
|
|t:|1757835734
|-end|p2a: Starburst|Protosynthesis|[silent]
|switch|p2a: Starscream|Dragapult, M|100/100
|move|p1a: Sparkuno|Hurricane|p2a: Starscream
|-damage|p2a: Starscream|20/100
|-start|p2a: Starscream|confusion
|
|-heal|p2a: Starscream|26/100|[from] Grassy Terrain
|upkeep
|turn|9
|
|t:|1757835743
|switch|p1a: Himalayan Salt|Garganacl, M|100/100
|-damage|p1a: Himalayan Salt|88/100|[from] Stealth Rock
|-activate|p2a: Starscream|confusion
|-damage|p2a: Starscream|13/100|[from] confusion
|
|-heal|p2a: Starscream|19/100|[from] Grassy Terrain
|-heal|p1a: Himalayan Salt|94/100|[from] Grassy Terrain
|-heal|p1a: Himalayan Salt|100/100|[from] item: Leftovers
|upkeep
|turn|10
|
|t:|1757835751
|switch|p2a: Starblaze|Heatran, M|82/100
|move|p1a: Himalayan Salt|Salt Cure|p2a: Starblaze
|-damage|p2a: Starblaze|66/100
|-start|p2a: Starblaze|Salt Cure
|
|-heal|p2a: Starblaze|72/100|[from] Grassy Terrain
|-heal|p2a: Starblaze|78/100|[from] item: Leftovers
|-damage|p2a: Starblaze|53/100|[from] Salt Cure
|upkeep
|turn|11
|
|t:|1757835762
|switch|p2a: Starburst|Great Tusk|100/100
|move|p1a: Himalayan Salt|Protect||[still]
|-fail|p1a: Himalayan Salt
|
|-fieldend|move: Grassy Terrain
|upkeep
|turn|12
|
|t:|1757835770
|switch|p1a: Sparkuno|Zapdos|77/100
|move|p2a: Starburst|Close Combat|p1a: Sparkuno
|-resisted|p1a: Sparkuno
|-damage|p1a: Sparkuno|47/100
|-unboost|p2a: Starburst|def|1
|-unboost|p2a: Starburst|spd|1
|-status|p2a: Starburst|par|[from] ability: Static|[of] p1a: Sparkuno
|
|upkeep
|turn|13
|
|t:|1757835781
|-end|p2a: Starburst|Protosynthesis|[silent]
|switch|p2a: Starlink|Bronzong, shiny|19/100
|move|p1a: Sparkuno|Roost|p1a: Sparkuno
|-heal|p1a: Sparkuno|97/100
|-singleturn|p1a: Sparkuno|move: Roost
|
|upkeep
|turn|14
|
|t:|1757835788
|move|p1a: Sparkuno|Volt Switch|p2a: Starlink
|-damage|p2a: Starlink|0 fnt
|faint|p2a: Starlink
|
|t:|1757835793
|switch|p1a: Boiling Dragon|Walking Wake|100/100|[from] Volt Switch
|-damage|p1a: Boiling Dragon|88/100|[from] Stealth Rock
|
|upkeep
|
|t:|1757835797
|switch|p2a: Starforce|Ogerpon-Wellspring, F|100/100
|turn|15
|
|t:|1757835800
|-terastallize|p2a: Starforce|Water
|detailschange|p2a: Starforce|Ogerpon-Wellspring-Tera, F, tera:Water
|-ability|p2a: Starforce|Embody Aspect (Wellspring)|boost
|-boost|p2a: Starforce|spd|1
|move|p1a: Boiling Dragon|Draco Meteor|p2a: Starforce
|-damage|p2a: Starforce|23/100
|-unboost|p1a: Boiling Dragon|spa|2
|move|p2a: Starforce|Swords Dance|p2a: Starforce
|-boost|p2a: Starforce|atk|2
|
|upkeep
|turn|16
|
|t:|1757835810
|move|p1a: Boiling Dragon|Draco Meteor|p2a: Starforce
|-damage|p2a: Starforce|0 fnt
|-unboost|p1a: Boiling Dragon|spa|2
|faint|p2a: Starforce
|detailschange|p2: Starforce|Ogerpon-Wellspring, F|[silent]
|
|upkeep
|-message|baibianqizui forfeited.
|
|win|DomCat
|raw|DomCat's rating: 1406 &rarr; <strong>1424</strong><br />(+18 for winning)
|raw|baibianqizui's rating: 1377 &rarr; <strong>1359</strong><br />(-18 for losing)
|l|☆baibianqizui
|player|p2|
