|j|☆ABraviousTinkaton
|j|‽flobpa
|t:|1757955382
|gametype|singles
|player|p1|ABraviousTinkaton|miku-ice|1696
|player|p2|flobpa|unknown|1626
|gen|9
|tier|[Gen 9] OU
|rated|
|rule|HP Percentage Mod: HP is shown in percentages
|rule|Endless Battle Clause: Forcing endless battles is banned
|rule|Species Clause: Limit one of each Pokémon
|rule|OHKO Clause: OHKO moves are banned
|rule|Evasion Items Clause: Evasion items are banned
|rule|Evasion Moves Clause: Evasion moves are banned
|rule|Evasion Abilities Clause: Evasion abilities are banned
|rule|Sleep Moves Clause: Sleep-inducing moves are banned
|clearpoke
|poke|p1|Kyurem|
|poke|p1|Slowking-Galar, F|
|poke|p1|Landorus-Therian, M|
|poke|p1|Great Tusk|
|poke|p1|Samurott-Hisui, F|
|poke|p1|Kingambit, F|
|poke|p2|Ninetales-Alola, M|
|poke|p2|Sinistcha|
|poke|p2|Samurott-Hisui, M|
|poke|p2|Iron Valiant|
|poke|p2|Kingambit, F|
|poke|p2|Dragonite, M|
|teampreview
|inactive|Battle timer is ON: inactive players will automatically lose when time's up. (requested by flobpa)
|inactive|ABraviousTinkaton has 120 seconds left.
|
|t:|1757955415
|teamsize|p1|6
|teamsize|p2|6
|start
|switch|p1a: Valediction|Samurott-Hisui, F|100/100
|switch|p2a: Samurott|Samurott-Hisui, M|100/100
|turn|1
|
|t:|1757955426
|move|p2a: Samurott|Ceaseless Edge|p1a: Valediction
|-resisted|p1a: Valediction
|-damage|p1a: Valediction|74/100
|-sidestart|p1: ABraviousTinkaton|Spikes
|move|p1a: Valediction|Ceaseless Edge|p2a: Samurott
|-resisted|p2a: Samurott
|-damage|p2a: Samurott|77/100
|-sidestart|p2: flobpa|Spikes
|
|upkeep
|turn|2
|
|t:|1757955432
|move|p2a: Samurott|Ceaseless Edge|p1a: Valediction|[miss]
|-miss|p2a: Samurott|p1a: Valediction
|move|p1a: Valediction|Ceaseless Edge|p2a: Samurott
|-resisted|p2a: Samurott
|-damage|p2a: Samurott|53/100
|-sidestart|p2: flobpa|Spikes
|
|upkeep
|turn|3
|
|t:|1757955441
|move|p2a: Samurott|Ceaseless Edge|p1a: Valediction
|-resisted|p1a: Valediction
|-damage|p1a: Valediction|47/100
|-sidestart|p1: ABraviousTinkaton|Spikes
|move|p1a: Valediction|Ceaseless Edge|p2a: Samurott
|-resisted|p2a: Samurott
|-crit|p2a: Samurott
|-damage|p2a: Samurott|15/100
|-sidestart|p2: flobpa|Spikes
|
|upkeep
|turn|4
|
|t:|1757955455
|move|p2a: Samurott|Ceaseless Edge|p1a: Valediction
|-resisted|p1a: Valediction
|-damage|p1a: Valediction|20/100
|-sidestart|p1: ABraviousTinkaton|Spikes
|move|p1a: Valediction|Flip Turn|p2a: Samurott
|-resisted|p2a: Samurott
|-damage|p2a: Samurott|0 fnt
|faint|p2a: Samurott
|
|t:|1757955457
|switch|p1a: Earth|Landorus-Therian, M|100/100|[from] Flip Turn
|
|upkeep
|
|t:|1757955473
|switch|p2a: Ninetales|Ninetales-Alola, M|100/100
|-damage|p2a: Ninetales|76/100|[from] Spikes
|-weather|Snowscape|[from] ability: Snow Warning|[of] p2a: Ninetales
|turn|5
|
|t:|1757955484
|move|p1a: Earth|Stone Edge|p2a: Ninetales
|-supereffective|p2a: Ninetales
|-damage|p2a: Ninetales|7/100
|move|p2a: Ninetales|Aurora Veil|p2a: Ninetales
|-sidestart|p2: flobpa|move: Aurora Veil
|
|-weather|Snowscape|[upkeep]
|upkeep
|turn|6
|
|t:|1757955488
|switch|p1a: Contagion|Slowking-Galar, F|100/100
|-damage|p1a: Contagion|76/100|[from] Spikes
|move|p2a: Ninetales|Freeze-Dry|p1a: Contagion
|-damage|p1a: Contagion|63/100
|
|-weather|Snowscape|[upkeep]
|-heal|p1a: Contagion|69/100|[from] item: Black Sludge
|upkeep
|turn|7
|
|t:|1757955501
|switch|p2a: Sinistcha|Sinistcha, shiny|100/100
|-damage|p2a: Sinistcha|76/100|[from] Spikes
|-prepare|p1a: Contagion|Chilly Reception|[premajor]
|move|p1a: Contagion|Chilly Reception|p1a: Contagion
|
|t:|1757955506
|switch|p1a: Absolute Zero|Kyurem|100/100|[from] Chilly Reception
|-damage|p1a: Absolute Zero|76/100|[from] Spikes
|-ability|p1a: Absolute Zero|Pressure
|
|-weather|Snowscape|[upkeep]
|-heal|p2a: Sinistcha|82/100|[from] item: Leftovers
|upkeep
|turn|8
|
|t:|1757955529
|-terastallize|p2a: Sinistcha|Poison
|move|p1a: Absolute Zero|Blizzard|p2a: Sinistcha
|-crit|p2a: Sinistcha
|-damage|p2a: Sinistcha|0 fnt
|faint|p2a: Sinistcha
|
|-weather|Snowscape|[upkeep]
|upkeep
|j| Le Bouquetin
|inactive|flobpa has 120 seconds left.
|
|t:|1757955545
|switch|p2a: Kingambit|Kingambit, F|100/100
|-damage|p2a: Kingambit|76/100|[from] Spikes
|-activate|p2a: Kingambit|ability: Supreme Overlord
|-start|p2a: Kingambit|fallen2|[silent]
|turn|9
|inactive|flobpa has 120 seconds left.
|
|t:|1757955557
|switch|p1a: Grax|Great Tusk|100/100
|-damage|p1a: Grax|76/100|[from] Spikes
|move|p2a: Kingambit|Swords Dance|p2a: Kingambit
|-boost|p2a: Kingambit|atk|2
|
|-weather|none
|-heal|p2a: Kingambit|82/100|[from] item: Leftovers
|upkeep
|turn|10
|
|t:|1757955570
|move|p1a: Grax|Rapid Spin|p2a: Kingambit
|-resisted|p2a: Kingambit
|-crit|p2a: Kingambit
|-damage|p2a: Kingambit|71/100
|-boost|p1a: Grax|spe|1
|-sideend|p1: ABraviousTinkaton|Spikes|[from] move: Rapid Spin|[of] p1a: Grax
|move|p2a: Kingambit|Iron Head|p1a: Grax
|-damage|p1a: Grax|0 fnt
|-damage|p2a: Kingambit|54/100|[from] item: Rocky Helmet|[of] p1a: Grax
|faint|p1a: Grax
|-end|p1a: Grax|Protosynthesis|[silent]
|
|-heal|p2a: Kingambit|60/100|[from] item: Leftovers
|upkeep
|
|t:|1757955572
|switch|p1a: Earth|Landorus-Therian, M|100/100
|-ability|p1a: Earth|Intimidate|boost
|-unboost|p2a: Kingambit|atk|1
|turn|11
|
|t:|1757955586
|move|p1a: Earth|Earthquake|p2a: Kingambit
|-supereffective|p2a: Kingambit
|-damage|p2a: Kingambit|8/100
|move|p2a: Kingambit|Swords Dance|p2a: Kingambit
|-boost|p2a: Kingambit|atk|2
|
|-heal|p2a: Kingambit|14/100|[from] item: Leftovers
|upkeep
|turn|12
|
|t:|1757955589
|switch|p1a: Valediction|Samurott-Hisui, F|20/100
|move|p2a: Kingambit|Sucker Punch||[still]
|-fail|p2a: Kingambit
|
|-heal|p2a: Kingambit|20/100|[from] item: Leftovers
|-sideend|p2: flobpa|move: Aurora Veil
|upkeep
|turn|13
|
|t:|1757955595
|move|p1a: Valediction|Aqua Jet|p2a: Kingambit
|-damage|p2a: Kingambit|5/100
|move|p2a: Kingambit|Sucker Punch||[still]
|-fail|p2a: Kingambit
|
|-heal|p2a: Kingambit|11/100|[from] item: Leftovers
|upkeep
|turn|14
|
|t:|1757955603
|move|p1a: Valediction|Aqua Jet|p2a: Kingambit
|-damage|p2a: Kingambit|0 fnt
|faint|p2a: Kingambit
|-end|p2a: Kingambit|fallen2|[silent]
|
|upkeep
|
|t:|1757955609
|switch|p2a: Dragonite|Dragonite, M|100/100
|turn|15
|
|t:|1757955616
|switch|p1a: Earth|Landorus-Therian, M|100/100
|-ability|p1a: Earth|Intimidate|boost
|-unboost|p2a: Dragonite|atk|1
|move|p2a: Dragonite|Extreme Speed|p1a: Earth
|-damage|p1a: Earth|74/100
|
|upkeep
|turn|16
|
|t:|1757955623
|switch|p2a: Ninetales|Ninetales-Alola, M|7/100
|-damage|p2a: Ninetales|0 fnt|[from] Spikes
|faint|p2a: Ninetales
|move|p1a: Earth|U-turn|p2: Ninetales|[notarget]
|-fail|p1a: Earth
|
|upkeep
|
|t:|1757955625
|switch|p2a: Iron Valiant|Iron Valiant|100/100
|-damage|p2a: Iron Valiant|76/100|[from] Spikes
|-enditem|p2a: Iron Valiant|Booster Energy
|-activate|p2a: Iron Valiant|ability: Quark Drive|[fromitem]
|-start|p2a: Iron Valiant|quarkdrivespe
|turn|17
|
|t:|1757955633
|move|p2a: Iron Valiant|Calm Mind|p2a: Iron Valiant
|-boost|p2a: Iron Valiant|spa|1
|-boost|p2a: Iron Valiant|spd|1
|move|p1a: Earth|U-turn|p2a: Iron Valiant
|-resisted|p2a: Iron Valiant
|-damage|p2a: Iron Valiant|67/100
|
|t:|1757955635
|switch|p1a: Contagion|Slowking-Galar, F|100/100|[from] U-turn
|
|upkeep
|turn|18
|
|t:|1757955648
|move|p2a: Iron Valiant|Thunderbolt|p1a: Contagion
|-damage|p1a: Contagion|71/100
|move|p1a: Contagion|Sludge Bomb|p2a: Iron Valiant
|-supereffective|p2a: Iron Valiant
|-damage|p2a: Iron Valiant|0 fnt
|faint|p2a: Iron Valiant
|-end|p2a: Iron Valiant|Quark Drive|[silent]
|
|-heal|p1a: Contagion|77/100|[from] item: Black Sludge
|upkeep
|
|t:|1757955653
|switch|p2a: Dragonite|Dragonite, M|100/100
|turn|19
|
|t:|1757955656
|move|p2a: Dragonite|Earthquake|p1a: Contagion
|-supereffective|p1a: Contagion
|-damage|p1a: Contagion|3/100
|move|p1a: Contagion|Trick|p2a: Dragonite
|-activate|p1a: Contagion|move: Trick|[of] p2a: Dragonite
|-item|p2a: Dragonite|Black Sludge|[from] move: Trick
|-item|p1a: Contagion|Heavy-Duty Boots|[from] move: Trick
|
|-damage|p2a: Dragonite|88/100|[from] item: Black Sludge
|upkeep
|turn|20
|
|t:|1757955661
|move|p2a: Dragonite|Extreme Speed|p1a: Contagion
|-damage|p1a: Contagion|0 fnt
|faint|p1a: Contagion
|
|-damage|p2a: Dragonite|76/100|[from] item: Black Sludge
|upkeep
|
|t:|1757955664
|switch|p1a: Earth|Landorus-Therian, M|74/100
|-ability|p1a: Earth|Intimidate|boost
|-unboost|p2a: Dragonite|atk|1
|turn|21
|
|t:|1757955668
|move|p1a: Earth|Stone Edge|p2a: Dragonite
|-supereffective|p2a: Dragonite
|-damage|p2a: Dragonite|3/100
|move|p2a: Dragonite|Roost|p2a: Dragonite
|-heal|p2a: Dragonite|53/100
|-singleturn|p2a: Dragonite|move: Roost
|
|-damage|p2a: Dragonite|41/100|[from] item: Black Sludge
|upkeep
|turn|22
|
|t:|1757955671
|move|p1a: Earth|Stone Edge|p2a: Dragonite|[miss]
|-miss|p1a: Earth|p2a: Dragonite
|move|p2a: Dragonite|Dragon Dance|p2a: Dragonite
|-boost|p2a: Dragonite|atk|1
|-boost|p2a: Dragonite|spe|1
|
|-damage|p2a: Dragonite|29/100|[from] item: Black Sludge
|upkeep
|turn|23
|
|t:|1757955675
|move|p2a: Dragonite|Extreme Speed|p1a: Earth
|-damage|p1a: Earth|38/100
|move|p1a: Earth|Stone Edge|p2a: Dragonite
|-supereffective|p2a: Dragonite
|-damage|p2a: Dragonite|0 fnt
|faint|p2a: Dragonite
|
|win|ABraviousTinkaton
|raw|ABraviousTinkaton's rating: 1696 &rarr; <strong>1712</strong><br />(+16 for winning)
|raw|flobpa's rating: 1626 &rarr; <strong>1610</strong><br />(-16 for losing)
|l|‽flobpa
|player|p2|
|l|☆ABraviousTinkaton
|player|p1|
|l| Le Bouquetin
