|j|☆MAGAboominGOOCH
|j|☆Ionoic
|t:|1757793486
|gametype|singles
|player|p1|MAGAboominGOOCH|supernerd|1042
|player|p2|Ionoic|roxanne|1014
|gen|9
|tier|[Gen 9] OU
|rated|
|rule|HP Percentage Mod: HP is shown in percentages
|rule|Endless Battle Clause: Forcing endless battles is banned
|rule|Species Clause: Limit one of each Pokémon
|rule|OHKO Clause: OHKO moves are banned
|rule|Evasion Items Clause: Evasion items are banned
|rule|Evasion Moves Clause: Evasion moves are banned
|rule|Evasion Abilities Clause: Evasion abilities are banned
|rule|Sleep Moves Clause: Sleep-inducing moves are banned
|clearpoke
|poke|p1|Charizard, F|
|poke|p1|Toxtricity-Low-Key, M|
|poke|p1|Kleavor, F|
|poke|p1|Salamence, M|
|poke|p1|Delphox, M|
|poke|p1|Cloyster, F|
|poke|p2|Malamar, F|
|poke|p2|Flygon, M|
|poke|p2|Cinderace, M|
|poke|p2|Galvantula, F|
|poke|p2|Sceptile, F|
|poke|p2|Rhyperior, M|
|teampreview
|inactive|Battle timer is ON: inactive players will automatically lose when time's up. (requested by Ionoic)
|
|t:|1757793515
|teamsize|p1|6
|teamsize|p2|6
|start
|switch|p1a: Kleaveana|Kleavor, F|100/100
|switch|p2a: Electro|Galvantula, F|100/100
|turn|1
|
|t:|1757793523
|move|p2a: Electro|Sticky Web|p1a: Kleaveana
|-sidestart|p1: MAGAboominGOOCH|move: Sticky Web
|move|p1a: Kleaveana|Stone Axe|p2a: Electro
|-supereffective|p2a: Electro
|-enditem|p2a: Electro|Focus Sash
|-damage|p2a: Electro|1/100
|-sidestart|p2: Ionoic|move: Stealth Rock
|
|upkeep
|turn|2
|
|t:|1757793531
|move|p2a: Electro|Volt Switch|p1a: Kleaveana
|-damage|p1a: Kleaveana|54/100
|
|t:|1757793535
|switch|p2a: Mirko|Cinderace, M|100/100|[from] Volt Switch
|move|p1a: Kleaveana|X-Scissor|p2a: Mirko
|-resisted|p2a: Mirko
|-damage|p2a: Mirko|53/100
|
|upkeep
|turn|3
|
|t:|1757793542
|move|p2a: Mirko|Court Change|p2a: Mirko
|-start|p2a: Mirko|typechange|Normal|[from] ability: Libero
|-swapsideconditions
|-activate|p2a: Mirko|move: Court Change
|move|p1a: Kleaveana|Stone Axe|p2a: Mirko
|-crit|p2a: Mirko
|-damage|p2a: Mirko|0 fnt
|-sidestart|p2: Ionoic|move: Stealth Rock
|faint|p2a: Mirko
|
|upkeep
|
|t:|1757793550
|switch|p2a: Doc Oc|Malamar, F|100/100
|-activate|p2a: Doc Oc|move: Sticky Web
|-boost|p2a: Doc Oc|spe|1
|-damage|p2a: Doc Oc|88/100|[from] Stealth Rock
|turn|4
|c|☆MAGAboominGOOCH|oh shit
|
|t:|1757793564
|-terastallize|p2a: Doc Oc|Stellar
|move|p2a: Doc Oc|Tera Blast|p1a: Kleaveana|[anim] Tera Blast Stellar
|-damage|p1a: Kleaveana|11/100
|-boost|p2a: Doc Oc|atk|1
|-boost|p2a: Doc Oc|spa|1
|-damage|p2a: Doc Oc|78/100|[from] item: Life Orb
|move|p1a: Kleaveana|X-Scissor|p2a: Doc Oc
|-supereffective|p2a: Doc Oc
|-damage|p2a: Doc Oc|0 fnt
|faint|p2a: Doc Oc
|
|upkeep
|c|☆MAGAboominGOOCH|nvm
|c|☆Ionoic|Well shoot
|
|t:|1757793578
|switch|p2a: Lizard|Sceptile, F, shiny|100/100
|-activate|p2a: Lizard|move: Sticky Web
|-unboost|p2a: Lizard|spe|1
|-damage|p2a: Lizard|88/100|[from] Stealth Rock
|-enditem|p2a: Lizard|White Herb
|-clearnegativeboost|p2a: Lizard|[silent]
|turn|5
|c|☆MAGAboominGOOCH|lol
|c|☆MAGAboominGOOCH|that is some insane tech
|c|☆Ionoic|It's meh
|c|☆MAGAboominGOOCH|sticky web court change clever
|c|☆Ionoic|Ii've lost every match with it so far
|
|t:|1757793601
|move|p2a: Lizard|Acrobatics|p1a: Kleaveana
|-damage|p1a: Kleaveana|0 fnt
|faint|p1a: Kleaveana
|
|upkeep
|c|☆MAGAboominGOOCH|keep testing
|inactive|MAGAboominGOOCH has 120 seconds left.
|c|☆MAGAboominGOOCH|white herb unburdden combo too
|c|☆MAGAboominGOOCH|this guys a genius
|c|☆Ionoic|Those are the only good parts
|
|t:|1757793632
|switch|p1a: Aura|Salamence, M|100/100
|-damage|p1a: Aura|76/100|[from] Stealth Rock
|turn|6
|c|☆Ionoic|The galvantula and cinderace are practically sacks
|
|t:|1757793644
|move|p2a: Lizard|Acrobatics|p1a: Aura
|-damage|p1a: Aura|40/100
|move|p1a: Aura|Dragon Claw|p2a: Lizard
|-damage|p2a: Lizard|17/100
|
|upkeep
|turn|7
|
|t:|1757793651
|move|p2a: Lizard|Acrobatics|p1a: Aura
|-damage|p1a: Aura|0 fnt
|faint|p1a: Aura
|
|upkeep
|
|t:|1757793655
|switch|p1a: Delpharm|Delphox, M|100/100
|-damage|p1a: Delpharm|76/100|[from] Stealth Rock
|turn|8
|
|t:|1757793659
|move|p2a: Lizard|Acrobatics|p1a: Delpharm
|-damage|p1a: Delpharm|29/100
|move|p1a: Delpharm|Sunny Day|p1a: Delpharm
|-weather|SunnyDay
|
|-weather|SunnyDay|[upkeep]
|upkeep
|turn|9
|
|t:|1757793667
|move|p2a: Lizard|Acrobatics|p1a: Delpharm
|-damage|p1a: Delpharm|0 fnt
|faint|p1a: Delpharm
|
|-weather|SunnyDay|[upkeep]
|upkeep
|
|t:|1757793669
|switch|p1a: Charizaza|Charizard, F|100/100
|-damage|p1a: Charizaza|51/100|[from] Stealth Rock
|turn|10
|
|t:|1757793677
|move|p2a: Lizard|Acrobatics|p1a: Charizaza
|-damage|p1a: Charizaza|3/100
|move|p1a: Charizaza|Flamethrower|p2a: Lizard
|-supereffective|p2a: Lizard
|-damage|p2a: Lizard|0 fnt
|faint|p2a: Lizard
|-damage|p1a: Charizaza|0 fnt|[from] item: Life Orb
|faint|p1a: Charizaza
|
|-weather|SunnyDay|[upkeep]
|upkeep
|
|t:|1757793691
|switch|p2a: Vulture|Flygon, M|100/100
|switch|p1a: PeekABoo|Cloyster, F|100/100
|-damage|p2a: Vulture|95/100|[from] Stealth Rock
|-damage|p1a: PeekABoo|76/100|[from] Stealth Rock
|turn|11
|
|t:|1757793705
|move|p2a: Vulture|Earthquake|p1a: PeekABoo
|-crit|p1a: PeekABoo
|-damage|p1a: PeekABoo|4/100
|-damage|p2a: Vulture|85/100|[from] item: Life Orb
|move|p1a: PeekABoo|Shell Smash|p1a: PeekABoo
|-unboost|p1a: PeekABoo|def|1
|-unboost|p1a: PeekABoo|spd|1
|-boost|p1a: PeekABoo|atk|2
|-boost|p1a: PeekABoo|spa|2
|-boost|p1a: PeekABoo|spe|2
|
|-weather|SunnyDay|[upkeep]
|upkeep
|turn|12
|
|t:|1757793714
|move|p1a: PeekABoo|Icicle Spear|p2a: Vulture
|-supereffective|p2a: Vulture
|-damage|p2a: Vulture|0 fnt
|faint|p2a: Vulture
|-hitcount|p2: Vulture|1
|
|-weather|SunnyDay|[upkeep]
|upkeep
|
|t:|1757793720
|switch|p2a: Electro|Galvantula, F|1/100
|-activate|p2a: Electro|move: Sticky Web
|-unboost|p2a: Electro|spe|1
|-damage|p2a: Electro|0 fnt|[from] Stealth Rock
|faint|p2a: Electro
|
|t:|1757793725
|switch|p2a: Rhino|Rhyperior, M|100/100
|-activate|p2a: Rhino|move: Sticky Web
|-unboost|p2a: Rhino|spe|1
|-damage|p2a: Rhino|94/100|[from] Stealth Rock
|turn|13
|c|☆Ionoic|ggs
|
|t:|1757793737
|move|p1a: PeekABoo|Icicle Spear|p2a: Rhino
|-supereffective|p2a: Rhino
|-damage|p2a: Rhino|74/100
|-supereffective|p2a: Rhino
|-damage|p2a: Rhino|55/100
|-supereffective|p2a: Rhino
|-damage|p2a: Rhino|37/100
|-supereffective|p2a: Rhino
|-damage|p2a: Rhino|18/100
|-supereffective|p2a: Rhino
|-damage|p2a: Rhino|0 fnt
|faint|p2a: Rhino
|-hitcount|p2: Rhino|5
|
|win|MAGAboominGOOCH
|raw|MAGAboominGOOCH's rating: 1026 &rarr; <strong>1061</strong><br />(+35 for winning)
|raw|Ionoic's rating: 1014 &rarr; <strong>1002</strong><br />(-12 for losing)
|l|☆Ionoic
|player|p2|
|c|☆MAGAboominGOOCH|gg wp
