|j|☆dingo2001
|j|☆wonderinguser
|t:|1757916119
|gametype|singles
|player|p1|dingo2001|101|1217
|player|p2|wonderinguser|dawn|1110
|gen|9
|tier|[Gen 9] OU
|rated|
|rule|HP Percentage Mod: HP is shown in percentages
|rule|Endless Battle Clause: Forcing endless battles is banned
|rule|Species Clause: Limit one of each Pokémon
|rule|OHKO Clause: OHKO moves are banned
|rule|Evasion Items Clause: Evasion items are banned
|rule|Evasion Moves Clause: Evasion moves are banned
|rule|Evasion Abilities Clause: Evasion abilities are banned
|rule|Sleep Moves Clause: Sleep-inducing moves are banned
|clearpoke
|poke|p1|Sinistcha|
|poke|p1|Weavile, M|
|poke|p1|Garganacl, F|
|poke|p1|Braviary-Hisui, M|
|poke|p1|Iron Hands|
|poke|p1|Araquanid, M|
|poke|p2|Samurott-Hisui, F|
|poke|p2|Kingambit, F|
|poke|p2|Moltres-Galar|
|poke|p2|Necrozma|
|poke|p2|Arcanine, F|
|poke|p2|Slowbro-Galar, M|
|teampreview
|
|t:|1757916130
|teamsize|p1|6
|teamsize|p2|6
|start
|switch|p1a: Araquanid|Araquanid, M|100/100
|switch|p2a: Samurott|Samurott-Hisui, F, shiny|100/100
|turn|1
|
|t:|1757916145
|move|p2a: Samurott|Ceaseless Edge|p1a: Araquanid
|-crit|p1a: Araquanid
|-damage|p1a: Araquanid|44/100
|-sidestart|p1: dingo2001|Spikes
|move|p1a: Araquanid|Sticky Web|p2a: Samurott
|-sidestart|p2: wonderinguser|move: Sticky Web
|
|upkeep
|turn|2
|
|t:|1757916152
|move|p2a: Samurott|Ceaseless Edge|p1a: Araquanid
|-damage|p1a: Araquanid|0 fnt
|-sidestart|p1: dingo2001|Spikes
|faint|p1a: Araquanid
|
|upkeep
|
|t:|1757916171
|switch|p1a: Iron Hands|Iron Hands|100/100
|-damage|p1a: Iron Hands|84/100|[from] Spikes
|turn|3
|
|t:|1757916176
|move|p2a: Samurott|Ceaseless Edge|p1a: Iron Hands
|-resisted|p1a: Iron Hands
|-damage|p1a: Iron Hands|70/100
|-sidestart|p1: dingo2001|Spikes
|move|p1a: Iron Hands|Swords Dance|p1a: Iron Hands
|-boost|p1a: Iron Hands|atk|2
|
|upkeep
|turn|4
|
|t:|1757916202
|move|p2a: Samurott|Ceaseless Edge|p1a: Iron Hands
|-resisted|p1a: Iron Hands
|-damage|p1a: Iron Hands|57/100
|move|p1a: Iron Hands|Drain Punch|p2a: Samurott
|-supereffective|p2a: Samurott
|-damage|p2a: Samurott|0 fnt
|-heal|p1a: Iron Hands|91/100|[from] drain|[of] p2a: Samurott
|faint|p2a: Samurott
|
|upkeep
|
|t:|1757916218
|switch|p2a: Slowbro|Slowbro-Galar, M|100/100
|-activate|p2a: Slowbro|move: Sticky Web
|-unboost|p2a: Slowbro|spe|1
|turn|5
|-activate|p2a: Slowbro|ability: Quick Draw
|
|t:|1757916235
|move|p2a: Slowbro|Shell Side Arm|p1a: Iron Hands|[anim] Shell Side Arm Special
|-crit|p1a: Iron Hands
|-damage|p1a: Iron Hands|29/100
|-hint|Special Shell Side Arm
|move|p1a: Iron Hands|Thunder Punch|p2a: Slowbro
|-damage|p2a: Slowbro|19/100
|
|upkeep
|turn|6
|
|t:|1757916251
|move|p1a: Iron Hands|Thunder Punch|p2a: Slowbro
|-damage|p2a: Slowbro|0 fnt
|faint|p2a: Slowbro
|
|upkeep
|
|t:|1757916257
|switch|p2a: Arcanine|Arcanine, F|100/100
|-activate|p2a: Arcanine|move: Sticky Web
|-unboost|p2a: Arcanine|spe|1
|-ability|p2a: Arcanine|Intimidate|boost
|-unboost|p1a: Iron Hands|atk|1
|turn|7
|
|t:|1757916264
|-terastallize|p2a: Arcanine|Normal
|move|p2a: Arcanine|Extreme Speed|p1a: Iron Hands
|-damage|p1a: Iron Hands|0 fnt
|faint|p1a: Iron Hands
|-end|p1a: Iron Hands|Quark Drive|[silent]
|
|upkeep
|
|t:|1757916275
|switch|p1a: Garganacl|Garganacl, F|100/100
|-damage|p1a: Garganacl|75/100|[from] Spikes
|turn|8
|l|☆wonderinguser
|player|p2|
|j|☆wonderinguser
|player|p2|wonderinguser|dawn|
|l|☆wonderinguser
|player|p2|
|j|☆wonderinguser
|player|p2|wonderinguser|dawn|
|
|t:|1757916314
|move|p2a: Arcanine|Extreme Speed|p1a: Garganacl
|-resisted|p1a: Garganacl
|-damage|p1a: Garganacl|54/100
|-damage|p2a: Arcanine|84/100|[from] item: Rocky Helmet|[of] p1a: Garganacl
|move|p1a: Garganacl|Salt Cure|p2a: Arcanine
|-damage|p2a: Arcanine|65/100
|-start|p2a: Arcanine|Salt Cure
|
|-damage|p2a: Arcanine|53/100|[from] Salt Cure
|upkeep
|turn|9
|
|t:|1757916331
|move|p2a: Arcanine|Extreme Speed|p1a: Garganacl
|-resisted|p1a: Garganacl
|-damage|p1a: Garganacl|34/100
|-damage|p2a: Arcanine|37/100|[from] item: Rocky Helmet|[of] p1a: Garganacl
|move|p1a: Garganacl|Recover|p1a: Garganacl
|-heal|p1a: Garganacl|84/100
|
|-damage|p2a: Arcanine|24/100|[from] Salt Cure
|upkeep
|turn|10
|
|t:|1757916342
|switch|p2a: Moltres|Moltres-Galar|100/100
|move|p1a: Garganacl|Stealth Rock|p2a: Moltres
|-sidestart|p2: wonderinguser|move: Stealth Rock
|
|upkeep
|turn|11
|-message|wonderinguser forfeited.
|
|win|dingo2001
|raw|dingo2001's rating: 1217 &rarr; <strong>1235</strong><br />(+18 for winning)
|raw|wonderinguser's rating: 1110 &rarr; <strong>1092</strong><br />(-18 for losing)
|l|☆wonderinguser
|player|p2|
|l|☆dingo2001
|player|p1|
