|j|☆gargalicious
|j|☆ausmafeetfan
|t:|1757827044
|gametype|singles
|player|p1|gargalicious|170|1139
|player|p2|ausmafeetfan|265|1133
|gen|9
|tier|[Gen 9] OU
|rated|
|rule|HP Percentage Mod: HP is shown in percentages
|rule|Endless Battle Clause: Forcing endless battles is banned
|rule|Species Clause: Limit one of each Pokémon
|rule|OHKO Clause: OHKO moves are banned
|rule|Evasion Items Clause: Evasion items are banned
|rule|Evasion Moves Clause: Evasion moves are banned
|rule|Evasion Abilities Clause: Evasion abilities are banned
|rule|Sleep Moves Clause: Sleep-inducing moves are banned
|clearpoke
|poke|p1|Moltres|
|poke|p1|Gliscor, F|
|poke|p1|Garganacl, M|
|poke|p1|Ogerpon-Wellspring, F|
|poke|p1|Rillaboom, M|
|poke|p1|Fezandipiti, M|
|poke|p2|Mismagius, F|
|poke|p2|Araquanid, F|
|poke|p2|Ceruledge, M|
|poke|p2|Rotom-Heat|
|poke|p2|Great Tusk|
|poke|p2|Meowscarada, M|
|teampreview
|
|t:|1757827101
|teamsize|p1|6
|teamsize|p2|6
|start
|switch|p1a: Garganacl|Garganacl, M|100/100
|switch|p2a: Araquanid|Araquanid, F|100/100
|turn|1
|
|t:|1757827123
|move|p2a: Araquanid|Sticky Web|p1a: Garganacl
|-sidestart|p1: gargalicious|move: Sticky Web
|move|p1a: Garganacl|Salt Cure|p2a: Araquanid
|-supereffective|p2a: Araquanid
|-damage|p2a: Araquanid|57/100
|-start|p2a: Araquanid|Salt Cure
|
|-damage|p2a: Araquanid|32/100|[from] Salt Cure
|upkeep
|turn|2
|
|t:|1757827181
|switch|p1a: Fezandipiti|Fezandipiti, M|100/100
|move|p2a: Araquanid|Surf|p1a: Fezandipiti
|-damage|p1a: Fezandipiti|63/100
|
|-damage|p2a: Araquanid|7/100|[from] Salt Cure
|upkeep
|turn|3
|-enditem|p2a: Araquanid|Custap Berry|[eat]
|-activate|p2a: Araquanid|item: Custap Berry|[consumed]
|
|t:|1757827188
|move|p2a: Araquanid|Endeavor|p1a: Fezandipiti
|-damage|p1a: Fezandipiti|7/100
|move|p1a: Fezandipiti|U-turn|p2a: Araquanid
|-damage|p2a: Araquanid|0 fnt
|faint|p2a: Araquanid
|
|t:|1757827199
|switch|p1a: Gliscor|Gliscor, F|100/100|[from] U-turn
|
|-status|p1a: Gliscor|tox|[from] item: Toxic Orb
|upkeep
|
|t:|1757827218
|switch|p2a: Meowscarada|Meowscarada, M|100/100
|turn|4
|
|t:|1757827257
|switch|p1a: Fezandipiti|Fezandipiti, M|7/100
|move|p2a: Meowscarada|Triple Axel|p1a: Fezandipiti
|-start|p2a: Meowscarada|typechange|Ice|[from] ability: Protean
|-damage|p1a: Fezandipiti|0 fnt
|faint|p1a: Fezandipiti
|-hitcount|p1: Fezandipiti|1
|
|upkeep
|
|t:|1757827268
|switch|p1a: Moltres|Moltres, shiny|100/100
|turn|5
|
|t:|1757827315
|switch|p2a: Rotom|Rotom-Heat|100/100
|move|p1a: Moltres|U-turn|p2a: Rotom
|-resisted|p2a: Rotom
|-damage|p2a: Rotom|91/100
|
|t:|1757827343
|switch|p1a: Garganacl|Garganacl, M|100/100|[from] U-turn
|-activate|p1a: Garganacl|move: Sticky Web
|-unboost|p1a: Garganacl|spe|1
|
|upkeep
|turn|6
|
|t:|1757827379
|move|p2a: Rotom|Volt Switch|p1a: Garganacl
|-damage|p1a: Garganacl|81/100
|
|t:|1757827387
|switch|p2a: Meowscarada|Meowscarada, M|100/100|[from] Volt Switch
|move|p1a: Garganacl|Salt Cure|p2a: Meowscarada
|-damage|p2a: Meowscarada|70/100
|-start|p2a: Meowscarada|Salt Cure
|
|-damage|p2a: Meowscarada|58/100|[from] Salt Cure
|upkeep
|turn|7
|
|t:|1757827400
|switch|p1a: Rillaboom|Rillaboom, M, shiny|100/100
|-activate|p1a: Rillaboom|move: Sticky Web
|-unboost|p1a: Rillaboom|spe|1
|-fieldstart|move: Grassy Terrain|[from] ability: Grassy Surge|[of] p1a: Rillaboom
|move|p2a: Meowscarada|U-turn|p1a: Rillaboom
|-start|p2a: Meowscarada|typechange|Bug|[from] ability: Protean
|-supereffective|p1a: Rillaboom
|-damage|p1a: Rillaboom|2/100
|
|t:|1757827441
|switch|p2a: Ceruledge|Ceruledge, M|100/100|[from] U-turn
|
|-heal|p1a: Rillaboom|8/100|[from] Grassy Terrain
|upkeep
|turn|8
|
|t:|1757827447
|switch|p1a: Garganacl|Garganacl, M|81/100
|-activate|p1a: Garganacl|move: Sticky Web
|-unboost|p1a: Garganacl|spe|1
|move|p2a: Ceruledge|Shadow Sneak|p1a: Garganacl
|-damage|p1a: Garganacl|74/100
|
|-heal|p1a: Garganacl|80/100|[from] Grassy Terrain
|upkeep
|turn|9
|
|t:|1757827455
|switch|p2a: Meowscarada|Meowscarada, M|58/100
|move|p1a: Garganacl|Salt Cure|p2a: Meowscarada
|-damage|p2a: Meowscarada|26/100
|-start|p2a: Meowscarada|Salt Cure
|
|-heal|p2a: Meowscarada|33/100|[from] Grassy Terrain
|-heal|p1a: Garganacl|86/100|[from] Grassy Terrain
|-damage|p2a: Meowscarada|20/100|[from] Salt Cure
|upkeep
|turn|10
|
|t:|1757827471
|-terastallize|p1a: Garganacl|Normal
|move|p2a: Meowscarada|Flower Trick|p1a: Garganacl
|-start|p2a: Meowscarada|typechange|Grass|[from] ability: Protean
|-crit|p1a: Garganacl
|-damage|p1a: Garganacl|22/100
|move|p1a: Garganacl|Salt Cure|p2a: Meowscarada
|-damage|p2a: Meowscarada|0 fnt
|faint|p2a: Meowscarada
|
|-heal|p1a: Garganacl|28/100|[from] Grassy Terrain
|upkeep
|
|t:|1757827505
|switch|p2a: Mismagius|Mismagius, F|100/100
|turn|11
|
|t:|1757827511
|move|p2a: Mismagius|Substitute|p2a: Mismagius
|-start|p2a: Mismagius|Substitute
|-damage|p2a: Mismagius|76/100
|move|p1a: Garganacl|Salt Cure|p2a: Mismagius
|-end|p2a: Mismagius|Substitute
|
|-heal|p1a: Garganacl|35/100|[from] Grassy Terrain
|-fieldend|move: Grassy Terrain
|upkeep
|turn|12
|-message|ausmafeetfan forfeited.
|
|win|gargalicious
|raw|gargalicious's rating: 1139 &rarr; <strong>1164</strong><br />(+25 for winning)
|raw|ausmafeetfan's rating: 1133 &rarr; <strong>1108</strong><br />(-25 for losing)
|l|☆gargalicious
|player|p1|
