|j|☆UltraGodGreninja
|j|☆popswrong4laughing
|t:|1757809255
|gametype|singles
|player|p1|UltraGodGreninja|skyla|1542
|player|p2|popswrong4laughing|galacticgrunt|1493
|gen|9
|tier|[Gen 9] OU
|rated|
|rule|HP Percentage Mod: HP is shown in percentages
|rule|Endless Battle Clause: Forcing endless battles is banned
|rule|Species Clause: Limit one of each Pokémon
|rule|OHKO Clause: OHKO moves are banned
|rule|Evasion Items Clause: Evasion items are banned
|rule|Evasion Moves Clause: Evasion moves are banned
|rule|Evasion Abilities Clause: Evasion abilities are banned
|rule|Sleep Moves Clause: Sleep-inducing moves are banned
|clearpoke
|poke|p1|Greninja-*, F|
|poke|p1|Alomomola, F|
|poke|p1|Scizor, M|
|poke|p1|Dragapult, F|
|poke|p1|Zapdos|
|poke|p1|Great Tusk|
|poke|p2|Tornadus-Therian, M|
|poke|p2|Thundurus, M|
|poke|p2|Landorus-Therian, M|
|poke|p2|Entei|
|poke|p2|Suicune|
|poke|p2|Raging Bolt|
|teampreview
|
|t:|1757809260
|teamsize|p1|6
|teamsize|p2|6
|start
|switch|p1a: Greninja|Greninja, F|100/100
|switch|p2a: Thundurus|Thundurus, M|100/100
|turn|1
|
|t:|1757809267
|move|p1a: Greninja|Ice Beam|p2a: Thundurus
|-start|p1a: Greninja|typechange|Ice|[from] ability: Protean
|-supereffective|p2a: Thundurus
|-enditem|p2a: Thundurus|Focus Sash
|-damage|p2a: Thundurus|1/100
|move|p2a: Thundurus|Thunderbolt|p1a: Greninja
|-damage|p1a: Greninja|22/100
|
|upkeep
|turn|2
|
|t:|1757809275
|switch|p1a: Alomomola|Alomomola, F|100/100
|switch|p2a: Suicune|Suicune|100/100
|-ability|p2a: Suicune|Pressure
|
|upkeep
|turn|3
|
|t:|1757809276
|move|p2a: Suicune|Calm Mind|p2a: Suicune
|-boost|p2a: Suicune|spa|1
|-boost|p2a: Suicune|spd|1
|move|p1a: Alomomola|Flip Turn|p2a: Suicune
|-resisted|p2a: Suicune
|-damage|p2a: Suicune|94/100
|
|t:|1757809281
|switch|p1a: Dragapult|Dragapult, F|100/100|[from] Flip Turn
|
|-heal|p2a: Suicune|99/100|[from] item: Leftovers
|upkeep
|turn|4
|
|t:|1757809285
|move|p2a: Suicune|Protect|p2a: Suicune
|-singleturn|p2a: Suicune|Protect
|move|p1a: Dragapult|U-turn|p2a: Suicune
|-activate|p2a: Suicune|move: Protect
|
|-heal|p2a: Suicune|100/100|[from] item: Leftovers
|upkeep
|turn|5
|
|t:|1757809288
|move|p1a: Dragapult|U-turn|p2a: Suicune
|-damage|p2a: Suicune|85/100
|
|t:|1757809303
|switch|p1a: Scizor|Scizor, M|100/100|[from] U-turn
|move|p2a: Suicune|Ice Beam|p1a: Scizor
|-resisted|p1a: Scizor
|-damage|p1a: Scizor|77/100
|
|-heal|p2a: Suicune|91/100|[from] item: Leftovers
|upkeep
|turn|6
|
|t:|1757809307
|move|p2a: Suicune|Protect|p2a: Suicune
|-singleturn|p2a: Suicune|Protect
|move|p1a: Scizor|U-turn|p2a: Suicune
|-activate|p2a: Suicune|move: Protect
|
|-heal|p2a: Suicune|97/100|[from] item: Leftovers
|upkeep
|turn|7
|
|t:|1757809310
|move|p2a: Suicune|Calm Mind|p2a: Suicune
|-boost|p2a: Suicune|spa|1
|-boost|p2a: Suicune|spd|1
|move|p1a: Scizor|U-turn|p2a: Suicune
|-crit|p2a: Suicune
|-damage|p2a: Suicune|30/100
|
|t:|1757809324
|switch|p1a: Dragapult|Dragapult, F|100/100|[from] U-turn
|
|-heal|p2a: Suicune|36/100|[from] item: Leftovers
|upkeep
|turn|8
|
|t:|1757809327
|move|p2a: Suicune|Protect|p2a: Suicune
|-singleturn|p2a: Suicune|Protect
|move|p1a: Dragapult|Dragon Darts|p2a: Suicune
|-activate|p2a: Suicune|move: Protect
|
|-heal|p2a: Suicune|42/100|[from] item: Leftovers
|upkeep
|turn|9
|
|t:|1757809331
|switch|p2a: Thundurus|Thundurus, M|1/100
|move|p1a: Dragapult|Dragon Darts|p2a: Thundurus
|-damage|p2a: Thundurus|0 fnt
|faint|p2a: Thundurus
|
|upkeep
|
|t:|1757809339
|switch|p2a: Entei|Entei|100/100
|turn|10
|
|t:|1757809363
|switch|p2a: Suicune|Suicune|42/100
|-ability|p2a: Suicune|Pressure
|move|p1a: Dragapult|U-turn|p2a: Suicune
|-damage|p2a: Suicune|27/100
|
|t:|1757809365
|switch|p1a: Scizor|Scizor, M|77/100|[from] U-turn
|
|-heal|p2a: Suicune|33/100|[from] item: Leftovers
|upkeep
|turn|11
|
|t:|1757809368
|move|p2a: Suicune|Protect|p2a: Suicune
|-singleturn|p2a: Suicune|Protect
|move|p1a: Scizor|U-turn|p2a: Suicune
|-activate|p2a: Suicune|move: Protect
|
|-heal|p2a: Suicune|39/100|[from] item: Leftovers
|upkeep
|turn|12
|
|t:|1757809397
|switch|p2a: Entei|Entei|100/100
|move|p1a: Scizor|U-turn|p2a: Entei
|-resisted|p2a: Entei
|-damage|p2a: Entei|77/100
|
|t:|1757809399
|switch|p1a: Greninja|Greninja, F|22/100|[from] U-turn
|
|upkeep
|turn|13
|
|t:|1757809402
|switch|p1a: Dragapult|Dragapult, F|100/100
|move|p2a: Entei|Extreme Speed|p1a: Dragapult
|-immune|p1a: Dragapult
|
|upkeep
|turn|14
|
|t:|1757809405
|move|p1a: Dragapult|U-turn|p2a: Entei
|-resisted|p2a: Entei
|-crit|p2a: Entei
|-damage|p2a: Entei|65/100
|
|t:|1757809408
|switch|p1a: Alomomola|Alomomola, F|100/100|[from] U-turn
|move|p2a: Entei|Will-O-Wisp|p1a: Alomomola
|-status|p1a: Alomomola|brn
|
|-damage|p1a: Alomomola|94/100 brn|[from] brn
|upkeep
|turn|15
|
|t:|1757809410
|switch|p2a: Suicune|Suicune|39/100
|-ability|p2a: Suicune|Pressure
|move|p1a: Alomomola|Flip Turn|p2a: Suicune
|-resisted|p2a: Suicune
|-damage|p2a: Suicune|36/100
|
|t:|1757809412
|switch|p1a: Greninja|Greninja, F|22/100|[from] Flip Turn
|
|-heal|p2a: Suicune|42/100|[from] item: Leftovers
|upkeep
|turn|16
|
|t:|1757809414
|move|p2a: Suicune|Protect|p2a: Suicune
|-singleturn|p2a: Suicune|Protect
|move|p1a: Greninja|Sludge Wave|p2a: Suicune
|-start|p1a: Greninja|typechange|Poison|[from] ability: Protean
|-activate|p2a: Suicune|move: Protect
|
|-heal|p2a: Suicune|48/100|[from] item: Leftovers
|upkeep
|turn|17
|
|t:|1757809420
|switch|p2a: Landorus|Landorus-Therian, M|100/100
|-ability|p2a: Landorus|Intimidate|boost
|-unboost|p1a: Greninja|atk|1
|move|p1a: Greninja|Sludge Wave|p2a: Landorus
|-resisted|p2a: Landorus
|-damage|p2a: Landorus|66/100
|
|upkeep
|turn|18
|
|t:|1757809428
|switch|p1a: Zapdos|Zapdos|100/100
|move|p2a: Landorus|Stealth Rock|p1a: Zapdos
|-sidestart|p1: UltraGodGreninja|move: Stealth Rock
|
|upkeep
|turn|19
|
|t:|1757809436
|move|p2a: Landorus|Taunt|p1a: Zapdos
|-start|p1a: Zapdos|move: Taunt
|move|p1a: Zapdos|Volt Switch|p2a: Landorus
|-immune|p2a: Landorus
|
|upkeep
|turn|20
|
|t:|1757809443
|switch|p2a: Sneaky Bolt|Raging Bolt|100/100
|-enditem|p2a: Sneaky Bolt|Booster Energy
|-activate|p2a: Sneaky Bolt|ability: Protosynthesis|[fromitem]
|-start|p2a: Sneaky Bolt|protosynthesisspa
|move|p1a: Zapdos|U-turn|p2a: Sneaky Bolt
|-damage|p2a: Sneaky Bolt|89/100
|
|t:|1757809447
|switch|p1a: Great Tusk|Great Tusk|100/100|[from] U-turn
|
|upkeep
|turn|21
|
|t:|1757809452
|-end|p2a: Sneaky Bolt|Protosynthesis|[silent]
|switch|p2a: Tornadus|Tornadus-Therian, M|100/100
|move|p1a: Great Tusk|Headlong Rush|p2a: Tornadus
|-immune|p2a: Tornadus
|
|upkeep
|turn|22
|
|t:|1757809470
|switch|p2a: Sneaky Bolt|Raging Bolt|89/100
|-end|p1a: Great Tusk|Protosynthesis|[silent]
|switch|p1a: Zapdos|Zapdos|100/100
|
|upkeep
|turn|23
|
|t:|1757809473
|move|p2a: Sneaky Bolt|Dragon Pulse|p1a: Zapdos
|-damage|p1a: Zapdos|52/100
|move|p1a: Zapdos|U-turn|p2a: Sneaky Bolt
|-damage|p2a: Sneaky Bolt|76/100
|
|t:|1757809486
|switch|p1a: Great Tusk|Great Tusk|100/100|[from] U-turn
|
|upkeep
|turn|24
|
|t:|1757809488
|-end|p2a: Sneaky Bolt|Protosynthesis|[silent]
|switch|p2a: Suicune|Suicune|48/100
|-ability|p2a: Suicune|Pressure
|move|p1a: Great Tusk|Rapid Spin|p2a: Suicune
|-damage|p2a: Suicune|34/100
|-boost|p1a: Great Tusk|spe|1
|-sideend|p1: UltraGodGreninja|Stealth Rock|[from] move: Rapid Spin|[of] p1a: Great Tusk
|
|-heal|p2a: Suicune|40/100|[from] item: Leftovers
|upkeep
|turn|25
|
|t:|1757809493
|-end|p1a: Great Tusk|Protosynthesis|[silent]
|switch|p1a: Scizor|Scizor, M|77/100
|move|p2a: Suicune|Protect||[still]
|-fail|p2a: Suicune
|
|-heal|p2a: Suicune|46/100|[from] item: Leftovers
|upkeep
|turn|26
|
|t:|1757809498
|move|p2a: Suicune|Protect|p2a: Suicune
|-singleturn|p2a: Suicune|Protect
|move|p1a: Scizor|U-turn|p2a: Suicune
|-activate|p2a: Suicune|move: Protect
|
|-heal|p2a: Suicune|52/100|[from] item: Leftovers
|upkeep
|turn|27
|
|t:|1757809501
|switch|p2a: Entei|Entei|65/100
|move|p1a: Scizor|U-turn|p2a: Entei
|-resisted|p2a: Entei
|-damage|p2a: Entei|38/100
|
|t:|1757809518
|switch|p1a: Greninja|Greninja, F|22/100|[from] U-turn
|
|upkeep
|turn|28
|
|t:|1757809520
|switch|p1a: Dragapult|Dragapult, F|100/100
|move|p2a: Entei|Extreme Speed|p1a: Dragapult
|-immune|p1a: Dragapult
|
|upkeep
|turn|29
|
|t:|1757809524
|move|p1a: Dragapult|Dragon Darts|p2a: Entei
|-damage|p2a: Entei|20/100
|-anim|p1a: Dragapult|Dragon Darts|p2a: Entei
|-damage|p2a: Entei|1/100
|move|p2a: Entei|Will-O-Wisp|p1a: Dragapult
|-status|p1a: Dragapult|brn
|
|-damage|p1a: Dragapult|95/100 brn|[from] brn
|upkeep
|turn|30
|
|t:|1757809531
|switch|p2a: Landorus|Landorus-Therian, M|66/100
|-ability|p2a: Landorus|Intimidate|boost
|-unboost|p1a: Dragapult|atk|1
|move|p1a: Dragapult|U-turn|p2a: Landorus
|-resisted|p2a: Landorus
|-damage|p2a: Landorus|63/100
|-damage|p1a: Dragapult|78/100 brn|[from] item: Rocky Helmet|[of] p2a: Landorus
|
|t:|1757809548
|switch|p1a: Greninja|Greninja, F|22/100|[from] U-turn
|
|upkeep
|turn|31
|
|t:|1757809552
|switch|p2a: Entei|Entei|1/100
|move|p1a: Greninja|Ice Beam|p2a: Entei
|-start|p1a: Greninja|typechange|Ice|[from] ability: Protean
|-resisted|p2a: Entei
|-damage|p2a: Entei|0 fnt
|faint|p2a: Entei
|
|upkeep
|
|t:|1757809556
|switch|p2a: Suicune|Suicune|52/100
|-ability|p2a: Suicune|Pressure
|turn|32
|
|t:|1757809569
|switch|p1a: Scizor|Scizor, M|77/100
|move|p2a: Suicune|Calm Mind|p2a: Suicune
|-boost|p2a: Suicune|spa|1
|-boost|p2a: Suicune|spd|1
|
|-heal|p2a: Suicune|58/100|[from] item: Leftovers
|upkeep
|turn|33
|
|t:|1757809571
|move|p2a: Suicune|Protect|p2a: Suicune
|-singleturn|p2a: Suicune|Protect
|move|p1a: Scizor|U-turn|p2a: Suicune
|-activate|p2a: Suicune|move: Protect
|
|-heal|p2a: Suicune|64/100|[from] item: Leftovers
|upkeep
|turn|34
|
|t:|1757809575
|move|p2a: Suicune|Scald|p1a: Scizor
|-damage|p1a: Scizor|18/100
|move|p1a: Scizor|U-turn|p2a: Suicune
|-damage|p2a: Suicune|14/100
|
|t:|1757809605
|switch|p1a: Great Tusk|Great Tusk|100/100|[from] U-turn
|
|-heal|p2a: Suicune|20/100|[from] item: Leftovers
|upkeep
|turn|35
|
|t:|1757809610
|switch|p2a: Tornadus|Tornadus-Therian, M|100/100
|move|p1a: Great Tusk|Headlong Rush|p2a: Tornadus
|-immune|p2a: Tornadus
|
|upkeep
|turn|36
|
|t:|1757809617
|-end|p1a: Great Tusk|Protosynthesis|[silent]
|switch|p1a: Zapdos|Zapdos|52/100
|move|p2a: Tornadus|Bleakwind Storm|p1a: Zapdos
|-resisted|p1a: Zapdos
|-damage|p1a: Zapdos|25/100
|-damage|p2a: Tornadus|91/100|[from] item: Life Orb
|
|upkeep
|turn|37
|
|t:|1757809620
|move|p2a: Tornadus|Heat Wave|p1a: Zapdos|[miss]
|-miss|p2a: Tornadus|p1a: Zapdos
|move|p1a: Zapdos|U-turn|p2a: Tornadus
|-resisted|p2a: Tornadus
|-damage|p2a: Tornadus|81/100
|
|t:|1757809622
|switch|p1a: Greninja|Greninja, F|22/100|[from] U-turn
|
|upkeep
|turn|38
|
|t:|1757809628
|switch|p2a: Suicune|Suicune|20/100
|-ability|p2a: Suicune|Pressure
|move|p1a: Greninja|Sludge Wave|p2a: Suicune
|-start|p1a: Greninja|typechange|Poison|[from] ability: Protean
|-damage|p2a: Suicune|0 fnt
|faint|p2a: Suicune
|
|upkeep
|
|t:|1757809639
|switch|p2a: Landorus|Landorus-Therian, M|63/100
|-ability|p2a: Landorus|Intimidate|boost
|-unboost|p1a: Greninja|atk|1
|turn|39
|
|t:|1757809643
|switch|p1a: Alomomola|Alomomola, F|100/100 brn
|move|p2a: Landorus|Stealth Rock|p1a: Alomomola
|-sidestart|p1: UltraGodGreninja|move: Stealth Rock
|
|-damage|p1a: Alomomola|94/100 brn|[from] brn
|upkeep
|turn|40
|
|t:|1757809646
|move|p2a: Landorus|Taunt|p1a: Alomomola
|-start|p1a: Alomomola|move: Taunt
|move|p1a: Alomomola|Flip Turn|p2a: Landorus
|-supereffective|p2a: Landorus
|-damage|p2a: Landorus|46/100
|-damage|p1a: Alomomola|78/100 brn|[from] item: Rocky Helmet|[of] p2a: Landorus
|
|t:|1757809648
|switch|p1a: Great Tusk|Great Tusk|100/100|[from] Flip Turn
|
|upkeep
|turn|41
|
|t:|1757809654
|move|p2a: Landorus|Earthquake|p1a: Great Tusk
|-damage|p1a: Great Tusk|65/100
|move|p1a: Great Tusk|Rapid Spin|p2a: Landorus
|-damage|p2a: Landorus|29/100
|-boost|p1a: Great Tusk|spe|1
|-damage|p1a: Great Tusk|48/100|[from] item: Rocky Helmet|[of] p2a: Landorus
|-sideend|p1: UltraGodGreninja|Stealth Rock|[from] move: Rapid Spin|[of] p1a: Great Tusk
|
|upkeep
|turn|42
|
|t:|1757809659
|move|p1a: Great Tusk|Ice Spinner|p2a: Landorus
|-supereffective|p2a: Landorus
|-damage|p2a: Landorus|0 fnt
|-damage|p1a: Great Tusk|32/100|[from] item: Rocky Helmet|[of] p2a: Landorus
|faint|p2a: Landorus
|
|upkeep
|
|t:|1757809667
|switch|p2a: Tornadus|Tornadus-Therian, M|100/100
|turn|43
|
|t:|1757809670
|-end|p1a: Great Tusk|Protosynthesis|[silent]
|switch|p1a: Alomomola|Alomomola, F|100/100 brn
|move|p2a: Tornadus|Bleakwind Storm|p1a: Alomomola
|-damage|p1a: Alomomola|68/100 brn
|-unboost|p1a: Alomomola|spe|1
|-damage|p2a: Tornadus|91/100|[from] item: Life Orb
|
|-damage|p1a: Alomomola|62/100 brn|[from] brn
|upkeep
|turn|44
|
|t:|1757809674
|move|p2a: Tornadus|Nasty Plot|p2a: Tornadus
|-boost|p2a: Tornadus|spa|2
|move|p1a: Alomomola|Flip Turn|p2a: Tornadus
|-damage|p2a: Tornadus|80/100
|
|t:|1757809679
|switch|p1a: Greninja|Greninja, F|22/100|[from] Flip Turn
|
|upkeep
|turn|45
|
|t:|1757809683
|-terastallize|p2a: Tornadus|Steel
|move|p1a: Greninja|Dark Pulse|p2a: Tornadus
|-start|p1a: Greninja|typechange|Dark|[from] ability: Protean
|-damage|p2a: Tornadus|11/100
|move|p2a: Tornadus|Grass Knot|p1a: Greninja
|-damage|p1a: Greninja|0 fnt
|faint|p1a: Greninja
|-damage|p2a: Tornadus|2/100|[from] item: Life Orb
|
|upkeep
|
|t:|1757809692
|switch|p1a: Dragapult|Dragapult, F|78/100 brn
|turn|46
|
|t:|1757809695
|switch|p2a: Sneaky Bolt|Raging Bolt|76/100
|move|p1a: Dragapult|U-turn|p2a: Sneaky Bolt
|-damage|p2a: Sneaky Bolt|66/100
|
|t:|1757809697
|switch|p1a: Great Tusk|Great Tusk|32/100|[from] U-turn
|
|upkeep
|turn|47
|
|t:|1757809700
|move|p1a: Great Tusk|Headlong Rush|p2a: Sneaky Bolt
|-supereffective|p2a: Sneaky Bolt
|-damage|p2a: Sneaky Bolt|0 fnt
|-unboost|p1a: Great Tusk|def|1
|-unboost|p1a: Great Tusk|spd|1
|faint|p2a: Sneaky Bolt
|-end|p2a: Sneaky Bolt|Protosynthesis|[silent]
|
|upkeep
|
|t:|1757809701
|switch|p2a: Tornadus|Tornadus-Therian, M, tera:Steel|35/100
|turn|48
|
|t:|1757809704
|move|p2a: Tornadus|Bleakwind Storm|p1a: Great Tusk
|-supereffective|p1a: Great Tusk
|-damage|p1a: Great Tusk|0 fnt
|faint|p1a: Great Tusk
|-end|p1a: Great Tusk|Protosynthesis|[silent]
|-damage|p2a: Tornadus|25/100|[from] item: Life Orb
|
|upkeep
|
|t:|1757809706
|switch|p1a: Scizor|Scizor, M|18/100
|turn|49
|-message|popswrong4laughing forfeited.
|
|win|UltraGodGreninja
|raw|UltraGodGreninja's rating: 1559 &rarr; <strong>1575</strong><br />(+16 for winning)
|raw|popswrong4laughing's rating: 1493 &rarr; <strong>1477</strong><br />(-16 for losing)
|l|☆popswrong4laughing
|player|p2|
|l|☆UltraGodGreninja
|player|p1|
