|j|☆ToucanSlam99
|j|☆IDWTLA
|t:|1757874409
|gametype|singles
|player|p1|ToucanSlam99|blackbelt-gen4dp|1168
|player|p2|IDWTLA|scientist-gen4dp|1180
|gen|9
|tier|[Gen 9] OU
|rated|
|rule|HP Percentage Mod: HP is shown in percentages
|rule|Endless Battle Clause: Forcing endless battles is banned
|rule|Species Clause: Limit one of each Pokémon
|rule|OHKO Clause: OHKO moves are banned
|rule|Evasion Items Clause: Evasion items are banned
|rule|Evasion Moves Clause: Evasion moves are banned
|rule|Evasion Abilities Clause: Evasion abilities are banned
|rule|Sleep Moves Clause: Sleep-inducing moves are banned
|clearpoke
|poke|p1|Garganacl, M|
|poke|p1|Gliscor, F|
|poke|p1|Ceruledge, M|
|poke|p1|Primarina, F|
|poke|p1|Scizor, M|
|poke|p1|Kommo-o, F|
|poke|p2|Zapdos-Galar|
|poke|p2|Landorus-Therian, M|
|poke|p2|Dragapult, M|
|poke|p2|Slowking-Galar, F|
|poke|p2|Great Tusk|
|poke|p2|Alomomola, M|
|teampreview
|
|t:|1757874415
|teamsize|p1|6
|teamsize|p2|6
|start
|switch|p1a: Gliscor|Gliscor, F|100/100
|switch|p2a: Zapdos|Zapdos-Galar|100/100
|turn|1
|
|t:|1757874424
|move|p2a: Zapdos|Knock Off|p1a: Gliscor
|-damage|p1a: Gliscor|70/100
|-enditem|p1a: Gliscor|Toxic Orb|[from] move: Knock Off|[of] p2a: Zapdos
|move|p1a: Gliscor|Toxic|p2a: Zapdos|[miss]
|-miss|p1a: Gliscor|p2a: Zapdos
|
|upkeep
|turn|2
|
|t:|1757874432
|switch|p2a: Slowking|Slowking-Galar, F|100/100
|move|p1a: Gliscor|Knock Off|p2a: Slowking
|-supereffective|p2a: Slowking
|-damage|p2a: Slowking|54/100
|-enditem|p2a: Slowking|Heavy-Duty Boots|[from] move: Knock Off|[of] p1a: Gliscor
|
|upkeep
|turn|3
|
|t:|1757874441
|switch|p2a: Dragapult|Dragapult, M|100/100
|move|p1a: Gliscor|Knock Off|p2a: Dragapult
|-supereffective|p2a: Dragapult
|-damage|p2a: Dragapult|46/100
|-enditem|p2a: Dragapult|Choice Specs|[from] move: Knock Off|[of] p1a: Gliscor
|
|upkeep
|turn|4
|
|t:|1757874449
|move|p2a: Dragapult|Draco Meteor|p1a: Gliscor
|-damage|p1a: Gliscor|1/100
|-unboost|p2a: Dragapult|spa|2
|move|p1a: Gliscor|Knock Off|p2a: Dragapult
|-supereffective|p2a: Dragapult
|-damage|p2a: Dragapult|5/100
|
|upkeep
|turn|5
|
|t:|1757874459
|move|p1a: Gliscor|Protect|p1a: Gliscor
|-singleturn|p1a: Gliscor|Protect
|move|p2a: Dragapult|U-turn|p1a: Gliscor
|-activate|p1a: Gliscor|move: Protect
|
|upkeep
|turn|6
|inactive|Battle timer is ON: inactive players will automatically lose when time's up. (requested by IDWTLA)
|
|t:|1757874469
|move|p2a: Dragapult|Shadow Ball|p1a: Gliscor
|-damage|p1a: Gliscor|0 fnt
|faint|p1a: Gliscor
|
|upkeep
|
|t:|1757874485
|switch|p1a: Garganacl|Garganacl, M|100/100
|turn|7
|
|t:|1757874490
|move|p2a: Dragapult|U-turn|p1a: Garganacl
|-damage|p1a: Garganacl|91/100
|
|t:|1757874492
|switch|p2a: Landorus|Landorus-Therian, M|100/100|[from] U-turn
|-ability|p2a: Landorus|Intimidate|boost
|-unboost|p1a: Garganacl|atk|1
|move|p1a: Garganacl|Stealth Rock|p2a: Landorus
|-sidestart|p2: IDWTLA|move: Stealth Rock
|
|-heal|p1a: Garganacl|97/100|[from] item: Leftovers
|upkeep
|turn|8
|
|t:|1757874502
|move|p2a: Landorus|Stealth Rock|p1a: Garganacl
|-sidestart|p1: ToucanSlam99|move: Stealth Rock
|move|p1a: Garganacl|Salt Cure|p2a: Landorus
|-damage|p2a: Landorus|93/100
|-start|p2a: Landorus|Salt Cure
|
|-heal|p1a: Garganacl|100/100|[from] item: Leftovers
|-damage|p2a: Landorus|81/100|[from] Salt Cure
|upkeep
|turn|9
|
|t:|1757874515
|switch|p2a: Great Tusk|Great Tusk|100/100
|move|p1a: Garganacl|Body Press|p2a: Great Tusk
|-damage|p2a: Great Tusk|81/100
|
|upkeep
|turn|10
|
|t:|1757874531
|move|p2a: Great Tusk|Headlong Rush|p1a: Garganacl
|-supereffective|p1a: Garganacl
|-damage|p1a: Garganacl|30/100
|-unboost|p2a: Great Tusk|def|1
|-unboost|p2a: Great Tusk|spd|1
|move|p1a: Garganacl|Salt Cure|p2a: Great Tusk
|-resisted|p2a: Great Tusk
|-damage|p2a: Great Tusk|78/100
|-start|p2a: Great Tusk|Salt Cure
|
|-heal|p1a: Garganacl|36/100|[from] item: Leftovers
|-damage|p2a: Great Tusk|66/100|[from] Salt Cure
|upkeep
|turn|11
|
|t:|1757874545
|switch|p1a: Primarina|Primarina, F|100/100
|-damage|p1a: Primarina|88/100|[from] Stealth Rock
|move|p2a: Great Tusk|Headlong Rush|p1a: Primarina
|-damage|p1a: Primarina|6/100
|-unboost|p2a: Great Tusk|def|1
|-unboost|p2a: Great Tusk|spd|1
|
|-damage|p2a: Great Tusk|54/100|[from] Salt Cure
|upkeep
|turn|12
|
|t:|1757874560
|move|p2a: Great Tusk|Rapid Spin|p1a: Primarina
|-damage|p1a: Primarina|0 fnt
|-boost|p2a: Great Tusk|spe|1
|-sideend|p2: IDWTLA|Stealth Rock|[from] move: Rapid Spin|[of] p2a: Great Tusk
|faint|p1a: Primarina
|
|-damage|p2a: Great Tusk|41/100|[from] Salt Cure
|upkeep
|inactive|ToucanSlam99 has 120 seconds left.
|
|t:|1757874580
|switch|p1a: Scizor|Scizor, M, shiny|100/100
|-damage|p1a: Scizor|88/100|[from] Stealth Rock
|turn|13
|
|t:|1757874584
|-end|p2a: Great Tusk|Protosynthesis|[silent]
|switch|p2a: Alomomola|Alomomola, M|100/100
|move|p1a: Scizor|Swords Dance|p1a: Scizor
|-boost|p1a: Scizor|atk|2
|
|upkeep
|turn|14
|
|t:|1757874595
|move|p1a: Scizor|Dual Wingbeat|p2a: Alomomola
|-damage|p2a: Alomomola|77/100
|-damage|p2a: Alomomola|55/100
|-hitcount|p2a: Alomomola|2
|move|p2a: Alomomola|Scald|p1a: Scizor
|-damage|p1a: Scizor|72/100
|
|upkeep
|turn|15
|
|t:|1757874605
|move|p1a: Scizor|Dual Wingbeat|p2a: Alomomola
|-damage|p2a: Alomomola|31/100
|-damage|p2a: Alomomola|7/100
|-hitcount|p2a: Alomomola|2
|move|p2a: Alomomola|Flip Turn|p1a: Scizor
|-damage|p1a: Scizor|54/100
|
|t:|1757874615
|switch|p2a: Landorus|Landorus-Therian, M|81/100|[from] Flip Turn
|-ability|p2a: Landorus|Intimidate|boost
|-unboost|p1a: Scizor|atk|1
|
|upkeep
|turn|16
|
|t:|1757874629
|move|p1a: Scizor|Bullet Punch|p2a: Landorus
|-damage|p2a: Landorus|43/100
|-damage|p1a: Scizor|38/100|[from] item: Rocky Helmet|[of] p2a: Landorus
|-enditem|p1a: Scizor|Sitrus Berry|[eat]
|-heal|p1a: Scizor|62/100|[from] item: Sitrus Berry
|move|p2a: Landorus|Earthquake|p1a: Scizor
|-damage|p1a: Scizor|12/100
|
|upkeep
|turn|17
|
|t:|1757874639
|move|p1a: Scizor|Bullet Punch|p2a: Landorus
|-damage|p2a: Landorus|4/100
|-damage|p1a: Scizor|0 fnt|[from] item: Rocky Helmet|[of] p2a: Landorus
|faint|p1a: Scizor
|move|p2a: Landorus|U-turn|p1: Scizor|[notarget]
|-fail|p2a: Landorus
|
|upkeep
|
|t:|1757874655
|switch|p1a: Kommo-o|Kommo-o, F|100/100
|-damage|p1a: Kommo-o|94/100|[from] Stealth Rock
|turn|18
|
|t:|1757874660
|move|p1a: Kommo-o|Clangorous Soul|p1a: Kommo-o
|-boost|p1a: Kommo-o|atk|1
|-boost|p1a: Kommo-o|def|1
|-boost|p1a: Kommo-o|spa|1
|-boost|p1a: Kommo-o|spd|1
|-boost|p1a: Kommo-o|spe|1
|-damage|p1a: Kommo-o|61/100
|-enditem|p1a: Kommo-o|Throat Spray
|-boost|p1a: Kommo-o|spa|1|[from] item: Throat Spray
|move|p2a: Landorus|Earthquake|p1a: Kommo-o
|-damage|p1a: Kommo-o|28/100
|
|upkeep
|turn|19
|
|t:|1757874673
|move|p1a: Kommo-o|Clanging Scales|p2a: Landorus
|-damage|p2a: Landorus|0 fnt
|faint|p2a: Landorus
|-unboost|p1a: Kommo-o|def|1
|
|upkeep
|
|t:|1757874679
|switch|p2a: Slowking|Slowking-Galar, F|88/100
|turn|20
|
|t:|1757874685
|move|p1a: Kommo-o|Clanging Scales|p2a: Slowking
|-damage|p2a: Slowking|33/100
|-unboost|p1a: Kommo-o|def|1
|move|p2a: Slowking|Future Sight|p1a: Kommo-o
|-start|p2a: Slowking|move: Future Sight
|
|upkeep
|turn|21
|
|t:|1757874691
|switch|p2a: Dragapult|Dragapult, M|5/100
|move|p1a: Kommo-o|Clanging Scales|p2a: Dragapult
|-supereffective|p2a: Dragapult
|-damage|p2a: Dragapult|0 fnt
|faint|p2a: Dragapult
|-unboost|p1a: Kommo-o|def|1
|
|upkeep
|
|t:|1757874700
|switch|p2a: Slowking|Slowking-Galar, F|66/100
|turn|22
|
|t:|1757874704
|move|p1a: Kommo-o|Clanging Scales|p2a: Slowking
|-damage|p2a: Slowking|12/100
|-unboost|p1a: Kommo-o|def|1
|-prepare|p2a: Slowking|Chilly Reception|[premajor]
|move|p2a: Slowking|Chilly Reception|p2a: Slowking
|-weather|Snowscape
|
|t:|1757874712
|switch|p2a: Zapdos|Zapdos-Galar|100/100|[from] Chilly Reception
|
|-weather|Snowscape|[upkeep]
|-end|p1a: Kommo-o|move: Future Sight
|-supereffective|p1a: Kommo-o
|-damage|p1a: Kommo-o|0 fnt
|faint|p1a: Kommo-o
|upkeep
|
|t:|1757874724
|switch|p1a: Garganacl|Garganacl, M|36/100
|-damage|p1a: Garganacl|24/100|[from] Stealth Rock
|turn|23
|
|t:|1757874732
|move|p2a: Zapdos|U-turn|p1a: Garganacl
|-damage|p1a: Garganacl|3/100
|
|t:|1757874734
|switch|p2a: Alomomola|Alomomola, M|40/100|[from] U-turn
|move|p1a: Garganacl|Salt Cure|p2a: Alomomola
|-damage|p2a: Alomomola|32/100
|-start|p2a: Alomomola|Salt Cure
|
|-weather|Snowscape|[upkeep]
|-heal|p1a: Garganacl|9/100|[from] item: Leftovers
|-damage|p2a: Alomomola|7/100|[from] Salt Cure
|upkeep
|turn|24
|
|t:|1757874746
|move|p2a: Alomomola|Flip Turn|p1a: Garganacl
|-supereffective|p1a: Garganacl
|-damage|p1a: Garganacl|0 fnt
|faint|p1a: Garganacl
|
|t:|1757874751
|switch|p2a: Zapdos|Zapdos-Galar|100/100|[from] Flip Turn
|
|-weather|Snowscape|[upkeep]
|upkeep
|
|t:|1757874757
|switch|p1a: Ceruledge|Ceruledge, M|100/100
|-damage|p1a: Ceruledge|76/100|[from] Stealth Rock
|turn|25
|
|t:|1757874764
|move|p2a: Zapdos|Brave Bird|p1a: Ceruledge
|-damage|p1a: Ceruledge|0 fnt
|faint|p1a: Ceruledge
|-damage|p2a: Zapdos|78/100|[from] Recoil
|
|win|IDWTLA
|raw|ToucanSlam99's rating: 1168 &rarr; <strong>1144</strong><br />(-24 for losing)
|raw|IDWTLA's rating: 1180 &rarr; <strong>1204</strong><br />(+24 for winning)
|l|☆ToucanSlam99
|player|p1|
