|j|☆tianzhuanjava
|j|☆Void29193
|t:|1757824696
|gametype|singles
|player|p1|tianzhuanjava|169|1144
|player|p2|Void29193|guzma|1066
|gen|9
|tier|[Gen 9] OU
|rated|
|rule|HP Percentage Mod: HP is shown in percentages
|rule|Endless Battle Clause: Forcing endless battles is banned
|rule|Species Clause: Limit one of each Pokémon
|rule|OHKO Clause: OHKO moves are banned
|rule|Evasion Items Clause: Evasion items are banned
|rule|Evasion Moves Clause: Evasion moves are banned
|rule|Evasion Abilities Clause: Evasion abilities are banned
|rule|Sleep Moves Clause: Sleep-inducing moves are banned
|clearpoke
|poke|p1|Weavile, F|
|poke|p1|Pecharunt|
|poke|p1|Ting-Lu|
|poke|p1|Tinkaton, F|
|poke|p1|Keldeo-Resolute|
|poke|p1|Dragonite, F|
|poke|p2|Regidrago|
|poke|p2|Deoxys-Defense|
|poke|p2|Great Tusk|
|poke|p2|Iron Crown|
|poke|p2|Dragapult, F|
|poke|p2|Ogerpon-Wellspring, F|
|teampreview
|inactive|Battle timer is ON: inactive players will automatically lose when time's up. (requested by tianzhuanjava)
|
|t:|1757824704
|teamsize|p1|6
|teamsize|p2|6
|start
|switch|p1a: 锤飞|Tinkaton, F|100/100
|switch|p2a: Deoxys|Deoxys-Defense|100/100
|-item|p1a: 锤飞|Air Balloon
|-ability|p2a: Deoxys|Pressure
|turn|1
|
|t:|1757824721
|move|p1a: 锤飞|Gigaton Hammer|p2a: Deoxys
|-damage|p2a: Deoxys|70/100
|-enditem|p2a: Deoxys|Red Card|[of] p1a: 锤飞
|drag|p1a: 下毒|Pecharunt|100/100
|move|p2a: Deoxys|Stealth Rock|p1a: 下毒
|-sidestart|p1: tianzhuanjava|move: Stealth Rock
|
|upkeep
|turn|2
|
|t:|1757824734
|move|p2a: Deoxys|Spikes|p1a: 下毒
|-sidestart|p1: tianzhuanjava|Spikes
|move|p1a: 下毒|Parting Shot|p2a: Deoxys
|-unboost|p2a: Deoxys|atk|1
|-unboost|p2a: Deoxys|spa|1
|
|t:|1757824747
|switch|p1a: 快！|Dragonite, F|100/100|[from] Parting Shot
|
|upkeep
|turn|3
|
|t:|1757824759
|move|p1a: 快！|Extreme Speed|p2a: Deoxys
|-damage|p2a: Deoxys|45/100
|move|p2a: Deoxys|Trick Room|p2a: Deoxys
|-fieldstart|move: Trick Room|[of] p2a: Deoxys
|
|upkeep
|turn|4
|
|t:|1757824771
|move|p1a: 快！|Hurricane|p2a: Deoxys
|-damage|p2a: Deoxys|15/100
|move|p2a: Deoxys|Spikes|p1a: 快！
|-sidestart|p1: tianzhuanjava|Spikes
|
|upkeep
|turn|5
|
|t:|1757824783
|move|p1a: 快！|Extreme Speed|p2a: Deoxys
|-damage|p2a: Deoxys|0 fnt
|faint|p2a: Deoxys
|
|upkeep
|
|t:|1757824788
|switch|p2a: Regidrago|Regidrago|100/100
|turn|6
|inactive|tianzhuanjava has 120 seconds left.
|
|t:|1757824819
|switch|p1a: 下毒|Pecharunt|100/100
|move|p2a: Regidrago|Dragon Energy|p1a: 下毒
|-damage|p1a: 下毒|0 fnt
|faint|p1a: 下毒
|
|upkeep
|inactive|tianzhuanjava has 120 seconds left.
|
|t:|1757824838
|switch|p1a: 降攻|Ting-Lu|100/100
|-damage|p1a: 降攻|94/100|[from] Stealth Rock
|-damage|p1a: 降攻|78/100|[from] Spikes
|-ability|p1a: 降攻|Vessel of Ruin
|turn|7
|
|t:|1757824845
|move|p1a: 降攻|Earthquake|p2a: Regidrago
|-damage|p2a: Regidrago|59/100
|move|p2a: Regidrago|Dragon Energy|p1a: 降攻
|-damage|p1a: 降攻|34/100
|
|-fieldend|move: Trick Room
|upkeep
|turn|8
|inactive|tianzhuanjava has 120 seconds left.
|
|t:|1757824854
|switch|p1a: 锤飞|Tinkaton, F|100/100
|-damage|p1a: 锤飞|94/100|[from] Stealth Rock
|-item|p1a: 锤飞|Air Balloon
|move|p2a: Regidrago|Dragon Energy|p1a: 锤飞
|-immune|p1a: 锤飞
|
|upkeep
|turn|9
|
|t:|1757824870
|switch|p2a: Dragapult|Dragapult, F|100/100
|move|p1a: 锤飞|Gigaton Hammer|p2a: Dragapult
|-damage|p2a: Dragapult|31/100
|
|upkeep
|turn|10
|
|t:|1757824888
|switch|p1a: 小马|Keldeo-Resolute|100/100
|move|p2a: Dragapult|Phantom Force||[still]
|-prepare|p2a: Dragapult|Phantom Force
|
|upkeep
|turn|11
|inactive|tianzhuanjava has 120 seconds left.
|inactive|tianzhuanjava has 90 seconds left.
|
|t:|1757824938
|move|p2a: Dragapult|Phantom Force|p1a: 小马|[from] lockedmove
|-damage|p1a: 小马|31/100
|-damage|p2a: Dragapult|22/100|[from] item: Life Orb
|move|p1a: 小马|Hydro Pump|p2a: Dragapult
|-resisted|p2a: Dragapult
|-damage|p2a: Dragapult|0 fnt
|-start|p1a: 小马|Disable|Hydro Pump|[from] ability: Cursed Body|[of] p2a: Dragapult
|faint|p2a: Dragapult
|
|upkeep
|
|t:|1757824954
|switch|p2a: Ogerpon|Ogerpon-Wellspring, F|100/100
|turn|12
|
|t:|1757824967
|move|p1a: 小马|Vacuum Wave|p2a: Ogerpon
|-damage|p2a: Ogerpon|74/100
|move|p2a: Ogerpon|Swords Dance|p2a: Ogerpon
|-boost|p2a: Ogerpon|atk|2
|
|upkeep
|turn|13
|
|t:|1757824985
|move|p1a: 小马|Secret Sword|p2a: Ogerpon
|-damage|p2a: Ogerpon|21/100
|move|p2a: Ogerpon|Horn Leech|p1a: 小马
|-supereffective|p1a: 小马
|-damage|p1a: 小马|0 fnt
|-heal|p2a: Ogerpon|37/100|[from] drain|[of] p1a: 小马
|faint|p1a: 小马
|
|upkeep
|
|t:|1757824995
|switch|p1a: 锤飞|Tinkaton, F|94/100
|-damage|p1a: 锤飞|88/100|[from] Stealth Rock
|-item|p1a: 锤飞|Air Balloon
|turn|14
|
|t:|1757825001
|move|p2a: Ogerpon|Spiky Shield|p2a: Ogerpon
|-singleturn|p2a: Ogerpon|move: Protect
|move|p1a: 锤飞|Thunder Wave|p2a: Ogerpon
|-activate|p2a: Ogerpon|move: Protect
|
|upkeep
|turn|15
|
|t:|1757825009
|move|p2a: Ogerpon|Ivy Cudgel|p1a: 锤飞|[anim] Ivy Cudgel Water
|-damage|p1a: 锤飞|0 fnt
|-enditem|p1a: 锤飞|Air Balloon
|faint|p1a: 锤飞
|
|upkeep
|
|t:|1757825012
|switch|p1a: 快！|Dragonite, F|100/100
|turn|16
|
|t:|1757825017
|move|p2a: Ogerpon|Spiky Shield|p2a: Ogerpon
|-singleturn|p2a: Ogerpon|move: Protect
|move|p1a: 快！|Extreme Speed|p2a: Ogerpon
|-activate|p2a: Ogerpon|move: Protect
|-damage|p1a: 快！|88/100|[from] Spiky Shield|[of] p2a: Ogerpon
|
|upkeep
|turn|17
|
|t:|1757825027
|move|p1a: 快！|Extreme Speed|p2a: Ogerpon
|-damage|p2a: Ogerpon|0 fnt
|faint|p2a: Ogerpon
|
|upkeep
|
|t:|1757825046
|switch|p2a: Great Tusk|Great Tusk|100/100
|-enditem|p2a: Great Tusk|Booster Energy
|-activate|p2a: Great Tusk|ability: Protosynthesis|[fromitem]
|-start|p2a: Great Tusk|protosynthesisatk
|turn|18
|
|t:|1757825061
|-terastallize|p1a: 快！|Normal
|move|p2a: Great Tusk|Ice Spinner|p1a: 快！
|-damage|p1a: 快！|48/100
|move|p1a: 快！|Hurricane|p2a: Great Tusk
|-supereffective|p2a: Great Tusk
|-damage|p2a: Great Tusk|0 fnt
|faint|p2a: Great Tusk
|-end|p2a: Great Tusk|Protosynthesis|[silent]
|
|upkeep
|
|t:|1757825072
|switch|p2a: Iron Crown|Iron Crown|100/100
|-enditem|p2a: Iron Crown|Booster Energy
|-activate|p2a: Iron Crown|ability: Quark Drive|[fromitem]
|-start|p2a: Iron Crown|quarkdrivespa
|turn|19
|
|t:|1757825088
|move|p2a: Iron Crown|Tachyon Cutter|p1a: 快！
|-damage|p1a: 快！|13/100
|-crit|p1a: 快！
|-damage|p1a: 快！|0 fnt
|faint|p1a: 快！
|-hitcount|p1: 快！|2
|
|upkeep
|
|t:|1757825092
|switch|p1a: 刮痧|Weavile, F|100/100
|-ability|p1a: 刮痧|Pressure
|turn|20
|
|t:|1757825102
|-terastallize|p2a: Iron Crown|Steel
|move|p1a: 刮痧|Knock Off|p2a: Iron Crown
|-damage|p2a: Iron Crown|64/100
|move|p2a: Iron Crown|Tachyon Cutter|p1a: 刮痧
|-supereffective|p1a: 刮痧
|-damage|p1a: 刮痧|0 fnt
|faint|p1a: 刮痧
|-hitcount|p1: 刮痧|1
|
|upkeep
|
|t:|1757825108
|switch|p1a: 降攻|Ting-Lu|34/100
|-damage|p1a: 降攻|28/100|[from] Stealth Rock
|-damage|p1a: 降攻|11/100|[from] Spikes
|-ability|p1a: 降攻|Vessel of Ruin
|turn|21
|
|t:|1757825115
|move|p2a: Iron Crown|Tachyon Cutter|p1a: 降攻
|-damage|p1a: 降攻|0 fnt
|faint|p1a: 降攻
|-hitcount|p1: 降攻|1
|
|win|Void29193
|raw|tianzhuanjava's rating: 1144 &rarr; <strong>1113</strong><br />(-31 for losing)
|raw|Void29193's rating: 1066 &rarr; <strong>1103</strong><br />(+37 for winning)
|c|☆Void29193|gg
|l|☆tianzhuanjava
|player|p1|
|l|☆Void29193
|player|p2|
