|j|☆redkaa
|j|☆lzc123456
|t:|1757849150
|gametype|singles
|player|p1|redkaa|1|1617
|player|p2|lzc123456|cynthia-gen4|1573
|gen|9
|tier|[Gen 9] OU
|rated|
|rule|HP Percentage Mod: HP is shown in percentages
|rule|Endless Battle Clause: Forcing endless battles is banned
|rule|Species Clause: Limit one of each Pokémon
|rule|OHKO Clause: OHKO moves are banned
|rule|Evasion Items Clause: Evasion items are banned
|rule|Evasion Moves Clause: Evasion moves are banned
|rule|Evasion Abilities Clause: Evasion abilities are banned
|rule|Sleep Moves Clause: Sleep-inducing moves are banned
|clearpoke
|poke|p1|Dragapult, M|
|poke|p1|Pelipper, M|
|poke|p1|Rotom-Wash|
|poke|p1|Great Tusk|
|poke|p1|Slowking-Galar, M|
|poke|p1|Iron Valiant|
|poke|p2|Zapdos|
|poke|p2|Iron Treads|
|poke|p2|Zamazenta-*|
|poke|p2|Kingambit, F|
|poke|p2|Clefable, F|
|poke|p2|Ogerpon-Wellspring, F|
|teampreview
|inactive|Battle timer is ON: inactive players will automatically lose when time's up. (requested by lzc123456)
|
|t:|1757849168
|teamsize|p1|6
|teamsize|p2|6
|start
|switch|p1a: Pelipper|Pelipper, M|100/100
|switch|p2a: Ogerpon|Ogerpon-Wellspring, F|100/100
|-weather|RainDance|[from] ability: Drizzle|[of] p1a: Pelipper
|turn|1
|
|t:|1757849177
|move|p2a: Ogerpon|Power Whip|p1a: Pelipper
|-damage|p1a: Pelipper|0 fnt
|faint|p1a: Pelipper
|
|-weather|RainDance|[upkeep]
|upkeep
|
|t:|1757849184
|switch|p1a: Dragapult|Dragapult, M|100/100
|turn|2
|
|t:|1757849188
|switch|p2a: Clefable|Clefable, F|100/100
|-terastallize|p1a: Dragapult|Ghost
|move|p1a: Dragapult|Tera Blast|p2a: Clefable|[anim] Tera Blast Ghost
|-damage|p2a: Clefable|5/100
|
|-weather|RainDance|[upkeep]
|-heal|p2a: Clefable|11/100|[from] item: Leftovers
|upkeep
|turn|3
|
|t:|1757849198
|switch|p2a: Kingambit|Kingambit, F|100/100
|move|p1a: Dragapult|Tera Blast|p2a: Kingambit|[anim] Tera Blast Ghost
|-resisted|p2a: Kingambit
|-crit|p2a: Kingambit
|-damage|p2a: Kingambit|57/100
|
|-weather|RainDance|[upkeep]
|-heal|p2a: Kingambit|64/100|[from] item: Leftovers
|upkeep
|turn|4
|
|t:|1757849206
|switch|p1a: Great Tusk|Great Tusk|100/100
|move|p2a: Kingambit|Iron Head|p1a: Great Tusk
|-damage|p1a: Great Tusk|71/100
|
|-weather|RainDance|[upkeep]
|-heal|p1a: Great Tusk|77/100|[from] item: Leftovers
|-heal|p2a: Kingambit|70/100|[from] item: Leftovers
|upkeep
|turn|5
|
|t:|1757849211
|-end|p2a: Kingambit|fallenundefined|[silent]
|switch|p2a: Ogerpon|Ogerpon-Wellspring, F|100/100
|move|p1a: Great Tusk|Stealth Rock|p2a: Ogerpon
|-sidestart|p2: lzc123456|move: Stealth Rock
|
|-weather|none
|-heal|p1a: Great Tusk|84/100|[from] item: Leftovers
|upkeep
|turn|6
|
|t:|1757849215
|-end|p1a: Great Tusk|Protosynthesis|[silent]
|switch|p1a: Dragapult|Dragapult, M, tera:Ghost|100/100
|move|p2a: Ogerpon|Ivy Cudgel|p1a: Dragapult|[anim] Ivy Cudgel Water
|-damage|p1a: Dragapult|4/100
|
|upkeep
|turn|7
|
|t:|1757849233
|-terastallize|p2a: Ogerpon|Water
|detailschange|p2a: Ogerpon|Ogerpon-Wellspring-Tera, F, tera:Water
|-ability|p2a: Ogerpon|Embody Aspect (Wellspring)|boost
|-boost|p2a: Ogerpon|spd|1
|move|p1a: Dragapult|Tera Blast|p2a: Ogerpon|[anim] Tera Blast Ghost
|-damage|p2a: Ogerpon|0 fnt
|faint|p2a: Ogerpon
|detailschange|p2: Ogerpon|Ogerpon-Wellspring, F|[silent]
|
|upkeep
|inactive|lzc123456 has 120 seconds left.
|
|t:|1757849268
|switch|p2a: Iron Treads|Iron Treads|100/100
|-damage|p2a: Iron Treads|97/100|[from] Stealth Rock
|-item|p2a: Iron Treads|Air Balloon
|turn|8
|
|t:|1757849286
|switch|p1a: Great Tusk|Great Tusk|84/100
|move|p2a: Iron Treads|Ice Spinner|p1a: Great Tusk
|-supereffective|p1a: Great Tusk
|-damage|p1a: Great Tusk|51/100
|
|-heal|p1a: Great Tusk|58/100|[from] item: Leftovers
|upkeep
|turn|9
|
|t:|1757849292
|move|p2a: Iron Treads|Rapid Spin|p1a: Great Tusk
|-damage|p1a: Great Tusk|47/100
|-boost|p2a: Iron Treads|spe|1
|-sideend|p2: lzc123456|Stealth Rock|[from] move: Rapid Spin|[of] p2a: Iron Treads
|move|p1a: Great Tusk|Rapid Spin|p2a: Iron Treads
|-resisted|p2a: Iron Treads
|-damage|p2a: Iron Treads|91/100
|-boost|p1a: Great Tusk|spe|1
|-enditem|p2a: Iron Treads|Air Balloon
|
|-heal|p1a: Great Tusk|53/100|[from] item: Leftovers
|upkeep
|turn|10
|
|t:|1757849297
|-end|p2a: Iron Treads|Quark Drive|[silent]
|switch|p2a: Zapdos|Zapdos|100/100
|move|p1a: Great Tusk|Stealth Rock|p2a: Zapdos
|-sidestart|p2: lzc123456|move: Stealth Rock
|
|-heal|p1a: Great Tusk|59/100|[from] item: Leftovers
|upkeep
|turn|11
|
|t:|1757849303
|-end|p1a: Great Tusk|Protosynthesis|[silent]
|switch|p1a: Slowking|Slowking-Galar, M|100/100
|move|p2a: Zapdos|Hurricane|p1a: Slowking
|-damage|p1a: Slowking|75/100
|
|upkeep
|turn|12
|
|t:|1757849308
|move|p2a: Zapdos|U-turn|p1a: Slowking
|-damage|p1a: Slowking|62/100
|
|t:|1757849309
|switch|p2a: Clefable|Clefable, F|11/100|[from] U-turn
|-prepare|p1a: Slowking|Chilly Reception|[premajor]
|move|p1a: Slowking|Chilly Reception|p1a: Slowking
|-weather|Snowscape
|
|t:|1757849313
|switch|p1a: Dragapult|Dragapult, M, tera:Ghost|4/100|[from] Chilly Reception
|
|-weather|Snowscape|[upkeep]
|-heal|p2a: Clefable|17/100|[from] item: Leftovers
|upkeep
|turn|13
|
|t:|1757849322
|move|p1a: Dragapult|Tera Blast|p2a: Clefable|[anim] Tera Blast Ghost
|-damage|p2a: Clefable|0 fnt
|faint|p2a: Clefable
|
|-weather|Snowscape|[upkeep]
|upkeep
|
|t:|1757849335
|switch|p2a: Iron Treads|Iron Treads|91/100
|-damage|p2a: Iron Treads|87/100|[from] Stealth Rock
|turn|14
|inactive|redkaa has 120 seconds left.
|
|t:|1757849377
|switch|p1a: Great Tusk|Great Tusk|59/100
|move|p2a: Iron Treads|Ice Spinner|p1a: Great Tusk
|-supereffective|p1a: Great Tusk
|-damage|p1a: Great Tusk|22/100
|
|-weather|Snowscape|[upkeep]
|-heal|p1a: Great Tusk|29/100|[from] item: Leftovers
|upkeep
|turn|15
|
|t:|1757849384
|move|p2a: Iron Treads|Ice Spinner|p1a: Great Tusk
|-supereffective|p1a: Great Tusk
|-damage|p1a: Great Tusk|0 fnt
|faint|p1a: Great Tusk
|-end|p1a: Great Tusk|Protosynthesis|[silent]
|
|-weather|Snowscape|[upkeep]
|upkeep
|
|t:|1757849386
|switch|p1a: Rotom|Rotom-Wash|100/100
|turn|16
|
|t:|1757849394
|move|p2a: Iron Treads|Volt Switch|p1a: Rotom
|-damage|p1a: Rotom|90/100
|
|t:|1757849397
|-end|p2a: Iron Treads|Quark Drive|[silent]
|switch|p2a: Zapdos|Zapdos|100/100|[from] Volt Switch
|move|p1a: Rotom|Hydro Pump|p2a: Zapdos
|-damage|p2a: Zapdos|62/100
|
|-weather|none
|-heal|p1a: Rotom|96/100|[from] item: Leftovers
|upkeep
|turn|17
|
|t:|1757849409
|move|p2a: Zapdos|Roost|p2a: Zapdos
|-heal|p2a: Zapdos|100/100
|-singleturn|p2a: Zapdos|move: Roost
|move|p1a: Rotom|Volt Switch|p2a: Zapdos
|-resisted|p2a: Zapdos
|-damage|p2a: Zapdos|88/100
|
|t:|1757849413
|switch|p1a: Iron Valiant|Iron Valiant|100/100|[from] Volt Switch
|-enditem|p1a: Iron Valiant|Booster Energy
|-activate|p1a: Iron Valiant|ability: Quark Drive|[fromitem]
|-start|p1a: Iron Valiant|quarkdrivespe
|
|upkeep
|turn|18
|
|t:|1757849417
|move|p1a: Iron Valiant|Encore|p2a: Zapdos
|-start|p2a: Zapdos|Encore
|move|p2a: Zapdos|Roost|p2a: Zapdos
|-heal|p2a: Zapdos|100/100
|-singleturn|p2a: Zapdos|move: Roost
|
|upkeep
|turn|19
|
|t:|1757849425
|switch|p2a: Iron Treads|Iron Treads|87/100
|-damage|p2a: Iron Treads|84/100|[from] Stealth Rock
|move|p1a: Iron Valiant|Calm Mind|p1a: Iron Valiant
|-boost|p1a: Iron Valiant|spa|1
|-boost|p1a: Iron Valiant|spd|1
|
|upkeep
|turn|20
|
|t:|1757849433
|move|p1a: Iron Valiant|Shadow Ball|p2a: Iron Treads
|-damage|p2a: Iron Treads|25/100
|move|p2a: Iron Treads|Rapid Spin|p1a: Iron Valiant
|-damage|p1a: Iron Valiant|78/100
|-boost|p2a: Iron Treads|spe|1
|-sideend|p2: lzc123456|Stealth Rock|[from] move: Rapid Spin|[of] p2a: Iron Treads
|
|upkeep
|turn|21
|
|t:|1757849445
|-end|p2a: Iron Treads|Quark Drive|[silent]
|switch|p2a: Zapdos|Zapdos|100/100
|move|p1a: Iron Valiant|Shadow Ball|p2a: Zapdos
|-damage|p2a: Zapdos|63/100
|
|upkeep
|turn|22
|
|t:|1757849449
|move|p1a: Iron Valiant|Moonblast|p2a: Zapdos
|-damage|p2a: Zapdos|0 fnt
|faint|p2a: Zapdos
|
|upkeep
|-message|lzc123456 forfeited.
|
|win|redkaa
|raw|redkaa's rating: 1617 &rarr; <strong>1634</strong><br />(+17 for winning)
|raw|lzc123456's rating: 1573 &rarr; <strong>1556</strong><br />(-17 for losing)
|l|☆lzc123456
|player|p2|
|l|☆redkaa
|player|p1|
