|j|‽tasty sardine 408
|j|☆L81D
|t:|1757905243
|gametype|singles
|player|p1|tasty sardine 408|harlequin|1619
|player|p2|L81D|266|1755
|gen|9
|tier|[Gen 9] OU
|rated|
|rule|HP Percentage Mod: HP is shown in percentages
|rule|Endless Battle Clause: Forcing endless battles is banned
|rule|Species Clause: Limit one of each Pokémon
|rule|OHKO Clause: OHKO moves are banned
|rule|Evasion Items Clause: Evasion items are banned
|rule|Evasion Moves Clause: Evasion moves are banned
|rule|Evasion Abilities Clause: Evasion abilities are banned
|rule|Sleep Moves Clause: Sleep-inducing moves are banned
|clearpoke
|poke|p1|Umbreon, F|
|poke|p1|Serperior, M|
|poke|p1|Cresselia, F|
|poke|p1|Revavroom, M|
|poke|p1|Skeledirge, F|
|poke|p1|Manaphy|
|poke|p2|Darkrai|
|poke|p2|Weezing-Galar, M|
|poke|p2|Alomomola, F|
|poke|p2|Corviknight, M|
|poke|p2|Zamazenta-*|
|poke|p2|Gliscor, M|
|teampreview
|inactive|Battle timer is ON: inactive players will automatically lose when time's up. (requested by tasty sardine 408)
|j| ennd13
|
|t:|1757905277
|teamsize|p1|6
|teamsize|p2|6
|start
|switch|p1a: Serperior|Serperior, M, shiny|100/100
|switch|p2a: Gliscor|Gliscor, M|100/100
|turn|1
|
|t:|1757905283
|move|p2a: Gliscor|Protect|p2a: Gliscor
|-singleturn|p2a: Gliscor|Protect
|move|p1a: Serperior|Glare|p2a: Gliscor
|-activate|p2a: Gliscor|move: Protect
|
|-status|p2a: Gliscor|tox|[from] item: Toxic Orb
|upkeep
|turn|2
|
|t:|1757905286
|move|p1a: Serperior|Leaf Storm|p2a: Gliscor
|-damage|p2a: Gliscor|70/100 tox
|-boost|p1a: Serperior|spa|2
|move|p2a: Gliscor|Swords Dance|p2a: Gliscor
|-boost|p2a: Gliscor|atk|2
|
|-heal|p2a: Gliscor|82/100 tox|[from] ability: Poison Heal
|upkeep
|turn|3
|
|t:|1757905290
|move|p2a: Gliscor|Protect|p2a: Gliscor
|-singleturn|p2a: Gliscor|Protect
|move|p1a: Serperior|Leaf Storm|p2a: Gliscor
|-activate|p2a: Gliscor|move: Protect
|
|-heal|p2a: Gliscor|95/100 tox|[from] ability: Poison Heal
|upkeep
|turn|4
|l| ennd13
|
|t:|1757905292
|move|p1a: Serperior|Leaf Storm|p2a: Gliscor
|-damage|p2a: Gliscor|32/100 tox
|-boost|p1a: Serperior|spa|2
|move|p2a: Gliscor|Facade|p1a: Serperior
|-damage|p1a: Serperior|34/100
|
|-heal|p1a: Serperior|40/100|[from] item: Leftovers
|-heal|p2a: Gliscor|44/100 tox|[from] ability: Poison Heal
|upkeep
|turn|5
|
|t:|1757905296
|move|p2a: Gliscor|Protect|p2a: Gliscor
|-singleturn|p2a: Gliscor|Protect
|move|p1a: Serperior|Leaf Storm|p2a: Gliscor
|-activate|p2a: Gliscor|move: Protect
|
|-heal|p1a: Serperior|46/100|[from] item: Leftovers
|-heal|p2a: Gliscor|56/100 tox|[from] ability: Poison Heal
|upkeep
|turn|6
|
|t:|1757905298
|switch|p2a: Corviknight|Corviknight, M|100/100
|-ability|p2a: Corviknight|Pressure
|move|p1a: Serperior|Leaf Storm|p2a: Corviknight
|-resisted|p2a: Corviknight
|-damage|p2a: Corviknight|81/100
|-boost|p1a: Serperior|spa|2
|
|-heal|p1a: Serperior|52/100|[from] item: Leftovers
|-heal|p2a: Corviknight|87/100|[from] item: Leftovers
|upkeep
|turn|7
|
|t:|1757905303
|-terastallize|p1a: Serperior|Electric
|move|p1a: Serperior|Synthesis|p1a: Serperior
|-heal|p1a: Serperior|100/100
|move|p2a: Corviknight|U-turn|p1a: Serperior
|-damage|p1a: Serperior|87/100
|
|t:|1757905308
|switch|p2a: Gliscor|Gliscor, M|56/100 tox|[from] U-turn
|
|-heal|p1a: Serperior|93/100|[from] item: Leftovers
|-heal|p2a: Gliscor|69/100 tox|[from] ability: Poison Heal
|upkeep
|turn|8
|
|t:|1757905313
|switch|p1a: Manaphy|Manaphy, shiny|100/100
|move|p2a: Gliscor|Protect||[still]
|-fail|p2a: Gliscor
|
|-heal|p2a: Gliscor|81/100 tox|[from] ability: Poison Heal
|upkeep
|turn|9
|
|t:|1757905320
|move|p1a: Manaphy|Acid Armor|p1a: Manaphy
|-boost|p1a: Manaphy|def|2
|move|p2a: Gliscor|Earthquake|p1a: Manaphy
|-damage|p1a: Manaphy|88/100
|
|-heal|p1a: Manaphy|94/100|[from] item: Leftovers
|-heal|p2a: Gliscor|94/100 tox|[from] ability: Poison Heal
|upkeep
|turn|10
|
|t:|1757905322
|switch|p2a: Darkrai|Darkrai|100/100
|move|p1a: Manaphy|Take Heart|p1a: Manaphy
|-boost|p1a: Manaphy|spa|1
|-boost|p1a: Manaphy|spd|1
|
|-heal|p1a: Manaphy|99/100|[from] item: Leftovers
|upkeep
|turn|11
|
|t:|1757905325
|move|p2a: Darkrai|Trick|p1a: Manaphy
|-activate|p2a: Darkrai|move: Trick|[of] p1a: Manaphy
|-item|p1a: Manaphy|Choice Specs|[from] move: Trick
|-item|p2a: Darkrai|Leftovers|[from] move: Trick
|move|p1a: Manaphy|Scald|p2a: Darkrai
|-damage|p2a: Darkrai|22/100
|-status|p2a: Darkrai|brn
|
|-heal|p2a: Darkrai|28/100 brn|[from] item: Leftovers
|-damage|p2a: Darkrai|22/100 brn|[from] brn
|upkeep
|turn|12
|
|t:|1757905328
|switch|p2a: Alomomola|Alomomola, F|100/100
|move|p1a: Manaphy|Scald|p2a: Alomomola
|-resisted|p2a: Alomomola
|-damage|p2a: Alomomola|75/100
|
|upkeep
|turn|13
|
|t:|1757905330
|move|p1a: Manaphy|Scald|p2a: Alomomola
|-resisted|p2a: Alomomola
|-damage|p2a: Alomomola|48/100
|move|p2a: Alomomola|Wish|p2a: Alomomola
|
|upkeep
|turn|14
|
|t:|1757905335
|move|p2a: Alomomola|Protect|p2a: Alomomola
|-singleturn|p2a: Alomomola|Protect
|move|p1a: Manaphy|Scald|p2a: Alomomola
|-activate|p2a: Alomomola|move: Protect
|
|-heal|p2a: Alomomola|98/100|[from] move: Wish|[wisher] Alomomola
|upkeep
|turn|15
|
|t:|1757905336
|move|p1a: Manaphy|Scald|p2a: Alomomola
|-resisted|p2a: Alomomola
|-damage|p2a: Alomomola|71/100
|move|p2a: Alomomola|Wish|p2a: Alomomola
|
|upkeep
|turn|16
|
|t:|1757905341
|move|p1a: Manaphy|Scald|p2a: Alomomola
|-resisted|p2a: Alomomola
|-damage|p2a: Alomomola|45/100
|move|p2a: Alomomola|Flip Turn|p1a: Manaphy
|-resisted|p1a: Manaphy
|-damage|p1a: Manaphy|97/100
|
|t:|1757905343
|switch|p2a: Darkrai|Darkrai|22/100 brn|[from] Flip Turn
|
|-heal|p2a: Darkrai|100/100 brn|[from] move: Wish|[wisher] Alomomola
|-damage|p2a: Darkrai|94/100 brn|[from] brn
|upkeep
|turn|17
|
|t:|1757905345
|switch|p2a: Alomomola|Alomomola, F|79/100
|move|p1a: Manaphy|Scald|p2a: Alomomola
|-resisted|p2a: Alomomola
|-damage|p2a: Alomomola|50/100
|
|upkeep
|turn|18
|
|t:|1757905348
|move|p1a: Manaphy|Scald|p2a: Alomomola
|-resisted|p2a: Alomomola
|-damage|p2a: Alomomola|22/100
|move|p2a: Alomomola|Wish|p2a: Alomomola
|
|upkeep
|turn|19
|
|t:|1757905352
|move|p2a: Alomomola|Protect|p2a: Alomomola
|-singleturn|p2a: Alomomola|Protect
|move|p1a: Manaphy|Scald|p2a: Alomomola
|-activate|p2a: Alomomola|move: Protect
|
|-heal|p2a: Alomomola|72/100|[from] move: Wish|[wisher] Alomomola
|upkeep
|turn|20
|
|t:|1757905354
|move|p1a: Manaphy|Scald|p2a: Alomomola
|-resisted|p2a: Alomomola
|-damage|p2a: Alomomola|42/100
|move|p2a: Alomomola|Wish|p2a: Alomomola
|
|upkeep
|turn|21
|
|t:|1757905359
|move|p2a: Alomomola|Protect|p2a: Alomomola
|-singleturn|p2a: Alomomola|Protect
|move|p1a: Manaphy|Scald|p2a: Alomomola
|-activate|p2a: Alomomola|move: Protect
|
|-heal|p2a: Alomomola|92/100|[from] move: Wish|[wisher] Alomomola
|upkeep
|turn|22
|
|t:|1757905361
|move|p1a: Manaphy|Scald|p2a: Alomomola
|-resisted|p2a: Alomomola
|-damage|p2a: Alomomola|64/100
|move|p2a: Alomomola|Wish|p2a: Alomomola
|
|upkeep
|turn|23
|
|t:|1757905365
|move|p1a: Manaphy|Scald|p2a: Alomomola
|-resisted|p2a: Alomomola
|-damage|p2a: Alomomola|34/100
|move|p2a: Alomomola|Body Slam|p1a: Manaphy
|-damage|p1a: Manaphy|91/100
|-status|p1a: Manaphy|par
|
|-heal|p2a: Alomomola|84/100|[from] move: Wish|[wisher] Alomomola
|upkeep
|turn|24
|
|t:|1757905370
|cant|p1a: Manaphy|par
|move|p2a: Alomomola|Wish|p2a: Alomomola
|
|upkeep
|turn|25
|
|t:|1757905371
|cant|p1a: Manaphy|par
|move|p2a: Alomomola|Flip Turn|p1a: Manaphy
|-resisted|p1a: Manaphy
|-damage|p1a: Manaphy|87/100 par
|
|t:|1757905375
|switch|p2a: Corviknight|Corviknight, M|87/100|[from] Flip Turn
|-ability|p2a: Corviknight|Pressure
|
|-heal|p2a: Corviknight|100/100|[from] move: Wish|[wisher] Alomomola
|upkeep
|turn|26
|
|t:|1757905378
|move|p2a: Corviknight|U-turn|p1a: Manaphy
|-crit|p1a: Manaphy
|-damage|p1a: Manaphy|68/100 par
|
|t:|1757905379
|switch|p2a: Alomomola|Alomomola, F|100/100|[from] U-turn
|cant|p1a: Manaphy|par
|
|upkeep
|turn|27
|
|t:|1757905383
|cant|p1a: Manaphy|par
|move|p2a: Alomomola|Flip Turn|p1a: Manaphy
|-resisted|p1a: Manaphy
|-damage|p1a: Manaphy|64/100 par
|
|t:|1757905384
|switch|p2a: Gliscor|Gliscor, M|94/100 tox|[from] Flip Turn
|
|-heal|p2a: Gliscor|100/100 tox|[from] ability: Poison Heal
|upkeep
|turn|28
|
|t:|1757905386
|switch|p2a: Alomomola|Alomomola, F|100/100
|move|p1a: Manaphy|Scald|p2a: Alomomola
|-resisted|p2a: Alomomola
|-damage|p2a: Alomomola|75/100
|
|upkeep
|turn|29
|
|t:|1757905389
|move|p2a: Alomomola|Protect|p2a: Alomomola
|-singleturn|p2a: Alomomola|Protect
|move|p1a: Manaphy|Scald|p2a: Alomomola
|-activate|p2a: Alomomola|move: Protect
|
|upkeep
|turn|30
|
|t:|1757905391
|move|p1a: Manaphy|Scald|p2a: Alomomola
|-resisted|p2a: Alomomola
|-damage|p2a: Alomomola|48/100
|move|p2a: Alomomola|Wish|p2a: Alomomola
|
|upkeep
|turn|31
|
|t:|1757905394
|move|p2a: Alomomola|Protect|p2a: Alomomola
|-singleturn|p2a: Alomomola|Protect
|cant|p1a: Manaphy|par
|
|-heal|p2a: Alomomola|98/100|[from] move: Wish|[wisher] Alomomola
|upkeep
|turn|32
|
|t:|1757905396
|move|p1a: Manaphy|Scald|p2a: Alomomola
|-resisted|p2a: Alomomola
|-damage|p2a: Alomomola|68/100
|move|p2a: Alomomola|Flip Turn|p1a: Manaphy
|-resisted|p1a: Manaphy
|-damage|p1a: Manaphy|61/100 par
|
|t:|1757905398
|switch|p2a: Corviknight|Corviknight, M|100/100|[from] Flip Turn
|-ability|p2a: Corviknight|Pressure
|
|upkeep
|turn|33
|
|t:|1757905401
|move|p2a: Corviknight|U-turn|p1a: Manaphy
|-damage|p1a: Manaphy|55/100 par
|
|t:|1757905407
|switch|p2a: Alomomola|Alomomola, F|100/100|[from] U-turn
|move|p1a: Manaphy|Scald|p2a: Alomomola
|-resisted|p2a: Alomomola
|-damage|p2a: Alomomola|74/100
|
|upkeep
|turn|34
|
|t:|1757905410
|move|p2a: Alomomola|Protect|p2a: Alomomola
|-singleturn|p2a: Alomomola|Protect
|move|p1a: Manaphy|Scald|p2a: Alomomola
|-activate|p2a: Alomomola|move: Protect
|
|upkeep
|turn|35
|
|t:|1757905412
|move|p1a: Manaphy|Scald|p2a: Alomomola
|-resisted|p2a: Alomomola
|-damage|p2a: Alomomola|48/100
|move|p2a: Alomomola|Wish|p2a: Alomomola
|
|upkeep
|turn|36
|
|t:|1757905416
|switch|p1a: Serperior|Serperior, M, shiny, tera:Electric|93/100
|move|p2a: Alomomola|Protect||[still]
|-fail|p2a: Alomomola
|
|-heal|p2a: Alomomola|98/100|[from] move: Wish|[wisher] Alomomola
|-heal|p1a: Serperior|99/100|[from] item: Leftovers
|upkeep
|turn|37
|
|t:|1757905418
|switch|p2a: Corviknight|Corviknight, M|100/100
|-ability|p2a: Corviknight|Pressure
|move|p1a: Serperior|Leaf Storm|p2a: Corviknight
|-resisted|p2a: Corviknight
|-damage|p2a: Corviknight|94/100
|-boost|p1a: Serperior|spa|2
|
|-heal|p1a: Serperior|100/100|[from] item: Leftovers
|-heal|p2a: Corviknight|99/100|[from] item: Leftovers
|upkeep
|turn|38
|
|t:|1757905421
|switch|p2a: Gliscor|Gliscor, M|100/100 tox
|move|p1a: Serperior|Tera Blast|p2a: Gliscor|[anim] Tera Blast Electric
|-immune|p2a: Gliscor
|
|upkeep
|turn|39
|
|t:|1757905426
|switch|p1a: Manaphy|Manaphy, shiny|55/100 par
|move|p2a: Gliscor|Swords Dance|p2a: Gliscor
|-boost|p2a: Gliscor|atk|2
|
|upkeep
|turn|40
|
|t:|1757905430
|move|p2a: Gliscor|Protect|p2a: Gliscor
|-singleturn|p2a: Gliscor|Protect
|move|p1a: Manaphy|Scald|p2a: Gliscor
|-activate|p2a: Gliscor|move: Protect
|
|upkeep
|turn|41
|
|t:|1757905433
|switch|p2a: Alomomola|Alomomola, F|100/100
|cant|p1a: Manaphy|par
|
|upkeep
|turn|42
|
|t:|1757905437
|cant|p1a: Manaphy|par
|move|p2a: Alomomola|Flip Turn|p1a: Manaphy
|-resisted|p1a: Manaphy
|-damage|p1a: Manaphy|47/100 par
|
|t:|1757905441
|switch|p2a: Corviknight|Corviknight, M|99/100|[from] Flip Turn
|-ability|p2a: Corviknight|Pressure
|
|-heal|p2a: Corviknight|100/100|[from] item: Leftovers
|upkeep
|turn|43
|
|t:|1757905444
|move|p2a: Corviknight|U-turn|p1a: Manaphy
|-damage|p1a: Manaphy|35/100 par
|
|t:|1757905446
|switch|p2a: Alomomola|Alomomola, F|100/100|[from] U-turn
|cant|p1a: Manaphy|par
|
|upkeep
|turn|44
|
|t:|1757905451
|move|p1a: Manaphy|Scald|p2a: Alomomola
|-resisted|p2a: Alomomola
|-damage|p2a: Alomomola|83/100
|move|p2a: Alomomola|Flip Turn|p1a: Manaphy
|-resisted|p1a: Manaphy
|-damage|p1a: Manaphy|28/100 par
|
|t:|1757905453
|switch|p2a: Corviknight|Corviknight, M|100/100|[from] Flip Turn
|-ability|p2a: Corviknight|Pressure
|
|upkeep
|turn|45
|
|t:|1757905457
|move|p2a: Corviknight|U-turn|p1a: Manaphy
|-damage|p1a: Manaphy|16/100 par
|
|t:|1757905459
|switch|p2a: Alomomola|Alomomola, F|100/100|[from] U-turn
|cant|p1a: Manaphy|par
|
|upkeep
|turn|46
|
|t:|1757905464
|move|p1a: Manaphy|Scald|p2a: Alomomola
|-resisted|p2a: Alomomola
|-damage|p2a: Alomomola|82/100
|move|p2a: Alomomola|Flip Turn|p1a: Manaphy
|-resisted|p1a: Manaphy
|-damage|p1a: Manaphy|10/100 par
|
|t:|1757905466
|switch|p2a: Corviknight|Corviknight, M|100/100|[from] Flip Turn
|-ability|p2a: Corviknight|Pressure
|
|upkeep
|turn|47
|
|t:|1757905468
|move|p2a: Corviknight|U-turn|p1a: Manaphy
|-damage|p1a: Manaphy|0 fnt
|faint|p1a: Manaphy
|
|t:|1757905471
|switch|p2a: Darkrai|Darkrai|94/100 brn|[from] U-turn
|
|-heal|p2a: Darkrai|100/100 brn|[from] item: Leftovers
|-damage|p2a: Darkrai|94/100 brn|[from] brn
|upkeep
|
|t:|1757905478
|switch|p1a: Umbreon|Umbreon, F, shiny|100/100
|turn|48
|
|t:|1757905483
|move|p2a: Darkrai|Sludge Bomb|p1a: Umbreon
|-damage|p1a: Umbreon|81/100
|move|p1a: Umbreon|Wish|p1a: Umbreon
|
|-heal|p2a: Darkrai|100/100 brn|[from] item: Leftovers
|-heal|p1a: Umbreon|87/100|[from] item: Leftovers
|-damage|p2a: Darkrai|94/100 brn|[from] brn
|upkeep
|turn|49
|
|t:|1757905488
|switch|p1a: Revavroom|Revavroom, M, shiny|100/100
|-item|p1a: Revavroom|Air Balloon
|move|p2a: Darkrai|Sludge Bomb|p1a: Revavroom
|-immune|p1a: Revavroom
|
|-heal|p2a: Darkrai|100/100 brn|[from] item: Leftovers
|-damage|p2a: Darkrai|94/100 brn|[from] brn
|upkeep
|turn|50
|
|t:|1757905490
|move|p2a: Darkrai|Dark Pulse|p1a: Revavroom
|-damage|p1a: Revavroom|51/100
|-enditem|p1a: Revavroom|Air Balloon
|move|p1a: Revavroom|Shift Gear|p1a: Revavroom
|-boost|p1a: Revavroom|spe|2
|-boost|p1a: Revavroom|atk|1
|
|-heal|p2a: Darkrai|100/100 brn|[from] item: Leftovers
|-damage|p2a: Darkrai|94/100 brn|[from] brn
|upkeep
|turn|51
|
|t:|1757905498
|switch|p1a: Cresselia|Cresselia, F, shiny|100/100
|switch|p2a: Weezing|Weezing-Galar, M|100/100
|-ability|p2a: Weezing|Neutralizing Gas
|
|upkeep
|turn|52
|
|t:|1757905503
|move|p1a: Cresselia|Calm Mind|p1a: Cresselia
|-boost|p1a: Cresselia|spa|1
|-boost|p1a: Cresselia|spd|1
|move|p2a: Weezing|Will-O-Wisp|p1a: Cresselia
|-status|p1a: Cresselia|brn
|
|-damage|p1a: Cresselia|94/100 brn|[from] brn
|upkeep
|turn|53
|
|t:|1757905505
|-end|p2a: Weezing|ability: Neutralizing Gas
|switch|p2a: Gliscor|Gliscor, M|100/100 tox
|move|p1a: Cresselia|Calm Mind|p1a: Cresselia
|-boost|p1a: Cresselia|spa|1
|-boost|p1a: Cresselia|spd|1
|
|-heal|p1a: Cresselia|100/100 brn|[from] item: Leftovers
|-damage|p1a: Cresselia|94/100 brn|[from] brn
|upkeep
|turn|54
|
|t:|1757905508
|move|p2a: Gliscor|Swords Dance|p2a: Gliscor
|-boost|p2a: Gliscor|atk|2
|move|p1a: Cresselia|Calm Mind|p1a: Cresselia
|-boost|p1a: Cresselia|spa|1
|-boost|p1a: Cresselia|spd|1
|
|-heal|p1a: Cresselia|100/100 brn|[from] item: Leftovers
|-damage|p1a: Cresselia|94/100 brn|[from] brn
|upkeep
|turn|55
|
|t:|1757905515
|-terastallize|p2a: Gliscor|Normal
|move|p2a: Gliscor|Facade|p1a: Cresselia
|-damage|p1a: Cresselia|48/100 brn
|move|p1a: Cresselia|Calm Mind|p1a: Cresselia
|-boost|p1a: Cresselia|spa|1
|-boost|p1a: Cresselia|spd|1
|
|-heal|p1a: Cresselia|54/100 brn|[from] item: Leftovers
|-damage|p1a: Cresselia|48/100 brn|[from] brn
|upkeep
|turn|56
|
|t:|1757905520
|move|p2a: Gliscor|Facade|p1a: Cresselia
|-damage|p1a: Cresselia|0 fnt
|faint|p1a: Cresselia
|
|upkeep
|-message|tasty sardine 408 forfeited.
|
|win|L81D
|raw|tasty sardine 408's rating: 1619 &rarr; <strong>1606</strong><br />(-13 for losing)
|raw|L81D's rating: 1755 &rarr; <strong>1768</strong><br />(+13 for winning)
|l|‽tasty sardine 408
|player|p1|
|l|☆L81D
|player|p2|
