|badge|p2|bronze|gen9ou|100-6
|uhtml|medal-msg|<div class="broadcast-blue">Curious what those medals under the avatar are? PS now has Ladder Seasons! For more information, check out the <a href="https://www.smogon.com/forums/threads/3740067/">thread on Smogon.</a></div>
|j|‽DiceyRice
|j|☆Johnny tots
|t:|1757808800
|gametype|singles
|player|p1|DiceyRice|hilda-wonderlauncher|1724
|player|p2|Johnny tots|101|1866
|gen|9
|tier|[Gen 9] OU
|rated|
|rule|HP Percentage Mod: HP is shown in percentages
|rule|Endless Battle Clause: Forcing endless battles is banned
|rule|Species Clause: Limit one of each Pokémon
|rule|OHKO Clause: OHKO moves are banned
|rule|Evasion Items Clause: Evasion items are banned
|rule|Evasion Moves Clause: Evasion moves are banned
|rule|Evasion Abilities Clause: Evasion abilities are banned
|rule|Sleep Moves Clause: Sleep-inducing moves are banned
|clearpoke
|poke|p1|Indeedee, M|
|poke|p1|Hatterene, F|
|poke|p1|Armarouge, F|
|poke|p1|Cinderace, F|
|poke|p1|Ursaluna, M|
|poke|p1|Porygon2|
|poke|p2|Rillaboom, F|
|poke|p2|Klefki, M|
|poke|p2|Manaphy|
|poke|p2|Ogerpon-Wellspring, F|
|poke|p2|Pecharunt|
|poke|p2|Clefable, F|
|teampreview
|
|t:|1757808820
|teamsize|p1|6
|teamsize|p2|6
|start
|switch|p1a: Cinderace|Cinderace, F|100/100
|switch|p2a: Klefki|Klefki, M|100/100
|turn|1
|
|t:|1757808825
|switch|p1a: Ursaluna|Ursaluna, M|100/100
|move|p2a: Klefki|Reflect|p2a: Klefki
|-sidestart|p2: Johnny tots|Reflect
|
|-status|p1a: Ursaluna|brn|[from] item: Flame Orb
|upkeep
|turn|2
|
|t:|1757808829
|switch|p2a: Rillaboom|Rillaboom, F|100/100
|-fieldstart|move: Grassy Terrain|[from] ability: Grassy Surge|[of] p2a: Rillaboom
|move|p1a: Ursaluna|Headlong Rush|p2a: Rillaboom
|-resisted|p2a: Rillaboom
|-damage|p2a: Rillaboom|72/100
|-unboost|p1a: Ursaluna|def|1
|-unboost|p1a: Ursaluna|spd|1
|
|-heal|p2a: Rillaboom|79/100|[from] Grassy Terrain
|-damage|p1a: Ursaluna|94/100 brn|[from] brn
|upkeep
|turn|3
|
|t:|1757808834
|switch|p1a: Hatterene|Hatterene, F|100/100
|move|p2a: Rillaboom|Knock Off|p1a: Hatterene
|-damage|p1a: Hatterene|71/100
|-damage|p2a: Rillaboom|62/100|[from] item: Rocky Helmet|[of] p1a: Hatterene
|-enditem|p1a: Hatterene|Rocky Helmet|[from] move: Knock Off|[of] p2a: Rillaboom
|
|-heal|p2a: Rillaboom|68/100|[from] Grassy Terrain
|-heal|p1a: Hatterene|77/100|[from] Grassy Terrain
|upkeep
|turn|4
|
|t:|1757808838
|switch|p2a: Klefki|Klefki, M|100/100
|move|p1a: Hatterene|Trick Room|p1a: Hatterene
|-fieldstart|move: Trick Room|[of] p1a: Hatterene
|
|-heal|p1a: Hatterene|83/100|[from] Grassy Terrain
|upkeep
|turn|5
|
|t:|1757808843
|switch|p1a: Ursaluna|Ursaluna, M|94/100 brn
|move|p2a: Klefki|Light Screen|p2a: Klefki
|-sidestart|p2: Johnny tots|move: Light Screen
|
|-heal|p1a: Ursaluna|100/100 brn|[from] Grassy Terrain
|-damage|p1a: Ursaluna|94/100 brn|[from] brn
|upkeep
|turn|6
|
|t:|1757808851
|switch|p2a: Ogerpon|Ogerpon-Wellspring, F|100/100
|move|p1a: Ursaluna|Swords Dance|p1a: Ursaluna
|-boost|p1a: Ursaluna|atk|2
|
|-heal|p1a: Ursaluna|100/100 brn|[from] Grassy Terrain
|-damage|p1a: Ursaluna|94/100 brn|[from] brn
|upkeep
|turn|7
|
|t:|1757808860
|switch|p2a: Pecharunt|Pecharunt|100/100
|-terastallize|p1a: Ursaluna|Normal
|move|p1a: Ursaluna|Facade|p2a: Pecharunt
|-immune|p2a: Pecharunt
|
|-heal|p1a: Ursaluna|100/100 brn|[from] Grassy Terrain
|-damage|p1a: Ursaluna|94/100 brn|[from] brn
|upkeep
|turn|8
|
|t:|1757808869
|switch|p2a: Clefable|Clefable, F|100/100
|move|p1a: Ursaluna|Headlong Rush|p2a: Clefable
|-damage|p2a: Clefable|0 fnt
|-unboost|p1a: Ursaluna|def|1
|-unboost|p1a: Ursaluna|spd|1
|faint|p2a: Clefable
|
|-heal|p1a: Ursaluna|100/100 brn|[from] Grassy Terrain
|-damage|p1a: Ursaluna|94/100 brn|[from] brn
|-sideend|p2: Johnny tots|Reflect
|-fieldend|move: Trick Room
|upkeep
|
|t:|1757808872
|switch|p2a: Klefki|Klefki, M|100/100
|turn|9
|
|t:|1757808876
|move|p2a: Klefki|Reflect|p2a: Klefki
|-sidestart|p2: Johnny tots|Reflect
|move|p1a: Ursaluna|Headlong Rush|p2a: Klefki
|-supereffective|p2a: Klefki
|-damage|p2a: Klefki|0 fnt
|-unboost|p1a: Ursaluna|def|1
|-unboost|p1a: Ursaluna|spd|1
|faint|p2a: Klefki
|
|-heal|p1a: Ursaluna|100/100 brn|[from] Grassy Terrain
|-damage|p1a: Ursaluna|94/100 brn|[from] brn
|-fieldend|move: Grassy Terrain
|upkeep
|j| heatraniac
|
|t:|1757808889
|switch|p2a: Ogerpon|Ogerpon-Wellspring, F|100/100
|turn|10
|
|t:|1757808894
|switch|p1a: Cinderace|Cinderace, F|100/100
|move|p2a: Ogerpon|Ivy Cudgel|p1a: Cinderace|[anim] Ivy Cudgel Water
|-supereffective|p1a: Cinderace
|-damage|p1a: Cinderace|0 fnt
|faint|p1a: Cinderace
|
|upkeep
|
|t:|1757808897
|switch|p1a: Indeedee|Indeedee, M|100/100
|-fieldstart|move: Psychic Terrain|[from] ability: Psychic Surge|[of] p1a: Indeedee
|turn|11
|
|t:|1757808901
|move|p2a: Ogerpon|Swords Dance|p2a: Ogerpon
|-boost|p2a: Ogerpon|atk|2
|move|p1a: Indeedee|Trick Room|p1a: Indeedee
|-fieldstart|move: Trick Room|[of] p1a: Indeedee
|
|upkeep
|turn|12
|
|t:|1757808903
|move|p1a: Indeedee|Encore|p2a: Ogerpon
|-start|p2a: Ogerpon|Encore
|move|p2a: Ogerpon|Swords Dance|p2a: Ogerpon
|-boost|p2a: Ogerpon|atk|2
|
|-sideend|p2: Johnny tots|move: Light Screen
|upkeep
|turn|13
|
|t:|1757808908
|switch|p2a: Rillaboom|Rillaboom, F|68/100
|-fieldstart|move: Grassy Terrain|[from] ability: Grassy Surge|[of] p2a: Rillaboom
|move|p1a: Indeedee|Expanding Force|p2a: Rillaboom
|-damage|p2a: Rillaboom|28/100
|
|-heal|p2a: Rillaboom|34/100|[from] Grassy Terrain
|upkeep
|turn|14
|
|t:|1757808914
|switch|p2a: Ogerpon|Ogerpon-Wellspring, F|100/100
|move|p1a: Indeedee|Expanding Force|p2a: Ogerpon
|-damage|p2a: Ogerpon|58/100
|
|-heal|p2a: Ogerpon|64/100|[from] Grassy Terrain
|upkeep
|turn|15
|
|t:|1757808920
|move|p1a: Indeedee|Expanding Force|p2a: Ogerpon
|-damage|p2a: Ogerpon|19/100
|move|p2a: Ogerpon|Swords Dance|p2a: Ogerpon
|-boost|p2a: Ogerpon|atk|2
|
|-heal|p2a: Ogerpon|25/100|[from] Grassy Terrain
|-fieldend|move: Trick Room
|upkeep
|turn|16
|
|t:|1757808926
|switch|p1a: Hatterene|Hatterene, F|83/100
|move|p2a: Ogerpon|Ivy Cudgel|p1a: Hatterene|[anim] Ivy Cudgel Water
|-damage|p1a: Hatterene|0 fnt
|faint|p1a: Hatterene
|
|-heal|p2a: Ogerpon|31/100|[from] Grassy Terrain
|-sideend|p2: Johnny tots|Reflect
|upkeep
|
|t:|1757808928
|switch|p1a: Indeedee|Indeedee, M|100/100
|-fieldstart|move: Psychic Terrain|[from] ability: Psychic Surge|[of] p1a: Indeedee
|turn|17
|
|t:|1757808931
|move|p2a: Ogerpon|Ivy Cudgel|p1a: Indeedee|[anim] Ivy Cudgel Water
|-damage|p1a: Indeedee|0 fnt
|faint|p1a: Indeedee
|
|upkeep
|
|t:|1757808939
|switch|p1a: Armarouge|Armarouge, F|100/100
|turn|18
|
|t:|1757808944
|move|p2a: Ogerpon|Ivy Cudgel|p1a: Armarouge|[anim] Ivy Cudgel Water
|-supereffective|p1a: Armarouge
|-damage|p1a: Armarouge|0 fnt
|faint|p1a: Armarouge
|
|upkeep
|
|t:|1757808946
|switch|p1a: Porygon2|Porygon2|100/100
|-ability|p1a: Porygon2|Download|boost
|-boost|p1a: Porygon2|atk|1
|turn|19
|
|t:|1757808954
|-terastallize|p2a: Ogerpon|Water
|detailschange|p2a: Ogerpon|Ogerpon-Wellspring-Tera, F, tera:Water
|-ability|p2a: Ogerpon|Embody Aspect (Wellspring)|boost
|-boost|p2a: Ogerpon|spd|1
|move|p2a: Ogerpon|Ivy Cudgel|p1a: Porygon2|[anim] Ivy Cudgel Water
|-damage|p1a: Porygon2|0 fnt
|faint|p1a: Porygon2
|
|upkeep
|
|t:|1757808956
|switch|p1a: Ursaluna|Ursaluna, M, tera:Normal|94/100 brn
|turn|20
|
|t:|1757808960
|move|p2a: Ogerpon|Ivy Cudgel|p1a: Ursaluna|[anim] Ivy Cudgel Water
|-damage|p1a: Ursaluna|0 fnt
|faint|p1a: Ursaluna
|
|win|Johnny tots
|raw|DiceyRice's rating: 1724 &rarr; <strong>1712</strong><br />(-12 for losing)
|raw|Johnny tots's rating: 1866 &rarr; <strong>1878</strong><br />(+12 for winning)
|l|‽DiceyRice
|player|p1|
|j| Noobshoe
|l|☆Johnny tots
|player|p2|
|l| noobshoe
|j| Noobsock
|l| Noobsock
|l| heatraniac
