|j|☆mordyn
|j|☆ThatBrownBoy
|t:|1757786282
|gametype|singles
|player|p1|mordyn|lance|1179
|player|p2|ThatBrownBoy|2|1220
|gen|9
|tier|[Gen 9] OU
|rated|
|rule|HP Percentage Mod: HP is shown in percentages
|rule|Endless Battle Clause: Forcing endless battles is banned
|rule|Species Clause: Limit one of each Pokémon
|rule|OHKO Clause: OHKO moves are banned
|rule|Evasion Items Clause: Evasion items are banned
|rule|Evasion Moves Clause: Evasion moves are banned
|rule|Evasion Abilities Clause: Evasion abilities are banned
|rule|Sleep Moves Clause: Sleep-inducing moves are banned
|clearpoke
|poke|p1|Moltres-Galar|
|poke|p1|Azumarill, M|
|poke|p1|Torterra, M|
|poke|p1|Raging Bolt|
|poke|p1|Dragonite, M|
|poke|p1|Kyurem|
|poke|p2|Ambipom, F|
|poke|p2|Grimmsnarl, M|
|poke|p2|Ursaluna, F|
|poke|p2|Dragonite, M|
|poke|p2|Zoroark-Hisui, M|
|poke|p2|Corviknight, M|
|teampreview
|inactive|Battle timer is ON: inactive players will automatically lose when time's up. (requested by ThatBrownBoy)
|
|t:|1757786288
|teamsize|p1|6
|teamsize|p2|6
|start
|switch|p1a: Torterra|Torterra, M|100/100
|switch|p2a: Ursaluna|Ursaluna, F, shiny|100/100
|turn|1
|
|t:|1757786295
|switch|p2a: Corviknight|Corviknight, M|100/100
|-ability|p2a: Corviknight|Pressure
|move|p1a: Torterra|Shell Smash|p1a: Torterra
|-unboost|p1a: Torterra|def|1
|-unboost|p1a: Torterra|spd|1
|-boost|p1a: Torterra|atk|2
|-boost|p1a: Torterra|spa|2
|-boost|p1a: Torterra|spe|2
|
|upkeep
|turn|2
|
|t:|1757786307
|move|p1a: Torterra|Rock Blast|p2a: Corviknight
|-damage|p2a: Corviknight|91/100
|-damage|p2a: Corviknight|82/100
|-crit|p2a: Corviknight
|-damage|p2a: Corviknight|68/100
|-crit|p2a: Corviknight
|-damage|p2a: Corviknight|53/100
|-damage|p2a: Corviknight|44/100
|-hitcount|p2a: Corviknight|5
|move|p2a: Corviknight|U-turn|p1a: Torterra
|-supereffective|p1a: Torterra
|-damage|p1a: Torterra|61/100
|
|t:|1757786324
|switch|p2a: Ambipom|Ambipom, F, shiny|100/100|[from] U-turn
|
|upkeep
|turn|3
|
|t:|1757786330
|move|p2a: Ambipom|Fake Out|p1a: Torterra
|-damage|p1a: Torterra|14/100
|cant|p1a: Torterra|flinch
|
|upkeep
|turn|4
|
|t:|1757786335
|switch|p2a: Corviknight|Corviknight, M|44/100
|-ability|p2a: Corviknight|Pressure
|move|p1a: Torterra|Bullet Seed|p2a: Corviknight
|-resisted|p2a: Corviknight
|-damage|p2a: Corviknight|40/100
|-resisted|p2a: Corviknight
|-damage|p2a: Corviknight|35/100
|-resisted|p2a: Corviknight
|-damage|p2a: Corviknight|30/100
|-resisted|p2a: Corviknight
|-damage|p2a: Corviknight|25/100
|-hitcount|p2a: Corviknight|4
|
|upkeep
|turn|5
|
|t:|1757786348
|move|p1a: Torterra|Rock Blast|p2a: Corviknight
|-damage|p2a: Corviknight|15/100
|-damage|p2a: Corviknight|7/100
|-damage|p2a: Corviknight|0 fnt
|faint|p2a: Corviknight
|-hitcount|p2: Corviknight|3
|
|upkeep
|
|t:|1757786350
|switch|p2a: Grimmsnarl|Grimmsnarl, M, shiny|100/100
|turn|6
|
|t:|1757786357
|move|p2a: Grimmsnarl|Fake Out|p1a: Torterra
|-damage|p1a: Torterra|0 fnt
|faint|p1a: Torterra
|
|upkeep
|
|t:|1757786364
|switch|p1a: Moltres|Moltres-Galar|100/100
|turn|7
|
|t:|1757786387
|switch|p2a: Ursaluna|Ursaluna, F, shiny|100/100
|move|p1a: Moltres|Agility|p1a: Moltres
|-boost|p1a: Moltres|spe|2
|
|-status|p2a: Ursaluna|brn|[from] item: Flame Orb
|upkeep
|turn|8
|
|t:|1757786405
|-terastallize|p1a: Moltres|Ghost
|move|p1a: Moltres|Nasty Plot|p1a: Moltres
|-boost|p1a: Moltres|spa|2
|move|p2a: Ursaluna|Facade|p1a: Moltres
|-immune|p1a: Moltres
|
|-damage|p2a: Ursaluna|94/100 brn|[from] brn
|upkeep
|turn|9
|
|t:|1757786427
|-terastallize|p2a: Ursaluna|Steel
|move|p1a: Moltres|Hurricane|p2a: Ursaluna
|-resisted|p2a: Ursaluna
|-damage|p2a: Ursaluna|45/100 brn
|-start|p2a: Ursaluna|confusion
|-activate|p2a: Ursaluna|confusion
|move|p2a: Ursaluna|Headlong Rush|p1a: Moltres
|-damage|p1a: Moltres|0 fnt
|-unboost|p2a: Ursaluna|def|1
|-unboost|p2a: Ursaluna|spd|1
|faint|p1a: Moltres
|
|-damage|p2a: Ursaluna|39/100 brn|[from] brn
|upkeep
|
|t:|1757786442
|switch|p1a: Raging Bolt|Raging Bolt|100/100
|-enditem|p1a: Raging Bolt|Booster Energy
|-activate|p1a: Raging Bolt|ability: Protosynthesis|[fromitem]
|-start|p1a: Raging Bolt|protosynthesisspa
|turn|10
|
|t:|1757786450
|move|p1a: Raging Bolt|Calm Mind|p1a: Raging Bolt
|-boost|p1a: Raging Bolt|spa|1
|-boost|p1a: Raging Bolt|spd|1
|-activate|p2a: Ursaluna|confusion
|move|p2a: Ursaluna|Facade|p1a: Raging Bolt
|-damage|p1a: Raging Bolt|0 fnt
|faint|p1a: Raging Bolt
|-end|p1a: Raging Bolt|Protosynthesis|[silent]
|
|-damage|p2a: Ursaluna|33/100 brn|[from] brn
|upkeep
|
|t:|1757786462
|switch|p1a: Dragonite|Dragonite, M|100/100
|turn|11
|
|t:|1757786467
|move|p1a: Dragonite|Dragon Dance|p1a: Dragonite
|-boost|p1a: Dragonite|atk|1
|-boost|p1a: Dragonite|spe|1
|-activate|p2a: Ursaluna|confusion
|move|p2a: Ursaluna|Facade|p1a: Dragonite
|-damage|p1a: Dragonite|29/100
|
|-damage|p2a: Ursaluna|27/100 brn|[from] brn
|upkeep
|turn|12
|
|t:|1757786476
|switch|p2a: Dragonite|Dragonite, M, shiny|100/100
|move|p1a: Dragonite|Earthquake|p2a: Dragonite
|-immune|p2a: Dragonite
|
|upkeep
|turn|13
|-message|mordyn forfeited.
|
|win|ThatBrownBoy
|raw|mordyn's rating: 1179 &rarr; <strong>1157</strong><br />(-22 for losing)
|raw|ThatBrownBoy's rating: 1220 &rarr; <strong>1242</strong><br />(+22 for winning)
|l|☆mordyn
|player|p1|
