|j|☆hungrymane
|j|☆Deep Dark Forest
|t:|1757840171
|gametype|singles
|player|p1|hungrymane|101|1680
|player|p2|Deep Dark Forest|#scl1spartans|1690
|gen|9
|tier|[Gen 9] OU
|rated|
|rule|HP Percentage Mod: HP is shown in percentages
|rule|Endless Battle Clause: Forcing endless battles is banned
|rule|Species Clause: Limit one of each Pokémon
|rule|OHKO Clause: OHKO moves are banned
|rule|Evasion Items Clause: Evasion items are banned
|rule|Evasion Moves Clause: Evasion moves are banned
|rule|Evasion Abilities Clause: Evasion abilities are banned
|rule|Sleep Moves Clause: Sleep-inducing moves are banned
|clearpoke
|poke|p1|Mienshao, F|
|poke|p1|Skeledirge, F|
|poke|p1|Gliscor, M|
|poke|p1|Alomomola, F|
|poke|p1|Garganacl, M|
|poke|p1|Hydrapple, F|
|poke|p2|Lokix, M|
|poke|p2|Zamazenta-*|
|poke|p2|Ting-Lu|
|poke|p2|Latios, M|
|poke|p2|Skarmory, M|
|poke|p2|Slowking-Galar, M|
|teampreview
|
|t:|1757840182
|teamsize|p1|6
|teamsize|p2|6
|start
|switch|p1a: Garganacl|Garganacl, M|100/100
|switch|p2a: Skarmory|Skarmory, M|100/100
|turn|1
|
|t:|1757840188
|-terastallize|p1a: Garganacl|Water
|move|p2a: Skarmory|Spikes|p1a: Garganacl
|-sidestart|p1: hungrymane|Spikes
|move|p1a: Garganacl|Curse|p1a: Garganacl
|-unboost|p1a: Garganacl|spe|1
|-boost|p1a: Garganacl|atk|1
|-boost|p1a: Garganacl|def|1
|
|upkeep
|turn|2
|
|t:|1757840201
|switch|p2a: Slowking|Slowking-Galar, M|100/100
|move|p1a: Garganacl|Curse|p1a: Garganacl
|-unboost|p1a: Garganacl|spe|1
|-boost|p1a: Garganacl|atk|1
|-boost|p1a: Garganacl|def|1
|
|upkeep
|turn|3
|
|t:|1757840211
|-prepare|p2a: Slowking|Chilly Reception|[premajor]
|move|p2a: Slowking|Chilly Reception|p2a: Slowking
|-weather|Snowscape
|
|t:|1757840214
|switch|p2a: Ting-Lu|Ting-Lu|100/100|[from] Chilly Reception
|-ability|p2a: Ting-Lu|Vessel of Ruin
|move|p1a: Garganacl|Curse|p1a: Garganacl
|-unboost|p1a: Garganacl|spe|1
|-boost|p1a: Garganacl|atk|1
|-boost|p1a: Garganacl|def|1
|
|-weather|Snowscape|[upkeep]
|upkeep
|turn|4
|
|t:|1757840219
|move|p1a: Garganacl|Stealth Rock|p2a: Ting-Lu
|-sidestart|p2: Deep Dark Forest|move: Stealth Rock
|move|p2a: Ting-Lu|Whirlwind|p1a: Garganacl
|drag|p1a: Alomomola|Alomomola, F|100/100
|
|-weather|Snowscape|[upkeep]
|upkeep
|turn|5
|
|t:|1757840224
|move|p1a: Alomomola|Flip Turn|p2a: Ting-Lu
|-supereffective|p2a: Ting-Lu
|-damage|p2a: Ting-Lu|84/100
|
|t:|1757840226
|switch|p1a: Gliscor|Gliscor, M|100/100|[from] Flip Turn
|move|p2a: Ting-Lu|Stealth Rock|p1a: Gliscor
|-sidestart|p1: hungrymane|move: Stealth Rock
|
|-weather|Snowscape|[upkeep]
|-heal|p2a: Ting-Lu|90/100|[from] item: Leftovers
|-status|p1a: Gliscor|tox|[from] item: Toxic Orb
|upkeep
|turn|6
|
|t:|1757840232
|switch|p2a: Skarmory|Skarmory, M|100/100
|-damage|p2a: Skarmory|88/100|[from] Stealth Rock
|move|p1a: Gliscor|Knock Off|p2a: Skarmory
|-damage|p2a: Skarmory|76/100
|-damage|p1a: Gliscor|84/100 tox|[from] item: Rocky Helmet|[of] p2a: Skarmory
|-enditem|p2a: Skarmory|Rocky Helmet|[from] move: Knock Off|[of] p1a: Gliscor
|
|-weather|Snowscape|[upkeep]
|-heal|p1a: Gliscor|96/100 tox|[from] ability: Poison Heal
|upkeep
|turn|7
|
|t:|1757840237
|switch|p1a: Garganacl|Garganacl, M, tera:Water|100/100
|move|p2a: Skarmory|Spikes|p1a: Garganacl
|-sidestart|p1: hungrymane|Spikes
|
|-weather|none
|upkeep
|turn|8
|
|t:|1757840242
|move|p2a: Skarmory|Spikes|p1a: Garganacl
|-sidestart|p1: hungrymane|Spikes
|move|p1a: Garganacl|Salt Cure|p2a: Skarmory
|-damage|p2a: Skarmory|68/100
|-start|p2a: Skarmory|Salt Cure
|
|-damage|p2a: Skarmory|43/100|[from] Salt Cure
|upkeep
|turn|9
|
|t:|1757840245
|move|p2a: Skarmory|Roost|p2a: Skarmory
|-heal|p2a: Skarmory|93/100
|-singleturn|p2a: Skarmory|move: Roost
|move|p1a: Garganacl|Curse|p1a: Garganacl
|-unboost|p1a: Garganacl|spe|1
|-boost|p1a: Garganacl|atk|1
|-boost|p1a: Garganacl|def|1
|
|-damage|p2a: Skarmory|68/100|[from] Salt Cure
|upkeep
|turn|10
|
|t:|1757840251
|switch|p2a: Ting-Lu|Ting-Lu|90/100
|-damage|p2a: Ting-Lu|84/100|[from] Stealth Rock
|-ability|p2a: Ting-Lu|Vessel of Ruin
|move|p1a: Garganacl|Curse|p1a: Garganacl
|-unboost|p1a: Garganacl|spe|1
|-boost|p1a: Garganacl|atk|1
|-boost|p1a: Garganacl|def|1
|
|-heal|p2a: Ting-Lu|90/100|[from] item: Leftovers
|upkeep
|turn|11
|
|t:|1757840257
|move|p1a: Garganacl|Salt Cure|p2a: Ting-Lu
|-resisted|p2a: Ting-Lu
|-damage|p2a: Ting-Lu|83/100
|-start|p2a: Ting-Lu|Salt Cure
|move|p2a: Ting-Lu|Whirlwind|p1a: Garganacl
|drag|p1a: Mienshao|Mienshao, F|100/100
|
|-heal|p2a: Ting-Lu|90/100|[from] item: Leftovers
|-damage|p2a: Ting-Lu|77/100|[from] Salt Cure
|upkeep
|turn|12
|
|t:|1757840268
|switch|p2a: Slowking|Slowking-Galar, M|100/100
|move|p1a: Mienshao|Knock Off|p2a: Slowking
|-supereffective|p2a: Slowking
|-damage|p2a: Slowking|54/100
|-enditem|p2a: Slowking|Heavy-Duty Boots|[from] move: Knock Off|[of] p1a: Mienshao
|
|upkeep
|turn|13
|
|t:|1757840274
|move|p1a: Mienshao|U-turn|p2a: Slowking
|-damage|p2a: Slowking|37/100
|
|t:|1757840279
|switch|p1a: Garganacl|Garganacl, M, tera:Water|100/100|[from] U-turn
|-prepare|p2a: Slowking|Chilly Reception|[premajor]
|move|p2a: Slowking|Chilly Reception|p2a: Slowking
|-weather|Snowscape
|
|t:|1757840281
|switch|p2a: Lokix|Lokix, M|100/100|[from] Chilly Reception
|
|-weather|Snowscape|[upkeep]
|upkeep
|turn|14
|
|t:|1757840287
|switch|p1a: Gliscor|Gliscor, M|96/100 tox
|-damage|p1a: Gliscor|84/100 tox|[from] Stealth Rock
|move|p2a: Lokix|Knock Off|p1a: Gliscor
|-damage|p1a: Gliscor|55/100 tox
|-enditem|p1a: Gliscor|Toxic Orb|[from] move: Knock Off|[of] p2a: Lokix
|
|-weather|Snowscape|[upkeep]
|-heal|p1a: Gliscor|67/100 tox|[from] ability: Poison Heal
|upkeep
|turn|15
|
|t:|1757840293
|move|p2a: Lokix|U-turn|p1a: Gliscor
|-resisted|p1a: Gliscor
|-damage|p1a: Gliscor|46/100 tox
|
|t:|1757840303
|switch|p2a: Skarmory|Skarmory, M|68/100|[from] U-turn
|-damage|p2a: Skarmory|56/100|[from] Stealth Rock
|move|p1a: Gliscor|U-turn|p2a: Skarmory
|-resisted|p2a: Skarmory
|-crit|p2a: Skarmory
|-damage|p2a: Skarmory|53/100
|
|t:|1757840306
|switch|p1a: Skeledirge|Skeledirge, F|100/100|[from] U-turn
|
|-weather|Snowscape|[upkeep]
|upkeep
|turn|16
|
|t:|1757840310
|switch|p2a: Ting-Lu|Ting-Lu|77/100
|-damage|p2a: Ting-Lu|71/100|[from] Stealth Rock
|-ability|p2a: Ting-Lu|Vessel of Ruin
|move|p1a: Skeledirge|Torch Song|p2a: Ting-Lu
|-crit|p2a: Ting-Lu
|-damage|p2a: Ting-Lu|51/100
|-boost|p1a: Skeledirge|spa|1
|
|-weather|Snowscape|[upkeep]
|-heal|p2a: Ting-Lu|58/100|[from] item: Leftovers
|upkeep
|turn|17
|
|t:|1757840315
|move|p1a: Skeledirge|Will-O-Wisp|p2a: Ting-Lu|[miss]
|-miss|p1a: Skeledirge|p2a: Ting-Lu
|move|p2a: Ting-Lu|Ruination|p1a: Skeledirge
|-damage|p1a: Skeledirge|50/100
|
|-weather|none
|-heal|p2a: Ting-Lu|64/100|[from] item: Leftovers
|upkeep
|turn|18
|
|t:|1757840320
|move|p1a: Skeledirge|Will-O-Wisp|p2a: Ting-Lu|[miss]
|-miss|p1a: Skeledirge|p2a: Ting-Lu
|move|p2a: Ting-Lu|Earthquake|p1a: Skeledirge
|-supereffective|p1a: Skeledirge
|-damage|p1a: Skeledirge|0 fnt
|faint|p1a: Skeledirge
|
|-heal|p2a: Ting-Lu|70/100|[from] item: Leftovers
|upkeep
|
|t:|1757840327
|switch|p1a: Garganacl|Garganacl, M, tera:Water|100/100
|turn|19
|
|t:|1757840331
|move|p1a: Garganacl|Curse|p1a: Garganacl
|-unboost|p1a: Garganacl|spe|1
|-boost|p1a: Garganacl|atk|1
|-boost|p1a: Garganacl|def|1
|move|p2a: Ting-Lu|Whirlwind|p1a: Garganacl
|drag|p1a: Hydrapple|Hydrapple, F|100/100
|
|-heal|p2a: Ting-Lu|76/100|[from] item: Leftovers
|upkeep
|turn|20
|
|t:|1757840337
|switch|p2a: Slowking|Slowking-Galar, M|70/100
|-damage|p2a: Slowking|58/100|[from] Stealth Rock
|move|p1a: Hydrapple|Nasty Plot|p1a: Hydrapple
|-boost|p1a: Hydrapple|spa|2
|
|upkeep
|turn|21
|
|t:|1757840341
|move|p1a: Hydrapple|Dragon Breath|p2a: Slowking
|-damage|p2a: Slowking|30/100
|move|p2a: Slowking|Sludge Bomb|p1a: Hydrapple
|-supereffective|p1a: Hydrapple
|-damage|p1a: Hydrapple|38/100
|
|upkeep
|turn|22
|
|t:|1757840350
|move|p1a: Hydrapple|Dragon Breath|p2a: Slowking
|-damage|p2a: Slowking|0 fnt
|faint|p2a: Slowking
|
|upkeep
|
|t:|1757840355
|switch|p2a: Latios|Latios, M|100/100
|-damage|p2a: Latios|88/100|[from] Stealth Rock
|turn|23
|
|t:|1757840362
|-terastallize|p2a: Latios|Steel
|move|p2a: Latios|Calm Mind|p2a: Latios
|-boost|p2a: Latios|spa|1
|-boost|p2a: Latios|spd|1
|move|p1a: Hydrapple|Dragon Breath|p2a: Latios
|-resisted|p2a: Latios
|-damage|p2a: Latios|71/100
|
|upkeep
|turn|24
|
|t:|1757840366
|move|p2a: Latios|Luster Purge|p1a: Hydrapple
|-damage|p1a: Hydrapple|0 fnt
|faint|p1a: Hydrapple
|
|upkeep
|
|t:|1757840368
|switch|p1a: Garganacl|Garganacl, M, tera:Water|100/100
|turn|25
|
|t:|1757840372
|move|p2a: Latios|Luster Purge|p1a: Garganacl
|-damage|p1a: Garganacl|19/100
|move|p1a: Garganacl|Salt Cure|p2a: Latios
|-resisted|p2a: Latios
|-damage|p2a: Latios|61/100
|-start|p2a: Latios|Salt Cure
|
|-damage|p2a: Latios|36/100|[from] Salt Cure
|upkeep
|turn|26
|
|t:|1757840376
|switch|p1a: Alomomola|Alomomola, F|100/100
|move|p2a: Latios|Luster Purge|p1a: Alomomola
|-damage|p1a: Alomomola|31/100
|
|-damage|p2a: Latios|11/100|[from] Salt Cure
|upkeep
|turn|27
|
|t:|1757840382
|switch|p1a: Mienshao|Mienshao, F|100/100
|move|p2a: Latios|Recover|p2a: Latios
|-heal|p2a: Latios|61/100
|
|-damage|p2a: Latios|36/100|[from] Salt Cure
|upkeep
|turn|28
|
|t:|1757840389
|switch|p2a: Skarmory|Skarmory, M|53/100
|-damage|p2a: Skarmory|40/100|[from] Stealth Rock
|move|p1a: Mienshao|Fake Out|p2a: Skarmory
|-resisted|p2a: Skarmory
|-damage|p2a: Skarmory|37/100
|
|upkeep
|turn|29
|
|t:|1757840397
|move|p1a: Mienshao|U-turn|p2a: Skarmory
|-resisted|p2a: Skarmory
|-damage|p2a: Skarmory|34/100
|
|t:|1757840398
|switch|p1a: Gliscor|Gliscor, M|46/100 tox|[from] U-turn
|-damage|p1a: Gliscor|34/100 tox|[from] Stealth Rock
|move|p2a: Skarmory|Roost|p2a: Skarmory
|-heal|p2a: Skarmory|84/100
|-singleturn|p2a: Skarmory|move: Roost
|
|-heal|p1a: Gliscor|46/100 tox|[from] ability: Poison Heal
|upkeep
|turn|30
|
|t:|1757840402
|switch|p2a: Latios|Latios, M, tera:Steel|36/100
|-damage|p2a: Latios|30/100|[from] Stealth Rock
|move|p1a: Gliscor|U-turn|p2a: Latios
|-resisted|p2a: Latios
|-damage|p2a: Latios|19/100
|
|t:|1757840411
|switch|p1a: Mienshao|Mienshao, F|100/100|[from] U-turn
|
|upkeep
|turn|31
|
|t:|1757840416
|switch|p2a: Zamazenta|Zamazenta|100/100
|-ability|p2a: Zamazenta|Dauntless Shield|boost
|-boost|p2a: Zamazenta|def|1
|move|p1a: Mienshao|Fake Out|p2a: Zamazenta
|-damage|p2a: Zamazenta|94/100
|
|upkeep
|turn|32
|
|t:|1757840421
|move|p2a: Zamazenta|Close Combat|p1a: Mienshao
|-damage|p1a: Mienshao|38/100
|-unboost|p2a: Zamazenta|def|1
|-unboost|p2a: Zamazenta|spd|1
|move|p1a: Mienshao|U-turn|p2a: Zamazenta
|-resisted|p2a: Zamazenta
|-damage|p2a: Zamazenta|84/100
|
|t:|1757840427
|switch|p1a: Alomomola|Alomomola, F|65/100|[from] U-turn
|
|upkeep
|turn|33
|
|t:|1757840438
|switch|p2a: Lokix|Lokix, M|100/100
|move|p1a: Alomomola|Wish|p1a: Alomomola
|
|upkeep
|turn|34
|
|t:|1757840443
|switch|p1a: Gliscor|Gliscor, M|46/100 tox
|-damage|p1a: Gliscor|34/100 tox|[from] Stealth Rock
|move|p2a: Lokix|Knock Off|p1a: Gliscor
|-damage|p1a: Gliscor|12/100 tox
|
|-heal|p1a: Gliscor|88/100 tox|[from] move: Wish|[wisher] Alomomola
|-heal|p1a: Gliscor|99/100 tox|[from] ability: Poison Heal
|upkeep
|turn|35
|
|t:|1757840453
|move|p2a: Lokix|U-turn|p1a: Gliscor
|-resisted|p1a: Gliscor
|-damage|p1a: Gliscor|80/100 tox
|
|t:|1757840456
|switch|p2a: Skarmory|Skarmory, M|84/100|[from] U-turn
|-damage|p2a: Skarmory|72/100|[from] Stealth Rock
|move|p1a: Gliscor|U-turn|p2a: Skarmory
|-resisted|p2a: Skarmory
|-damage|p2a: Skarmory|70/100
|
|t:|1757840459
|switch|p1a: Alomomola|Alomomola, F|98/100|[from] U-turn
|
|upkeep
|turn|36
|
|t:|1757840464
|switch|p2a: Lokix|Lokix, M|100/100
|move|p1a: Alomomola|Wish|p1a: Alomomola
|
|upkeep
|turn|37
|
|t:|1757840472
|switch|p1a: Gliscor|Gliscor, M|80/100 tox
|-damage|p1a: Gliscor|67/100 tox|[from] Stealth Rock
|move|p2a: Lokix|Knock Off|p1a: Gliscor
|-damage|p1a: Gliscor|45/100 tox
|
|-heal|p1a: Gliscor|100/100 tox|[from] move: Wish|[wisher] Alomomola
|upkeep
|turn|38
|
|t:|1757840475
|move|p2a: Lokix|U-turn|p1a: Gliscor
|-resisted|p1a: Gliscor
|-crit|p1a: Gliscor
|-damage|p1a: Gliscor|66/100 tox
|
|t:|1757840478
|switch|p2a: Skarmory|Skarmory, M|70/100|[from] U-turn
|-damage|p2a: Skarmory|57/100|[from] Stealth Rock
|move|p1a: Gliscor|U-turn|p2a: Skarmory
|-resisted|p2a: Skarmory
|-damage|p2a: Skarmory|55/100
|
|t:|1757840480
|switch|p1a: Alomomola|Alomomola, F|100/100|[from] U-turn
|
|upkeep
|turn|39
|
|t:|1757840490
|move|p2a: Skarmory|Roost|p2a: Skarmory
|-heal|p2a: Skarmory|100/100
|-singleturn|p2a: Skarmory|move: Roost
|move|p1a: Alomomola|Wish|p1a: Alomomola
|
|upkeep
|turn|40
|
|t:|1757840499
|switch|p2a: Lokix|Lokix, M|100/100
|move|p1a: Alomomola|Flip Turn|p2a: Lokix
|-damage|p2a: Lokix|74/100
|
|t:|1757840503
|switch|p1a: Garganacl|Garganacl, M, tera:Water|19/100|[from] Flip Turn
|
|-heal|p1a: Garganacl|85/100|[from] move: Wish|[wisher] Alomomola
|upkeep
|turn|41
|
|t:|1757840513
|switch|p1a: Gliscor|Gliscor, M|66/100 tox
|-damage|p1a: Gliscor|54/100 tox|[from] Stealth Rock
|move|p2a: Lokix|Knock Off|p1a: Gliscor
|-damage|p1a: Gliscor|32/100 tox
|
|-heal|p1a: Gliscor|45/100 tox|[from] ability: Poison Heal
|upkeep
|turn|42
|
|t:|1757840520
|move|p2a: Lokix|U-turn|p1a: Gliscor
|-resisted|p1a: Gliscor
|-damage|p1a: Gliscor|25/100 tox
|
|t:|1757840525
|switch|p2a: Zamazenta|Zamazenta|84/100|[from] U-turn
|move|p1a: Gliscor|Knock Off|p2a: Zamazenta
|-resisted|p2a: Zamazenta
|-damage|p2a: Zamazenta|74/100
|-enditem|p2a: Zamazenta|Heavy-Duty Boots|[from] move: Knock Off|[of] p1a: Gliscor
|
|-heal|p1a: Gliscor|37/100 tox|[from] ability: Poison Heal
|upkeep
|turn|43
|
|t:|1757840533
|move|p2a: Zamazenta|Stone Edge|p1a: Gliscor
|-damage|p1a: Gliscor|14/100 tox
|move|p1a: Gliscor|Knock Off|p2a: Zamazenta
|-resisted|p2a: Zamazenta
|-damage|p2a: Zamazenta|68/100
|
|-heal|p1a: Gliscor|26/100 tox|[from] ability: Poison Heal
|upkeep
|turn|44
|
|t:|1757840541
|move|p2a: Zamazenta|Heavy Slam|p1a: Gliscor
|-damage|p1a: Gliscor|6/100 tox
|move|p1a: Gliscor|Knock Off|p2a: Zamazenta
|-resisted|p2a: Zamazenta
|-damage|p2a: Zamazenta|61/100
|
|-heal|p1a: Gliscor|19/100 tox|[from] ability: Poison Heal
|upkeep
|turn|45
|
|t:|1757840544
|move|p1a: Gliscor|Protect|p1a: Gliscor
|-singleturn|p1a: Gliscor|Protect
|move|p2a: Zamazenta|Heavy Slam|p1a: Gliscor
|-activate|p1a: Gliscor|move: Protect
|
|-heal|p1a: Gliscor|31/100 tox|[from] ability: Poison Heal
|upkeep
|turn|46
|
|t:|1757840548
|move|p2a: Zamazenta|Heavy Slam|p1a: Gliscor
|-damage|p1a: Gliscor|9/100 tox
|move|p1a: Gliscor|Toxic|p2a: Zamazenta
|-status|p2a: Zamazenta|tox
|
|-damage|p2a: Zamazenta|55/100 tox|[from] psn
|-heal|p1a: Gliscor|21/100 tox|[from] ability: Poison Heal
|upkeep
|turn|47
|
|t:|1757840563
|switch|p1a: Alomomola|Alomomola, F|100/100
|move|p2a: Zamazenta|Heavy Slam|p1a: Alomomola
|-resisted|p1a: Alomomola
|-damage|p1a: Alomomola|86/100
|
|-damage|p2a: Zamazenta|43/100 tox|[from] psn
|upkeep
|turn|48
|
|t:|1757840568
|move|p2a: Zamazenta|Close Combat|p1a: Alomomola
|-damage|p1a: Alomomola|39/100
|-unboost|p2a: Zamazenta|def|1
|-unboost|p2a: Zamazenta|spd|1
|move|p1a: Alomomola|Wish|p1a: Alomomola
|
|-damage|p2a: Zamazenta|24/100 tox|[from] psn
|upkeep
|turn|49
|
|t:|1757840577
|switch|p1a: Mienshao|Mienshao, F|71/100
|move|p2a: Zamazenta|Close Combat|p1a: Mienshao
|-damage|p1a: Mienshao|13/100
|-unboost|p2a: Zamazenta|def|1
|-unboost|p2a: Zamazenta|spd|1
|
|-heal|p1a: Mienshao|93/100|[from] move: Wish|[wisher] Alomomola
|-damage|p2a: Zamazenta|0 fnt|[from] psn
|faint|p2a: Zamazenta
|upkeep
|
|t:|1757840582
|switch|p2a: Skarmory|Skarmory, M|100/100
|-damage|p2a: Skarmory|88/100|[from] Stealth Rock
|turn|50
|
|t:|1757840586
|move|p1a: Mienshao|U-turn|p2a: Skarmory
|-resisted|p2a: Skarmory
|-damage|p2a: Skarmory|86/100
|
|t:|1757840588
|switch|p1a: Garganacl|Garganacl, M, tera:Water|85/100|[from] U-turn
|move|p2a: Skarmory|Body Press|p1a: Garganacl
|-damage|p1a: Garganacl|68/100
|
|upkeep
|turn|51
|
|t:|1757840593
|switch|p2a: Ting-Lu|Ting-Lu|76/100
|-damage|p2a: Ting-Lu|70/100|[from] Stealth Rock
|-ability|p2a: Ting-Lu|Vessel of Ruin
|move|p1a: Garganacl|Salt Cure|p2a: Ting-Lu
|-resisted|p2a: Ting-Lu
|-damage|p2a: Ting-Lu|67/100
|-start|p2a: Ting-Lu|Salt Cure
|
|-heal|p2a: Ting-Lu|73/100|[from] item: Leftovers
|-damage|p2a: Ting-Lu|60/100|[from] Salt Cure
|upkeep
|turn|52
|
|t:|1757840599
|switch|p1a: Alomomola|Alomomola, F|72/100
|move|p2a: Ting-Lu|Whirlwind|p1a: Alomomola
|drag|p1a: Mienshao|Mienshao, F|100/100
|
|-heal|p2a: Ting-Lu|67/100|[from] item: Leftovers
|-damage|p2a: Ting-Lu|54/100|[from] Salt Cure
|upkeep
|turn|53
|
|t:|1757840603
|switch|p2a: Skarmory|Skarmory, M|86/100
|-damage|p2a: Skarmory|73/100|[from] Stealth Rock
|move|p1a: Mienshao|U-turn|p2a: Skarmory
|-resisted|p2a: Skarmory
|-damage|p2a: Skarmory|71/100
|
|t:|1757840606
|switch|p1a: Alomomola|Alomomola, F|100/100|[from] U-turn
|
|upkeep
|turn|54
|
|t:|1757840610
|switch|p2a: Lokix|Lokix, M|74/100
|move|p1a: Alomomola|Wish|p1a: Alomomola
|
|upkeep
|turn|55
|
|t:|1757840619
|switch|p1a: Mienshao|Mienshao, F|100/100
|move|p2a: Lokix|Knock Off|p1a: Mienshao
|-resisted|p1a: Mienshao
|-damage|p1a: Mienshao|57/100
|-enditem|p1a: Mienshao|Heavy-Duty Boots|[from] move: Knock Off|[of] p2a: Lokix
|
|-heal|p1a: Mienshao|100/100|[from] move: Wish|[wisher] Alomomola
|upkeep
|turn|56
|
|t:|1757840624
|switch|p2a: Skarmory|Skarmory, M|71/100
|-damage|p2a: Skarmory|58/100|[from] Stealth Rock
|move|p1a: Mienshao|U-turn|p2a: Skarmory
|-resisted|p2a: Skarmory
|-damage|p2a: Skarmory|55/100
|
|t:|1757840626
|switch|p1a: Alomomola|Alomomola, F|100/100|[from] U-turn
|
|upkeep
|turn|57
|
|t:|1757840629
|switch|p2a: Lokix|Lokix, M|74/100
|move|p1a: Alomomola|Wish|p1a: Alomomola
|
|upkeep
|turn|58
|
|t:|1757840635
|switch|p1a: Mienshao|Mienshao, F|100/100
|-damage|p1a: Mienshao|76/100|[from] Spikes
|-damage|p1a: Mienshao|70/100|[from] Stealth Rock
|move|p2a: Lokix|U-turn|p1a: Mienshao
|-resisted|p1a: Mienshao
|-damage|p1a: Mienshao|32/100
|
|t:|1757840641
|switch|p2a: Skarmory|Skarmory, M|55/100|[from] U-turn
|-damage|p2a: Skarmory|43/100|[from] Stealth Rock
|
|-heal|p1a: Mienshao|100/100|[from] move: Wish|[wisher] Alomomola
|upkeep
|turn|59
|
|t:|1757840645
|move|p1a: Mienshao|Fake Out|p2a: Skarmory
|-resisted|p2a: Skarmory
|-damage|p2a: Skarmory|40/100
|cant|p2a: Skarmory|flinch
|
|upkeep
|turn|60
|
|t:|1757840656
|move|p1a: Mienshao|U-turn|p2a: Skarmory
|-resisted|p2a: Skarmory
|-damage|p2a: Skarmory|37/100
|
|t:|1757840657
|switch|p1a: Alomomola|Alomomola, F|100/100|[from] U-turn
|move|p2a: Skarmory|Roost|p2a: Skarmory
|-heal|p2a: Skarmory|87/100
|-singleturn|p2a: Skarmory|move: Roost
|
|upkeep
|turn|61
|
|t:|1757840663
|switch|p2a: Lokix|Lokix, M|74/100
|move|p1a: Alomomola|Flip Turn|p2a: Lokix
|-damage|p2a: Lokix|51/100
|
|t:|1757840665
|switch|p1a: Mienshao|Mienshao, F|100/100|[from] Flip Turn
|-damage|p1a: Mienshao|76/100|[from] Spikes
|-damage|p1a: Mienshao|70/100|[from] Stealth Rock
|
|upkeep
|turn|62
|
|t:|1757840669
|switch|p2a: Skarmory|Skarmory, M|87/100
|-damage|p2a: Skarmory|75/100|[from] Stealth Rock
|move|p1a: Mienshao|Fake Out|p2a: Skarmory
|-resisted|p2a: Skarmory
|-damage|p2a: Skarmory|72/100
|
|upkeep
|turn|63
|
|t:|1757840679
|move|p1a: Mienshao|U-turn|p2a: Skarmory
|-resisted|p2a: Skarmory
|-damage|p2a: Skarmory|69/100
|
|t:|1757840681
|switch|p1a: Alomomola|Alomomola, F|100/100|[from] U-turn
|move|p2a: Skarmory|Iron Defense|p2a: Skarmory
|-boost|p2a: Skarmory|def|2
|
|upkeep
|turn|64
|
|t:|1757840687
|move|p2a: Skarmory|Iron Defense|p2a: Skarmory
|-boost|p2a: Skarmory|def|2
|move|p1a: Alomomola|Wish|p1a: Alomomola
|
|upkeep
|turn|65
|
|t:|1757840690
|move|p2a: Skarmory|Body Press|p1a: Alomomola
|-damage|p1a: Alomomola|29/100
|move|p1a: Alomomola|Flip Turn|p2a: Skarmory
|-damage|p2a: Skarmory|66/100
|
|t:|1757840692
|switch|p1a: Garganacl|Garganacl, M, tera:Water|68/100|[from] Flip Turn
|
|-heal|p1a: Garganacl|100/100|[from] move: Wish|[wisher] Alomomola
|upkeep
|turn|66
|
|t:|1757840696
|move|p2a: Skarmory|Body Press|p1a: Garganacl
|-crit|p1a: Garganacl
|-damage|p1a: Garganacl|20/100
|move|p1a: Garganacl|Curse|p1a: Garganacl
|-unboost|p1a: Garganacl|spe|1
|-boost|p1a: Garganacl|atk|1
|-boost|p1a: Garganacl|def|1
|
|upkeep
|turn|67
|
|t:|1757840699
|move|p2a: Skarmory|Body Press|p1a: Garganacl
|-damage|p1a: Garganacl|0 fnt
|faint|p1a: Garganacl
|
|upkeep
|-message|hungrymane forfeited.
|
|win|Deep Dark Forest
|raw|hungrymane's rating: 1680 &rarr; <strong>1661</strong><br />(-19 for losing)
|raw|Deep Dark Forest's rating: 1690 &rarr; <strong>1709</strong><br />(+19 for winning)
|l|☆hungrymane
|player|p1|
|l|☆Deep Dark Forest
|player|p2|
