|j|☆slimypits
|j|☆UnexpectdSets
|t:|1757813874
|gametype|singles
|player|p1|slimypits|medium|1381
|player|p2|UnexpectdSets|102|1341
|gen|9
|tier|[Gen 9] OU
|rated|
|rule|HP Percentage Mod: HP is shown in percentages
|rule|Endless Battle Clause: Forcing endless battles is banned
|rule|Species Clause: Limit one of each Pokémon
|rule|OHKO Clause: OHKO moves are banned
|rule|Evasion Items Clause: Evasion items are banned
|rule|Evasion Moves Clause: Evasion moves are banned
|rule|Evasion Abilities Clause: Evasion abilities are banned
|rule|Sleep Moves Clause: Sleep-inducing moves are banned
|clearpoke
|poke|p1|Torkoal, F|
|poke|p1|Cinderace, M|
|poke|p1|Great Tusk|
|poke|p1|Mandibuzz, F|
|poke|p1|Walking Wake|
|poke|p1|Hatterene, F|
|poke|p2|Fezandipiti, M|
|poke|p2|Lokix, M|
|poke|p2|Tsareena, F|
|poke|p2|Scizor, M|
|poke|p2|Flamigo, M|
|poke|p2|Skeledirge, F|
|teampreview
|inactive|Battle timer is ON: inactive players will automatically lose when time's up. (requested by UnexpectdSets)
|inactive|slimypits also wants the timer to be on.
|
|t:|1757813892
|teamsize|p1|6
|teamsize|p2|6
|start
|switch|p1a: Torkoal|Torkoal, F|100/100
|switch|p2a: Skeledirge|Skeledirge, F|100/100
|-weather|SunnyDay|[from] ability: Drought|[of] p1a: Torkoal
|turn|1
|
|t:|1757813898
|move|p2a: Skeledirge|Torch Song|p1a: Torkoal
|-resisted|p1a: Torkoal
|-damage|p1a: Torkoal|62/100
|-boost|p2a: Skeledirge|spa|1
|move|p1a: Torkoal|Stealth Rock|p2a: Skeledirge
|-sidestart|p2: UnexpectdSets|move: Stealth Rock
|
|-weather|SunnyDay|[upkeep]
|upkeep
|turn|2
|
|t:|1757813909
|switch|p1a: Walking Wake|Walking Wake|100/100
|-activate|p1a: Walking Wake|ability: Protosynthesis
|-start|p1a: Walking Wake|protosynthesisspe
|move|p2a: Skeledirge|Earth Power|p1a: Walking Wake
|-damage|p1a: Walking Wake|53/100
|-unboost|p1a: Walking Wake|spd|1
|
|-weather|SunnyDay|[upkeep]
|upkeep
|turn|3
|
|t:|1757813920
|-end|p1a: Walking Wake|Protosynthesis|[silent]
|switch|p1a: Mandibuzz|Mandibuzz, F|100/100
|switch|p2a: Fezandipiti|Fezandipiti, M|100/100
|-damage|p2a: Fezandipiti|88/100|[from] Stealth Rock
|-item|p2a: Fezandipiti|Air Balloon
|
|-weather|SunnyDay|[upkeep]
|upkeep
|turn|4
|
|t:|1757813928
|move|p2a: Fezandipiti|Beat Up|p1a: Mandibuzz
|-resisted|p1a: Mandibuzz
|-crit|p1a: Mandibuzz
|-damage|p1a: Mandibuzz|99/100
|-resisted|p1a: Mandibuzz
|-damage|p1a: Mandibuzz|99/100
|-status|p1a: Mandibuzz|tox|[from] ability: Toxic Chain|[of] p2a: Fezandipiti
|-resisted|p1a: Mandibuzz
|-damage|p1a: Mandibuzz|98/100 tox
|-resisted|p1a: Mandibuzz
|-damage|p1a: Mandibuzz|97/100 tox
|-resisted|p1a: Mandibuzz
|-damage|p1a: Mandibuzz|96/100 tox
|-resisted|p1a: Mandibuzz
|-damage|p1a: Mandibuzz|95/100 tox
|-hitcount|p1a: Mandibuzz|6
|move|p1a: Mandibuzz|Foul Play|p2a: Fezandipiti
|-resisted|p2a: Fezandipiti
|-damage|p2a: Fezandipiti|74/100
|-enditem|p2a: Fezandipiti|Air Balloon
|
|-weather|SunnyDay|[upkeep]
|-damage|p1a: Mandibuzz|89/100 tox|[from] psn
|upkeep
|turn|5
|
|t:|1757813944
|switch|p1a: Great Tusk|Great Tusk|100/100
|-activate|p1a: Great Tusk|ability: Protosynthesis
|-start|p1a: Great Tusk|protosynthesisatk
|move|p2a: Fezandipiti|Nasty Plot|p2a: Fezandipiti
|-boost|p2a: Fezandipiti|spa|2
|
|-weather|SunnyDay|[upkeep]
|upkeep
|turn|6
|
|t:|1757813952
|move|p1a: Great Tusk|Headlong Rush|p2a: Fezandipiti
|-supereffective|p2a: Fezandipiti
|-damage|p2a: Fezandipiti|0 fnt
|-unboost|p1a: Great Tusk|def|1
|-unboost|p1a: Great Tusk|spd|1
|faint|p2a: Fezandipiti
|
|-weather|SunnyDay|[upkeep]
|upkeep
|
|t:|1757813955
|switch|p2a: Flamigo|Flamigo, M|100/100
|-damage|p2a: Flamigo|88/100|[from] Stealth Rock
|turn|7
|
|t:|1757813964
|-end|p1a: Great Tusk|Protosynthesis|[silent]
|switch|p1a: Hatterene|Hatterene, F|100/100
|move|p2a: Flamigo|Brave Bird|p1a: Hatterene
|-damage|p1a: Hatterene|27/100
|-damage|p2a: Flamigo|63/100|[from] Recoil
|
|-weather|SunnyDay|[upkeep]
|upkeep
|turn|8
|
|t:|1757813970
|move|p2a: Flamigo|Brave Bird|p1a: Hatterene
|-damage|p1a: Hatterene|0 fnt
|faint|p1a: Hatterene
|-damage|p2a: Flamigo|54/100|[from] Recoil
|
|-weather|none
|upkeep
|inactive|slimypits has 120 seconds left.
|
|t:|1757814020
|switch|p1a: Great Tusk|Great Tusk|100/100
|turn|9
|
|t:|1757814024
|move|p1a: Great Tusk|Ice Spinner|p2a: Flamigo
|-supereffective|p2a: Flamigo
|-damage|p2a: Flamigo|0 fnt
|faint|p2a: Flamigo
|
|upkeep
|
|t:|1757814028
|switch|p2a: Skeledirge|Skeledirge, F|100/100
|-damage|p2a: Skeledirge|75/100|[from] Stealth Rock
|turn|10
|
|t:|1757814034
|-end|p1a: Great Tusk|Protosynthesis|[silent]
|switch|p1a: Torkoal|Torkoal, F|62/100
|-weather|SunnyDay|[from] ability: Drought|[of] p1a: Torkoal
|move|p2a: Skeledirge|Torch Song|p1a: Torkoal
|-resisted|p1a: Torkoal
|-damage|p1a: Torkoal|24/100
|-boost|p2a: Skeledirge|spa|1
|
|-weather|SunnyDay|[upkeep]
|upkeep
|turn|11
|
|t:|1757814045
|move|p2a: Skeledirge|Shadow Ball|p1a: Torkoal
|-damage|p1a: Torkoal|0 fnt
|faint|p1a: Torkoal
|
|-weather|SunnyDay|[upkeep]
|upkeep
|
|t:|1757814047
|switch|p1a: Walking Wake|Walking Wake|53/100
|-activate|p1a: Walking Wake|ability: Protosynthesis
|-start|p1a: Walking Wake|protosynthesisspe
|turn|12
|
|t:|1757814056
|switch|p2a: Tsareena|Tsareena, F|100/100
|-damage|p2a: Tsareena|88/100|[from] Stealth Rock
|move|p1a: Walking Wake|Hydro Steam|p2a: Tsareena
|-resisted|p2a: Tsareena
|-crit|p2a: Tsareena
|-damage|p2a: Tsareena|7/100
|
|-weather|SunnyDay|[upkeep]
|upkeep
|turn|13
|
|t:|1757814064
|move|p1a: Walking Wake|Hydro Steam|p2a: Tsareena
|-resisted|p2a: Tsareena
|-damage|p2a: Tsareena|0 fnt
|faint|p2a: Tsareena
|
|-weather|SunnyDay|[upkeep]
|upkeep
|
|t:|1757814066
|switch|p2a: Lokix|Lokix, M|100/100
|-damage|p2a: Lokix|76/100|[from] Stealth Rock
|turn|14
|
|t:|1757814076
|-end|p1a: Walking Wake|Protosynthesis|[silent]
|switch|p1a: Mandibuzz|Mandibuzz, F|89/100 tox
|move|p2a: Lokix|First Impression|p1a: Mandibuzz
|-damage|p1a: Mandibuzz|64/100 tox
|-damage|p2a: Lokix|59/100|[from] item: Rocky Helmet|[of] p1a: Mandibuzz
|
|-weather|SunnyDay|[upkeep]
|-damage|p1a: Mandibuzz|58/100 tox|[from] psn
|upkeep
|turn|15
|
|t:|1757814087
|move|p2a: Lokix|Knock Off|p1a: Mandibuzz
|-resisted|p1a: Mandibuzz
|-damage|p1a: Mandibuzz|32/100 tox
|-damage|p2a: Lokix|43/100|[from] item: Rocky Helmet|[of] p1a: Mandibuzz
|-enditem|p1a: Mandibuzz|Rocky Helmet|[from] move: Knock Off|[of] p2a: Lokix
|move|p1a: Mandibuzz|Roost|p1a: Mandibuzz
|-heal|p1a: Mandibuzz|82/100 tox
|-singleturn|p1a: Mandibuzz|move: Roost
|
|-weather|SunnyDay|[upkeep]
|-damage|p1a: Mandibuzz|70/100 tox|[from] psn
|upkeep
|turn|16
|
|t:|1757814108
|move|p2a: Lokix|U-turn|p1a: Mandibuzz
|-damage|p1a: Mandibuzz|50/100 tox
|
|t:|1757814110
|switch|p2a: Skeledirge|Skeledirge, F|75/100|[from] U-turn
|-damage|p2a: Skeledirge|50/100|[from] Stealth Rock
|move|p1a: Mandibuzz|Foul Play|p2a: Skeledirge
|-supereffective|p2a: Skeledirge
|-damage|p2a: Skeledirge|9/100
|
|-weather|SunnyDay|[upkeep]
|-damage|p1a: Mandibuzz|31/100 tox|[from] psn
|upkeep
|turn|17
|
|t:|1757814121
|switch|p1a: Walking Wake|Walking Wake|53/100
|-activate|p1a: Walking Wake|ability: Protosynthesis
|-start|p1a: Walking Wake|protosynthesisspe
|move|p2a: Skeledirge|Torch Song|p1a: Walking Wake
|-resisted|p1a: Walking Wake
|-damage|p1a: Walking Wake|37/100
|-boost|p2a: Skeledirge|spa|1
|
|-weather|none
|-end|p1a: Walking Wake|Protosynthesis
|upkeep
|turn|18
|
|t:|1757814132
|move|p1a: Walking Wake|Hydro Steam|p2a: Skeledirge
|-supereffective|p2a: Skeledirge
|-damage|p2a: Skeledirge|0 fnt
|faint|p2a: Skeledirge
|
|upkeep
|
|t:|1757814135
|switch|p2a: Lokix|Lokix, M|43/100
|-damage|p2a: Lokix|18/100|[from] Stealth Rock
|turn|19
|
|t:|1757814153
|move|p2a: Lokix|First Impression|p1a: Walking Wake
|-damage|p1a: Walking Wake|0 fnt
|faint|p1a: Walking Wake
|-end|p1a: Walking Wake|Protosynthesis|[silent]
|
|upkeep
|
|t:|1757814154
|switch|p1a: Mandibuzz|Mandibuzz, F|31/100 tox
|turn|20
|
|t:|1757814163
|move|p2a: Lokix|Sucker Punch|p1a: Mandibuzz
|-resisted|p1a: Mandibuzz
|-damage|p1a: Mandibuzz|13/100 tox
|move|p1a: Mandibuzz|Foul Play|p2a: Lokix
|-resisted|p2a: Lokix
|-damage|p2a: Lokix|0 fnt
|faint|p2a: Lokix
|
|-damage|p1a: Mandibuzz|7/100 tox|[from] psn
|upkeep
|
|t:|1757814168
|switch|p2a: Scizor|Scizor, M|100/100
|-damage|p2a: Scizor|88/100|[from] Stealth Rock
|turn|21
|
|t:|1757814177
|move|p1a: Mandibuzz|Foul Play|p2a: Scizor
|-damage|p2a: Scizor|32/100
|move|p2a: Scizor|Swords Dance|p2a: Scizor
|-boost|p2a: Scizor|atk|2
|
|-damage|p1a: Mandibuzz|0 fnt|[from] psn
|faint|p1a: Mandibuzz
|upkeep
|
|t:|1757814180
|switch|p1a: Great Tusk|Great Tusk|100/100
|turn|22
|
|t:|1757814185
|-terastallize|p2a: Scizor|Flying
|move|p1a: Great Tusk|Headlong Rush|p2a: Scizor
|-immune|p2a: Scizor
|move|p2a: Scizor|Dual Wingbeat|p1a: Great Tusk
|-supereffective|p1a: Great Tusk
|-damage|p1a: Great Tusk|0 fnt
|faint|p1a: Great Tusk
|-end|p1a: Great Tusk|Protosynthesis|[silent]
|-hitcount|p1: Great Tusk|1
|
|upkeep
|
|t:|1757814202
|switch|p1a: Cinderace|Cinderace, M|100/100
|turn|23
|
|t:|1757814205
|move|p1a: Cinderace|Sucker Punch|p2a: Scizor
|-start|p1a: Cinderace|typechange|Dark|[from] ability: Libero
|-damage|p2a: Scizor|0 fnt
|faint|p2a: Scizor
|
|win|slimypits
|raw|slimypits's rating: 1381 &rarr; <strong>1399</strong><br />(+18 for winning)
|raw|UnexpectdSets's rating: 1341 &rarr; <strong>1323</strong><br />(-18 for losing)
|l|☆slimypits
|player|p1|
|l|☆UnexpectdSets
|player|p2|
