|j|☆ripwal21
|j|☆56dgdfj
|t:|1757909495
|gametype|singles
|player|p1|ripwal21|2|1182
|player|p2|56dgdfj|bugcatcher-gen4dp|1245
|gen|9
|tier|[Gen 9] OU
|rated|
|rule|HP Percentage Mod: HP is shown in percentages
|rule|Endless Battle Clause: Forcing endless battles is banned
|rule|Species Clause: Limit one of each Pokémon
|rule|OHKO Clause: OHKO moves are banned
|rule|Evasion Items Clause: Evasion items are banned
|rule|Evasion Moves Clause: Evasion moves are banned
|rule|Evasion Abilities Clause: Evasion abilities are banned
|rule|Sleep Moves Clause: Sleep-inducing moves are banned
|clearpoke
|poke|p1|Indeedee, M|
|poke|p1|Hatterene, F|
|poke|p1|Ursaluna, F|
|poke|p1|Iron Hands|
|poke|p1|Hoopa-Unbound|
|poke|p1|Mimikyu, F|
|poke|p2|Thundurus-Therian, M|
|poke|p2|Cinderace, F|
|poke|p2|Quaquaval, M|
|poke|p2|Clefable, M|
|poke|p2|Pecharunt|
|poke|p2|Iron Boulder|
|teampreview
|
|t:|1757909513
|teamsize|p1|6
|teamsize|p2|6
|start
|switch|p1a: LEBRON|Iron Hands, shiny|100/100
|switch|p2a: Cinderace|Cinderace, F|100/100
|-enditem|p1a: LEBRON|Booster Energy
|-activate|p1a: LEBRON|ability: Quark Drive|[fromitem]
|-start|p1a: LEBRON|quarkdriveatk
|turn|1
|
|t:|1757909522
|-end|p1a: LEBRON|Quark Drive|[silent]
|switch|p1a: Crashout YN|Ursaluna, F, shiny|100/100
|move|p2a: Cinderace|Pyro Ball|p1a: Crashout YN
|-damage|p1a: Crashout YN|57/100
|-status|p1a: Crashout YN|brn
|
|-damage|p1a: Crashout YN|51/100 brn|[from] brn
|upkeep
|turn|2
|
|t:|1757909529
|move|p2a: Cinderace|Pyro Ball|p1a: Crashout YN
|-damage|p1a: Crashout YN|12/100 brn
|move|p1a: Crashout YN|Facade|p2a: Cinderace
|-damage|p2a: Cinderace|0 fnt
|faint|p2a: Cinderace
|
|-damage|p1a: Crashout YN|6/100 brn|[from] brn
|upkeep
|
|t:|1757909535
|switch|p2a: Quaquaval|Quaquaval, M|100/100
|turn|3
|c|☆ripwal21|why tf would you pyro ball into iron hands?
|c|☆ripwal21|dumbest fkin play i've ever seen
|
|t:|1757909545
|switch|p1a: Mimi|Mimikyu, F, shiny|100/100
|move|p2a: Quaquaval|Aqua Step|p1a: Mimi
|-activate|p1a: Mimi|ability: Disguise
|-damage|p1a: Mimi|100/100
|-boost|p2a: Quaquaval|spe|1
|detailschange|p1a: Mimi|Mimikyu-Busted, F, shiny
|-damage|p1a: Mimi|88/100|[from] pokemon: Mimikyu-Busted
|-enditem|p1a: Mimi|Red Card|[of] p2a: Quaquaval
|drag|p2a: Iron Boulder|Iron Boulder|100/100
|-enditem|p2a: Iron Boulder|Booster Energy
|-activate|p2a: Iron Boulder|ability: Quark Drive|[fromitem]
|-start|p2a: Iron Boulder|quarkdrivespe
|
|upkeep
|turn|4
|
|t:|1757909556
|move|p2a: Iron Boulder|Mighty Cleave|p1a: Mimi
|-damage|p1a: Mimi|45/100
|move|p1a: Mimi|Trick Room|p1a: Mimi
|-fieldstart|move: Trick Room|[of] p1a: Mimi
|
|upkeep
|turn|5
|
|t:|1757909561
|move|p1a: Mimi|Curse|p2a: Iron Boulder
|-start|p2a: Iron Boulder|Curse|[of] p1a: Mimi
|-damage|p1a: Mimi|0 fnt
|faint|p1a: Mimi
|move|p2a: Iron Boulder|Mighty Cleave|p1: Mimi|[notarget]
|-fail|p2a: Iron Boulder
|
|-damage|p2a: Iron Boulder|76/100|[from] Curse
|upkeep
|
|t:|1757909567
|switch|p1a: King Von|Hoopa-Unbound|100/100
|turn|6
|
|t:|1757909569
|move|p1a: King Von|Hyperspace Fury|p2a: Iron Boulder
|-supereffective|p2a: Iron Boulder
|-damage|p2a: Iron Boulder|0 fnt
|-unboost|p1a: King Von|def|1
|faint|p2a: Iron Boulder
|-end|p2a: Iron Boulder|Quark Drive|[silent]
|
|upkeep
|
|t:|1757909575
|switch|p2a: Clefable|Clefable, M|100/100
|turn|7
|
|t:|1757909589
|move|p1a: King Von|Expanding Force|p2a: Clefable
|-damage|p2a: Clefable|50/100
|move|p2a: Clefable|Moonblast|p1a: King Von
|-supereffective|p1a: King Von
|-damage|p1a: King Von|55/100
|
|-heal|p2a: Clefable|56/100|[from] item: Leftovers
|upkeep
|turn|8
|
|t:|1757909597
|-terastallize|p1a: King Von|Psychic
|move|p1a: King Von|Expanding Force|p2a: Clefable
|-damage|p2a: Clefable|0 fnt
|faint|p2a: Clefable
|
|-fieldend|move: Trick Room
|upkeep
|
|t:|1757909600
|switch|p2a: Quaquaval|Quaquaval, M|100/100
|turn|9
|
|t:|1757909607
|move|p2a: Quaquaval|Aqua Step|p1a: King Von
|-damage|p1a: King Von|0 fnt
|-boost|p2a: Quaquaval|spe|1
|faint|p1a: King Von
|-ability|p2a: Quaquaval|Moxie|boost
|-boost|p2a: Quaquaval|atk|1
|
|upkeep
|
|t:|1757909609
|switch|p1a: Subaru|Indeedee, M, shiny|100/100
|-fieldstart|move: Psychic Terrain|[from] ability: Psychic Surge|[of] p1a: Subaru
|turn|10
|
|t:|1757909613
|move|p2a: Quaquaval|Knock Off|p1a: Subaru
|-supereffective|p1a: Subaru
|-crit|p1a: Subaru
|-damage|p1a: Subaru|0 fnt
|-enditem|p1a: Subaru|Terrain Extender|[from] move: Knock Off|[of] p2a: Quaquaval
|faint|p1a: Subaru
|-ability|p2a: Quaquaval|Moxie|boost
|-boost|p2a: Quaquaval|atk|1
|
|upkeep
|-message|ripwal21 forfeited.
|
|win|56dgdfj
|raw|ripwal21's rating: 1182 &rarr; <strong>1161</strong><br />(-21 for losing)
|raw|56dgdfj's rating: 1245 &rarr; <strong>1266</strong><br />(+21 for winning)
|l|☆ripwal21
|player|p1|
|c|☆56dgdfj|ggs!
|j| LILNASXXXTENTACION
|j| PrincessGardevoir
|j| heatraniac
|l| LILNASXXXTENTACION
|l| PrincessGardevoir
|l| heatraniac
