|j|☆etude_suzuki
|j|☆UltraAero
|t:|1757921453
|gametype|singles
|player|p1|etude_suzuki|102|1161
|player|p2|UltraAero|dawn-gen4pt|1154
|gen|9
|tier|[Gen 9] OU
|rated|
|rule|HP Percentage Mod: HP is shown in percentages
|rule|Endless Battle Clause: Forcing endless battles is banned
|rule|Species Clause: Limit one of each Pokémon
|rule|OHKO Clause: OHKO moves are banned
|rule|Evasion Items Clause: Evasion items are banned
|rule|Evasion Moves Clause: Evasion moves are banned
|rule|Evasion Abilities Clause: Evasion abilities are banned
|rule|Sleep Moves Clause: Sleep-inducing moves are banned
|clearpoke
|poke|p1|Pikachu, M|
|poke|p1|Lucario, M|
|poke|p1|Zoroark, F|
|poke|p1|Gardevoir, F|
|poke|p1|Lapras, F|
|poke|p1|Charizard, M|
|poke|p2|Iron Valiant|
|poke|p2|Raichu-Alola, F|
|poke|p2|Vaporeon, M|
|poke|p2|Cinderace, M|
|poke|p2|Gliscor, F|
|poke|p2|Gogoat, M|
|teampreview
|inactive|Battle timer is ON: inactive players will automatically lose when time's up. (requested by etude_suzuki)
|
|t:|1757921473
|teamsize|p1|6
|teamsize|p2|6
|start
|switch|p1a: Charizard|Charizard, M|100/100
|switch|p2a: Cinderace|Cinderace, M|100/100
|turn|1
|
|t:|1757921487
|move|p2a: Cinderace|Pyro Ball|p1a: Charizard|[miss]
|-miss|p2a: Cinderace|p1a: Charizard
|move|p1a: Charizard|Will-O-Wisp|p2a: Cinderace|[miss]
|-miss|p1a: Charizard|p2a: Cinderace
|
|upkeep
|turn|2
|
|t:|1757921495
|move|p2a: Cinderace|Pyro Ball|p1a: Charizard
|-resisted|p1a: Charizard
|-damage|p1a: Charizard|61/100
|move|p1a: Charizard|Ancient Power|p2a: Cinderace
|-supereffective|p2a: Cinderace
|-damage|p2a: Cinderace|43/100
|
|upkeep
|turn|3
|
|t:|1757921505
|switch|p2a: Gliscor|Gliscor, F|100/100
|move|p1a: Charizard|Ancient Power|p2a: Gliscor
|-damage|p2a: Gliscor|73/100
|
|-status|p2a: Gliscor|tox|[from] item: Toxic Orb
|upkeep
|turn|4
|
|t:|1757921513
|move|p1a: Charizard|Air Slash|p2a: Gliscor
|-damage|p2a: Gliscor|26/100 tox
|move|p2a: Gliscor|Toxic Spikes|p1a: Charizard
|-sidestart|p1: etude_suzuki|move: Toxic Spikes
|
|-heal|p2a: Gliscor|38/100 tox|[from] ability: Poison Heal
|upkeep
|turn|5
|
|t:|1757921523
|move|p2a: Gliscor|Protect|p2a: Gliscor
|-singleturn|p2a: Gliscor|Protect
|move|p1a: Charizard|Flamethrower|p2a: Gliscor
|-activate|p2a: Gliscor|move: Protect
|
|-heal|p2a: Gliscor|50/100 tox|[from] ability: Poison Heal
|upkeep
|turn|6
|
|t:|1757921533
|switch|p2a: Cinderace|Cinderace, M|43/100
|move|p1a: Charizard|Flamethrower|p2a: Cinderace
|-resisted|p2a: Cinderace
|-damage|p2a: Cinderace|12/100
|
|upkeep
|turn|7
|
|t:|1757921540
|move|p2a: Cinderace|Sucker Punch|p1a: Charizard
|-start|p2a: Cinderace|typechange|Dark|[from] ability: Libero
|-damage|p1a: Charizard|16/100
|move|p1a: Charizard|Ancient Power|p2a: Cinderace
|-damage|p2a: Cinderace|0 fnt
|faint|p2a: Cinderace
|
|upkeep
|
|t:|1757921547
|switch|p2a: Iron Valiant|Iron Valiant|100/100
|-enditem|p2a: Iron Valiant|Booster Energy
|-activate|p2a: Iron Valiant|ability: Quark Drive|[fromitem]
|-start|p2a: Iron Valiant|quarkdrivespe
|turn|8
|
|t:|1757921555
|move|p2a: Iron Valiant|Psycho Cut|p1a: Charizard
|-damage|p1a: Charizard|0 fnt
|faint|p1a: Charizard
|
|upkeep
|
|t:|1757921573
|switch|p1a: Gardevoir|Gardevoir, F|100/100
|-status|p1a: Gardevoir|psn
|turn|9
|
|t:|1757921591
|-terastallize|p1a: Gardevoir|Steel
|move|p2a: Iron Valiant|Electric Terrain|p2a: Iron Valiant
|-fieldstart|move: Electric Terrain
|move|p1a: Gardevoir|Moonblast|p2a: Iron Valiant
|-supereffective|p2a: Iron Valiant
|-damage|p2a: Iron Valiant|0 fnt
|faint|p2a: Iron Valiant
|-end|p2a: Iron Valiant|Quark Drive|[silent]
|
|-damage|p1a: Gardevoir|88/100 psn|[from] psn
|upkeep
|
|t:|1757921599
|switch|p2a: Raichu|Raichu-Alola, F|100/100
|-ability|p1a: Gardevoir|Surge Surfer|Trace|[from] ability: Trace|[of] p2a: Raichu
|turn|10
|
|t:|1757921610
|move|p2a: Raichu|Thunderbolt|p1a: Gardevoir
|-damage|p1a: Gardevoir|28/100 psn
|-damage|p2a: Raichu|91/100|[from] item: Life Orb
|move|p1a: Gardevoir|Moonblast|p2a: Raichu
|-damage|p2a: Raichu|18/100
|-unboost|p2a: Raichu|spa|1
|
|-heal|p1a: Gardevoir|34/100 psn|[from] item: Leftovers
|-damage|p1a: Gardevoir|22/100 psn|[from] psn
|upkeep
|turn|11
|
|t:|1757921621
|switch|p1a: Pikachu|Pikachu, M|100/100
|-status|p1a: Pikachu|psn
|move|p2a: Raichu|Thunderbolt|p1a: Pikachu
|-ability|p1a: Pikachu|Lightning Rod|boost
|-boost|p1a: Pikachu|spa|1
|
|-damage|p1a: Pikachu|88/100 psn|[from] psn
|upkeep
|turn|12
|
|t:|1757921629
|move|p1a: Pikachu|Quick Attack|p2a: Raichu
|-damage|p2a: Raichu|0 fnt
|faint|p2a: Raichu
|
|-damage|p1a: Pikachu|76/100 psn|[from] psn
|upkeep
|
|t:|1757921634
|switch|p2a: Gogoat|Gogoat, M|100/100
|turn|13
|
|t:|1757921647
|move|p1a: Pikachu|Thunderbolt|p2a: Gogoat
|-resisted|p2a: Gogoat
|-damage|p2a: Gogoat|76/100
|move|p2a: Gogoat|Horn Leech|p1a: Pikachu
|-damage|p1a: Pikachu|0 fnt
|-heal|p2a: Gogoat|94/100|[from] drain|[of] p1a: Pikachu
|faint|p1a: Pikachu
|
|-fieldend|move: Electric Terrain
|upkeep
|
|t:|1757921659
|switch|p1a: Gardevoir|Gardevoir, F, tera:Steel|22/100 psn
|-ability|p1a: Gardevoir|Sap Sipper|Trace|[from] ability: Trace|[of] p2a: Gogoat
|turn|14
|
|t:|1757921664
|move|p1a: Gardevoir|Mystical Fire|p2a: Gogoat
|-supereffective|p2a: Gogoat
|-damage|p2a: Gogoat|60/100
|-unboost|p2a: Gogoat|spa|1
|move|p2a: Gogoat|Trailblaze|p1a: Gardevoir
|-ability|p1a: Gardevoir|Sap Sipper|boost
|-boost|p1a: Gardevoir|atk|1
|
|-heal|p1a: Gardevoir|28/100 psn|[from] item: Leftovers
|-damage|p1a: Gardevoir|16/100 psn|[from] psn
|upkeep
|turn|15
|
|t:|1757921678
|move|p1a: Gardevoir|Moonblast|p2a: Gogoat
|-damage|p2a: Gogoat|28/100
|move|p2a: Gogoat|Earthquake|p1a: Gardevoir
|-supereffective|p1a: Gardevoir
|-damage|p1a: Gardevoir|0 fnt
|faint|p1a: Gardevoir
|
|upkeep
|
|t:|1757921691
|switch|p1a: Lucario|Lucario, M|100/100
|-status|p1a: Lucario|psn
|turn|16
|
|t:|1757921695
|move|p1a: Lucario|Knock Off|p2a: Gogoat
|-damage|p2a: Gogoat|0 fnt
|-enditem|p2a: Gogoat|Assault Vest|[from] move: Knock Off|[of] p1a: Lucario
|faint|p2a: Gogoat
|
|-damage|p1a: Lucario|88/100 psn|[from] psn
|upkeep
|
|t:|1757921701
|switch|p2a: Gliscor|Gliscor, F|50/100 tox
|turn|17
|
|t:|1757921712
|move|p2a: Gliscor|Earthquake|p1a: Lucario
|-damage|p1a: Lucario|3/100 psn
|replace|p1a: Zoroark|Zoroark, F
|-end|p1a: Zoroark|Illusion
|move|p1a: Zoroark|Counter|p2a: Gliscor
|-damage|p2a: Gliscor|0 fnt
|faint|p2a: Gliscor
|
|-damage|p1a: Zoroark|0 fnt|[from] psn
|faint|p1a: Zoroark
|upkeep
|
|t:|1757921721
|switch|p1a: Lucario|Lucario, M|100/100
|switch|p2a: Vaporeon|Vaporeon, M|100/100
|turn|18
|
|t:|1757921728
|move|p1a: Lucario|Close Combat|p2a: Vaporeon
|-damage|p2a: Vaporeon|40/100
|-unboost|p1a: Lucario|def|1
|-unboost|p1a: Lucario|spd|1
|move|p2a: Vaporeon|Scald|p1a: Lucario
|-damage|p1a: Lucario|0 fnt
|faint|p1a: Lucario
|
|-heal|p2a: Vaporeon|46/100|[from] item: Leftovers
|upkeep
|
|t:|1757921737
|switch|p1a: Lapras|Lapras, F|100/100
|-status|p1a: Lapras|psn
|turn|19
|
|t:|1757921741
|move|p2a: Vaporeon|Calm Mind|p2a: Vaporeon
|-boost|p2a: Vaporeon|spa|1
|-boost|p2a: Vaporeon|spd|1
|move|p1a: Lapras|Freeze-Dry|p2a: Vaporeon
|-supereffective|p2a: Vaporeon
|-damage|p2a: Vaporeon|12/100
|
|-heal|p2a: Vaporeon|18/100|[from] item: Leftovers
|-damage|p1a: Lapras|88/100 psn|[from] psn
|upkeep
|turn|20
|
|t:|1757921752
|move|p2a: Vaporeon|Ice Beam|p1a: Lapras
|-resisted|p1a: Lapras
|-damage|p1a: Lapras|83/100 psn
|move|p1a: Lapras|Freeze-Dry|p2a: Vaporeon
|-supereffective|p2a: Vaporeon
|-damage|p2a: Vaporeon|0 fnt
|faint|p2a: Vaporeon
|
|win|etude_suzuki
|raw|etude_suzuki's rating: 1161 &rarr; <strong>1185</strong><br />(+24 for winning)
|raw|UltraAero's rating: 1154 &rarr; <strong>1130</strong><br />(-24 for losing)
|l|☆UltraAero
|player|p2|
|l|☆etude_suzuki
|player|p1|
