|j|☆LinusTouchTips
|j|☆imdashellsmasher
|t:|1757795296
|gametype|singles
|player|p1|LinusTouchTips|sailor|1349
|player|p2|imdashellsmasher|clown|1329
|gen|9
|tier|[Gen 9] OU
|rated|
|rule|HP Percentage Mod: HP is shown in percentages
|rule|Endless Battle Clause: Forcing endless battles is banned
|rule|Species Clause: Limit one of each Pokémon
|rule|OHKO Clause: OHKO moves are banned
|rule|Evasion Items Clause: Evasion items are banned
|rule|Evasion Moves Clause: Evasion moves are banned
|rule|Evasion Abilities Clause: Evasion abilities are banned
|rule|Sleep Moves Clause: Sleep-inducing moves are banned
|clearpoke
|poke|p1|Clefable, F|
|poke|p1|Dondozo, M|
|poke|p1|Blissey, F|
|poke|p1|Clodsire, F|
|poke|p1|Corviknight, F|
|poke|p1|Gliscor, F|
|poke|p2|Gholdengo|
|poke|p2|Raging Bolt|
|poke|p2|Samurott-Hisui, F|
|poke|p2|Enamorus, F|
|poke|p2|Ceruledge, M|
|poke|p2|Iron Valiant|
|teampreview
|inactive|Battle timer is ON: inactive players will automatically lose when time's up. (requested by LinusTouchTips)
|
|t:|1757795311
|teamsize|p1|6
|teamsize|p2|6
|start
|switch|p1a: Gliscor|Gliscor, F|100/100
|switch|p2a: Unnerve|Iron Valiant|100/100
|-enditem|p2a: Unnerve|Booster Energy
|-activate|p2a: Unnerve|ability: Quark Drive|[fromitem]
|-start|p2a: Unnerve|quarkdrivespe
|turn|1
|
|t:|1757795316
|move|p1a: Gliscor|Protect|p1a: Gliscor
|-singleturn|p1a: Gliscor|Protect
|move|p2a: Unnerve|Knock Off|p1a: Gliscor
|-activate|p1a: Gliscor|move: Protect
|
|-status|p1a: Gliscor|tox|[from] item: Toxic Orb
|upkeep
|turn|2
|
|t:|1757795320
|move|p2a: Unnerve|Encore|p1a: Gliscor
|-start|p1a: Gliscor|Encore
|move|p1a: Gliscor|Protect||[still]
|-fail|p1a: Gliscor
|
|upkeep
|turn|3
|
|t:|1757795330
|move|p1a: Gliscor|Protect|p1a: Gliscor
|-singleturn|p1a: Gliscor|Protect
|move|p2a: Unnerve|Swords Dance|p2a: Unnerve
|-boost|p2a: Unnerve|atk|2
|
|upkeep
|turn|4
|
|t:|1757795343
|switch|p1a: Clodsire|Clodsire, F|100/100
|move|p2a: Unnerve|Swords Dance|p2a: Unnerve
|-boost|p2a: Unnerve|atk|2
|
|upkeep
|turn|5
|
|t:|1757795348
|move|p2a: Unnerve|Knock Off|p1a: Clodsire
|-damage|p1a: Clodsire|66/100
|-enditem|p1a: Clodsire|Heavy-Duty Boots|[from] move: Knock Off|[of] p2a: Unnerve
|move|p1a: Clodsire|Poison Jab|p2a: Unnerve
|-supereffective|p2a: Unnerve
|-damage|p2a: Unnerve|44/100
|
|upkeep
|turn|6
|
|t:|1757795358
|move|p2a: Unnerve|Close Combat|p1a: Clodsire
|-resisted|p1a: Clodsire
|-damage|p1a: Clodsire|29/100
|-unboost|p2a: Unnerve|def|1
|-unboost|p2a: Unnerve|spd|1
|move|p1a: Clodsire|Earthquake|p2a: Unnerve
|-damage|p2a: Unnerve|10/100
|
|upkeep
|turn|7
|
|t:|1757795385
|switch|p1a: Dondozo|Dondozo, M|100/100
|move|p2a: Unnerve|Close Combat|p1a: Dondozo
|-damage|p1a: Dondozo|73/100
|-unboost|p2a: Unnerve|def|1
|-unboost|p2a: Unnerve|spd|1
|
|upkeep
|turn|8
|
|t:|1757795401
|move|p2a: Unnerve|Close Combat|p1a: Dondozo
|-damage|p1a: Dondozo|44/100
|-unboost|p2a: Unnerve|def|1
|-unboost|p2a: Unnerve|spd|1
|move|p1a: Dondozo|Waterfall|p2a: Unnerve
|-damage|p2a: Unnerve|0 fnt
|faint|p2a: Unnerve
|-end|p2a: Unnerve|Quark Drive|[silent]
|
|upkeep
|
|t:|1757795408
|switch|p2a: Speed Boost|Enamorus, F|100/100
|turn|9
|
|t:|1757795412
|switch|p1a: Gliscor|Gliscor, F|100/100 tox
|-terastallize|p2a: Speed Boost|Stellar
|move|p2a: Speed Boost|Tera Blast|p1a: Gliscor|[anim] Tera Blast Stellar
|-crit|p1a: Gliscor
|-damage|p1a: Gliscor|22/100 tox
|-boost|p2a: Speed Boost|atk|1
|-boost|p2a: Speed Boost|spa|1
|
|-heal|p1a: Gliscor|35/100 tox|[from] ability: Poison Heal
|upkeep
|turn|10
|
|t:|1757795421
|move|p1a: Gliscor|Protect|p1a: Gliscor
|-singleturn|p1a: Gliscor|Protect
|move|p2a: Speed Boost|Tera Blast|p1a: Gliscor|[anim] Tera Blast Stellar
|-activate|p1a: Gliscor|move: Protect
|
|-heal|p1a: Gliscor|47/100 tox|[from] ability: Poison Heal
|upkeep
|turn|11
|
|t:|1757795432
|switch|p1a: Blissey|Blissey, F|100/100
|move|p2a: Speed Boost|Tera Blast|p1a: Blissey|[anim] Tera Blast Stellar
|-damage|p1a: Blissey|83/100
|-boost|p2a: Speed Boost|atk|1
|-boost|p2a: Speed Boost|spa|1
|
|upkeep
|turn|12
|
|t:|1757795457
|move|p2a: Speed Boost|Tera Blast|p1a: Blissey|[anim] Tera Blast Stellar
|-damage|p1a: Blissey|57/100
|-boost|p2a: Speed Boost|atk|1
|-boost|p2a: Speed Boost|spa|1
|move|p1a: Blissey|Shadow Ball|p2a: Speed Boost
|-damage|p2a: Speed Boost|79/100
|
|upkeep
|turn|13
|
|t:|1757795482
|move|p2a: Speed Boost|Tera Blast|p1a: Blissey|[anim] Tera Blast Stellar
|-damage|p1a: Blissey|26/100
|-boost|p2a: Speed Boost|atk|1
|-boost|p2a: Speed Boost|spa|1
|move|p1a: Blissey|Calm Mind|p1a: Blissey
|-boost|p1a: Blissey|spa|1
|-boost|p1a: Blissey|spd|1
|
|upkeep
|turn|14
|-message|LinusTouchTips forfeited.
|
|win|imdashellsmasher
|raw|LinusTouchTips's rating: 1349 &rarr; <strong>1328</strong><br />(-21 for losing)
|raw|imdashellsmasher's rating: 1329 &rarr; <strong>1350</strong><br />(+21 for winning)
|l|☆LinusTouchTips
|player|p1|
|c|☆imdashellsmasher|Gg
