|j|☆ensyde
|j|☆D.I.T_FR
|t:|1757887988
|gametype|singles
|player|p1|ensyde|burglar|1355
|player|p2|D.I.T_FR|101|1345
|gen|9
|tier|[Gen 9] OU
|rated|
|rule|HP Percentage Mod: HP is shown in percentages
|rule|Endless Battle Clause: Forcing endless battles is banned
|rule|Species Clause: Limit one of each Pokémon
|rule|OHKO Clause: OHKO moves are banned
|rule|Evasion Items Clause: Evasion items are banned
|rule|Evasion Moves Clause: Evasion moves are banned
|rule|Evasion Abilities Clause: Evasion abilities are banned
|rule|Sleep Moves Clause: Sleep-inducing moves are banned
|clearpoke
|poke|p1|Ting-Lu|
|poke|p1|Glimmora, M|
|poke|p1|Dragonite, M|
|poke|p1|Iron Moth|
|poke|p1|Zamazenta-*|
|poke|p1|Scizor, M|
|poke|p2|Zamazenta-*|
|poke|p2|Samurott-Hisui, F|
|poke|p2|Gholdengo|
|poke|p2|Landorus-Therian, M|
|poke|p2|Dragapult, M|
|poke|p2|Kingambit, F|
|teampreview
|inactive|Battle timer is ON: inactive players will automatically lose when time's up. (requested by D.I.T_FR)
|inactive|ensyde also wants the timer to be on.
|
|t:|1757888001
|teamsize|p1|6
|teamsize|p2|6
|start
|switch|p1a: litter|Glimmora, M, shiny|100/100
|switch|p2a: Samurott|Samurott-Hisui, F|100/100
|turn|1
|c|☆ensyde|TOXICCCC
|
|t:|1757888028
|move|p1a: litter|Sludge Bomb|p2a: Samurott
|-damage|p2a: Samurott|26/100
|move|p2a: Samurott|Ceaseless Edge|p1a: litter
|-damage|p1a: litter|49/100
|-activate|p1a: litter|ability: Toxic Debris
|-sidestart|p2: D.I.T_FR|move: Toxic Spikes
|-sidestart|p1: ensyde|Spikes
|
|upkeep
|turn|2
|inactive|D.I.T_FR has 120 seconds left.
|c|☆ensyde|BOMBBBB
|
|t:|1757888052
|move|p2a: Samurott|Aqua Jet|p1a: litter
|-supereffective|p1a: litter
|-damage|p1a: litter|3/100
|-activate|p1a: litter|ability: Toxic Debris
|-sidestart|p2: D.I.T_FR|move: Toxic Spikes
|move|p1a: litter|Power Gem|p2a: Samurott
|-damage|p2a: Samurott|0 fnt
|faint|p2a: Samurott
|
|upkeep
|
|t:|1757888079
|switch|p2a: Dragapult|Dragapult, M|100/100
|turn|3
|
|t:|1757888083
|switch|p1a: silence|Ting-Lu|100/100
|-damage|p1a: silence|88/100|[from] Spikes
|-ability|p1a: silence|Vessel of Ruin
|move|p2a: Dragapult|U-turn|p1a: silence
|-supereffective|p1a: silence
|-crit|p1a: silence
|-damage|p1a: silence|61/100
|inactive|D.I.T_FR has 90 seconds left.
|
|t:|1757888123
|switch|p2a: Zamazenta|Zamazenta|100/100|[from] U-turn
|-status|p2a: Zamazenta|tox
|-ability|p2a: Zamazenta|Dauntless Shield|boost
|-boost|p2a: Zamazenta|def|1
|
|-heal|p1a: silence|67/100|[from] item: Leftovers
|-damage|p2a: Zamazenta|94/100 tox|[from] psn
|upkeep
|turn|4
|
|t:|1757888141
|move|p2a: Zamazenta|Close Combat|p1a: silence
|-supereffective|p1a: silence
|-crit|p1a: silence
|-damage|p1a: silence|0 fnt
|-unboost|p2a: Zamazenta|def|1
|-unboost|p2a: Zamazenta|spd|1
|faint|p1a: silence
|-damage|p2a: Zamazenta|84/100 tox|[from] item: Life Orb
|
|-damage|p2a: Zamazenta|72/100 tox|[from] psn
|upkeep
|
|t:|1757888144
|switch|p1a: litter|Glimmora, M, shiny|3/100
|-damage|p1a: litter|0 fnt|[from] Spikes
|faint|p1a: litter
|
|t:|1757888147
|switch|p1a: wrath|Iron Moth, shiny|100/100
|-damage|p1a: wrath|88/100|[from] Spikes
|-enditem|p1a: wrath|Booster Energy
|-activate|p1a: wrath|ability: Quark Drive|[fromitem]
|-start|p1a: wrath|quarkdrivespe
|turn|5
|inactive|D.I.T_FR has 90 seconds left.
|
|t:|1757888156
|move|p1a: wrath|Fiery Dance|p2a: Zamazenta
|-damage|p2a: Zamazenta|18/100 tox
|move|p2a: Zamazenta|Stone Edge|p1a: wrath|[miss]
|-miss|p2a: Zamazenta|p1a: wrath
|
|-damage|p2a: Zamazenta|0 fnt|[from] psn
|faint|p2a: Zamazenta
|upkeep
|inactive|D.I.T_FR has 90 seconds left.
|
|t:|1757888174
|switch|p2a: Dragapult|Dragapult, M|100/100
|turn|6
|
|t:|1757888183
|move|p1a: wrath|Fiery Dance|p2a: Dragapult
|-resisted|p2a: Dragapult
|-damage|p2a: Dragapult|72/100
|-boost|p1a: wrath|spa|1
|move|p2a: Dragapult|Dragon Darts|p1a: wrath
|-damage|p1a: wrath|59/100
|-anim|p2a: Dragapult|Dragon Darts|p1a: wrath
|-damage|p1a: wrath|27/100
|
|upkeep
|turn|7
|inactive|D.I.T_FR has 90 seconds left.
|
|t:|1757888194
|move|p1a: wrath|Dazzling Gleam|p2a: Dragapult
|-supereffective|p2a: Dragapult
|-damage|p2a: Dragapult|0 fnt
|faint|p2a: Dragapult
|
|upkeep
|
|t:|1757888221
|switch|p2a: Landorus|Landorus-Therian, M|100/100
|-ability|p2a: Landorus|Intimidate|boost
|-unboost|p1a: wrath|atk|1
|turn|8
|
|t:|1757888237
|move|p1a: wrath|Fiery Dance|p2a: Landorus
|-damage|p2a: Landorus|32/100
|-boost|p1a: wrath|spa|1
|move|p2a: Landorus|Earthquake|p1a: wrath
|-supereffective|p1a: wrath
|-damage|p1a: wrath|0 fnt
|faint|p1a: wrath
|-end|p1a: wrath|Quark Drive|[silent]
|
|upkeep
|
|t:|1757888244
|switch|p1a: kindness|Dragonite, M, shiny|100/100
|turn|9
|
|t:|1757888255
|move|p2a: Landorus|U-turn|p1a: kindness
|-resisted|p1a: kindness
|-damage|p1a: kindness|95/100
|
|t:|1757888258
|switch|p2a: Gholdengo|Gholdengo|100/100|[from] U-turn
|-item|p2a: Gholdengo|Air Balloon
|move|p1a: kindness|Dragon Dance|p1a: kindness
|-boost|p1a: kindness|atk|1
|-boost|p1a: kindness|spe|1
|
|upkeep
|turn|10
|
|t:|1757888263
|switch|p1a: envy|Scizor, M, shiny|100/100
|-damage|p1a: envy|88/100|[from] Spikes
|move|p2a: Gholdengo|Thunder Wave|p1a: envy
|-status|p1a: envy|par
|
|-heal|p1a: envy|94/100 par|[from] item: Leftovers
|upkeep
|turn|11
|
|t:|1757888269
|switch|p2a: Landorus|Landorus-Therian, M|32/100
|-ability|p2a: Landorus|Intimidate|boost
|-unboost|p1a: envy|atk|1
|move|p1a: envy|Bullet Punch|p2a: Landorus
|-damage|p2a: Landorus|8/100
|-damage|p1a: envy|78/100 par|[from] item: Rocky Helmet|[of] p2a: Landorus
|
|-heal|p1a: envy|84/100 par|[from] item: Leftovers
|upkeep
|turn|12
|
|t:|1757888279
|move|p2a: Landorus|Stealth Rock|p1a: envy
|-sidestart|p1: ensyde|move: Stealth Rock
|move|p1a: envy|Swords Dance|p1a: envy
|-boost|p1a: envy|atk|2
|
|-heal|p1a: envy|90/100 par|[from] item: Leftovers
|upkeep
|turn|13
|
|t:|1757888284
|move|p2a: Landorus|Earthquake|p1a: envy
|-damage|p1a: envy|43/100 par
|cant|p1a: envy|par
|
|-heal|p1a: envy|49/100 par|[from] item: Leftovers
|upkeep
|turn|14
|
|t:|1757888290
|cant|p1a: envy|par
|move|p2a: Landorus|Earthquake|p1a: envy
|-damage|p1a: envy|0 fnt
|faint|p1a: envy
|
|upkeep
|
|t:|1757888292
|switch|p1a: requiem|Zamazenta, shiny|100/100
|-damage|p1a: requiem|88/100|[from] Spikes
|-damage|p1a: requiem|82/100|[from] Stealth Rock
|-ability|p1a: requiem|Dauntless Shield|boost
|-boost|p1a: requiem|def|1
|turn|15
|
|t:|1757888297
|move|p1a: requiem|Body Press|p2a: Landorus
|-resisted|p2a: Landorus
|-damage|p2a: Landorus|0 fnt
|-damage|p1a: requiem|65/100|[from] item: Rocky Helmet|[of] p2a: Landorus
|faint|p2a: Landorus
|
|-heal|p1a: requiem|72/100|[from] item: Leftovers
|upkeep
|
|t:|1757888308
|switch|p2a: Gholdengo|Gholdengo|100/100
|-item|p2a: Gholdengo|Air Balloon
|turn|16
|
|t:|1757888315
|-terastallize|p1a: requiem|Steel
|move|p1a: requiem|Crunch|p2a: Gholdengo
|-supereffective|p2a: Gholdengo
|-damage|p2a: Gholdengo|59/100
|-enditem|p2a: Gholdengo|Air Balloon
|move|p2a: Gholdengo|Dazzling Gleam|p1a: requiem
|-resisted|p1a: requiem
|-damage|p1a: requiem|62/100
|
|-heal|p1a: requiem|68/100|[from] item: Leftovers
|upkeep
|turn|17
|
|t:|1757888323
|move|p1a: requiem|Crunch|p2a: Gholdengo
|-supereffective|p2a: Gholdengo
|-damage|p2a: Gholdengo|9/100
|move|p2a: Gholdengo|Thunder Wave|p1a: requiem
|-status|p1a: requiem|par
|
|-heal|p1a: requiem|74/100 par|[from] item: Leftovers
|upkeep
|turn|18
|
|t:|1757888335
|move|p2a: Gholdengo|Recover|p2a: Gholdengo
|-heal|p2a: Gholdengo|59/100
|move|p1a: requiem|Iron Defense|p1a: requiem
|-boost|p1a: requiem|def|2
|
|-heal|p1a: requiem|80/100 par|[from] item: Leftovers
|upkeep
|turn|19
|
|t:|1757888342
|move|p2a: Gholdengo|Recover|p2a: Gholdengo
|-heal|p2a: Gholdengo|100/100
|move|p1a: requiem|Crunch|p2a: Gholdengo
|-supereffective|p2a: Gholdengo
|-crit|p2a: Gholdengo
|-damage|p2a: Gholdengo|34/100
|
|-heal|p1a: requiem|86/100 par|[from] item: Leftovers
|upkeep
|turn|20
|
|t:|1757888347
|move|p2a: Gholdengo|Recover|p2a: Gholdengo
|-heal|p2a: Gholdengo|84/100
|cant|p1a: requiem|par
|
|-heal|p1a: requiem|93/100 par|[from] item: Leftovers
|upkeep
|turn|21
|c|☆ensyde|whats with the confusion?
|c|☆ensyde|its over for you
|inactive|D.I.T_FR has 120 seconds left.
|c|☆D.I.T_FR|huh
|
|t:|1757888394
|move|p2a: Gholdengo|Shadow Ball|p1a: requiem
|-damage|p1a: requiem|61/100 par
|move|p1a: requiem|Crunch|p2a: Gholdengo
|-supereffective|p2a: Gholdengo
|-damage|p2a: Gholdengo|36/100
|
|-heal|p1a: requiem|67/100 par|[from] item: Leftovers
|upkeep
|turn|22
|c|☆ensyde|its over for you buddy
|
|t:|1757888402
|move|p2a: Gholdengo|Recover|p2a: Gholdengo
|-heal|p2a: Gholdengo|86/100
|move|p1a: requiem|Crunch|p2a: Gholdengo
|-supereffective|p2a: Gholdengo
|-damage|p2a: Gholdengo|37/100
|
|-heal|p1a: requiem|73/100 par|[from] item: Leftovers
|upkeep
|turn|23
|
|t:|1757888418
|move|p2a: Gholdengo|Recover|p2a: Gholdengo
|-heal|p2a: Gholdengo|88/100
|cant|p1a: requiem|par
|
|-heal|p1a: requiem|79/100 par|[from] item: Leftovers
|upkeep
|turn|24
|c|☆ensyde|ill finish the gold man
|
|t:|1757888441
|move|p2a: Gholdengo|Shadow Ball|p1a: requiem
|-damage|p1a: requiem|45/100 par
|cant|p1a: requiem|par
|
|-heal|p1a: requiem|52/100 par|[from] item: Leftovers
|upkeep
|turn|25
|
|t:|1757888445
|move|p2a: Gholdengo|Shadow Ball|p1a: requiem
|-crit|p1a: requiem
|-damage|p1a: requiem|0 fnt
|faint|p1a: requiem
|
|upkeep
|
|t:|1757888449
|switch|p1a: kindness|Dragonite, M, shiny|95/100
|-damage|p1a: kindness|70/100|[from] Stealth Rock
|turn|26
|c|☆D.I.T_FR|you said?
|
|t:|1757888457
|move|p1a: kindness|Earthquake|p2a: Gholdengo
|-supereffective|p2a: Gholdengo
|-damage|p2a: Gholdengo|7/100
|-damage|p1a: kindness|60/100|[from] item: Life Orb
|move|p2a: Gholdengo|Dazzling Gleam|p1a: kindness
|-supereffective|p1a: kindness
|-damage|p1a: kindness|0 fnt
|faint|p1a: kindness
|
|win|D.I.T_FR
|raw|ensyde's rating: 1355 &rarr; <strong>1334</strong><br />(-21 for losing)
|raw|D.I.T_FR's rating: 1345 &rarr; <strong>1366</strong><br />(+21 for winning)
|c|☆D.I.T_FR|gg pal
|l|☆ensyde
|player|p1|
