|j|☆Rectilineo ☆
|j|☆idonteatpets
|t:|1757824604
|gametype|singles
|player|p1|Rectilineo ☆|kimonogirl-gen2|1374
|player|p2|idonteatpets|170|1312
|gen|9
|tier|[Gen 9] OU
|rated|
|rule|HP Percentage Mod: HP is shown in percentages
|rule|Endless Battle Clause: Forcing endless battles is banned
|rule|Species Clause: Limit one of each Pokémon
|rule|OHKO Clause: OHKO moves are banned
|rule|Evasion Items Clause: Evasion items are banned
|rule|Evasion Moves Clause: Evasion moves are banned
|rule|Evasion Abilities Clause: Evasion abilities are banned
|rule|Sleep Moves Clause: Sleep-inducing moves are banned
|clearpoke
|poke|p1|Great Tusk|
|poke|p1|Heatran, M|
|poke|p1|Weavile, M|
|poke|p1|Primarina, M|
|poke|p1|Ogerpon, F|
|poke|p1|Pecharunt|
|poke|p2|Skarmory, F|
|poke|p2|Landorus-Therian, M|
|poke|p2|Serperior, M|
|poke|p2|Latios, M|
|poke|p2|Regice|
|poke|p2|Dragonite, M|
|teampreview
|inactive|Battle timer is ON: inactive players will automatically lose when time's up. (requested by Rectilineo ☆)
|c|☆idonteatpets|hi
|c|☆idonteatpets|are u japanese
|c|☆idonteatpets|nipponjin woman desu ka
|inactive|Rectilineo ☆ has 120 seconds left.
|
|t:|1757824650
|teamsize|p1|6
|teamsize|p2|6
|start
|switch|p1a: Weavile|Weavile, M|100/100
|switch|p2a: Skarmory|Skarmory, F|100/100
|-ability|p1a: Weavile|Pressure
|turn|1
|
|t:|1757824666
|switch|p1a: Pecharunt|Pecharunt|100/100
|move|p2a: Skarmory|Stealth Rock|p1a: Pecharunt
|-sidestart|p1: Rectilineo ☆|move: Stealth Rock
|
|upkeep
|turn|2
|c|☆idonteatpets|CMON CHAT
|
|t:|1757824682
|switch|p2a: Regice|Regice|100/100
|move|p1a: Pecharunt|Shadow Ball|p2a: Regice
|-damage|p2a: Regice|92/100
|
|upkeep
|turn|3
|
|t:|1757824690
|move|p1a: Pecharunt|Parting Shot|p2a: Regice
|-fail|p2a: Regice|unboost|[from] ability: Clear Body|[of] p2a: Regice
|move|p2a: Regice|Zap Cannon|p1a: Pecharunt
|-damage|p1a: Pecharunt|64/100
|-status|p1a: Pecharunt|par
|
|upkeep
|turn|4
|c|☆idonteatpets|lmao
|c|☆idonteatpets|lol even
|inactive|Rectilineo ☆ has 120 seconds left.
|
|t:|1757824725
|switch|p1a: Heatran|Heatran, M|100/100
|-damage|p1a: Heatran|88/100|[from] Stealth Rock
|-item|p1a: Heatran|Air Balloon
|move|p2a: Regice|Ice Beam|p1a: Heatran
|-resisted|p1a: Heatran
|-damage|p1a: Heatran|79/100
|-enditem|p1a: Heatran|Air Balloon
|
|upkeep
|turn|5
|
|t:|1757824742
|move|p1a: Heatran|Stealth Rock|p2a: Regice
|-sidestart|p2: idonteatpets|move: Stealth Rock
|move|p2a: Regice|Zap Cannon|p1a: Heatran
|-damage|p1a: Heatran|43/100
|-status|p1a: Heatran|par
|
|upkeep
|turn|6
|
|t:|1757824752
|cant|p1a: Heatran|par
|move|p2a: Regice|Thunderbolt|p1a: Heatran
|-damage|p1a: Heatran|18/100 par
|
|upkeep
|turn|7
|
|t:|1757824756
|move|p1a: Heatran|Magma Storm|p2a: Regice
|-supereffective|p2a: Regice
|-damage|p2a: Regice|56/100
|-activate|p2a: Regice|move: Magma Storm|[of] p1a: Heatran
|move|p2a: Regice|Thunderbolt|p1a: Heatran
|-damage|p1a: Heatran|0 fnt
|faint|p1a: Heatran
|
|-end|p2a: Regice|Magma Storm|[partiallytrapped]|[silent]
|upkeep
|inactive|Rectilineo ☆ has 120 seconds left.
|
|t:|1757824780
|switch|p1a: Weavile|Weavile, M|100/100
|-damage|p1a: Weavile|76/100|[from] Stealth Rock
|-ability|p1a: Weavile|Pressure
|turn|8
|
|t:|1757824785
|switch|p2a: Skarmory|Skarmory, F|100/100
|-damage|p2a: Skarmory|88/100|[from] Stealth Rock
|move|p1a: Weavile|Knock Off|p2a: Skarmory
|-damage|p2a: Skarmory|46/100
|-damage|p1a: Weavile|59/100|[from] item: Rocky Helmet|[of] p2a: Skarmory
|-enditem|p2a: Skarmory|Rocky Helmet|[from] move: Knock Off|[of] p1a: Weavile
|
|upkeep
|turn|9
|
|t:|1757824795
|switch|p1a: Great Tusk|Great Tusk|100/100
|move|p2a: Skarmory|Roost|p2a: Skarmory
|-heal|p2a: Skarmory|96/100
|-singleturn|p2a: Skarmory|move: Roost
|
|upkeep
|turn|10
|
|t:|1757824814
|switch|p2a: Latios|Latios, M|100/100
|-damage|p2a: Latios|88/100|[from] Stealth Rock
|move|p1a: Great Tusk|Rapid Spin|p2a: Latios
|-damage|p2a: Latios|63/100
|-boost|p1a: Great Tusk|spe|1
|-sideend|p1: Rectilineo ☆|Stealth Rock|[from] move: Rapid Spin|[of] p1a: Great Tusk
|
|upkeep
|turn|11
|
|t:|1757824823
|move|p2a: Latios|Ice Beam|p1a: Great Tusk
|-supereffective|p1a: Great Tusk
|-damage|p1a: Great Tusk|0 fnt
|faint|p1a: Great Tusk
|-end|p1a: Great Tusk|Protosynthesis|[silent]
|
|upkeep
|
|t:|1757824833
|switch|p1a: Primarina|Primarina, M, shiny|100/100
|turn|12
|
|t:|1757824842
|switch|p2a: Regice|Regice|56/100
|-damage|p2a: Regice|31/100|[from] Stealth Rock
|move|p1a: Primarina|Moonblast|p2a: Regice
|-damage|p2a: Regice|15/100
|
|upkeep
|turn|13
|
|t:|1757824850
|move|p1a: Primarina|Moonblast|p2a: Regice
|-damage|p2a: Regice|0 fnt
|faint|p2a: Regice
|
|upkeep
|
|t:|1757824858
|switch|p2a: Serperior|Serperior, M|100/100
|-damage|p2a: Serperior|88/100|[from] Stealth Rock
|turn|14
|
|t:|1757824862
|move|p2a: Serperior|Leaf Storm|p1a: Primarina
|-supereffective|p1a: Primarina
|-damage|p1a: Primarina|64/100
|-boost|p2a: Serperior|spa|2
|move|p1a: Primarina|Moonblast|p2a: Serperior
|-damage|p2a: Serperior|35/100
|
|-heal|p2a: Serperior|41/100|[from] item: Leftovers
|upkeep
|turn|15
|
|t:|1757824872
|move|p2a: Serperior|Leaf Storm|p1a: Primarina
|-supereffective|p1a: Primarina
|-damage|p1a: Primarina|0 fnt
|-boost|p2a: Serperior|spa|2
|faint|p1a: Primarina
|
|-heal|p2a: Serperior|48/100|[from] item: Leftovers
|upkeep
|
|t:|1757824878
|switch|p1a: Weavile|Weavile, M|59/100
|-ability|p1a: Weavile|Pressure
|turn|16
|
|t:|1757824881
|move|p2a: Serperior|Protect|p2a: Serperior
|-singleturn|p2a: Serperior|Protect
|move|p1a: Weavile|Triple Axel|p2a: Serperior
|-activate|p2a: Serperior|move: Protect
|
|-heal|p2a: Serperior|54/100|[from] item: Leftovers
|upkeep
|turn|17
|
|t:|1757824891
|switch|p2a: Skarmory|Skarmory, F|96/100
|-damage|p2a: Skarmory|84/100|[from] Stealth Rock
|move|p1a: Weavile|Triple Axel|p2a: Skarmory
|-damage|p2a: Skarmory|75/100
|-damage|p2a: Skarmory|58/100
|-damage|p2a: Skarmory|31/100
|-hitcount|p2a: Skarmory|3
|
|upkeep
|turn|18
|
|t:|1757824907
|move|p1a: Weavile|Triple Axel|p2a: Skarmory
|-damage|p2a: Skarmory|22/100
|-hitcount|p2a: Skarmory|1
|move|p2a: Skarmory|Roost|p2a: Skarmory
|-heal|p2a: Skarmory|72/100
|-singleturn|p2a: Skarmory|move: Roost
|
|upkeep
|turn|19
|
|t:|1757824915
|-terastallize|p1a: Weavile|Ice
|move|p1a: Weavile|Triple Axel|p2a: Skarmory
|-damage|p2a: Skarmory|60/100
|-damage|p2a: Skarmory|35/100
|-damage|p2a: Skarmory|0 fnt
|faint|p2a: Skarmory
|-hitcount|p2: Skarmory|3
|
|upkeep
|
|t:|1757824934
|switch|p2a: Latios|Latios, M|63/100
|-damage|p2a: Latios|51/100|[from] Stealth Rock
|turn|20
|
|t:|1757824943
|switch|p1a: Pecharunt|Pecharunt|64/100 par
|move|p2a: Latios|Draco Meteor|p1a: Pecharunt
|-damage|p1a: Pecharunt|0 fnt
|-unboost|p2a: Latios|spa|2
|faint|p1a: Pecharunt
|
|upkeep
|
|t:|1757824948
|switch|p1a: Ogerpon|Ogerpon, F|100/100
|turn|21
|
|t:|1757824956
|switch|p2a: Serperior|Serperior, M|54/100
|-damage|p2a: Serperior|41/100|[from] Stealth Rock
|move|p1a: Ogerpon|U-turn|p2a: Serperior
|-supereffective|p2a: Serperior
|-damage|p2a: Serperior|0 fnt
|faint|p2a: Serperior
|
|t:|1757824959
|switch|p1a: Weavile|Weavile, M, tera:Ice|59/100|[from] U-turn
|-ability|p1a: Weavile|Pressure
|
|upkeep
|
|t:|1757824967
|switch|p2a: Latios|Latios, M|51/100
|-damage|p2a: Latios|39/100|[from] Stealth Rock
|turn|22
|
|t:|1757824971
|move|p1a: Weavile|Ice Shard|p2a: Latios
|-supereffective|p2a: Latios
|-damage|p2a: Latios|0 fnt
|faint|p2a: Latios
|
|upkeep
|
|t:|1757824980
|switch|p2a: Landorus|Landorus-Therian, M|100/100
|-damage|p2a: Landorus|88/100|[from] Stealth Rock
|-ability|p2a: Landorus|Intimidate|boost
|-unboost|p1a: Weavile|atk|1
|turn|23
|
|t:|1757824986
|switch|p1a: Ogerpon|Ogerpon, F|100/100
|-terastallize|p2a: Landorus|Normal
|move|p2a: Landorus|Earthquake|p1a: Ogerpon
|-resisted|p1a: Ogerpon
|-damage|p1a: Ogerpon|63/100
|
|upkeep
|turn|24
|
|t:|1757824997
|switch|p2a: Dragonite|Dragonite, M|100/100
|-damage|p2a: Dragonite|76/100|[from] Stealth Rock
|move|p1a: Ogerpon|Rock Tomb|p2a: Dragonite
|-supereffective|p2a: Dragonite
|-damage|p2a: Dragonite|13/100
|-unboost|p2a: Dragonite|spe|1
|
|-heal|p2a: Dragonite|19/100|[from] item: Leftovers
|upkeep
|turn|25
|
|t:|1757825009
|move|p1a: Ogerpon|Rock Tomb|p2a: Dragonite
|-supereffective|p2a: Dragonite
|-damage|p2a: Dragonite|0 fnt
|faint|p2a: Dragonite
|
|upkeep
|
|t:|1757825013
|switch|p2a: Landorus|Landorus-Therian, M, tera:Normal|88/100
|-damage|p2a: Landorus|76/100|[from] Stealth Rock
|-ability|p2a: Landorus|Intimidate|boost
|-unboost|p1a: Ogerpon|atk|1
|-ability|p1a: Ogerpon|Defiant|boost
|-boost|p1a: Ogerpon|atk|2
|turn|26
|
|t:|1757825022
|move|p2a: Landorus|U-turn|p1a: Ogerpon
|-supereffective|p1a: Ogerpon
|-damage|p1a: Ogerpon|0 fnt
|faint|p1a: Ogerpon
|
|upkeep
|
|t:|1757825029
|switch|p1a: Weavile|Weavile, M, tera:Ice|59/100
|-ability|p1a: Weavile|Pressure
|turn|27
|c|☆idonteatpets|gg
|inactive|Rectilineo ☆ has 120 seconds left.
|inactive|Rectilineo ☆ has 90 seconds left.
|inactive|Rectilineo ☆ has 60 seconds left.
|
|t:|1757825133
|move|p2a: Landorus|U-turn|p1a: Weavile
|-damage|p1a: Weavile|14/100
|move|p1a: Weavile|Triple Axel|p2a: Landorus
|-damage|p2a: Landorus|52/100
|-damage|p2a: Landorus|5/100
|-damage|p2a: Landorus|0 fnt
|faint|p2a: Landorus
|-hitcount|p2: Landorus|3
|
|win|Rectilineo ☆
|raw|Rectilineo ☆'s rating: 1374 &rarr; <strong>1390</strong><br />(+16 for winning)
|raw|idonteatpets's rating: 1312 &rarr; <strong>1296</strong><br />(-16 for losing)
|c|☆Rectilineo ☆|lol even
|c|☆idonteatpets|lol
|l|☆Rectilineo ☆
|player|p1|
|c|☆idonteatpets|hi
