|j|☆Barron_Mitch
|j|☆kronk104
|t:|1757885136
|gametype|singles
|player|p1|Barron_Mitch|guitarist|
|player|p2|kronk104|102|
|gen|9
|tier|[Gen 9] OU
|rule|HP Percentage Mod: HP is shown in percentages
|rule|Endless Battle Clause: Forcing endless battles is banned
|rule|Species Clause: Limit one of each Pokémon
|rule|OHKO Clause: OHKO moves are banned
|rule|Evasion Items Clause: Evasion items are banned
|rule|Evasion Moves Clause: Evasion moves are banned
|rule|Evasion Abilities Clause: Evasion abilities are banned
|rule|Sleep Moves Clause: Sleep-inducing moves are banned
|clearpoke
|poke|p1|Regidrago|
|poke|p1|Dragonite, F|
|poke|p1|Latias, F|
|poke|p1|Goodra-Hisui, F|
|poke|p1|Kyurem|
|poke|p1|Garchomp, M|
|poke|p2|Muk, M|
|poke|p2|Clodsire, M|
|poke|p2|Fezandipiti, M|
|poke|p2|Amoonguss, F|
|poke|p2|Dragalge, F|
|poke|p2|Glimmora, F|
|teampreview
|j| thesunthesunthesun
|j| figurativeiq
|j| Karpsy
|l| figurativeiq
|j| figurativeiq
|
|t:|1757885198
|teamsize|p1|6
|teamsize|p2|6
|start
|switch|p1a: Your Death|Regidrago|100/100
|switch|p2a: nothing|Muk, M|100/100
|-item|p2a: nothing|Air Balloon
|turn|1
|
|t:|1757885235
|-terastallize|p1a: Your Death|Dragon
|move|p1a: Your Death|Dragon Energy|p2a: nothing
|-damage|p2a: nothing|26/100
|-enditem|p2a: nothing|Air Balloon
|move|p2a: nothing|Ice Punch|p1a: Your Death
|-supereffective|p1a: Your Death
|-crit|p1a: Your Death
|-damage|p1a: Your Death|44/100
|
|upkeep
|turn|2
|
|t:|1757885245
|move|p1a: Your Death|Dragon Energy|p2a: nothing
|-damage|p2a: nothing|0 fnt
|faint|p2a: nothing
|
|upkeep
|
|t:|1757885251
|switch|p2a: beats|Clodsire, M|100/100
|turn|3
|
|t:|1757885256
|move|p1a: Your Death|Dragon Energy|p2a: beats
|-damage|p2a: beats|60/100
|move|p2a: beats|Haze|p2a: beats
|-clearallboost
|
|-heal|p2a: beats|67/100|[from] item: Leftovers
|upkeep
|turn|4
|
|t:|1757885271
|move|p1a: Your Death|Dragon Energy|p2a: beats
|-damage|p2a: beats|27/100
|move|p2a: beats|Stone Edge|p1a: Your Death|[miss]
|-miss|p2a: beats|p1a: Your Death
|
|-heal|p2a: beats|33/100|[from] item: Leftovers
|upkeep
|turn|5
|
|t:|1757885281
|move|p1a: Your Death|Dragon Energy|p2a: beats
|-damage|p2a: beats|0 fnt
|faint|p2a: beats
|
|upkeep
|
|t:|1757885286
|switch|p2a: a|Fezandipiti, M|100/100
|turn|6
|
|t:|1757885297
|move|p1a: Your Death|Dragon Energy|p2a: a
|-immune|p2a: a
|move|p2a: a|Play Rough|p1a: Your Death
|-supereffective|p1a: Your Death
|-crit|p1a: Your Death
|-damage|p1a: Your Death|0 fnt
|faint|p1a: Your Death
|
|upkeep
|
|t:|1757885319
|switch|p1a: Piss Dragon|Latias, F, shiny|100/100
|turn|7
|
|t:|1757885345
|move|p2a: a|U-turn|p1a: Piss Dragon
|-supereffective|p1a: Piss Dragon
|-crit|p1a: Piss Dragon
|-damage|p1a: Piss Dragon|32/100
|
|t:|1757885352
|switch|p2a: jet|Amoonguss, F|100/100|[from] U-turn
|move|p1a: Piss Dragon|Draining Kiss|p2a: jet
|-resisted|p2a: jet
|-damage|p2a: jet|95/100
|-heal|p1a: Piss Dragon|36/100|[from] drain|[of] p2a: jet
|
|-heal|p1a: Piss Dragon|43/100|[from] item: Leftovers
|upkeep
|turn|8
|
|t:|1757885365
|move|p1a: Piss Dragon|Mist Ball|p2a: jet
|-supereffective|p2a: jet
|-damage|p2a: jet|31/100
|move|p2a: jet|Foul Play|p1a: Piss Dragon
|-supereffective|p1a: Piss Dragon
|-damage|p1a: Piss Dragon|4/100
|-damage|p2a: jet|21/100|[from] item: Life Orb
|
|-heal|p1a: Piss Dragon|10/100|[from] item: Leftovers
|upkeep
|turn|9
|
|t:|1757885394
|move|p1a: Piss Dragon|Mist Ball|p2a: jet
|-supereffective|p2a: jet
|-damage|p2a: jet|0 fnt
|faint|p2a: jet
|
|-heal|p1a: Piss Dragon|16/100|[from] item: Leftovers
|upkeep
|
|t:|1757885406
|switch|p2a: a|Fezandipiti, M|100/100
|turn|10
|
|t:|1757885422
|move|p2a: a|Play Rough|p1a: Piss Dragon
|-supereffective|p1a: Piss Dragon
|-damage|p1a: Piss Dragon|0 fnt
|faint|p1a: Piss Dragon
|
|upkeep
|
|t:|1757885453
|switch|p1a: AAAAAAHHHHHH!|Garchomp, M|100/100
|turn|11
|
|t:|1757885473
|move|p2a: a|Play Rough|p1a: AAAAAAHHHHHH!
|-supereffective|p1a: AAAAAAHHHHHH!
|-damage|p1a: AAAAAAHHHHHH!|46/100
|-damage|p2a: a|88/100|[from] ability: Rough Skin|[of] p1a: AAAAAAHHHHHH!
|-damage|p2a: a|72/100|[from] item: Rocky Helmet|[of] p1a: AAAAAAHHHHHH!
|move|p1a: AAAAAAHHHHHH!|Earthquake|p2a: a
|-supereffective|p2a: a
|-damage|p2a: a|0 fnt
|faint|p2a: a
|
|upkeep
|
|t:|1757885483
|switch|p2a: 2|Dragalge, F|100/100
|turn|12
|
|t:|1757885492
|move|p1a: AAAAAAHHHHHH!|Earthquake|p2a: 2
|-supereffective|p2a: 2
|-damage|p2a: 2|7/100
|move|p2a: 2|Haze|p2a: 2
|-clearallboost
|
|upkeep
|turn|13
|
|t:|1757885499
|move|p1a: AAAAAAHHHHHH!|Earthquake|p2a: 2
|-supereffective|p2a: 2
|-damage|p2a: 2|0 fnt
|faint|p2a: 2
|
|upkeep
|
|t:|1757885503
|switch|p2a: holiday|Glimmora, F|100/100
|turn|14
|
|t:|1757885519
|move|p2a: holiday|Earth Power|p1a: AAAAAAHHHHHH!
|-damage|p1a: AAAAAAHHHHHH!|18/100
|move|p1a: AAAAAAHHHHHH!|Earthquake|p2a: holiday
|-supereffective|p2a: holiday
|-damage|p2a: holiday|0 fnt
|-activate|p2a: holiday|ability: Toxic Debris
|-sidestart|p1: Barron_Mitch|move: Toxic Spikes
|faint|p2a: holiday
|
|win|Barron_Mitch
|l| Karpsy
