|j|☆Team BBIO 38
|j|☆Mahp860226
|t:|1757953542
|gametype|singles
|player|p1|Team BBIO 38|dragontamer|1313
|player|p2|Mahp860226|169|1315
|gen|9
|tier|[Gen 9] OU
|rated|
|rule|HP Percentage Mod: HP is shown in percentages
|rule|Endless Battle Clause: Forcing endless battles is banned
|rule|Species Clause: Limit one of each Pokémon
|rule|OHKO Clause: OHKO moves are banned
|rule|Evasion Items Clause: Evasion items are banned
|rule|Evasion Moves Clause: Evasion moves are banned
|rule|Evasion Abilities Clause: Evasion abilities are banned
|rule|Sleep Moves Clause: Sleep-inducing moves are banned
|clearpoke
|poke|p1|Dusclops, M|
|poke|p1|Blissey, F|
|poke|p1|Flamigo, M|
|poke|p1|Latias, F|
|poke|p1|Darkrai|
|poke|p1|Mienshao, M|
|poke|p2|Mimikyu, F|
|poke|p2|Corviknight, M|
|poke|p2|Lokix, M|
|poke|p2|Heatran, F|
|poke|p2|Clodsire, M|
|poke|p2|Dragapult, M|
|teampreview
|inactive|Battle timer is ON: inactive players will automatically lose when time's up. (requested by Team BBIO 38)
|
|t:|1757953555
|teamsize|p1|6
|teamsize|p2|6
|start
|switch|p1a: Mienshao|Mienshao, M|100/100
|switch|p2a: Dragapult|Dragapult, M|100/100
|turn|1
|
|t:|1757953563
|switch|p1a: Blissey|Blissey, F|100/100
|move|p2a: Dragapult|Draco Meteor|p1a: Blissey
|-damage|p1a: Blissey|80/100
|-unboost|p2a: Dragapult|spa|2
|
|-heal|p1a: Blissey|86/100|[from] item: Leftovers
|upkeep
|turn|2
|
|t:|1757953575
|switch|p2a: Clodsire|Clodsire, M|100/100
|move|p1a: Blissey|Thunder Wave|p2a: Clodsire
|-immune|p2a: Clodsire
|
|-heal|p1a: Blissey|92/100|[from] item: Leftovers
|upkeep
|turn|3
|
|t:|1757953584
|move|p1a: Blissey|Seismic Toss|p2a: Clodsire
|-damage|p2a: Clodsire|79/100
|move|p2a: Clodsire|Toxic|p1a: Blissey
|-status|p1a: Blissey|tox
|
|-heal|p1a: Blissey|98/100 tox|[from] item: Leftovers
|-heal|p2a: Clodsire|85/100|[from] item: Black Sludge
|-damage|p1a: Blissey|92/100 tox|[from] psn
|upkeep
|turn|4
|
|t:|1757953601
|move|p1a: Blissey|Seismic Toss|p2a: Clodsire
|-damage|p2a: Clodsire|64/100
|move|p2a: Clodsire|Recover|p2a: Clodsire
|-heal|p2a: Clodsire|100/100
|
|-heal|p1a: Blissey|98/100 tox|[from] item: Leftovers
|-damage|p1a: Blissey|86/100 tox|[from] psn
|upkeep
|turn|5
|
|t:|1757953611
|move|p1a: Blissey|Heal Bell|p1a: Blissey
|-activate|p1a: Blissey|move: Heal Bell
|-curestatus|p1a: Blissey|tox|[msg]
|move|p2a: Clodsire|Earthquake|p1a: Blissey
|-damage|p1a: Blissey|61/100
|
|-heal|p1a: Blissey|67/100|[from] item: Leftovers
|upkeep
|turn|6
|
|t:|1757953620
|move|p1a: Blissey|Soft-Boiled|p1a: Blissey
|-heal|p1a: Blissey|100/100
|move|p2a: Clodsire|Toxic|p1a: Blissey
|-status|p1a: Blissey|tox
|
|-damage|p1a: Blissey|94/100 tox|[from] psn
|upkeep
|turn|7
|
|t:|1757953629
|move|p1a: Blissey|Seismic Toss|p2a: Clodsire
|-damage|p2a: Clodsire|79/100
|move|p2a: Clodsire|Earthquake|p1a: Blissey
|-damage|p1a: Blissey|72/100 tox
|
|-heal|p1a: Blissey|78/100 tox|[from] item: Leftovers
|-heal|p2a: Clodsire|85/100|[from] item: Black Sludge
|-damage|p1a: Blissey|66/100 tox|[from] psn
|upkeep
|turn|8
|
|t:|1757953642
|-curestatus|p1a: Blissey|tox|[from] ability: Natural Cure
|switch|p1a: Mienshao|Mienshao, M|100/100
|switch|p2a: Mimikyu|Mimikyu, F|100/100
|
|upkeep
|turn|9
|
|t:|1757953662
|move|p1a: Mienshao|Triple Axel|p2a: Mimikyu
|-activate|p2a: Mimikyu|ability: Disguise
|-damage|p2a: Mimikyu|100/100
|detailschange|p2a: Mimikyu|Mimikyu-Busted, F
|-damage|p2a: Mimikyu|88/100|[from] pokemon: Mimikyu-Busted
|-hitcount|p2a: Mimikyu|1
|move|p2a: Mimikyu|Swords Dance|p2a: Mimikyu
|-boost|p2a: Mimikyu|atk|2
|
|upkeep
|turn|10
|
|t:|1757953678
|switch|p1a: Dusclops|Dusclops, M|100/100
|-item|p2a: Mimikyu|Life Orb|[from] ability: Frisk|[of] p1a: Dusclops
|move|p2a: Mimikyu|Drain Punch|p1a: Dusclops
|-immune|p1a: Dusclops
|
|upkeep
|turn|11
|
|t:|1757953688
|move|p2a: Mimikyu|Shadow Sneak|p1a: Dusclops
|-supereffective|p1a: Dusclops
|-damage|p1a: Dusclops|59/100
|-damage|p2a: Mimikyu|78/100|[from] item: Life Orb
|move|p1a: Dusclops|Haze|p1a: Dusclops
|-clearallboost
|
|upkeep
|turn|12
|
|t:|1757953696
|move|p2a: Mimikyu|Play Rough|p1a: Dusclops
|-damage|p1a: Dusclops|36/100
|-damage|p2a: Mimikyu|68/100|[from] item: Life Orb
|move|p1a: Dusclops|Pain Split|p2a: Mimikyu
|-sethp|p2a: Mimikyu|54/100|[from] move: Pain Split|[silent]
|-sethp|p1a: Dusclops|48/100|[from] move: Pain Split
|
|upkeep
|turn|13
|
|t:|1757953708
|move|p2a: Mimikyu|Swords Dance|p2a: Mimikyu
|-boost|p2a: Mimikyu|atk|2
|move|p1a: Dusclops|Will-O-Wisp|p2a: Mimikyu
|-status|p2a: Mimikyu|brn
|
|-damage|p2a: Mimikyu|49/100 brn|[from] brn
|upkeep
|turn|14
|
|t:|1757953719
|move|p2a: Mimikyu|Shadow Sneak|p1a: Dusclops
|-supereffective|p1a: Dusclops
|-damage|p1a: Dusclops|28/100
|-damage|p2a: Mimikyu|39/100 brn|[from] item: Life Orb
|move|p1a: Dusclops|Night Shade|p2a: Mimikyu
|-damage|p2a: Mimikyu|0 fnt
|faint|p2a: Mimikyu
|
|upkeep
|
|t:|1757953729
|switch|p2a: Dragapult|Dragapult, M|100/100
|turn|15
|
|t:|1757953734
|move|p2a: Dragapult|U-turn|p1a: Dusclops
|-resisted|p1a: Dusclops
|-damage|p1a: Dusclops|24/100
|
|t:|1757953738
|switch|p2a: Clodsire|Clodsire, M|85/100|[from] U-turn
|move|p1a: Dusclops|Pain Split|p2a: Clodsire
|-sethp|p2a: Clodsire|50/100|[from] move: Pain Split|[silent]
|-sethp|p1a: Dusclops|81/100|[from] move: Pain Split
|
|-heal|p2a: Clodsire|56/100|[from] item: Black Sludge
|upkeep
|turn|16
|
|t:|1757953748
|switch|p1a: Blissey|Blissey, F|66/100
|move|p2a: Clodsire|Toxic|p1a: Blissey
|-status|p1a: Blissey|tox
|
|-heal|p1a: Blissey|72/100 tox|[from] item: Leftovers
|-heal|p2a: Clodsire|63/100|[from] item: Black Sludge
|-damage|p1a: Blissey|66/100 tox|[from] psn
|upkeep
|turn|17
|
|t:|1757953763
|switch|p2a: Lokix|Lokix, M|100/100
|move|p1a: Blissey|Soft-Boiled|p1a: Blissey
|-heal|p1a: Blissey|100/100 tox
|
|-damage|p1a: Blissey|88/100 tox|[from] psn
|upkeep
|turn|18
|
|t:|1757953773
|-curestatus|p1a: Blissey|tox|[from] ability: Natural Cure
|switch|p1a: Dusclops|Dusclops, M|81/100
|-item|p2a: Lokix|Focus Sash|[from] ability: Frisk|[of] p1a: Dusclops
|move|p2a: Lokix|First Impression|p1a: Dusclops
|-resisted|p1a: Dusclops
|-damage|p1a: Dusclops|62/100
|
|upkeep
|turn|19
|
|t:|1757953783
|move|p2a: Lokix|Knock Off|p1a: Dusclops
|-supereffective|p1a: Dusclops
|-damage|p1a: Dusclops|24/100
|-enditem|p1a: Dusclops|Eviolite|[from] move: Knock Off|[of] p2a: Lokix
|move|p1a: Dusclops|Night Shade|p2a: Lokix
|-damage|p2a: Lokix|65/100
|
|upkeep
|turn|20
|
|t:|1757953790
|move|p2a: Lokix|Knock Off|p1a: Dusclops
|-supereffective|p1a: Dusclops
|-damage|p1a: Dusclops|0 fnt
|faint|p1a: Dusclops
|
|upkeep
|
|t:|1757953801
|switch|p1a: Mienshao|Mienshao, M|100/100
|turn|21
|
|t:|1757953808
|switch|p2a: Corviknight|Corviknight, M|100/100
|move|p1a: Mienshao|Triple Axel|p2a: Corviknight
|-damage|p2a: Corviknight|95/100
|-damage|p1a: Mienshao|84/100|[from] item: Rocky Helmet|[of] p2a: Corviknight
|-hitcount|p2a: Corviknight|1
|
|upkeep
|turn|22
|
|t:|1757953819
|switch|p1a: Blissey|Blissey, F|88/100
|move|p2a: Corviknight|Body Press|p1a: Blissey
|-supereffective|p1a: Blissey
|-damage|p1a: Blissey|45/100
|
|-heal|p1a: Blissey|51/100|[from] item: Leftovers
|upkeep
|turn|23
|
|t:|1757953828
|move|p2a: Corviknight|Body Press|p1a: Blissey
|-supereffective|p1a: Blissey
|-damage|p1a: Blissey|2/100
|move|p1a: Blissey|Soft-Boiled|p1a: Blissey
|-heal|p1a: Blissey|52/100
|
|-heal|p1a: Blissey|58/100|[from] item: Leftovers
|upkeep
|turn|24
|
|t:|1757953837
|move|p2a: Corviknight|Body Press|p1a: Blissey
|-supereffective|p1a: Blissey
|-damage|p1a: Blissey|9/100
|move|p1a: Blissey|Thunder Wave|p2a: Corviknight
|-status|p2a: Corviknight|par
|
|-heal|p1a: Blissey|15/100|[from] item: Leftovers
|upkeep
|turn|25
|
|t:|1757953846
|move|p1a: Blissey|Soft-Boiled|p1a: Blissey
|-heal|p1a: Blissey|65/100
|move|p2a: Corviknight|Body Press|p1a: Blissey
|-supereffective|p1a: Blissey
|-damage|p1a: Blissey|16/100
|
|-heal|p1a: Blissey|22/100|[from] item: Leftovers
|upkeep
|turn|26
|
|t:|1757953855
|move|p1a: Blissey|Soft-Boiled|p1a: Blissey
|-heal|p1a: Blissey|72/100
|move|p2a: Corviknight|U-turn|p1a: Blissey
|-damage|p1a: Blissey|60/100
|
|t:|1757953861
|switch|p2a: Lokix|Lokix, M|65/100|[from] U-turn
|
|-heal|p1a: Blissey|66/100|[from] item: Leftovers
|upkeep
|turn|27
|
|t:|1757953872
|move|p2a: Lokix|Knock Off|p1a: Blissey
|-damage|p1a: Blissey|31/100
|-enditem|p1a: Blissey|Leftovers|[from] move: Knock Off|[of] p2a: Lokix
|move|p1a: Blissey|Seismic Toss|p2a: Lokix
|-damage|p2a: Lokix|30/100
|
|upkeep
|turn|28
|
|t:|1757953880
|move|p2a: Lokix|Axe Kick|p1a: Blissey|[miss]
|-miss|p2a: Lokix|p1a: Blissey
|-damage|p2a: Lokix|0 fnt|[from] highjumpkick
|faint|p2a: Lokix
|move|p1a: Blissey|Seismic Toss|p2: Lokix|[notarget]
|-fail|p1a: Blissey
|
|upkeep
|
|t:|1757953887
|switch|p2a: Corviknight|Corviknight, M|95/100 par
|turn|29
|
|t:|1757953891
|move|p1a: Blissey|Soft-Boiled|p1a: Blissey
|-heal|p1a: Blissey|81/100
|move|p2a: Corviknight|Body Press|p1a: Blissey
|-supereffective|p1a: Blissey
|-damage|p1a: Blissey|33/100
|
|upkeep
|turn|30
|
|t:|1757953898
|move|p1a: Blissey|Soft-Boiled|p1a: Blissey
|-heal|p1a: Blissey|83/100
|cant|p2a: Corviknight|par
|
|upkeep
|turn|31
|
|t:|1757953906
|switch|p1a: Alaric|Latias, F|100/100
|move|p2a: Corviknight|Body Press|p1a: Alaric
|-resisted|p1a: Alaric
|-damage|p1a: Alaric|85/100
|
|upkeep
|turn|32
|
|t:|1757953915
|switch|p2a: Heatran|Heatran, F|100/100
|move|p1a: Alaric|Calm Mind|p1a: Alaric
|-boost|p1a: Alaric|spa|1
|-boost|p1a: Alaric|spd|1
|
|upkeep
|turn|33
|
|t:|1757953922
|move|p1a: Alaric|Calm Mind|p1a: Alaric
|-boost|p1a: Alaric|spa|1
|-boost|p1a: Alaric|spd|1
|move|p2a: Heatran|Dragon Pulse|p1a: Alaric
|-supereffective|p1a: Alaric
|-damage|p1a: Alaric|53/100
|
|upkeep
|turn|34
|
|t:|1757953933
|move|p1a: Alaric|Calm Mind|p1a: Alaric
|-boost|p1a: Alaric|spa|1
|-boost|p1a: Alaric|spd|1
|move|p2a: Heatran|Dragon Pulse|p1a: Alaric
|-supereffective|p1a: Alaric
|-damage|p1a: Alaric|26/100
|
|upkeep
|turn|35
|
|t:|1757953941
|-terastallize|p1a: Alaric|Steel
|move|p1a: Alaric|Recover|p1a: Alaric
|-heal|p1a: Alaric|77/100
|move|p2a: Heatran|Dragon Pulse|p1a: Alaric
|-resisted|p1a: Alaric
|-damage|p1a: Alaric|71/100
|
|upkeep
|turn|36
|
|t:|1757953950
|move|p1a: Alaric|Calm Mind|p1a: Alaric
|-boost|p1a: Alaric|spa|1
|-boost|p1a: Alaric|spd|1
|move|p2a: Heatran|Lava Plume|p1a: Alaric
|-supereffective|p1a: Alaric
|-damage|p1a: Alaric|45/100
|
|upkeep
|turn|37
|
|t:|1757953957
|switch|p2a: Clodsire|Clodsire, M|63/100
|move|p1a: Alaric|Aura Sphere|p2a: Clodsire
|-resisted|p2a: Clodsire
|-damage|p2a: Clodsire|57/100
|
|-heal|p2a: Clodsire|63/100|[from] item: Black Sludge
|upkeep
|turn|38
|
|t:|1757953968
|move|p1a: Alaric|Stored Power|p2a: Clodsire
|-supereffective|p2a: Clodsire
|-damage|p2a: Clodsire|0 fnt
|faint|p2a: Clodsire
|
|upkeep
|
|t:|1757953974
|switch|p2a: Dragapult|Dragapult, M|100/100
|turn|39
|
|t:|1757953980
|move|p2a: Dragapult|Draco Meteor|p1a: Alaric
|-resisted|p1a: Alaric
|-damage|p1a: Alaric|36/100
|-unboost|p2a: Dragapult|spa|2
|move|p1a: Alaric|Stored Power|p2a: Dragapult
|-damage|p2a: Dragapult|0 fnt
|faint|p2a: Dragapult
|
|upkeep
|
|t:|1757953991
|switch|p2a: Heatran|Heatran, F|100/100
|turn|40
|
|t:|1757953994
|move|p1a: Alaric|Aura Sphere|p2a: Heatran
|-supereffective|p2a: Heatran
|-damage|p2a: Heatran|20/100
|move|p2a: Heatran|Dragon Pulse|p1a: Alaric
|-resisted|p1a: Alaric
|-damage|p1a: Alaric|31/100
|
|upkeep
|turn|41
|inactive|Mahp860226 has 120 seconds left.
|inactive|Mahp860226 has 90 seconds left.
|inactive|Mahp860226 has 60 seconds left.
|inactive|Mahp860226 has 30 seconds left.
|inactive|Mahp860226 has 20 seconds left.
|inactive|Mahp860226 has 15 seconds left.
|inactive|Mahp860226 has 10 seconds left.
|inactive|Mahp860226 has 5 seconds left.
|-message|Mahp860226 lost due to inactivity.
|
|win|Team BBIO 38
|raw|Team BBIO 38's rating: 1313 &rarr; <strong>1333</strong><br />(+20 for winning)
|raw|Mahp860226's rating: 1315 &rarr; <strong>1295</strong><br />(-20 for losing)
|l|☆Team BBIO 38
|player|p1|
