|j|☆winslowyoudog
|j|☆alanfournumbers
|t:|1757948499
|gametype|singles
|player|p1|winslowyoudog|xerosic|1758
|player|p2|alanfournumbers|2|1737
|gen|9
|tier|[Gen 9] OU
|rated|
|rule|HP Percentage Mod: HP is shown in percentages
|rule|Endless Battle Clause: Forcing endless battles is banned
|rule|Species Clause: Limit one of each Pokémon
|rule|OHKO Clause: OHKO moves are banned
|rule|Evasion Items Clause: Evasion items are banned
|rule|Evasion Moves Clause: Evasion moves are banned
|rule|Evasion Abilities Clause: Evasion abilities are banned
|rule|Sleep Moves Clause: Sleep-inducing moves are banned
|clearpoke
|poke|p1|Pelipper, M|
|poke|p1|Barraskewda, F|
|poke|p1|Zapdos|
|poke|p1|Toxicroak, F|
|poke|p1|Iron Treads|
|poke|p1|Kingambit, M|
|poke|p2|Pecharunt|
|poke|p2|Great Tusk|
|poke|p2|Ogerpon-Wellspring, F|
|poke|p2|Iron Crown|
|poke|p2|Landorus-Therian, M|
|poke|p2|Samurott-Hisui, F|
|teampreview
|
|t:|1757948507
|teamsize|p1|6
|teamsize|p2|6
|start
|switch|p1a: Pelipper|Pelipper, M|100/100
|switch|p2a: Edging Ceaselessly|Samurott-Hisui, F|100/100
|-weather|RainDance|[from] ability: Drizzle|[of] p1a: Pelipper
|turn|1
|
|t:|1757948515
|switch|p1a: Toxicroak|Toxicroak, F|100/100
|move|p2a: Edging Ceaselessly|Ceaseless Edge|p1a: Toxicroak
|-resisted|p1a: Toxicroak
|-damage|p1a: Toxicroak|80/100
|-damage|p2a: Edging Ceaselessly|84/100|[from] item: Rocky Helmet|[of] p1a: Toxicroak
|-sidestart|p1: winslowyoudog|Spikes
|
|-weather|RainDance|[upkeep]
|-heal|p1a: Toxicroak|92/100|[from] ability: Dry Skin
|upkeep
|turn|2
|
|t:|1757948525
|switch|p2a: Tahm Pech|Pecharunt|100/100
|move|p1a: Toxicroak|Knock Off|p2a: Tahm Pech
|-supereffective|p2a: Tahm Pech
|-damage|p2a: Tahm Pech|79/100
|-damage|p1a: Toxicroak|76/100|[from] item: Rocky Helmet|[of] p2a: Tahm Pech
|-enditem|p2a: Tahm Pech|Rocky Helmet|[from] move: Knock Off|[of] p1a: Toxicroak
|
|-weather|RainDance|[upkeep]
|-heal|p1a: Toxicroak|88/100|[from] ability: Dry Skin
|upkeep
|turn|3
|
|t:|1757948530
|switch|p1a: Kingambit|Kingambit, M|100/100
|-damage|p1a: Kingambit|88/100|[from] Spikes
|move|p2a: Tahm Pech|Parting Shot|p1a: Kingambit
|-unboost|p1a: Kingambit|atk|1
|-unboost|p1a: Kingambit|spa|1
|
|t:|1757948536
|switch|p2a: Basedlord CTE|Great Tusk|100/100|[from] Parting Shot
|-enditem|p2a: Basedlord CTE|Booster Energy
|-activate|p2a: Basedlord CTE|ability: Protosynthesis|[fromitem]
|-start|p2a: Basedlord CTE|protosynthesisspe
|
|-weather|RainDance|[upkeep]
|-heal|p1a: Kingambit|94/100|[from] item: Leftovers
|upkeep
|turn|4
|
|t:|1757948541
|-end|p1a: Kingambit|fallenundefined|[silent]
|switch|p1a: Zapdos|Zapdos|100/100
|move|p2a: Basedlord CTE|Stealth Rock|p1a: Zapdos
|-sidestart|p1: winslowyoudog|move: Stealth Rock
|
|-weather|RainDance|[upkeep]
|upkeep
|turn|5
|
|t:|1757948552
|-end|p2a: Basedlord CTE|Protosynthesis|[silent]
|switch|p2a: Wokeballion|Iron Crown|100/100
|move|p1a: Zapdos|Weather Ball|p2a: Wokeballion
|-damage|p2a: Wokeballion|25/100
|
|-weather|RainDance|[upkeep]
|upkeep
|turn|6
|
|t:|1757948565
|move|p1a: Zapdos|Weather Ball|p2a: Wokeballion
|-damage|p2a: Wokeballion|0 fnt
|faint|p2a: Wokeballion
|-end|p2a: Wokeballion|Quark Drive|[silent]
|
|-weather|RainDance|[upkeep]
|upkeep
|
|t:|1757948568
|switch|p2a: :pensive:|Ogerpon-Wellspring, F|100/100
|turn|7
|
|t:|1757948571
|switch|p1a: Toxicroak|Toxicroak, F|88/100
|-damage|p1a: Toxicroak|76/100|[from] Spikes
|-damage|p1a: Toxicroak|69/100|[from] Stealth Rock
|switch|p2a: i be doin the most|Landorus-Therian, M|100/100
|-ability|p2a: i be doin the most|Intimidate|boost
|-unboost|p1a: Toxicroak|atk|1
|
|-weather|RainDance|[upkeep]
|-heal|p1a: Toxicroak|82/100|[from] ability: Dry Skin
|upkeep
|turn|8
|
|t:|1757948575
|move|p1a: Toxicroak|Protect|p1a: Toxicroak
|-singleturn|p1a: Toxicroak|Protect
|move|p2a: i be doin the most|Earthquake|p1a: Toxicroak
|-activate|p1a: Toxicroak|move: Protect
|
|-weather|none
|upkeep
|turn|9
|
|t:|1757948582
|switch|p2a: Edging Ceaselessly|Samurott-Hisui, F|84/100
|switch|p1a: Pelipper|Pelipper, M|100/100
|-damage|p1a: Pelipper|76/100|[from] Stealth Rock
|-weather|RainDance|[from] ability: Drizzle|[of] p1a: Pelipper
|
|-weather|RainDance|[upkeep]
|upkeep
|turn|10
|
|t:|1757948585
|switch|p1a: Toxicroak|Toxicroak, F|82/100
|-damage|p1a: Toxicroak|69/100|[from] Spikes
|-damage|p1a: Toxicroak|63/100|[from] Stealth Rock
|move|p2a: Edging Ceaselessly|Ceaseless Edge|p1a: Toxicroak
|-resisted|p1a: Toxicroak
|-damage|p1a: Toxicroak|39/100
|-damage|p2a: Edging Ceaselessly|67/100|[from] item: Rocky Helmet|[of] p1a: Toxicroak
|-sidestart|p1: winslowyoudog|Spikes
|
|-weather|RainDance|[upkeep]
|-heal|p1a: Toxicroak|52/100|[from] ability: Dry Skin
|upkeep
|turn|11
|
|t:|1757948592
|switch|p2a: Tahm Pech|Pecharunt|79/100
|move|p1a: Toxicroak|Drain Punch|p2a: Tahm Pech
|-immune|p2a: Tahm Pech
|
|-weather|RainDance|[upkeep]
|-heal|p1a: Toxicroak|64/100|[from] ability: Dry Skin
|upkeep
|turn|12
|
|t:|1757948595
|move|p1a: Toxicroak|Protect|p1a: Toxicroak
|-singleturn|p1a: Toxicroak|Protect
|move|p2a: Tahm Pech|Parting Shot|p1a: Toxicroak
|-activate|p1a: Toxicroak|move: Protect
|
|-weather|RainDance|[upkeep]
|-heal|p1a: Toxicroak|77/100|[from] ability: Dry Skin
|upkeep
|turn|13
|
|t:|1757948606
|move|p1a: Toxicroak|Knock Off|p2a: Tahm Pech
|-supereffective|p2a: Tahm Pech
|-damage|p2a: Tahm Pech|63/100
|move|p2a: Tahm Pech|Parting Shot|p1a: Toxicroak
|-unboost|p1a: Toxicroak|atk|1
|-unboost|p1a: Toxicroak|spa|1
|
|t:|1757948611
|switch|p2a: i be doin the most|Landorus-Therian, M|100/100|[from] Parting Shot
|-ability|p2a: i be doin the most|Intimidate|boost
|-unboost|p1a: Toxicroak|atk|1
|
|-weather|RainDance|[upkeep]
|-heal|p1a: Toxicroak|89/100|[from] ability: Dry Skin
|upkeep
|turn|14
|
|t:|1757948632
|switch|p1a: Zapdos|Zapdos|100/100
|-damage|p1a: Zapdos|76/100|[from] Stealth Rock
|move|p2a: i be doin the most|Stone Edge|p1a: Zapdos
|-supereffective|p1a: Zapdos
|-damage|p1a: Zapdos|0 fnt
|faint|p1a: Zapdos
|
|-weather|RainDance|[upkeep]
|upkeep
|
|t:|1757948642
|switch|p1a: Barraskewda|Barraskewda, F|100/100
|-damage|p1a: Barraskewda|84/100|[from] Spikes
|-damage|p1a: Barraskewda|72/100|[from] Stealth Rock
|turn|15
|j| Dionysos
|
|t:|1757948649
|switch|p2a: :pensive:|Ogerpon-Wellspring, F|100/100
|move|p1a: Barraskewda|Close Combat|p2a: :pensive:
|-damage|p2a: :pensive:|44/100
|-unboost|p1a: Barraskewda|def|1
|-unboost|p1a: Barraskewda|spd|1
|
|-weather|RainDance|[upkeep]
|upkeep
|turn|16
|l| Dionysos
|
|t:|1757948659
|switch|p1a: Iron Treads|Iron Treads|100/100
|-damage|p1a: Iron Treads|84/100|[from] Spikes
|-damage|p1a: Iron Treads|81/100|[from] Stealth Rock
|move|p2a: :pensive:|Synthesis|p2a: :pensive:
|-heal|p2a: :pensive:|69/100
|
|-weather|none
|-heal|p1a: Iron Treads|87/100|[from] item: Leftovers
|upkeep
|turn|17
|
|t:|1757948667
|switch|p2a: Tahm Pech|Pecharunt|63/100
|move|p1a: Iron Treads|Rapid Spin|p2a: Tahm Pech
|-immune|p2a: Tahm Pech
|
|-heal|p1a: Iron Treads|93/100|[from] item: Leftovers
|upkeep
|turn|18
|
|t:|1757948673
|move|p1a: Iron Treads|Stealth Rock|p2a: Tahm Pech
|-sidestart|p2: alanfournumbers|move: Stealth Rock
|move|p2a: Tahm Pech|Recover|p2a: Tahm Pech
|-heal|p2a: Tahm Pech|100/100
|
|-heal|p1a: Iron Treads|99/100|[from] item: Leftovers
|upkeep
|turn|19
|
|t:|1757948677
|move|p1a: Iron Treads|Earthquake|p2a: Tahm Pech
|-supereffective|p2a: Tahm Pech
|-damage|p2a: Tahm Pech|65/100
|move|p2a: Tahm Pech|Parting Shot|p1a: Iron Treads
|-unboost|p1a: Iron Treads|atk|1
|-unboost|p1a: Iron Treads|spa|1
|
|t:|1757948679
|switch|p2a: i be doin the most|Landorus-Therian, M|100/100|[from] Parting Shot
|-damage|p2a: i be doin the most|88/100|[from] Stealth Rock
|-ability|p2a: i be doin the most|Intimidate|boost
|-unboost|p1a: Iron Treads|atk|1
|
|-heal|p1a: Iron Treads|100/100|[from] item: Leftovers
|upkeep
|turn|20
|
|t:|1757948683
|move|p2a: i be doin the most|U-turn|p1a: Iron Treads
|-resisted|p1a: Iron Treads
|-damage|p1a: Iron Treads|89/100
|
|t:|1757948686
|switch|p2a: Tahm Pech|Pecharunt|65/100|[from] U-turn
|-damage|p2a: Tahm Pech|53/100|[from] Stealth Rock
|move|p1a: Iron Treads|Rapid Spin|p2a: Tahm Pech
|-immune|p2a: Tahm Pech
|
|-heal|p1a: Iron Treads|95/100|[from] item: Leftovers
|upkeep
|turn|21
|
|t:|1757948690
|move|p1a: Iron Treads|Earthquake|p2a: Tahm Pech
|-supereffective|p2a: Tahm Pech
|-damage|p2a: Tahm Pech|35/100
|move|p2a: Tahm Pech|Recover|p2a: Tahm Pech
|-heal|p2a: Tahm Pech|85/100
|
|-heal|p1a: Iron Treads|100/100|[from] item: Leftovers
|upkeep
|turn|22
|
|t:|1757948693
|move|p1a: Iron Treads|Earthquake|p2a: Tahm Pech
|-supereffective|p2a: Tahm Pech
|-damage|p2a: Tahm Pech|68/100
|move|p2a: Tahm Pech|Parting Shot|p1a: Iron Treads
|-unboost|p1a: Iron Treads|atk|1
|-unboost|p1a: Iron Treads|spa|1
|
|t:|1757948702
|switch|p2a: i be doin the most|Landorus-Therian, M|88/100|[from] Parting Shot
|-damage|p2a: i be doin the most|76/100|[from] Stealth Rock
|-ability|p2a: i be doin the most|Intimidate|boost
|-unboost|p1a: Iron Treads|atk|1
|
|upkeep
|turn|23
|
|t:|1757948704
|move|p2a: i be doin the most|Earthquake|p1a: Iron Treads
|-supereffective|p1a: Iron Treads
|-damage|p1a: Iron Treads|7/100
|move|p1a: Iron Treads|Rapid Spin|p2a: i be doin the most
|-damage|p2a: i be doin the most|71/100
|-boost|p1a: Iron Treads|spe|1
|-sideend|p1: winslowyoudog|Spikes|[from] move: Rapid Spin|[of] p1a: Iron Treads
|-sideend|p1: winslowyoudog|Stealth Rock|[from] move: Rapid Spin|[of] p1a: Iron Treads
|
|-heal|p1a: Iron Treads|13/100|[from] item: Leftovers
|upkeep
|turn|24
|
|t:|1757948718
|move|p2a: i be doin the most|Earthquake|p1a: Iron Treads
|-supereffective|p1a: Iron Treads
|-crit|p1a: Iron Treads
|-damage|p1a: Iron Treads|0 fnt
|faint|p1a: Iron Treads
|-end|p1a: Iron Treads|Quark Drive|[silent]
|
|upkeep
|
|t:|1757948723
|switch|p1a: Pelipper|Pelipper, M|76/100
|-weather|RainDance|[from] ability: Drizzle|[of] p1a: Pelipper
|turn|25
|
|t:|1757948735
|switch|p2a: Basedlord CTE|Great Tusk|100/100
|-damage|p2a: Basedlord CTE|98/100|[from] Stealth Rock
|move|p1a: Pelipper|U-turn|p2a: Basedlord CTE
|-resisted|p2a: Basedlord CTE
|-damage|p2a: Basedlord CTE|95/100
|
|t:|1757948737
|switch|p1a: Barraskewda|Barraskewda, F|72/100|[from] U-turn
|
|-weather|RainDance|[upkeep]
|upkeep
|turn|26
|
|t:|1757948747
|move|p1a: Barraskewda|Close Combat|p2a: Basedlord CTE
|-damage|p2a: Basedlord CTE|52/100
|-unboost|p1a: Barraskewda|def|1
|-unboost|p1a: Barraskewda|spd|1
|move|p2a: Basedlord CTE|Stealth Rock|p1a: Barraskewda
|-sidestart|p1: winslowyoudog|move: Stealth Rock
|
|-weather|RainDance|[upkeep]
|upkeep
|turn|27
|
|t:|1757948758
|switch|p1a: Toxicroak|Toxicroak, F|89/100
|-damage|p1a: Toxicroak|83/100|[from] Stealth Rock
|move|p2a: Basedlord CTE|Headlong Rush|p1a: Toxicroak
|-supereffective|p1a: Toxicroak
|-damage|p1a: Toxicroak|0 fnt
|-unboost|p2a: Basedlord CTE|def|1
|-unboost|p2a: Basedlord CTE|spd|1
|-damage|p2a: Basedlord CTE|36/100|[from] item: Rocky Helmet|[of] p1a: Toxicroak
|faint|p1a: Toxicroak
|
|-weather|RainDance|[upkeep]
|upkeep
|
|t:|1757948760
|switch|p1a: Barraskewda|Barraskewda, F|72/100
|-damage|p1a: Barraskewda|60/100|[from] Stealth Rock
|turn|28
|
|t:|1757948766
|move|p1a: Barraskewda|Close Combat|p2a: Basedlord CTE
|-damage|p2a: Basedlord CTE|0 fnt
|-unboost|p1a: Barraskewda|def|1
|-unboost|p1a: Barraskewda|spd|1
|faint|p2a: Basedlord CTE
|-end|p2a: Basedlord CTE|Protosynthesis|[silent]
|
|-weather|RainDance|[upkeep]
|upkeep
|
|t:|1757948769
|switch|p2a: Tahm Pech|Pecharunt|68/100
|-damage|p2a: Tahm Pech|56/100|[from] Stealth Rock
|turn|29
|
|t:|1757948775
|switch|p1a: Kingambit|Kingambit, M|94/100
|-damage|p1a: Kingambit|88/100|[from] Stealth Rock
|-activate|p1a: Kingambit|ability: Supreme Overlord
|-start|p1a: Kingambit|fallen3|[silent]
|move|p2a: Tahm Pech|Parting Shot|p1a: Kingambit
|-unboost|p1a: Kingambit|atk|1
|-unboost|p1a: Kingambit|spa|1
|
|t:|1757948781
|switch|p2a: :pensive:|Ogerpon-Wellspring, F|69/100|[from] Parting Shot
|-damage|p2a: :pensive:|56/100|[from] Stealth Rock
|
|-weather|RainDance|[upkeep]
|-heal|p1a: Kingambit|94/100|[from] item: Leftovers
|upkeep
|turn|30
|
|t:|1757948876
|move|p2a: :pensive:|Ivy Cudgel|p1a: Kingambit|[anim] Ivy Cudgel Water
|-damage|p1a: Kingambit|33/100
|move|p1a: Kingambit|Swords Dance|p1a: Kingambit
|-boost|p1a: Kingambit|atk|2
|
|-weather|RainDance|[upkeep]
|-heal|p1a: Kingambit|39/100|[from] item: Leftovers
|upkeep
|turn|31
|
|t:|1757948885
|switch|p2a: i be doin the most|Landorus-Therian, M|71/100
|-damage|p2a: i be doin the most|59/100|[from] Stealth Rock
|-ability|p2a: i be doin the most|Intimidate|boost
|-unboost|p1a: Kingambit|atk|1
|move|p1a: Kingambit|Sucker Punch||[still]
|-fail|p1a: Kingambit
|
|-weather|RainDance|[upkeep]
|-heal|p1a: Kingambit|45/100|[from] item: Leftovers
|upkeep
|turn|32
|
|t:|1757948889
|move|p1a: Kingambit|Sucker Punch|p2a: i be doin the most
|-damage|p2a: i be doin the most|1/100
|move|p2a: i be doin the most|Earthquake|p1a: Kingambit
|-supereffective|p1a: Kingambit
|-damage|p1a: Kingambit|0 fnt
|faint|p1a: Kingambit
|-end|p1a: Kingambit|fallen3|[silent]
|
|-weather|none
|upkeep
|
|t:|1757948894
|switch|p1a: Pelipper|Pelipper, M|76/100
|-damage|p1a: Pelipper|51/100|[from] Stealth Rock
|-weather|RainDance|[from] ability: Drizzle|[of] p1a: Pelipper
|turn|33
|
|t:|1757948904
|move|p2a: i be doin the most|Earthquake|p1a: Pelipper
|-immune|p1a: Pelipper
|move|p1a: Pelipper|U-turn|p2a: i be doin the most
|-resisted|p2a: i be doin the most
|-damage|p2a: i be doin the most|0 fnt
|faint|p2a: i be doin the most
|
|t:|1757948906
|switch|p1a: Barraskewda|Barraskewda, F|60/100|[from] U-turn
|-damage|p1a: Barraskewda|48/100|[from] Stealth Rock
|
|-weather|RainDance|[upkeep]
|upkeep
|
|t:|1757948924
|switch|p2a: Edging Ceaselessly|Samurott-Hisui, F|67/100
|-damage|p2a: Edging Ceaselessly|55/100|[from] Stealth Rock
|turn|34
|
|t:|1757948936
|move|p1a: Barraskewda|Aqua Jet|p2a: Edging Ceaselessly
|-resisted|p2a: Edging Ceaselessly
|-damage|p2a: Edging Ceaselessly|24/100
|move|p2a: Edging Ceaselessly|Sucker Punch||[still]
|-fail|p2a: Edging Ceaselessly
|
|-weather|RainDance|[upkeep]
|upkeep
|turn|35
|
|t:|1757948942
|switch|p1a: Pelipper|Pelipper, M|51/100
|-damage|p1a: Pelipper|26/100|[from] Stealth Rock
|switch|p2a: :pensive:|Ogerpon-Wellspring, F|56/100
|-damage|p2a: :pensive:|44/100|[from] Stealth Rock
|
|-weather|RainDance|[upkeep]
|upkeep
|turn|36
|
|t:|1757948949
|move|p2a: :pensive:|Ivy Cudgel|p1a: Pelipper|[anim] Ivy Cudgel Water
|-resisted|p1a: Pelipper
|-damage|p1a: Pelipper|0 fnt
|faint|p1a: Pelipper
|
|-weather|RainDance|[upkeep]
|upkeep
|
|t:|1757948951
|switch|p1a: Barraskewda|Barraskewda, F|48/100
|-damage|p1a: Barraskewda|35/100|[from] Stealth Rock
|turn|37
|-message|winslowyoudog forfeited.
|
|win|alanfournumbers
|raw|winslowyoudog's rating: 1758 &rarr; <strong>1737</strong><br />(-21 for losing)
|raw|alanfournumbers's rating: 1737 &rarr; <strong>1758</strong><br />(+21 for winning)
|l|☆winslowyoudog
|player|p1|
|l|☆alanfournumbers
|player|p2|
