|j|☆Davis080498
|j|☆ercival
|t:|1757917889
|gametype|singles
|player|p1|Davis080498|1|1205
|player|p2|ercival|hilbert-wonderlauncher|1258
|gen|9
|tier|[Gen 9] OU
|rated|
|rule|HP Percentage Mod: HP is shown in percentages
|rule|Endless Battle Clause: Forcing endless battles is banned
|rule|Species Clause: Limit one of each Pokémon
|rule|OHKO Clause: OHKO moves are banned
|rule|Evasion Items Clause: Evasion items are banned
|rule|Evasion Moves Clause: Evasion moves are banned
|rule|Evasion Abilities Clause: Evasion abilities are banned
|rule|Sleep Moves Clause: Sleep-inducing moves are banned
|clearpoke
|poke|p1|Barraskewda, F|
|poke|p1|Pelipper, M|
|poke|p1|Corviknight, F|
|poke|p1|Slowking-Galar, M|
|poke|p1|Goodra, F|
|poke|p1|Great Tusk|
|poke|p2|Cinderace, M|
|poke|p2|Meowscarada, F|
|poke|p2|Zamazenta-*|
|poke|p2|Vaporeon, F|
|poke|p2|Ursaluna, M|
|poke|p2|Dragapult, F|
|teampreview
|
|t:|1757917923
|teamsize|p1|6
|teamsize|p2|6
|start
|switch|p1a: Pelipper|Pelipper, M|100/100
|switch|p2a: Egoist|Cinderace, M|100/100
|-weather|RainDance|[from] ability: Drizzle|[of] p1a: Pelipper
|turn|1
|
|t:|1757917946
|move|p2a: Egoist|U-turn|p1a: Pelipper
|-start|p2a: Egoist|typechange|Bug|[from] ability: Libero
|-resisted|p1a: Pelipper
|-damage|p1a: Pelipper|86/100
|
|t:|1757917955
|switch|p2a: YN GawrGura|Ursaluna, M|100/100|[from] U-turn
|move|p1a: Pelipper|U-turn|p2a: YN GawrGura
|-damage|p2a: YN GawrGura|93/100
|
|t:|1757917988
|switch|p1a: Great Tusk|Great Tusk|100/100|[from] U-turn
|
|-weather|RainDance|[upkeep]
|-status|p2a: YN GawrGura|brn|[from] item: Flame Orb
|upkeep
|turn|2
|
|t:|1757917999
|move|p1a: Great Tusk|Ice Spinner|p2a: YN GawrGura
|-supereffective|p2a: YN GawrGura
|-damage|p2a: YN GawrGura|54/100 brn
|move|p2a: YN GawrGura|Ice Punch|p1a: Great Tusk
|-supereffective|p1a: Great Tusk
|-damage|p1a: Great Tusk|57/100
|
|-weather|RainDance|[upkeep]
|-heal|p1a: Great Tusk|63/100|[from] item: Leftovers
|-damage|p2a: YN GawrGura|48/100 brn|[from] brn
|upkeep
|turn|3
|
|t:|1757918010
|switch|p2a: NoGoon|Vaporeon, F|100/100
|move|p1a: Great Tusk|Close Combat|p2a: NoGoon
|-damage|p2a: NoGoon|58/100
|-unboost|p1a: Great Tusk|def|1
|-unboost|p1a: Great Tusk|spd|1
|
|-weather|RainDance|[upkeep]
|-heal|p1a: Great Tusk|69/100|[from] item: Leftovers
|-heal|p2a: NoGoon|64/100|[from] item: Leftovers
|upkeep
|turn|4
|
|t:|1757918021
|-end|p1a: Great Tusk|Protosynthesis|[silent]
|switch|p1a: Goodra|Goodra, F|100/100
|move|p2a: NoGoon|Flip Turn|p1a: Goodra
|-resisted|p1a: Goodra
|-damage|p1a: Goodra|89/100
|
|t:|1757918027
|switch|p2a: Gamma|Meowscarada, F|100/100|[from] Flip Turn
|
|-weather|RainDance|[upkeep]
|upkeep
|turn|5
|
|t:|1757918033
|switch|p1a: Corviknight|Corviknight, F|100/100
|move|p2a: Gamma|Triple Axel|p1a: Corviknight
|-start|p2a: Gamma|typechange|Ice|[from] ability: Protean
|-damage|p1a: Corviknight|95/100
|-damage|p2a: Gamma|84/100|[from] item: Rocky Helmet|[of] p1a: Corviknight
|-damage|p1a: Corviknight|83/100
|-damage|p2a: Gamma|68/100|[from] item: Rocky Helmet|[of] p1a: Corviknight
|-damage|p1a: Corviknight|65/100
|-damage|p2a: Gamma|51/100|[from] item: Rocky Helmet|[of] p1a: Corviknight
|-hitcount|p1a: Corviknight|3
|
|-weather|RainDance|[upkeep]
|upkeep
|turn|6
|
|t:|1757918049
|switch|p2a: NoGoon|Vaporeon, F|64/100
|move|p1a: Corviknight|U-turn|p2a: NoGoon
|-damage|p2a: NoGoon|53/100
|
|t:|1757918067
|switch|p1a: Goodra|Goodra, F|89/100|[from] U-turn
|
|-weather|RainDance|[upkeep]
|-heal|p2a: NoGoon|59/100|[from] item: Leftovers
|upkeep
|turn|7
|
|t:|1757918075
|move|p1a: Goodra|Thunder|p2a: NoGoon
|-supereffective|p2a: NoGoon
|-damage|p2a: NoGoon|18/100
|-status|p2a: NoGoon|par
|cant|p2a: NoGoon|par
|
|-weather|RainDance|[upkeep]
|-heal|p2a: NoGoon|24/100 par|[from] item: Leftovers
|upkeep
|turn|8
|
|t:|1757918098
|move|p1a: Goodra|Dragon Pulse|p2a: NoGoon
|-damage|p2a: NoGoon|0 fnt
|faint|p2a: NoGoon
|
|-weather|none
|upkeep
|
|t:|1757918102
|switch|p2a: Dragapunt|Dragapult, F, shiny|100/100
|turn|9
|
|t:|1757918118
|switch|p1a: Corviknight|Corviknight, F|65/100
|-terastallize|p2a: Dragapunt|Dragon
|move|p2a: Dragapunt|Dragon Darts|p1a: Corviknight
|-resisted|p1a: Corviknight
|-damage|p1a: Corviknight|52/100
|-anim|p2a: Dragapunt|Dragon Darts|p1a: Corviknight
|-resisted|p1a: Corviknight
|-damage|p1a: Corviknight|38/100
|
|upkeep
|turn|10
|
|t:|1757918140
|switch|p2a: Egoist|Cinderace, M|100/100
|move|p1a: Corviknight|Roost|p1a: Corviknight
|-heal|p1a: Corviknight|88/100
|-singleturn|p1a: Corviknight|move: Roost
|
|upkeep
|turn|11
|
|t:|1757918151
|switch|p1a: Pelipper|Pelipper, M|86/100
|-weather|RainDance|[from] ability: Drizzle|[of] p1a: Pelipper
|move|p2a: Egoist|Pyro Ball|p1a: Pelipper
|-resisted|p1a: Pelipper
|-damage|p1a: Pelipper|75/100
|
|-weather|RainDance|[upkeep]
|upkeep
|turn|12
|
|t:|1757918164
|move|p2a: Egoist|U-turn|p1a: Pelipper
|-start|p2a: Egoist|typechange|Bug|[from] ability: Libero
|-resisted|p1a: Pelipper
|-damage|p1a: Pelipper|61/100
|
|t:|1757918169
|switch|p2a: Dragapunt|Dragapult, F, shiny, tera:Dragon|100/100|[from] U-turn
|move|p1a: Pelipper|Hurricane|p2a: Dragapunt
|-damage|p2a: Dragapunt|50/100
|-start|p2a: Dragapunt|confusion
|
|-weather|RainDance|[upkeep]
|upkeep
|turn|13
|
|t:|1757918200
|switch|p1a: Corviknight|Corviknight, F|88/100
|-activate|p2a: Dragapunt|confusion
|move|p2a: Dragapunt|Dragon Darts|p1a: Corviknight
|-resisted|p1a: Corviknight
|-damage|p1a: Corviknight|72/100
|-anim|p2a: Dragapunt|Dragon Darts|p1a: Corviknight
|-resisted|p1a: Corviknight
|-damage|p1a: Corviknight|58/100
|
|-weather|RainDance|[upkeep]
|upkeep
|turn|14
|
|t:|1757918257
|switch|p2a: YN GawrGura|Ursaluna, M|48/100 brn
|move|p1a: Corviknight|U-turn|p2a: YN GawrGura
|-damage|p2a: YN GawrGura|37/100 brn
|
|t:|1757918265
|switch|p1a: Barraskewda|Barraskewda, F|100/100|[from] U-turn
|
|-weather|RainDance|[upkeep]
|-damage|p2a: YN GawrGura|31/100 brn|[from] brn
|upkeep
|turn|15
|
|t:|1757918274
|move|p1a: Barraskewda|Flip Turn|p2a: YN GawrGura
|-supereffective|p2a: YN GawrGura
|-damage|p2a: YN GawrGura|0 fnt
|faint|p2a: YN GawrGura
|
|t:|1757918282
|switch|p1a: Corviknight|Corviknight, F|58/100|[from] Flip Turn
|
|-weather|RainDance|[upkeep]
|upkeep
|
|t:|1757918290
|switch|p2a: GoodBoy|Zamazenta|100/100
|-ability|p2a: GoodBoy|Dauntless Shield|boost
|-boost|p2a: GoodBoy|def|1
|turn|16
|
|t:|1757918295
|move|p2a: GoodBoy|Iron Defense|p2a: GoodBoy
|-boost|p2a: GoodBoy|def|2
|move|p1a: Corviknight|U-turn|p2a: GoodBoy
|-resisted|p2a: GoodBoy
|-damage|p2a: GoodBoy|98/100
|
|t:|1757918300
|switch|p1a: Pelipper|Pelipper, M|61/100|[from] U-turn
|
|-weather|RainDance|[upkeep]
|-heal|p2a: GoodBoy|100/100|[from] item: Leftovers
|upkeep
|turn|17
|
|t:|1757918311
|switch|p1a: Slowking|Slowking-Galar, M|100/100
|move|p2a: GoodBoy|Body Press|p1a: Slowking
|-resisted|p1a: Slowking
|-damage|p1a: Slowking|76/100
|
|-weather|RainDance|[upkeep]
|upkeep
|turn|18
|
|t:|1757918329
|move|p2a: GoodBoy|Iron Head|p1a: Slowking
|-damage|p1a: Slowking|55/100
|move|p1a: Slowking|Future Sight|p2a: GoodBoy
|-start|p1a: Slowking|move: Future Sight
|
|-weather|none
|upkeep
|turn|19
|
|t:|1757918338
|move|p2a: GoodBoy|Iron Defense|p2a: GoodBoy
|-boost|p2a: GoodBoy|def|2
|move|p1a: Slowking|Slack Off|p1a: Slowking
|-heal|p1a: Slowking|100/100
|
|upkeep
|turn|20
|
|t:|1757918344
|move|p2a: GoodBoy|Body Press|p1a: Slowking
|-resisted|p1a: Slowking
|-damage|p1a: Slowking|64/100
|move|p1a: Slowking|Sludge Wave|p2a: GoodBoy
|-damage|p2a: GoodBoy|70/100
|
|-end|p2a: GoodBoy|move: Future Sight
|-supereffective|p2a: GoodBoy
|-damage|p2a: GoodBoy|0 fnt
|faint|p2a: GoodBoy
|upkeep
|
|t:|1757918355
|switch|p2a: Gamma|Meowscarada, F|51/100
|turn|21
|
|t:|1757918359
|switch|p1a: Corviknight|Corviknight, F|58/100
|move|p2a: Gamma|Knock Off|p1a: Corviknight
|-start|p2a: Gamma|typechange|Dark|[from] ability: Protean
|-damage|p1a: Corviknight|32/100
|-damage|p2a: Gamma|35/100|[from] item: Rocky Helmet|[of] p1a: Corviknight
|-enditem|p1a: Corviknight|Rocky Helmet|[from] move: Knock Off|[of] p2a: Gamma
|
|upkeep
|turn|22
|
|t:|1757918370
|move|p2a: Gamma|Knock Off|p1a: Corviknight
|-damage|p1a: Corviknight|13/100
|move|p1a: Corviknight|U-turn|p2a: Gamma
|-supereffective|p2a: Gamma
|-damage|p2a: Gamma|0 fnt
|faint|p2a: Gamma
|
|t:|1757918379
|switch|p1a: Pelipper|Pelipper, M|61/100|[from] U-turn
|-weather|RainDance|[from] ability: Drizzle|[of] p1a: Pelipper
|
|-weather|RainDance|[upkeep]
|upkeep
|
|t:|1757918385
|switch|p2a: Dragapunt|Dragapult, F, shiny, tera:Dragon|50/100
|turn|23
|
|t:|1757918389
|move|p2a: Dragapunt|Dragon Darts|p1a: Pelipper
|-damage|p1a: Pelipper|24/100
|-anim|p2a: Dragapunt|Dragon Darts|p1a: Pelipper
|-damage|p1a: Pelipper|0 fnt
|faint|p1a: Pelipper
|
|-weather|RainDance|[upkeep]
|upkeep
|
|t:|1757918394
|switch|p1a: Barraskewda|Barraskewda, F|100/100
|turn|24
|
|t:|1757918398
|-terastallize|p1a: Barraskewda|Water
|move|p1a: Barraskewda|Liquidation|p2a: Dragapunt
|-resisted|p2a: Dragapunt
|-damage|p2a: Dragapunt|0 fnt
|faint|p2a: Dragapunt
|
|-weather|RainDance|[upkeep]
|upkeep
|
|t:|1757918405
|switch|p2a: Egoist|Cinderace, M|100/100
|turn|25
|
|t:|1757918410
|move|p1a: Barraskewda|Liquidation|p2a: Egoist
|-supereffective|p2a: Egoist
|-damage|p2a: Egoist|0 fnt
|faint|p2a: Egoist
|
|win|Davis080498
|raw|Davis080498's rating: 1205 &rarr; <strong>1234</strong><br />(+29 for winning)
|raw|ercival's rating: 1258 &rarr; <strong>1229</strong><br />(-29 for losing)
|l|☆ercival
|player|p2|
|l|☆Davis080498
|player|p1|
