|j|☆luketheidiot
|j|☆Caminou23
|t:|1757912665
|gametype|singles
|player|p1|luketheidiot|iris-gen5bw2|1212
|player|p2|Caminou23|nate|1172
|gen|9
|tier|[Gen 9] OU
|rated|
|rule|HP Percentage Mod: HP is shown in percentages
|rule|Endless Battle Clause: Forcing endless battles is banned
|rule|Species Clause: Limit one of each Pokémon
|rule|OHKO Clause: OHKO moves are banned
|rule|Evasion Items Clause: Evasion items are banned
|rule|Evasion Moves Clause: Evasion moves are banned
|rule|Evasion Abilities Clause: Evasion abilities are banned
|rule|Sleep Moves Clause: Sleep-inducing moves are banned
|clearpoke
|poke|p1|Darkrai|
|poke|p1|Iron Jugulis|
|poke|p1|Ogerpon-Cornerstone, F|
|poke|p1|Meowscarada, F|
|poke|p1|Maushold|
|poke|p1|Hitmonlee, M|
|poke|p2|Kommo-o, F|
|poke|p2|Zoroark-Hisui, M|
|poke|p2|Enamorus, F|
|poke|p2|Samurott-Hisui, F|
|poke|p2|Vikavolt, F|
|poke|p2|Iron Moth|
|teampreview
|
|t:|1757912672
|teamsize|p1|6
|teamsize|p2|6
|start
|switch|p1a: Maushold|Maushold|100/100
|switch|p2a: Samurott|Samurott-Hisui, F|100/100
|turn|1
|inactive|Battle timer is ON: inactive players will automatically lose when time's up. (requested by luketheidiot)
|
|t:|1757912678
|move|p1a: Maushold|Bite|p2a: Samurott
|-supereffective|p2a: Samurott
|-damage|p2a: Samurott|10/100
|replace|p2a: Zoroark|Zoroark-Hisui, M, shiny
|-end|p2a: Zoroark|Illusion
|move|p2a: Zoroark|Focus Blast|p1a: Maushold|[miss]
|-miss|p2a: Zoroark|p1a: Maushold
|
|upkeep
|turn|2
|
|t:|1757912686
|move|p1a: Maushold|Bite|p2a: Zoroark
|-supereffective|p2a: Zoroark
|-damage|p2a: Zoroark|0 fnt
|faint|p2a: Zoroark
|
|upkeep
|
|t:|1757912698
|switch|p2a: Kommo-o|Kommo-o, F|100/100
|turn|3
|
|t:|1757912703
|move|p1a: Maushold|Tidy Up|p1a: Maushold
|-boost|p1a: Maushold|atk|1
|-boost|p1a: Maushold|spe|1
|move|p2a: Kommo-o|Clangorous Soul|p2a: Kommo-o
|-boost|p2a: Kommo-o|atk|1
|-boost|p2a: Kommo-o|def|1
|-boost|p2a: Kommo-o|spa|1
|-boost|p2a: Kommo-o|spd|1
|-boost|p2a: Kommo-o|spe|1
|-damage|p2a: Kommo-o|68/100
|
|upkeep
|turn|4
|
|t:|1757912716
|move|p1a: Maushold|Encore|p2a: Kommo-o
|-start|p2a: Kommo-o|Encore
|move|p2a: Kommo-o|Clangorous Soul|p2a: Kommo-o
|-boost|p2a: Kommo-o|atk|1
|-boost|p2a: Kommo-o|def|1
|-boost|p2a: Kommo-o|spa|1
|-boost|p2a: Kommo-o|spd|1
|-boost|p2a: Kommo-o|spe|1
|-damage|p2a: Kommo-o|35/100
|-enditem|p2a: Kommo-o|Sitrus Berry|[eat]
|-heal|p2a: Kommo-o|60/100|[from] item: Sitrus Berry
|
|upkeep
|turn|5
|
|t:|1757912726
|move|p1a: Maushold|Tidy Up|p1a: Maushold
|-boost|p1a: Maushold|atk|1
|-boost|p1a: Maushold|spe|1
|move|p2a: Kommo-o|Clangorous Soul|p2a: Kommo-o
|-boost|p2a: Kommo-o|atk|1
|-boost|p2a: Kommo-o|def|1
|-boost|p2a: Kommo-o|spa|1
|-boost|p2a: Kommo-o|spd|1
|-boost|p2a: Kommo-o|spe|1
|-damage|p2a: Kommo-o|27/100
|
|upkeep
|turn|6
|
|t:|1757912738
|move|p1a: Maushold|Population Bomb|p2a: Kommo-o
|-damage|p2a: Kommo-o|20/100
|-damage|p2a: Kommo-o|14/100
|-damage|p2a: Kommo-o|6/100
|-damage|p2a: Kommo-o|0 fnt
|faint|p2a: Kommo-o
|-hitcount|p2: Kommo-o|4
|
|upkeep
|
|t:|1757912748
|switch|p2a: Enamorus|Enamorus, F|100/100
|turn|7
|
|t:|1757912754
|-terastallize|p2a: Enamorus|Fighting
|move|p1a: Maushold|Population Bomb|p2a: Enamorus
|-damage|p2a: Enamorus|67/100
|-damage|p2a: Enamorus|34/100
|-damage|p2a: Enamorus|0 fnt
|faint|p2a: Enamorus
|-hitcount|p2: Enamorus|3
|
|upkeep
|
|t:|1757912763
|switch|p2a: Iron Moth|Iron Moth, shiny|100/100
|-enditem|p2a: Iron Moth|Booster Energy
|-activate|p2a: Iron Moth|ability: Quark Drive|[fromitem]
|-start|p2a: Iron Moth|quarkdrivespa
|turn|8
|
|t:|1757912768
|move|p1a: Maushold|Population Bomb|p2a: Iron Moth
|-damage|p2a: Iron Moth|64/100
|-damage|p2a: Iron Moth|27/100
|-damage|p2a: Iron Moth|0 fnt
|faint|p2a: Iron Moth
|-end|p2a: Iron Moth|Quark Drive|[silent]
|-hitcount|p2: Iron Moth|3
|
|upkeep
|inactive|Caminou23 has 120 seconds left.
|inactive|Caminou23 has 90 seconds left.
|inactive|Caminou23 has 60 seconds left.
|inactive|Caminou23 has 30 seconds left.
|inactive|Caminou23 has 20 seconds left.
|inactive|Caminou23 has 15 seconds left.
|inactive|Caminou23 has 10 seconds left.
|inactive|Caminou23 has 5 seconds left.
|-message|Caminou23 lost due to inactivity.
|
|win|luketheidiot
|raw|luketheidiot's rating: 1212 &rarr; <strong>1234</strong><br />(+22 for winning)
|raw|Caminou23's rating: 1172 &rarr; <strong>1150</strong><br />(-22 for losing)
|l|☆luketheidiot
|player|p1|
|l|☆Caminou23
|player|p2|
