|j|☆SpinoRaptor2023
|j|☆pepinoloko
|t:|1757952958
|gametype|singles
|player|p1|SpinoRaptor2023|102|1369
|player|p2|pepinoloko|palmer|1335
|gen|9
|tier|[Gen 9] OU
|rated|
|rule|HP Percentage Mod: HP is shown in percentages
|rule|Endless Battle Clause: Forcing endless battles is banned
|rule|Species Clause: Limit one of each Pokémon
|rule|OHKO Clause: OHKO moves are banned
|rule|Evasion Items Clause: Evasion items are banned
|rule|Evasion Moves Clause: Evasion moves are banned
|rule|Evasion Abilities Clause: Evasion abilities are banned
|rule|Sleep Moves Clause: Sleep-inducing moves are banned
|clearpoke
|poke|p1|Ogerpon-Wellspring, F|
|poke|p1|Kingambit, M|
|poke|p1|Great Tusk|
|poke|p1|Primarina, F|
|poke|p1|Iron Moth|
|poke|p1|Kyurem|
|poke|p2|Clefable, F|
|poke|p2|Salazzle, F|
|poke|p2|Kyurem|
|poke|p2|Cinderace, F|
|poke|p2|Landorus-Therian, M|
|poke|p2|Corviknight, M|
|teampreview
|inactive|Battle timer is ON: inactive players will automatically lose when time's up. (requested by SpinoRaptor2023)
|
|t:|1757952977
|teamsize|p1|6
|teamsize|p2|6
|start
|switch|p1a: Great Tusk|Great Tusk|100/100
|switch|p2a: God is always good|Landorus-Therian, M|100/100
|-ability|p2a: God is always good|Intimidate|boost
|-unboost|p1a: Great Tusk|atk|1
|turn|1
|
|t:|1757952982
|move|p2a: God is always good|U-turn|p1a: Great Tusk
|-resisted|p1a: Great Tusk
|-damage|p1a: Great Tusk|90/100
|
|t:|1757952992
|switch|p2a: I AM PRESSURE|Corviknight, M|100/100|[from] U-turn
|-ability|p2a: I AM PRESSURE|Pressure
|move|p1a: Great Tusk|Stealth Rock|p2a: I AM PRESSURE
|-sidestart|p2: pepinoloko|move: Stealth Rock
|
|upkeep
|turn|2
|
|t:|1757952998
|-end|p1a: Great Tusk|Protosynthesis|[silent]
|switch|p1a: Iron Moth|Iron Moth|100/100
|-enditem|p1a: Iron Moth|Booster Energy
|-activate|p1a: Iron Moth|ability: Quark Drive|[fromitem]
|-start|p1a: Iron Moth|quarkdrivespe
|move|p2a: I AM PRESSURE|U-turn|p1a: Iron Moth
|-resisted|p1a: Iron Moth
|-damage|p1a: Iron Moth|95/100
|
|t:|1757953005
|switch|p2a: I U-turn on U|Cinderace, F|100/100|[from] U-turn
|
|upkeep
|turn|3
|
|t:|1757953009
|move|p1a: Iron Moth|Substitute|p1a: Iron Moth
|-start|p1a: Iron Moth|Substitute
|-damage|p1a: Iron Moth|70/100
|move|p2a: I U-turn on U|Court Change|p2a: I U-turn on U
|-start|p2a: I U-turn on U|typechange|Normal|[from] ability: Libero
|-swapsideconditions
|-activate|p2a: I U-turn on U|move: Court Change
|
|upkeep
|turn|4
|
|t:|1757953016
|move|p2a: I U-turn on U|Sucker Punch|p1a: Iron Moth
|-end|p1a: Iron Moth|Substitute
|move|p1a: Iron Moth|Fiery Dance|p2a: I U-turn on U
|-damage|p2a: I U-turn on U|40/100
|
|upkeep
|turn|5
|
|t:|1757953021
|move|p1a: Iron Moth|Fiery Dance|p2a: I U-turn on U
|-damage|p2a: I U-turn on U|0 fnt
|-boost|p1a: Iron Moth|spa|1
|faint|p2a: I U-turn on U
|
|upkeep
|
|t:|1757953024
|switch|p2a: Kill'em|Kyurem, shiny|100/100
|-ability|p2a: Kill'em|Pressure
|turn|6
|
|t:|1757953030
|-terastallize|p1a: Iron Moth|Fairy
|move|p1a: Iron Moth|Dazzling Gleam|p2a: Kill'em
|-supereffective|p2a: Kill'em
|-damage|p2a: Kill'em|0 fnt
|faint|p2a: Kill'em
|
|upkeep
|
|t:|1757953034
|switch|p2a: Len'oir|Salazzle, F, shiny|100/100
|turn|7
|
|t:|1757953040
|move|p2a: Len'oir|Sludge Wave|p1a: Iron Moth
|-supereffective|p1a: Iron Moth
|-damage|p1a: Iron Moth|0 fnt
|faint|p1a: Iron Moth
|-end|p1a: Iron Moth|Quark Drive|[silent]
|
|upkeep
|
|t:|1757953049
|switch|p1a: Great Tusk|Great Tusk|90/100
|turn|8
|
|t:|1757953053
|switch|p2a: God is always good|Landorus-Therian, M|100/100
|-ability|p2a: God is always good|Intimidate|boost
|-unboost|p1a: Great Tusk|atk|1
|move|p1a: Great Tusk|Rapid Spin|p2a: God is always good
|-damage|p2a: God is always good|87/100
|-boost|p1a: Great Tusk|spe|1
|-sideend|p1: SpinoRaptor2023|Stealth Rock|[from] move: Rapid Spin|[of] p1a: Great Tusk
|
|upkeep
|turn|9
|
|t:|1757953057
|switch|p2a: I AM PRESSURE|Corviknight, M|100/100
|-ability|p2a: I AM PRESSURE|Pressure
|move|p1a: Great Tusk|Stealth Rock|p2a: I AM PRESSURE
|-sidestart|p2: pepinoloko|move: Stealth Rock
|
|upkeep
|turn|10
|
|t:|1757953069
|-end|p1a: Great Tusk|Protosynthesis|[silent]
|switch|p1a: Primarina|Primarina, F|100/100
|move|p2a: I AM PRESSURE|U-turn|p1a: Primarina
|-resisted|p1a: Primarina
|-damage|p1a: Primarina|90/100
|
|t:|1757953071
|switch|p2a: NOPE|Clefable, F|100/100|[from] U-turn
|
|-heal|p1a: Primarina|96/100|[from] item: Leftovers
|upkeep
|turn|11
|
|t:|1757953077
|move|p1a: Primarina|Substitute|p1a: Primarina
|-start|p1a: Primarina|Substitute
|-damage|p1a: Primarina|72/100
|move|p2a: NOPE|Calm Mind|p2a: NOPE
|-boost|p2a: NOPE|spa|1
|-boost|p2a: NOPE|spd|1
|
|-heal|p1a: Primarina|78/100|[from] item: Leftovers
|upkeep
|turn|12
|
|t:|1757953081
|move|p1a: Primarina|Calm Mind|p1a: Primarina
|-boost|p1a: Primarina|spa|1
|-boost|p1a: Primarina|spd|1
|move|p2a: NOPE|Calm Mind|p2a: NOPE
|-boost|p2a: NOPE|spa|1
|-boost|p2a: NOPE|spd|1
|
|-heal|p1a: Primarina|84/100|[from] item: Leftovers
|upkeep
|turn|13
|
|t:|1757953084
|move|p1a: Primarina|Calm Mind|p1a: Primarina
|-boost|p1a: Primarina|spa|1
|-boost|p1a: Primarina|spd|1
|move|p2a: NOPE|Calm Mind|p2a: NOPE
|-boost|p2a: NOPE|spa|1
|-boost|p2a: NOPE|spd|1
|
|-heal|p1a: Primarina|90/100|[from] item: Leftovers
|upkeep
|turn|14
|
|t:|1757953087
|move|p1a: Primarina|Sparkling Aria|p2a: NOPE
|-damage|p2a: NOPE|85/100
|move|p2a: NOPE|Moonblast|p1a: Primarina
|-end|p1a: Primarina|Substitute
|
|-heal|p1a: Primarina|96/100|[from] item: Leftovers
|upkeep
|turn|15
|-message|SpinoRaptor2023 forfeited.
|
|win|pepinoloko
|raw|SpinoRaptor2023's rating: 1369 &rarr; <strong>1347</strong><br />(-22 for losing)
|raw|pepinoloko's rating: 1335 &rarr; <strong>1357</strong><br />(+22 for winning)
|l|☆SpinoRaptor2023
|player|p1|
|l|☆pepinoloko
|player|p2|
