|j|☆Pergame
|j|☆Vlazphemy
|t:|1757911838
|gametype|singles
|player|p1|Pergame|266|1332
|player|p2|Vlazphemy|101|1263
|gen|9
|tier|[Gen 9] OU
|rated|
|rule|HP Percentage Mod: HP is shown in percentages
|rule|Endless Battle Clause: Forcing endless battles is banned
|rule|Species Clause: Limit one of each Pokémon
|rule|OHKO Clause: OHKO moves are banned
|rule|Evasion Items Clause: Evasion items are banned
|rule|Evasion Moves Clause: Evasion moves are banned
|rule|Evasion Abilities Clause: Evasion abilities are banned
|rule|Sleep Moves Clause: Sleep-inducing moves are banned
|clearpoke
|poke|p1|Toxapex, M|
|poke|p1|Hippowdon, M|
|poke|p1|Great Tusk|
|poke|p1|Iron Moth|
|poke|p1|Meowscarada, F|
|poke|p1|Walking Wake|
|poke|p2|Great Tusk|
|poke|p2|Iron Moth|
|poke|p2|Zapdos|
|poke|p2|Ogerpon-Wellspring, F|
|poke|p2|Dondozo, F|
|poke|p2|Slowking-Galar, M|
|teampreview
|
|t:|1757911844
|teamsize|p1|6
|teamsize|p2|6
|start
|switch|p1a: Meowscarada|Meowscarada, F|100/100
|switch|p2a: Great Tusk|Great Tusk|100/100
|turn|1
|
|t:|1757911851
|-end|p2a: Great Tusk|Protosynthesis|[silent]
|switch|p2a: Zapdos|Zapdos|100/100
|-ability|p2a: Zapdos|Pressure
|move|p1a: Meowscarada|Flower Trick|p2a: Zapdos
|-start|p1a: Meowscarada|typechange|Grass|[from] ability: Protean
|-resisted|p2a: Zapdos
|-crit|p2a: Zapdos
|-damage|p2a: Zapdos|67/100
|
|upkeep
|turn|2
|inactive|Battle timer is ON: inactive players will automatically lose when time's up. (requested by Vlazphemy)
|
|t:|1757911869
|switch|p1a: Hippowdon|Hippowdon, M|100/100
|-weather|Sandstorm|[from] ability: Sand Stream|[of] p1a: Hippowdon
|switch|p2a: Great Tusk|Great Tusk|100/100
|
|-weather|Sandstorm|[upkeep]
|upkeep
|turn|3
|
|t:|1757911879
|move|p2a: Great Tusk|Stealth Rock|p1a: Hippowdon
|-sidestart|p1: Pergame|move: Stealth Rock
|move|p1a: Hippowdon|Stealth Rock|p2a: Great Tusk
|-sidestart|p2: Vlazphemy|move: Stealth Rock
|
|-weather|Sandstorm|[upkeep]
|upkeep
|turn|4
|
|t:|1757911886
|move|p2a: Great Tusk|Rapid Spin|p1a: Hippowdon
|-damage|p1a: Hippowdon|90/100
|-boost|p2a: Great Tusk|spe|1
|-sideend|p2: Vlazphemy|Stealth Rock|[from] move: Rapid Spin|[of] p2a: Great Tusk
|move|p1a: Hippowdon|Earthquake|p2a: Great Tusk
|-damage|p2a: Great Tusk|80/100
|
|-weather|Sandstorm|[upkeep]
|-heal|p1a: Hippowdon|96/100|[from] item: Leftovers
|upkeep
|turn|5
|
|t:|1757911905
|move|p2a: Great Tusk|Earthquake|p1a: Hippowdon
|-damage|p1a: Hippowdon|66/100
|move|p1a: Hippowdon|Whirlwind|p2a: Great Tusk
|-end|p2a: Great Tusk|Protosynthesis|[silent]
|drag|p2a: Ogerpon|Ogerpon-Wellspring, F|100/100
|
|-weather|Sandstorm|[upkeep]
|-damage|p2a: Ogerpon|95/100|[from] Sandstorm
|-heal|p1a: Hippowdon|72/100|[from] item: Leftovers
|upkeep
|turn|6
|
|t:|1757911925
|switch|p1a: Meowscarada|Meowscarada, F|100/100
|-damage|p1a: Meowscarada|88/100|[from] Stealth Rock
|move|p2a: Ogerpon|Ivy Cudgel|p1a: Meowscarada|[anim] Ivy Cudgel Water
|-resisted|p1a: Meowscarada
|-damage|p1a: Meowscarada|41/100
|
|-weather|none
|upkeep
|turn|7
|
|t:|1757911938
|switch|p2a: Zapdos|Zapdos|67/100
|-ability|p2a: Zapdos|Pressure
|move|p1a: Meowscarada|U-turn|p2a: Zapdos
|-start|p1a: Meowscarada|typechange|Bug|[from] ability: Protean
|-resisted|p2a: Zapdos
|-damage|p2a: Zapdos|45/100
|
|t:|1757911950
|switch|p1a: Iron Moth|Iron Moth|100/100|[from] U-turn
|
|upkeep
|turn|8
|
|t:|1757911959
|switch|p2a: Slowking|Slowking-Galar, M|100/100
|move|p1a: Iron Moth|Sludge Wave|p2a: Slowking
|-resisted|p2a: Slowking
|-damage|p2a: Slowking|88/100
|
|upkeep
|turn|9
|
|t:|1757911971
|-end|p1a: Iron Moth|Quark Drive|[silent]
|switch|p1a: Hippowdon|Hippowdon, M|72/100
|-damage|p1a: Hippowdon|66/100|[from] Stealth Rock
|-weather|Sandstorm|[from] ability: Sand Stream|[of] p1a: Hippowdon
|move|p2a: Slowking|Psychic Noise|p1a: Hippowdon
|-damage|p1a: Hippowdon|43/100
|-start|p1a: Hippowdon|move: Heal Block
|
|-weather|Sandstorm|[upkeep]
|-damage|p2a: Slowking|82/100|[from] Sandstorm
|upkeep
|turn|10
|
|t:|1757911985
|switch|p2a: Great Tusk|Great Tusk|80/100
|move|p1a: Hippowdon|Stealth Rock|p2a: Great Tusk
|-sidestart|p2: Vlazphemy|move: Stealth Rock
|
|-weather|Sandstorm|[upkeep]
|-end|p1a: Hippowdon|move: Heal Block
|upkeep
|turn|11
|
|t:|1757911993
|move|p2a: Great Tusk|Rapid Spin|p1a: Hippowdon
|-damage|p1a: Hippowdon|32/100
|-boost|p2a: Great Tusk|spe|1
|-sideend|p2: Vlazphemy|Stealth Rock|[from] move: Rapid Spin|[of] p2a: Great Tusk
|move|p1a: Hippowdon|Whirlwind|p2a: Great Tusk
|-end|p2a: Great Tusk|Protosynthesis|[silent]
|drag|p2a: Ogerpon|Ogerpon-Wellspring, F|95/100
|
|-weather|Sandstorm|[upkeep]
|-damage|p2a: Ogerpon|89/100|[from] Sandstorm
|-heal|p1a: Hippowdon|38/100|[from] item: Leftovers
|upkeep
|turn|12
|
|t:|1757912012
|switch|p1a: Toxapex|Toxapex, M|100/100
|-damage|p1a: Toxapex|88/100|[from] Stealth Rock
|move|p2a: Ogerpon|Trailblaze|p1a: Toxapex
|-damage|p1a: Toxapex|67/100
|-boost|p2a: Ogerpon|spe|1
|
|-weather|Sandstorm|[upkeep]
|-damage|p2a: Ogerpon|83/100|[from] Sandstorm
|-damage|p1a: Toxapex|61/100|[from] Sandstorm
|-heal|p1a: Toxapex|67/100|[from] item: Leftovers
|upkeep
|turn|13
|
|t:|1757912025
|switch|p2a: Slowking|Slowking-Galar, M|100/100
|move|p1a: Toxapex|Toxic|p2a: Slowking
|-immune|p2a: Slowking
|
|-weather|none
|-heal|p1a: Toxapex|73/100|[from] item: Leftovers
|upkeep
|turn|14
|
|t:|1757912034
|switch|p1a: Great Tusk|Great Tusk|100/100
|-damage|p1a: Great Tusk|98/100|[from] Stealth Rock
|move|p2a: Slowking|Psychic Noise|p1a: Great Tusk
|-supereffective|p1a: Great Tusk
|-damage|p1a: Great Tusk|2/100
|-start|p1a: Great Tusk|move: Heal Block
|
|upkeep
|turn|15
|
|t:|1757912045
|switch|p2a: Zapdos|Zapdos|45/100
|-ability|p2a: Zapdos|Pressure
|move|p1a: Great Tusk|Earthquake|p2a: Zapdos
|-immune|p2a: Zapdos
|
|-end|p1a: Great Tusk|move: Heal Block
|upkeep
|turn|16
|
|t:|1757912059
|-terastallize|p1a: Great Tusk|Ice
|move|p1a: Great Tusk|Ice Spinner|p2a: Zapdos
|-supereffective|p2a: Zapdos
|-damage|p2a: Zapdos|0 fnt
|faint|p2a: Zapdos
|
|-heal|p1a: Great Tusk|8/100|[from] item: Leftovers
|upkeep
|
|t:|1757912073
|switch|p2a: Ogerpon|Ogerpon-Wellspring, F|83/100
|turn|17
|
|t:|1757912077
|move|p2a: Ogerpon|Trailblaze|p1a: Great Tusk
|-damage|p1a: Great Tusk|0 fnt
|-boost|p2a: Ogerpon|spe|1
|faint|p1a: Great Tusk
|-end|p1a: Great Tusk|Protosynthesis|[silent]
|
|upkeep
|
|t:|1757912085
|switch|p1a: Meowscarada|Meowscarada, F|41/100
|-damage|p1a: Meowscarada|29/100|[from] Stealth Rock
|turn|18
|
|t:|1757912094
|switch|p2a: Slowking|Slowking-Galar, M|100/100
|move|p1a: Meowscarada|Knock Off|p2a: Slowking
|-start|p1a: Meowscarada|typechange|Dark|[from] ability: Protean
|-supereffective|p2a: Slowking
|-damage|p2a: Slowking|0 fnt
|-enditem|p2a: Slowking|Assault Vest|[from] move: Knock Off|[of] p1a: Meowscarada
|faint|p2a: Slowking
|
|upkeep
|
|t:|1757912107
|switch|p2a: Iron Moth|Iron Moth|100/100
|-enditem|p2a: Iron Moth|Booster Energy
|-activate|p2a: Iron Moth|ability: Quark Drive|[fromitem]
|-start|p2a: Iron Moth|quarkdrivespa
|turn|19
|
|t:|1757912118
|move|p1a: Meowscarada|Knock Off|p2a: Iron Moth
|-damage|p2a: Iron Moth|20/100
|move|p2a: Iron Moth|Sludge Wave|p1a: Meowscarada
|-damage|p1a: Meowscarada|0 fnt
|faint|p1a: Meowscarada
|
|upkeep
|
|t:|1757912131
|switch|p1a: Walking Wake|Walking Wake|100/100
|-damage|p1a: Walking Wake|88/100|[from] Stealth Rock
|turn|20
|
|t:|1757912138
|move|p1a: Walking Wake|Dragon Pulse|p2a: Iron Moth
|-damage|p2a: Iron Moth|0 fnt
|faint|p2a: Iron Moth
|-end|p2a: Iron Moth|Quark Drive|[silent]
|
|upkeep
|
|t:|1757912156
|switch|p2a: Ogerpon|Ogerpon-Wellspring, F|83/100
|turn|21
|
|t:|1757912161
|-terastallize|p2a: Ogerpon|Water
|detailschange|p2a: Ogerpon|Ogerpon-Wellspring-Tera, F, tera:Water
|-ability|p2a: Ogerpon|Embody Aspect (Wellspring)|boost
|-boost|p2a: Ogerpon|spd|1
|move|p1a: Walking Wake|Dragon Pulse|p2a: Ogerpon
|-damage|p2a: Ogerpon|48/100
|move|p2a: Ogerpon|Ivy Cudgel|p1a: Walking Wake|[anim] Ivy Cudgel Water
|-resisted|p1a: Walking Wake
|-damage|p1a: Walking Wake|65/100
|
|upkeep
|turn|22
|
|t:|1757912171
|move|p1a: Walking Wake|Dragon Pulse|p2a: Ogerpon
|-damage|p2a: Ogerpon|15/100
|move|p2a: Ogerpon|Trailblaze|p1a: Walking Wake
|-crit|p1a: Walking Wake
|-damage|p1a: Walking Wake|19/100
|-boost|p2a: Ogerpon|spe|1
|
|upkeep
|turn|23
|
|t:|1757912180
|move|p2a: Ogerpon|Trailblaze|p1a: Walking Wake
|-damage|p1a: Walking Wake|0 fnt
|-boost|p2a: Ogerpon|spe|1
|faint|p1a: Walking Wake
|-end|p1a: Walking Wake|Protosynthesis|[silent]
|
|upkeep
|
|t:|1757912186
|switch|p1a: Toxapex|Toxapex, M|100/100
|-damage|p1a: Toxapex|88/100|[from] Stealth Rock
|turn|24
|
|t:|1757912196
|move|p2a: Ogerpon|Knock Off|p1a: Toxapex
|-damage|p1a: Toxapex|59/100
|-enditem|p1a: Toxapex|Leftovers|[from] move: Knock Off|[of] p2a: Ogerpon
|move|p1a: Toxapex|Toxic|p2a: Ogerpon
|-status|p2a: Ogerpon|tox
|
|-damage|p2a: Ogerpon|9/100 tox|[from] psn
|upkeep
|turn|25
|
|t:|1757912206
|move|p1a: Toxapex|Protect|p1a: Toxapex
|-singleturn|p1a: Toxapex|Protect
|move|p2a: Ogerpon|Trailblaze|p1a: Toxapex
|-activate|p1a: Toxapex|move: Protect
|
|-damage|p2a: Ogerpon|0 fnt|[from] psn
|faint|p2a: Ogerpon
|detailschange|p2: Ogerpon|Ogerpon-Wellspring, F|[silent]
|upkeep
|
|t:|1757912212
|switch|p2a: Great Tusk|Great Tusk|80/100
|turn|26
|
|t:|1757912217
|move|p2a: Great Tusk|Earthquake|p1a: Toxapex
|-supereffective|p1a: Toxapex
|-damage|p1a: Toxapex|0 fnt
|faint|p1a: Toxapex
|
|upkeep
|
|t:|1757912224
|switch|p1a: Iron Moth|Iron Moth|100/100
|turn|27
|
|t:|1757912228
|move|p1a: Iron Moth|Dazzling Gleam|p2a: Great Tusk
|-supereffective|p2a: Great Tusk
|-damage|p2a: Great Tusk|0 fnt
|faint|p2a: Great Tusk
|-end|p2a: Great Tusk|Protosynthesis|[silent]
|
|upkeep
|
|t:|1757912230
|switch|p2a: Dondozo|Dondozo, F|100/100
|turn|28
|
|t:|1757912235
|move|p1a: Iron Moth|Sludge Wave|p2a: Dondozo
|-damage|p2a: Dondozo|43/100
|move|p2a: Dondozo|Earthquake|p1a: Iron Moth
|-supereffective|p1a: Iron Moth
|-damage|p1a: Iron Moth|0 fnt
|faint|p1a: Iron Moth
|-end|p1a: Iron Moth|Quark Drive|[silent]
|
|-heal|p2a: Dondozo|49/100|[from] item: Leftovers
|upkeep
|
|t:|1757912246
|switch|p1a: Hippowdon|Hippowdon, M|38/100
|-damage|p1a: Hippowdon|32/100|[from] Stealth Rock
|-weather|Sandstorm|[from] ability: Sand Stream|[of] p1a: Hippowdon
|turn|29
|
|t:|1757912253
|move|p1a: Hippowdon|Earthquake|p2a: Dondozo
|-damage|p2a: Dondozo|31/100
|move|p2a: Dondozo|Liquidation|p1a: Hippowdon
|-supereffective|p1a: Hippowdon
|-damage|p1a: Hippowdon|0 fnt
|faint|p1a: Hippowdon
|
|win|Vlazphemy
|raw|Pergame's rating: 1332 &rarr; <strong>1308</strong><br />(-24 for losing)
|raw|Vlazphemy's rating: 1263 &rarr; <strong>1293</strong><br />(+30 for winning)
|c|☆Vlazphemy|Gg
|c|☆Pergame|gg
|l|☆Pergame
|player|p1|
|l|☆Vlazphemy
|player|p2|
