|j|☆Turducken64
|j|☆wanghaoling8
|t:|1757909552
|gametype|singles
|player|p1|Turducken64|hiker-gen4|1441
|player|p2|wanghaoling8|dawn|1401
|gen|9
|tier|[Gen 9] OU
|rated|
|rule|HP Percentage Mod: HP is shown in percentages
|rule|Endless Battle Clause: Forcing endless battles is banned
|rule|Species Clause: Limit one of each Pokémon
|rule|OHKO Clause: OHKO moves are banned
|rule|Evasion Items Clause: Evasion items are banned
|rule|Evasion Moves Clause: Evasion moves are banned
|rule|Evasion Abilities Clause: Evasion abilities are banned
|rule|Sleep Moves Clause: Sleep-inducing moves are banned
|clearpoke
|poke|p1|Umbreon, F|
|poke|p1|Gliscor, F|
|poke|p1|Dragonite, M|
|poke|p1|Iron Treads|
|poke|p1|Hatterene, F|
|poke|p1|Sinistcha|
|poke|p2|Raging Bolt|
|poke|p2|Great Tusk|
|poke|p2|Serperior, F|
|poke|p2|Lokix, F|
|poke|p2|Hatterene, F|
|poke|p2|Corviknight, M|
|teampreview
|inactive|Battle timer is ON: inactive players will automatically lose when time's up. (requested by wanghaoling8)
|
|t:|1757909570
|teamsize|p1|6
|teamsize|p2|6
|start
|switch|p1a: Hatterene|Hatterene, F|100/100
|switch|p2a: Lokix|Lokix, F|100/100
|turn|1
|
|t:|1757909578
|move|p2a: Lokix|U-turn|p1a: Hatterene
|-damage|p1a: Hatterene|63/100
|-damage|p2a: Lokix|84/100|[from] item: Rocky Helmet|[of] p1a: Hatterene
|
|t:|1757909595
|switch|p2a: Great Tusk|Great Tusk|100/100|[from] U-turn
|move|p1a: Hatterene|Draining Kiss|p2a: Great Tusk
|-supereffective|p2a: Great Tusk
|-damage|p2a: Great Tusk|34/100
|-heal|p1a: Hatterene|100/100|[from] drain|[of] p2a: Great Tusk
|
|-heal|p2a: Great Tusk|40/100|[from] item: Leftovers
|upkeep
|turn|2
|
|t:|1757909604
|-end|p2a: Great Tusk|Protosynthesis|[silent]
|switch|p2a: Corviknight|Corviknight, M|100/100
|move|p1a: Hatterene|Draining Kiss|p2a: Corviknight
|-resisted|p2a: Corviknight
|-damage|p2a: Corviknight|90/100
|-damage|p1a: Hatterene|84/100|[from] item: Rocky Helmet|[of] p2a: Corviknight
|
|upkeep
|turn|3
|
|t:|1757909612
|move|p2a: Corviknight|Brave Bird|p1a: Hatterene
|-damage|p1a: Hatterene|55/100
|-damage|p2a: Corviknight|74/100|[from] item: Rocky Helmet|[of] p1a: Hatterene
|-damage|p2a: Corviknight|66/100|[from] Recoil
|move|p1a: Hatterene|Mystical Fire|p2a: Corviknight
|-supereffective|p2a: Corviknight
|-crit|p2a: Corviknight
|-damage|p2a: Corviknight|0 fnt
|faint|p2a: Corviknight
|
|upkeep
|
|t:|1757909625
|switch|p2a: Lokix|Lokix, F|84/100
|turn|4
|
|t:|1757909632
|move|p2a: Lokix|Knock Off|p1a: Hatterene
|-damage|p1a: Hatterene|5/100
|-damage|p2a: Lokix|67/100|[from] item: Rocky Helmet|[of] p1a: Hatterene
|-enditem|p1a: Hatterene|Rocky Helmet|[from] move: Knock Off|[of] p2a: Lokix
|move|p1a: Hatterene|Draining Kiss|p2a: Lokix
|-supereffective|p2a: Lokix
|-damage|p2a: Lokix|0 fnt
|-heal|p1a: Hatterene|50/100|[from] drain|[of] p2a: Lokix
|faint|p2a: Lokix
|
|upkeep
|
|t:|1757909638
|switch|p2a: Great Tusk|Great Tusk|40/100
|turn|5
|
|t:|1757909642
|move|p2a: Great Tusk|Headlong Rush|p1a: Hatterene
|-damage|p1a: Hatterene|0 fnt
|-unboost|p2a: Great Tusk|def|1
|-unboost|p2a: Great Tusk|spd|1
|faint|p1a: Hatterene
|
|-heal|p2a: Great Tusk|46/100|[from] item: Leftovers
|upkeep
|
|t:|1757909651
|switch|p1a: Sinistcha|Sinistcha|100/100
|turn|6
|
|t:|1757909654
|move|p2a: Great Tusk|Ice Spinner|p1a: Sinistcha
|-supereffective|p1a: Sinistcha
|-damage|p1a: Sinistcha|51/100
|move|p1a: Sinistcha|Matcha Gotcha|p2a: Great Tusk
|-supereffective|p2a: Great Tusk
|-damage|p2a: Great Tusk|0 fnt
|-heal|p1a: Sinistcha|75/100|[from] drain|[of] p2a: Great Tusk
|faint|p2a: Great Tusk
|-end|p2a: Great Tusk|Protosynthesis|[silent]
|
|upkeep
|
|t:|1757909663
|switch|p2a: Serperior|Serperior, F|100/100
|turn|7
|
|t:|1757909665
|move|p2a: Serperior|Glare|p1a: Sinistcha
|-status|p1a: Sinistcha|par
|cant|p1a: Sinistcha|par
|
|upkeep
|turn|8
|
|t:|1757909674
|move|p2a: Serperior|Substitute|p2a: Serperior
|-start|p2a: Serperior|Substitute
|-damage|p2a: Serperior|75/100
|move|p1a: Sinistcha|Calm Mind|p1a: Sinistcha
|-boost|p1a: Sinistcha|spa|1
|-boost|p1a: Sinistcha|spd|1
|
|-heal|p2a: Serperior|82/100|[from] item: Leftovers
|upkeep
|turn|9
|
|t:|1757909678
|move|p2a: Serperior|Leaf Storm|p1a: Sinistcha
|-resisted|p1a: Sinistcha
|-damage|p1a: Sinistcha|56/100 par
|-boost|p2a: Serperior|spa|2
|move|p1a: Sinistcha|Calm Mind|p1a: Sinistcha
|-boost|p1a: Sinistcha|spa|1
|-boost|p1a: Sinistcha|spd|1
|
|-heal|p2a: Serperior|88/100|[from] item: Leftovers
|upkeep
|turn|10
|
|t:|1757909685
|move|p2a: Serperior|Leaf Storm|p1a: Sinistcha
|-resisted|p1a: Sinistcha
|-damage|p1a: Sinistcha|30/100 par
|-boost|p2a: Serperior|spa|2
|move|p1a: Sinistcha|Matcha Gotcha|p2a: Serperior|[miss]
|-miss|p1a: Sinistcha|p2a: Serperior
|
|-heal|p2a: Serperior|94/100|[from] item: Leftovers
|upkeep
|turn|11
|
|t:|1757909692
|move|p2a: Serperior|Leaf Storm|p1a: Sinistcha
|-resisted|p1a: Sinistcha
|-damage|p1a: Sinistcha|0 fnt
|-boost|p2a: Serperior|spa|2
|faint|p1a: Sinistcha
|
|-heal|p2a: Serperior|99/100|[from] item: Leftovers
|upkeep
|
|t:|1757909696
|switch|p1a: Dragonite|Dragonite, M|100/100
|turn|12
|
|t:|1757909702
|move|p1a: Dragonite|Extreme Speed|p2a: Serperior
|-end|p2a: Serperior|Substitute
|move|p2a: Serperior|Glare|p1a: Dragonite
|-status|p1a: Dragonite|par
|
|-heal|p2a: Serperior|100/100|[from] item: Leftovers
|upkeep
|turn|13
|
|t:|1757909707
|-terastallize|p1a: Dragonite|Normal
|move|p1a: Dragonite|Extreme Speed|p2a: Serperior
|-damage|p2a: Serperior|28/100
|move|p2a: Serperior|Leaf Storm|p1a: Dragonite
|-damage|p1a: Dragonite|5/100 par
|
|-heal|p2a: Serperior|34/100|[from] item: Leftovers
|upkeep
|turn|14
|
|t:|1757909714
|move|p1a: Dragonite|Extreme Speed|p2a: Serperior
|-damage|p2a: Serperior|0 fnt
|faint|p2a: Serperior
|
|upkeep
|
|t:|1757909716
|switch|p2a: Raging Bolt|Raging Bolt|100/100
|turn|15
|
|t:|1757909725
|move|p1a: Dragonite|Extreme Speed|p2a: Raging Bolt
|-damage|p2a: Raging Bolt|46/100
|move|p2a: Raging Bolt|Dragon Pulse|p1a: Dragonite
|-damage|p1a: Dragonite|0 fnt
|faint|p1a: Dragonite
|
|-heal|p2a: Raging Bolt|52/100|[from] item: Leftovers
|upkeep
|
|t:|1757909730
|switch|p1a: Iron Treads|Iron Treads|100/100
|turn|16
|
|t:|1757909734
|-end|p2a: Raging Bolt|Protosynthesis|[silent]
|switch|p2a: Hatterene|Hatterene, F|100/100
|move|p1a: Iron Treads|Earthquake|p2a: Hatterene
|-damage|p2a: Hatterene|58/100
|
|-heal|p2a: Hatterene|64/100|[from] item: Leftovers
|upkeep
|turn|17
|
|t:|1757909756
|move|p1a: Iron Treads|Earthquake|p2a: Hatterene
|-damage|p2a: Hatterene|20/100
|move|p2a: Hatterene|Draining Kiss|p1a: Iron Treads
|-resisted|p1a: Iron Treads
|-damage|p1a: Iron Treads|91/100
|-heal|p2a: Hatterene|29/100|[from] drain|[of] p1a: Iron Treads
|
|-heal|p1a: Iron Treads|97/100|[from] item: Leftovers
|-heal|p2a: Hatterene|35/100|[from] item: Leftovers
|upkeep
|turn|18
|-message|wanghaoling8 forfeited.
|
|win|Turducken64
|raw|Turducken64's rating: 1441 &rarr; <strong>1459</strong><br />(+18 for winning)
|raw|wanghaoling8's rating: 1401 &rarr; <strong>1383</strong><br />(-18 for losing)
|l|☆wanghaoling8
|player|p2|
|l|☆Turducken64
|player|p1|
