|j|☆Supersayan999
|j|☆loaded fries
|t:|1757825483
|gametype|singles
|player|p1|Supersayan999|palmer|1181
|player|p2|loaded fries|palmer|1196
|gen|9
|tier|[Gen 9] OU
|rated|
|rule|HP Percentage Mod: HP is shown in percentages
|rule|Endless Battle Clause: Forcing endless battles is banned
|rule|Species Clause: Limit one of each Pokémon
|rule|OHKO Clause: OHKO moves are banned
|rule|Evasion Items Clause: Evasion items are banned
|rule|Evasion Moves Clause: Evasion moves are banned
|rule|Evasion Abilities Clause: Evasion abilities are banned
|rule|Sleep Moves Clause: Sleep-inducing moves are banned
|clearpoke
|poke|p1|Fezandipiti, M|
|poke|p1|Forretress, F|
|poke|p1|Darkrai|
|poke|p1|Garganacl, F|
|poke|p1|Cinderace, F|
|poke|p1|Hariyama, M|
|poke|p2|Araquanid, F|
|poke|p2|Gholdengo|
|poke|p2|Kingambit, F|
|poke|p2|Raging Bolt|
|poke|p2|Enamorus, F|
|poke|p2|Iron Moth|
|teampreview
|
|t:|1757825502
|teamsize|p1|6
|teamsize|p2|6
|start
|switch|p1a: Hariyama|Hariyama, M|100/100
|switch|p2a: Araquanid|Araquanid, F|100/100
|turn|1
|
|t:|1757825509
|move|p1a: Hariyama|Fake Out|p2a: Araquanid
|-damage|p2a: Araquanid|84/100
|cant|p2a: Araquanid|flinch
|
|upkeep
|turn|2
|
|t:|1757825515
|move|p1a: Hariyama|Knock Off|p2a: Araquanid
|-damage|p2a: Araquanid|49/100
|-enditem|p2a: Araquanid|Custap Berry|[from] move: Knock Off|[of] p1a: Hariyama
|move|p2a: Araquanid|Sticky Web|p1a: Hariyama
|-sidestart|p1: Supersayan999|move: Sticky Web
|
|upkeep
|turn|3
|
|t:|1757825524
|switch|p1a: Forretress|Forretress, F|100/100
|-activate|p1a: Forretress|move: Sticky Web
|-unboost|p1a: Forretress|spe|1
|move|p2a: Araquanid|Endeavor|p1a: Forretress
|-damage|p1a: Forretress|47/100
|
|-heal|p1a: Forretress|54/100|[from] item: Leftovers
|upkeep
|turn|4
|
|t:|1757825538
|move|p2a: Araquanid|Surf|p1a: Forretress
|-damage|p1a: Forretress|0 fnt
|faint|p1a: Forretress
|
|upkeep
|
|t:|1757825543
|switch|p1a: Cinderace|Cinderace, F|100/100
|turn|5
|
|t:|1757825563
|move|p1a: Cinderace|Pyro Ball|p2a: Araquanid|[miss]
|-miss|p1a: Cinderace|p2a: Araquanid
|move|p2a: Araquanid|Sticky Web||[still]
|-fail|p2a: Araquanid
|
|upkeep
|turn|6
|
|t:|1757825572
|move|p1a: Cinderace|Pyro Ball|p2a: Araquanid|[miss]
|-miss|p1a: Cinderace|p2a: Araquanid
|move|p2a: Araquanid|Surf|p1a: Cinderace
|-supereffective|p1a: Cinderace
|-damage|p1a: Cinderace|0 fnt
|faint|p1a: Cinderace
|
|upkeep
|-message|Supersayan999 forfeited.
|
|win|loaded fries
|raw|Supersayan999's rating: 1181 &rarr; <strong>1157</strong><br />(-24 for losing)
|raw|loaded fries's rating: 1196 &rarr; <strong>1220</strong><br />(+24 for winning)
|l|☆Supersayan999
|player|p1|
|l|☆loaded fries
|player|p2|
