|j|☆messymylo
|j|☆55555X
|t:|1757942716
|gametype|singles
|player|p1|messymylo|falkner|1156
|player|p2|55555X|pokemaniac|1169
|gen|9
|tier|[Gen 9] OU
|rated|
|rule|HP Percentage Mod: HP is shown in percentages
|rule|Endless Battle Clause: Forcing endless battles is banned
|rule|Species Clause: Limit one of each Pokémon
|rule|OHKO Clause: OHKO moves are banned
|rule|Evasion Items Clause: Evasion items are banned
|rule|Evasion Moves Clause: Evasion moves are banned
|rule|Evasion Abilities Clause: Evasion abilities are banned
|rule|Sleep Moves Clause: Sleep-inducing moves are banned
|clearpoke
|poke|p1|Lokix, M|
|poke|p1|Pecharunt|
|poke|p1|Zamazenta-*|
|poke|p1|Ting-Lu|
|poke|p1|Latios, M|
|poke|p1|Gliscor, F|
|poke|p2|Malamar, M|
|poke|p2|Galvantula, M|
|poke|p2|Cinderace, M|
|poke|p2|Serperior, M|
|poke|p2|Falinks|
|poke|p2|Empoleon, M|
|teampreview
|
|t:|1757942733
|teamsize|p1|6
|teamsize|p2|6
|start
|switch|p1a: Ting-Lu|Ting-Lu|100/100
|switch|p2a: Galvantula|Galvantula, M, shiny|100/100
|-ability|p1a: Ting-Lu|Vessel of Ruin
|turn|1
|
|t:|1757942740
|move|p2a: Galvantula|Sticky Web|p1a: Ting-Lu
|-sidestart|p1: messymylo|move: Sticky Web
|move|p1a: Ting-Lu|Earthquake|p2a: Galvantula
|-damage|p2a: Galvantula|32/100
|
|upkeep
|turn|2
|c|☆55555X|Huh?
|
|t:|1757942753
|move|p2a: Galvantula|Bug Buzz|p1a: Ting-Lu
|-supereffective|p1a: Ting-Lu
|-damage|p1a: Ting-Lu|63/100
|move|p1a: Ting-Lu|Earthquake|p2a: Galvantula
|-damage|p2a: Galvantula|0 fnt
|faint|p2a: Galvantula
|
|-heal|p1a: Ting-Lu|69/100|[from] item: Leftovers
|upkeep
|c|☆55555X|I thought for sure Loix
|
|t:|1757942770
|switch|p2a: Cinderace|Cinderace, M|100/100
|turn|3
|
|t:|1757942775
|-terastallize|p1a: Ting-Lu|Ghost
|move|p2a: Cinderace|Court Change|p2a: Cinderace
|-swapsideconditions
|-activate|p2a: Cinderace|move: Court Change
|move|p1a: Ting-Lu|Earthquake|p2a: Cinderace
|-supereffective|p2a: Cinderace
|-crit|p2a: Cinderace
|-enditem|p2a: Cinderace|Focus Sash
|-damage|p2a: Cinderace|1/100
|
|-heal|p1a: Ting-Lu|76/100|[from] item: Leftovers
|upkeep
|turn|4
|
|t:|1757942785
|move|p2a: Cinderace|U-turn|p1a: Ting-Lu
|-resisted|p1a: Ting-Lu
|-damage|p1a: Ting-Lu|70/100
|
|t:|1757942788
|switch|p2a: Serperior|Serperior, M|100/100|[from] U-turn
|-activate|p2a: Serperior|move: Sticky Web
|-boost|p2a: Serperior|spe|1
|move|p1a: Ting-Lu|Earthquake|p2a: Serperior
|-resisted|p2a: Serperior
|-damage|p2a: Serperior|77/100
|
|-heal|p1a: Ting-Lu|76/100|[from] item: Leftovers
|upkeep
|turn|5
|
|t:|1757942811
|move|p2a: Serperior|Leaf Storm|p1a: Ting-Lu
|-damage|p1a: Ting-Lu|44/100
|-boost|p2a: Serperior|spa|2
|move|p1a: Ting-Lu|Earthquake|p2a: Serperior
|-resisted|p2a: Serperior
|-damage|p2a: Serperior|55/100
|
|-heal|p1a: Ting-Lu|50/100|[from] item: Leftovers
|upkeep
|turn|6
|
|t:|1757942820
|move|p2a: Serperior|Leaf Storm|p1a: Ting-Lu
|-damage|p1a: Ting-Lu|0 fnt
|-boost|p2a: Serperior|spa|2
|faint|p1a: Ting-Lu
|
|upkeep
|
|t:|1757942823
|switch|p1a: Lokix|Lokix, M, shiny|100/100
|turn|7
|
|t:|1757942825
|move|p1a: Lokix|First Impression|p2a: Serperior
|-supereffective|p2a: Serperior
|-damage|p2a: Serperior|0 fnt
|faint|p2a: Serperior
|
|upkeep
|
|t:|1757942833
|switch|p2a: Malamar|Malamar, M, shiny|100/100
|-activate|p2a: Malamar|move: Sticky Web
|-boost|p2a: Malamar|spe|1
|turn|8
|
|t:|1757942843
|switch|p1a: Gliscor|Gliscor, F, shiny|100/100
|move|p2a: Malamar|Superpower|p1a: Gliscor
|-resisted|p1a: Gliscor
|-damage|p1a: Gliscor|91/100
|-boost|p2a: Malamar|atk|1
|-boost|p2a: Malamar|def|1
|
|-status|p1a: Gliscor|tox|[from] item: Toxic Orb
|upkeep
|turn|9
|
|t:|1757942849
|move|p2a: Malamar|Superpower|p1a: Gliscor
|-resisted|p1a: Gliscor
|-crit|p1a: Gliscor
|-damage|p1a: Gliscor|68/100 tox
|-boost|p2a: Malamar|atk|1
|-boost|p2a: Malamar|def|1
|move|p1a: Gliscor|Toxic|p2a: Malamar
|-status|p2a: Malamar|tox
|
|-damage|p2a: Malamar|94/100 tox|[from] psn
|-heal|p1a: Gliscor|81/100 tox|[from] ability: Poison Heal
|upkeep
|turn|10
|
|t:|1757942856
|move|p2a: Malamar|Superpower|p1a: Gliscor
|-resisted|p1a: Gliscor
|-damage|p1a: Gliscor|60/100 tox
|-boost|p2a: Malamar|atk|1
|-boost|p2a: Malamar|def|1
|move|p1a: Gliscor|Knock Off|p2a: Malamar
|-damage|p2a: Malamar|84/100 tox
|-enditem|p2a: Malamar|Assault Vest|[from] move: Knock Off|[of] p1a: Gliscor
|
|-damage|p2a: Malamar|71/100 tox|[from] psn
|-heal|p1a: Gliscor|72/100 tox|[from] ability: Poison Heal
|upkeep
|turn|11
|
|t:|1757942865
|move|p2a: Malamar|Superpower|p1a: Gliscor
|-resisted|p1a: Gliscor
|-damage|p1a: Gliscor|49/100 tox
|-boost|p2a: Malamar|atk|1
|-boost|p2a: Malamar|def|1
|move|p1a: Gliscor|Spikes|p2a: Malamar
|-sidestart|p2: 55555X|Spikes
|
|-damage|p2a: Malamar|53/100 tox|[from] psn
|-heal|p1a: Gliscor|61/100 tox|[from] ability: Poison Heal
|upkeep
|turn|12
|
|t:|1757942871
|move|p2a: Malamar|Superpower|p1a: Gliscor
|-resisted|p1a: Gliscor
|-damage|p1a: Gliscor|32/100 tox
|-boost|p2a: Malamar|atk|1
|-boost|p2a: Malamar|def|1
|move|p1a: Gliscor|Spikes|p2a: Malamar
|-sidestart|p2: 55555X|Spikes
|
|-damage|p2a: Malamar|29/100 tox|[from] psn
|-heal|p1a: Gliscor|45/100 tox|[from] ability: Poison Heal
|upkeep
|turn|13
|
|t:|1757942882
|switch|p1a: Pecharunt|Pecharunt|100/100
|move|p2a: Malamar|Knock Off|p1a: Pecharunt
|-supereffective|p1a: Pecharunt
|-damage|p1a: Pecharunt|0 fnt
|-enditem|p1a: Pecharunt|Heavy-Duty Boots|[from] move: Knock Off|[of] p2a: Malamar
|faint|p1a: Pecharunt
|
|-damage|p2a: Malamar|0 fnt|[from] psn
|faint|p2a: Malamar
|upkeep
|c|☆messymylo|ow
|c|☆55555X|Lol
|
|t:|1757942900
|switch|p2a: Falinks|Falinks|100/100
|switch|p1a: Latios|Latios, M, shiny|100/100
|-activate|p2a: Falinks|move: Sticky Web
|-unboost|p2a: Falinks|spe|1
|-ability|p2a: Falinks|Defiant|boost
|-boost|p2a: Falinks|atk|2
|-damage|p2a: Falinks|84/100|[from] Spikes
|turn|14
|
|t:|1757942908
|move|p1a: Latios|Psychic Noise|p2a: Falinks
|-supereffective|p2a: Falinks
|-damage|p2a: Falinks|0 fnt
|faint|p2a: Falinks
|
|upkeep
|c|☆55555X|Ow
|
|t:|1757942915
|switch|p2a: Cinderace|Cinderace, M|1/100
|-activate|p2a: Cinderace|move: Sticky Web
|-unboost|p2a: Cinderace|spe|1
|-damage|p2a: Cinderace|0 fnt|[from] Spikes
|faint|p2a: Cinderace
|c|☆messymylo|xd
|c|☆messymylo|xd
|
|t:|1757942920
|switch|p2a: Empoleon|Empoleon, M|100/100
|-activate|p2a: Empoleon|move: Sticky Web
|-unboost|p2a: Empoleon|spe|1
|-ability|p2a: Empoleon|Competitive|boost
|-boost|p2a: Empoleon|spa|2
|-damage|p2a: Empoleon|84/100|[from] Spikes
|turn|15
|c|☆messymylo|xd
|
|t:|1757942929
|move|p1a: Latios|Psychic Noise|p2a: Empoleon
|-resisted|p2a: Empoleon
|-damage|p2a: Empoleon|68/100
|-start|p2a: Empoleon|move: Heal Block
|move|p2a: Empoleon|Ice Beam|p1a: Latios
|-supereffective|p1a: Latios
|-crit|p1a: Latios
|-damage|p1a: Latios|0 fnt
|faint|p1a: Latios
|
|upkeep
|
|t:|1757942955
|switch|p1a: Zamazenta|Zamazenta|100/100
|-ability|p1a: Zamazenta|Dauntless Shield|boost
|-boost|p1a: Zamazenta|def|1
|turn|16
|c|☆55555X|I think I lose
|
|t:|1757942960
|-terastallize|p2a: Empoleon|Fighting
|move|p1a: Zamazenta|Close Combat|p2a: Empoleon
|-damage|p2a: Empoleon|4/100
|-unboost|p1a: Zamazenta|def|1
|-unboost|p1a: Zamazenta|spd|1
|move|p2a: Empoleon|Surf|p1a: Zamazenta
|-damage|p1a: Zamazenta|0 fnt
|faint|p1a: Zamazenta
|
|-end|p2a: Empoleon|move: Heal Block
|upkeep
|c|☆messymylo|i think so too
|c|☆messymylo|gg doe
|
|t:|1757942968
|switch|p1a: Lokix|Lokix, M, shiny|100/100
|turn|17
|c|☆55555X|Gg
|
|t:|1757942973
|move|p1a: Lokix|First Impression|p2a: Empoleon
|-resisted|p2a: Empoleon
|-damage|p2a: Empoleon|0 fnt
|faint|p2a: Empoleon
|
|win|messymylo
|raw|messymylo's rating: 1156 &rarr; <strong>1182</strong><br />(+26 for winning)
|raw|55555X's rating: 1169 &rarr; <strong>1143</strong><br />(-26 for losing)
|c|☆messymylo|lokix is 2 strong
|l|☆messymylo
|player|p1|
|l|☆55555X
|player|p2|
