|j|☆Gutoso
|j|☆dark rivial
|t:|1757813887
|gametype|singles
|player|p1|Gutoso|blue-gen3two|1388
|player|p2|dark rivial|169|1349
|gen|9
|tier|[Gen 9] OU
|rated|
|rule|HP Percentage Mod: HP is shown in percentages
|rule|Endless Battle Clause: Forcing endless battles is banned
|rule|Species Clause: Limit one of each Pokémon
|rule|OHKO Clause: OHKO moves are banned
|rule|Evasion Items Clause: Evasion items are banned
|rule|Evasion Moves Clause: Evasion moves are banned
|rule|Evasion Abilities Clause: Evasion abilities are banned
|rule|Sleep Moves Clause: Sleep-inducing moves are banned
|clearpoke
|poke|p1|Jirachi|
|poke|p1|Darkrai|
|poke|p1|Ogerpon-Wellspring, F|
|poke|p1|Thundurus, M|
|poke|p1|Dragonite, M|
|poke|p1|Porygon2|
|poke|p2|Malamar, F|
|poke|p2|Ceruledge, F|
|poke|p2|Araquanid, M|
|poke|p2|Corviknight, F|
|poke|p2|Zamazenta-*|
|poke|p2|Talonflame, M|
|teampreview
|
|t:|1757813905
|teamsize|p1|6
|teamsize|p2|6
|start
|switch|p1a: Thundurus|Thundurus, M|100/100
|switch|p2a: Araquanid|Araquanid, M|100/100
|turn|1
|
|t:|1757813922
|move|p1a: Thundurus|Thunderbolt|p2a: Araquanid
|-supereffective|p2a: Araquanid
|-damage|p2a: Araquanid|24/100
|move|p2a: Araquanid|Mirror Coat|p1a: Thundurus
|-damage|p1a: Thundurus|0 fnt
|faint|p1a: Thundurus
|
|-heal|p2a: Araquanid|31/100|[from] item: Leftovers
|upkeep
|
|t:|1757813940
|switch|p1a: Darkrai|Darkrai|100/100
|turn|2
|
|t:|1757813948
|move|p1a: Darkrai|Dark Pulse|p2a: Araquanid
|-damage|p2a: Araquanid|0 fnt
|faint|p2a: Araquanid
|
|upkeep
|
|t:|1757813954
|switch|p2a: Malamar|Malamar, F|100/100
|turn|3
|inactive|Battle timer is ON: inactive players will automatically lose when time's up. (requested by dark rivial)
|
|t:|1757813977
|move|p1a: Darkrai|Dark Pulse|p2a: Malamar
|-damage|p2a: Malamar|49/100
|move|p2a: Malamar|Superpower|p1a: Darkrai
|-supereffective|p1a: Darkrai
|-damage|p1a: Darkrai|10/100
|-boost|p2a: Malamar|atk|1
|-boost|p2a: Malamar|def|1
|
|-heal|p2a: Malamar|55/100|[from] item: Leftovers
|upkeep
|turn|4
|
|t:|1757814002
|move|p1a: Darkrai|Dark Pulse|p2a: Malamar
|-damage|p2a: Malamar|8/100
|move|p2a: Malamar|Superpower|p1a: Darkrai
|-supereffective|p1a: Darkrai
|-damage|p1a: Darkrai|0 fnt
|-boost|p2a: Malamar|atk|1
|-boost|p2a: Malamar|def|1
|faint|p1a: Darkrai
|
|-heal|p2a: Malamar|15/100|[from] item: Leftovers
|upkeep
|
|t:|1757814008
|switch|p1a: Ogerpon|Ogerpon-Wellspring, F|100/100
|turn|5
|
|t:|1757814019
|move|p1a: Ogerpon|Ivy Cudgel|p2a: Malamar|[anim] Ivy Cudgel Water
|-damage|p2a: Malamar|0 fnt
|faint|p2a: Malamar
|
|upkeep
|
|t:|1757814026
|switch|p2a: Talonflame|Talonflame, M|100/100
|turn|6
|
|t:|1757814050
|move|p2a: Talonflame|Acrobatics|p1a: Ogerpon
|-supereffective|p1a: Ogerpon
|-damage|p1a: Ogerpon|42/100
|move|p1a: Ogerpon|Ivy Cudgel|p2a: Talonflame|[anim] Ivy Cudgel Water
|-supereffective|p2a: Talonflame
|-crit|p2a: Talonflame
|-damage|p2a: Talonflame|0 fnt
|faint|p2a: Talonflame
|
|upkeep
|inactive|dark rivial has 120 seconds left.
|
|t:|1757814061
|switch|p2a: Corviknight|Corviknight, F|100/100
|-ability|p2a: Corviknight|Pressure
|turn|7
|
|t:|1757814071
|switch|p1a: Jirachi|Jirachi|100/100
|move|p2a: Corviknight|Bulk Up|p2a: Corviknight
|-boost|p2a: Corviknight|atk|1
|-boost|p2a: Corviknight|def|1
|
|upkeep
|turn|8
|
|t:|1757814080
|move|p1a: Jirachi|Trick|p2a: Corviknight
|-activate|p1a: Jirachi|move: Trick|[of] p2a: Corviknight
|-item|p2a: Corviknight|Choice Scarf|[from] move: Trick
|-item|p1a: Jirachi|Leftovers|[from] move: Trick
|move|p2a: Corviknight|Bulk Up|p2a: Corviknight
|-boost|p2a: Corviknight|atk|1
|-boost|p2a: Corviknight|def|1
|
|upkeep
|turn|9
|
|t:|1757814090
|switch|p2a: Ceruledge|Ceruledge, F|100/100
|move|p1a: Jirachi|Iron Head|p2a: Ceruledge
|-resisted|p2a: Ceruledge
|-damage|p2a: Ceruledge|75/100
|
|-heal|p2a: Ceruledge|82/100|[from] item: Leftovers
|upkeep
|turn|10
|
|t:|1757814100
|move|p1a: Jirachi|Iron Head|p2a: Ceruledge
|-resisted|p2a: Ceruledge
|-damage|p2a: Ceruledge|53/100
|cant|p2a: Ceruledge|flinch
|
|-heal|p2a: Ceruledge|60/100|[from] item: Leftovers
|upkeep
|turn|11
|
|t:|1757814107
|move|p1a: Jirachi|Iron Head|p2a: Ceruledge
|-resisted|p2a: Ceruledge
|-damage|p2a: Ceruledge|33/100
|move|p2a: Ceruledge|Bitter Blade|p1a: Jirachi
|-supereffective|p1a: Jirachi
|-damage|p1a: Jirachi|3/100
|-heal|p2a: Ceruledge|91/100|[from] drain|[of] p1a: Jirachi
|
|-heal|p1a: Jirachi|9/100|[from] item: Leftovers
|-heal|p2a: Ceruledge|97/100|[from] item: Leftovers
|upkeep
|turn|12
|
|t:|1757814116
|move|p2a: Ceruledge|Shadow Sneak|p1a: Jirachi
|-supereffective|p1a: Jirachi
|-damage|p1a: Jirachi|0 fnt
|faint|p1a: Jirachi
|
|-heal|p2a: Ceruledge|100/100|[from] item: Leftovers
|upkeep
|
|t:|1757814121
|switch|p1a: Ogerpon|Ogerpon-Wellspring, F|42/100
|turn|13
|
|t:|1757814126
|switch|p2a: Corviknight|Corviknight, F|100/100
|-ability|p2a: Corviknight|Pressure
|move|p1a: Ogerpon|Ivy Cudgel|p2a: Corviknight|[anim] Ivy Cudgel Water
|-damage|p2a: Corviknight|63/100
|
|upkeep
|turn|14
|
|t:|1757814137
|move|p1a: Ogerpon|Ivy Cudgel|p2a: Corviknight|[anim] Ivy Cudgel Water
|-damage|p2a: Corviknight|27/100
|move|p2a: Corviknight|Body Press|p1a: Ogerpon
|-damage|p1a: Ogerpon|9/100
|
|upkeep
|turn|15
|
|t:|1757814143
|move|p1a: Ogerpon|Ivy Cudgel|p2a: Corviknight|[anim] Ivy Cudgel Water
|-damage|p2a: Corviknight|0 fnt
|faint|p2a: Corviknight
|
|upkeep
|
|t:|1757814148
|switch|p2a: Ceruledge|Ceruledge, F|100/100
|turn|16
|
|t:|1757814151
|switch|p1a: Porygon2|Porygon2|100/100
|-ability|p1a: Porygon2|Flash Fire|Trace|[from] ability: Trace|[of] p2a: Ceruledge
|move|p2a: Ceruledge|Shadow Sneak|p1a: Porygon2
|-immune|p1a: Porygon2
|
|upkeep
|turn|17
|
|t:|1757814173
|move|p2a: Ceruledge|Swords Dance|p2a: Ceruledge
|-boost|p2a: Ceruledge|atk|2
|move|p1a: Porygon2|Thunder Wave|p2a: Ceruledge
|-status|p2a: Ceruledge|par
|
|upkeep
|turn|18
|
|t:|1757814184
|switch|p1a: Ogerpon|Ogerpon-Wellspring, F|9/100
|move|p2a: Ceruledge|Swords Dance|p2a: Ceruledge
|-boost|p2a: Ceruledge|atk|2
|
|upkeep
|turn|19
|
|t:|1757814190
|move|p2a: Ceruledge|Shadow Sneak|p1a: Ogerpon
|-damage|p1a: Ogerpon|0 fnt
|faint|p1a: Ogerpon
|
|upkeep
|
|t:|1757814195
|switch|p1a: Dragonite|Dragonite, M|100/100
|turn|20
|
|t:|1757814201
|move|p1a: Dragonite|Earthquake|p2a: Ceruledge
|-supereffective|p2a: Ceruledge
|-damage|p2a: Ceruledge|0 fnt
|faint|p2a: Ceruledge
|
|upkeep
|
|t:|1757814205
|switch|p2a: Zamazenta|Zamazenta|100/100
|-ability|p2a: Zamazenta|Dauntless Shield|boost
|-boost|p2a: Zamazenta|def|1
|turn|21
|
|t:|1757814211
|switch|p1a: Porygon2|Porygon2|100/100
|-ability|p1a: Porygon2|Dauntless Shield|Trace|[from] ability: Trace|[of] p2a: Zamazenta
|-ability|p1a: Porygon2|Dauntless Shield|boost
|-boost|p1a: Porygon2|def|1
|move|p2a: Zamazenta|Iron Defense|p2a: Zamazenta
|-boost|p2a: Zamazenta|def|2
|
|upkeep
|turn|22
|
|t:|1757814219
|-terastallize|p1a: Porygon2|Ghost
|move|p2a: Zamazenta|Body Press|p1a: Porygon2
|-immune|p1a: Porygon2
|move|p1a: Porygon2|Thunder Wave|p2a: Zamazenta
|-status|p2a: Zamazenta|par
|
|upkeep
|turn|23
|
|t:|1757814227
|cant|p2a: Zamazenta|par
|move|p1a: Porygon2|Shadow Ball|p2a: Zamazenta
|-damage|p2a: Zamazenta|72/100 par
|-unboost|p2a: Zamazenta|spd|1
|
|-heal|p2a: Zamazenta|78/100 par|[from] item: Leftovers
|upkeep
|turn|24
|
|t:|1757814234
|move|p2a: Zamazenta|Crunch|p1a: Porygon2
|-supereffective|p1a: Porygon2
|-damage|p1a: Porygon2|85/100
|move|p1a: Porygon2|Shadow Ball|p2a: Zamazenta
|-damage|p2a: Zamazenta|37/100 par
|
|-heal|p2a: Zamazenta|44/100 par|[from] item: Leftovers
|upkeep
|turn|25
|-message|dark rivial forfeited.
|
|win|Gutoso
|raw|Gutoso's rating: 1388 &rarr; <strong>1406</strong><br />(+18 for winning)
|raw|dark rivial's rating: 1349 &rarr; <strong>1331</strong><br />(-18 for losing)
|l|☆dark rivial
|player|p2|
