|j|☆8daniel8
|j|☆dinosfrog
|t:|1757909170
|gametype|singles
|player|p1|8daniel8|koga|1421
|player|p2|dinosfrog|ethan|1364
|gen|9
|tier|[Gen 9] OU
|rated|
|rule|HP Percentage Mod: HP is shown in percentages
|rule|Endless Battle Clause: Forcing endless battles is banned
|rule|Species Clause: Limit one of each Pokémon
|rule|OHKO Clause: OHKO moves are banned
|rule|Evasion Items Clause: Evasion items are banned
|rule|Evasion Moves Clause: Evasion moves are banned
|rule|Evasion Abilities Clause: Evasion abilities are banned
|rule|Sleep Moves Clause: Sleep-inducing moves are banned
|clearpoke
|poke|p1|Dragapult, F|
|poke|p1|Mandibuzz, F|
|poke|p1|Empoleon, F|
|poke|p1|Scream Tail|
|poke|p1|Okidogi, M|
|poke|p1|Electrode-Hisui|
|poke|p2|Mimikyu, M|
|poke|p2|Dragonite, F|
|poke|p2|Great Tusk|
|poke|p2|Serperior, F|
|poke|p2|Primarina, F|
|poke|p2|Cinderace, F|
|teampreview
|inactive|Battle timer is ON: inactive players will automatically lose when time's up. (requested by 8daniel8)
|
|t:|1757909200
|teamsize|p1|6
|teamsize|p2|6
|start
|switch|p1a: Electrode|Electrode-Hisui|100/100
|switch|p2a: Cinderace|Cinderace, F|100/100
|turn|1
|
|t:|1757909210
|move|p1a: Electrode|Volt Switch|p2a: Cinderace
|-damage|p2a: Cinderace|66/100
|
|t:|1757909222
|switch|p1a: Mandibuzz|Mandibuzz, F|100/100|[from] Volt Switch
|move|p2a: Cinderace|Pyro Ball|p1a: Mandibuzz
|-damage|p1a: Mandibuzz|68/100
|-status|p1a: Mandibuzz|brn
|
|-damage|p1a: Mandibuzz|61/100 brn|[from] brn
|upkeep
|turn|2
|
|t:|1757909233
|move|p2a: Cinderace|Pyro Ball|p1a: Mandibuzz
|-damage|p1a: Mandibuzz|31/100 brn
|move|p1a: Mandibuzz|Roost|p1a: Mandibuzz
|-heal|p1a: Mandibuzz|82/100 brn
|-singleturn|p1a: Mandibuzz|move: Roost
|
|-damage|p1a: Mandibuzz|75/100 brn|[from] brn
|upkeep
|turn|3
|
|t:|1757909247
|move|p2a: Cinderace|Pyro Ball|p1a: Mandibuzz
|-damage|p1a: Mandibuzz|41/100 brn
|move|p1a: Mandibuzz|Toxic|p2a: Cinderace|[miss]
|-miss|p1a: Mandibuzz|p2a: Cinderace
|
|-damage|p1a: Mandibuzz|35/100 brn|[from] brn
|upkeep
|turn|4
|
|t:|1757909255
|move|p2a: Cinderace|Pyro Ball|p1a: Mandibuzz
|-damage|p1a: Mandibuzz|2/100 brn
|move|p1a: Mandibuzz|Roost|p1a: Mandibuzz
|-heal|p1a: Mandibuzz|52/100 brn
|-singleturn|p1a: Mandibuzz|move: Roost
|
|-damage|p1a: Mandibuzz|46/100 brn|[from] brn
|upkeep
|turn|5
|
|t:|1757909265
|move|p2a: Cinderace|U-turn|p1a: Mandibuzz
|-start|p2a: Cinderace|typechange|Bug|[from] ability: Libero
|-damage|p1a: Mandibuzz|28/100 brn
|
|t:|1757909273
|switch|p2a: Primarina|Primarina, F|100/100|[from] U-turn
|move|p1a: Mandibuzz|Roost|p1a: Mandibuzz
|-heal|p1a: Mandibuzz|79/100 brn
|-singleturn|p1a: Mandibuzz|move: Roost
|
|-damage|p1a: Mandibuzz|72/100 brn|[from] brn
|upkeep
|turn|6
|
|t:|1757909284
|switch|p1a: Empoleon|Empoleon, F|100/100
|move|p2a: Primarina|Alluring Voice|p1a: Empoleon
|-resisted|p1a: Empoleon
|-damage|p1a: Empoleon|85/100
|-enditem|p2a: Primarina|Throat Spray
|-boost|p2a: Primarina|spa|1|[from] item: Throat Spray
|
|-heal|p1a: Empoleon|92/100|[from] item: Leftovers
|upkeep
|turn|7
|
|t:|1757909296
|move|p2a: Primarina|Shadow Ball|p1a: Empoleon
|-damage|p1a: Empoleon|63/100
|move|p1a: Empoleon|Flip Turn|p2a: Primarina
|-resisted|p2a: Primarina
|-damage|p2a: Primarina|91/100
|
|t:|1757909304
|switch|p1a: Electrode|Electrode-Hisui|100/100|[from] Flip Turn
|
|upkeep
|turn|8
|
|t:|1757909314
|move|p1a: Electrode|Volt Switch|p2a: Primarina
|-supereffective|p2a: Primarina
|-damage|p2a: Primarina|45/100
|
|t:|1757909318
|switch|p1a: Empoleon|Empoleon, F|63/100|[from] Volt Switch
|move|p2a: Primarina|Alluring Voice|p1a: Empoleon
|-resisted|p1a: Empoleon
|-damage|p1a: Empoleon|39/100
|
|-heal|p1a: Empoleon|46/100|[from] item: Leftovers
|upkeep
|turn|9
|
|t:|1757909327
|move|p1a: Empoleon|Roost|p1a: Empoleon
|-heal|p1a: Empoleon|96/100
|-singleturn|p1a: Empoleon|move: Roost
|move|p2a: Primarina|Psychic Noise|p1a: Empoleon
|-resisted|p1a: Empoleon
|-damage|p1a: Empoleon|81/100
|-start|p1a: Empoleon|move: Heal Block
|
|upkeep
|turn|10
|
|t:|1757909339
|move|p1a: Empoleon|Flash Cannon|p2a: Primarina
|-damage|p2a: Primarina|18/100
|-unboost|p2a: Primarina|spd|1
|move|p2a: Primarina|Shadow Ball|p1a: Empoleon
|-damage|p1a: Empoleon|53/100
|
|-end|p1a: Empoleon|move: Heal Block
|upkeep
|turn|11
|-message|dinosfrog forfeited.
|
|win|8daniel8
|raw|8daniel8's rating: 1421 &rarr; <strong>1438</strong><br />(+17 for winning)
|raw|dinosfrog's rating: 1364 &rarr; <strong>1347</strong><br />(-17 for losing)
|l|☆dinosfrog
|player|p2|
|l|☆8daniel8
|player|p1|
