|j|‽Sd2014
|j|☆Train3rBlack
|t:|1757909590
|gametype|singles
|player|p1|Sd2014|2|1143
|player|p2|Train3rBlack|marshal|1167
|gen|9
|tier|[Gen 9] OU
|rated|
|rule|HP Percentage Mod: HP is shown in percentages
|rule|Endless Battle Clause: Forcing endless battles is banned
|rule|Species Clause: Limit one of each Pokémon
|rule|OHKO Clause: OHKO moves are banned
|rule|Evasion Items Clause: Evasion items are banned
|rule|Evasion Moves Clause: Evasion moves are banned
|rule|Evasion Abilities Clause: Evasion abilities are banned
|rule|Sleep Moves Clause: Sleep-inducing moves are banned
|clearpoke
|poke|p1|Thundurus, M|
|poke|p1|Iron Crown|
|poke|p1|Pelipper, F|
|poke|p1|Beartic, F|
|poke|p1|Overqwil, M|
|poke|p1|Ribombee, F|
|poke|p2|Skeledirge, F|
|poke|p2|Corviknight, M|
|poke|p2|Ting-Lu|
|poke|p2|Iron Valiant|
|poke|p2|Slowking-Galar, F|
|poke|p2|Ogerpon-Wellspring, F|
|teampreview
|inactive|Battle timer is ON: inactive players will automatically lose when time's up. (requested by Sd2014)
|
|t:|1757909608
|teamsize|p1|6
|teamsize|p2|6
|start
|switch|p1a: Pelipper|Pelipper, F|100/100
|switch|p2a: Ting-Lu|Ting-Lu, shiny|100/100
|-weather|RainDance|[from] ability: Drizzle|[of] p1a: Pelipper
|-ability|p2a: Ting-Lu|Vessel of Ruin
|turn|1
|
|t:|1757909619
|switch|p2a: Slowking|Slowking-Galar, F, shiny|100/100
|move|p1a: Pelipper|Surf|p2a: Slowking
|-damage|p2a: Slowking|68/100
|
|-weather|RainDance|[upkeep]
|upkeep
|turn|2
|
|t:|1757909633
|move|p1a: Pelipper|U-turn|p2a: Slowking
|-damage|p2a: Slowking|60/100
|
|t:|1757909636
|switch|p1a: Ribombee|Ribombee, F|100/100|[from] U-turn
|move|p2a: Slowking|Sludge Bomb|p1a: Ribombee
|-supereffective|p1a: Ribombee
|-enditem|p1a: Ribombee|Focus Sash
|-damage|p1a: Ribombee|1/100
|-status|p1a: Ribombee|psn
|
|-weather|RainDance|[upkeep]
|-damage|p1a: Ribombee|0 fnt|[from] psn
|faint|p1a: Ribombee
|upkeep
|
|t:|1757909647
|switch|p1a: Overqwil|Overqwil, M|100/100
|turn|3
|
|t:|1757909660
|switch|p2a: Ting-Lu|Ting-Lu, shiny|100/100
|-ability|p2a: Ting-Lu|Vessel of Ruin
|move|p1a: Overqwil|Swords Dance|p1a: Overqwil
|-boost|p1a: Overqwil|atk|2
|
|-weather|RainDance|[upkeep]
|upkeep
|turn|4
|
|t:|1757909673
|switch|p2a: Corviknight|Corviknight, M, shiny|100/100
|-ability|p2a: Corviknight|Pressure
|move|p1a: Overqwil|Liquidation|p2a: Corviknight
|-damage|p2a: Corviknight|51/100
|-damage|p1a: Overqwil|84/100|[from] item: Rocky Helmet|[of] p2a: Corviknight
|
|-weather|RainDance|[upkeep]
|upkeep
|turn|5
|
|t:|1757909680
|move|p1a: Overqwil|Swords Dance|p1a: Overqwil
|-boost|p1a: Overqwil|atk|2
|move|p2a: Corviknight|Roost|p2a: Corviknight
|-heal|p2a: Corviknight|100/100
|-singleturn|p2a: Corviknight|move: Roost
|
|-weather|RainDance|[upkeep]
|upkeep
|turn|6
|
|t:|1757909693
|move|p1a: Overqwil|Swords Dance|p1a: Overqwil
|-boost|p1a: Overqwil|atk|2
|move|p2a: Corviknight|Iron Head|p1a: Overqwil
|-damage|p1a: Overqwil|55/100
|
|-weather|RainDance|[upkeep]
|upkeep
|turn|7
|
|t:|1757909700
|switch|p2a: Ogerpon|Ogerpon-Wellspring, F|100/100
|move|p1a: Overqwil|Liquidation|p2a: Ogerpon
|-immune|p2a: Ogerpon|[from] ability: Water Absorb
|
|-weather|RainDance|[upkeep]
|upkeep
|turn|8
|
|t:|1757909705
|switch|p2a: Corviknight|Corviknight, M, shiny|100/100
|-ability|p2a: Corviknight|Pressure
|move|p1a: Overqwil|Barb Barrage|p2a: Corviknight
|-immune|p2a: Corviknight
|
|-weather|none
|upkeep
|turn|9
|
|t:|1757909713
|move|p1a: Overqwil|Barb Barrage|p2a: Corviknight
|-immune|p2a: Corviknight
|move|p2a: Corviknight|Brave Bird|p1a: Overqwil
|-damage|p1a: Overqwil|10/100
|-damage|p2a: Corviknight|89/100|[from] Recoil
|
|upkeep
|turn|10
|
|t:|1757909719
|switch|p2a: Ogerpon|Ogerpon-Wellspring, F|100/100
|move|p1a: Overqwil|Crunch|p2a: Ogerpon
|-damage|p2a: Ogerpon|0 fnt
|faint|p2a: Ogerpon
|
|upkeep
|
|t:|1757909744
|switch|p2a: Iron Valiant|Iron Valiant|100/100
|-enditem|p2a: Iron Valiant|Booster Energy
|-activate|p2a: Iron Valiant|ability: Quark Drive|[fromitem]
|-start|p2a: Iron Valiant|quarkdrivespe
|turn|11
|
|t:|1757909749
|move|p2a: Iron Valiant|Moonblast|p1a: Overqwil
|-damage|p1a: Overqwil|0 fnt
|faint|p1a: Overqwil
|
|upkeep
|
|t:|1757909752
|switch|p1a: Pelipper|Pelipper, F|100/100
|-weather|RainDance|[from] ability: Drizzle|[of] p1a: Pelipper
|turn|12
|
|t:|1757909776
|-end|p2a: Iron Valiant|Quark Drive|[silent]
|switch|p2a: Slowking|Slowking-Galar, F, shiny|93/100
|move|p1a: Pelipper|Hurricane|p2a: Slowking
|-damage|p2a: Slowking|66/100
|
|-weather|RainDance|[upkeep]
|upkeep
|turn|13
|
|t:|1757909787
|move|p1a: Pelipper|Icy Wind|p2a: Slowking
|-damage|p2a: Slowking|57/100
|-unboost|p2a: Slowking|spe|1
|move|p2a: Slowking|Future Sight|p1a: Pelipper
|-start|p2a: Slowking|move: Future Sight
|
|-weather|RainDance|[upkeep]
|upkeep
|turn|14
|
|t:|1757909796
|move|p1a: Pelipper|Hurricane|p2a: Slowking
|-damage|p2a: Slowking|31/100
|-start|p2a: Slowking|confusion
|-activate|p2a: Slowking|confusion
|-damage|p2a: Slowking|26/100|[from] confusion
|
|-weather|RainDance|[upkeep]
|upkeep
|turn|15
|
|t:|1757909805
|move|p1a: Pelipper|Hurricane|p2a: Slowking
|-damage|p2a: Slowking|0 fnt
|faint|p2a: Slowking
|
|-weather|RainDance|[upkeep]
|-end|p1a: Pelipper|move: Future Sight
|-damage|p1a: Pelipper|14/100
|upkeep
|inactive|Train3rBlack has 120 seconds left.
|
|t:|1757909831
|switch|p2a: Corviknight|Corviknight, M, shiny|89/100
|-ability|p2a: Corviknight|Pressure
|turn|16
|
|t:|1757909835
|move|p2a: Corviknight|Brave Bird|p1a: Pelipper
|-damage|p1a: Pelipper|0 fnt
|faint|p1a: Pelipper
|-damage|p2a: Corviknight|85/100|[from] Recoil
|
|-weather|RainDance|[upkeep]
|upkeep
|
|t:|1757909841
|switch|p1a: Beartic|Beartic, F|100/100
|turn|17
|
|t:|1757909856
|move|p1a: Beartic|Swords Dance|p1a: Beartic
|-boost|p1a: Beartic|atk|2
|move|p2a: Corviknight|Iron Head|p1a: Beartic
|-supereffective|p1a: Beartic
|-damage|p1a: Beartic|38/100
|
|-weather|RainDance|[upkeep]
|upkeep
|turn|18
|
|t:|1757909870
|move|p1a: Beartic|Liquidation|p2a: Corviknight
|-damage|p2a: Corviknight|15/100
|-damage|p1a: Beartic|22/100|[from] item: Rocky Helmet|[of] p2a: Corviknight
|move|p2a: Corviknight|Roost|p2a: Corviknight
|-heal|p2a: Corviknight|65/100
|-singleturn|p2a: Corviknight|move: Roost
|
|-weather|RainDance|[upkeep]
|upkeep
|turn|19
|
|t:|1757909877
|move|p1a: Beartic|Liquidation|p2a: Corviknight
|-damage|p2a: Corviknight|0 fnt
|-damage|p1a: Beartic|5/100|[from] item: Rocky Helmet|[of] p2a: Corviknight
|faint|p2a: Corviknight
|
|-weather|none
|upkeep
|
|t:|1757909887
|switch|p2a: Iron Valiant|Iron Valiant|100/100
|turn|20
|
|t:|1757909893
|move|p1a: Beartic|Aqua Jet|p2a: Iron Valiant
|-damage|p2a: Iron Valiant|52/100
|move|p2a: Iron Valiant|Moonblast|p1a: Beartic
|-crit|p1a: Beartic
|-damage|p1a: Beartic|0 fnt
|faint|p1a: Beartic
|
|upkeep
|
|t:|1757909897
|switch|p1a: Thundurus|Thundurus, M|100/100
|turn|21
|
|t:|1757909911
|move|p1a: Thundurus|Electric Terrain|p1a: Thundurus
|-fieldstart|move: Electric Terrain
|-activate|p2a: Iron Valiant|ability: Quark Drive
|-start|p2a: Iron Valiant|quarkdrivespe
|move|p2a: Iron Valiant|Moonblast|p1a: Thundurus
|-damage|p1a: Thundurus|34/100
|-unboost|p1a: Thundurus|spa|1
|
|upkeep
|turn|22
|
|t:|1757909918
|move|p1a: Thundurus|Rain Dance|p1a: Thundurus
|-weather|RainDance
|move|p2a: Iron Valiant|Moonblast|p1a: Thundurus
|-crit|p1a: Thundurus
|-damage|p1a: Thundurus|0 fnt
|faint|p1a: Thundurus
|
|-weather|RainDance|[upkeep]
|upkeep
|
|t:|1757909921
|switch|p1a: Iron Crown|Iron Crown|100/100
|-activate|p1a: Iron Crown|ability: Quark Drive
|-start|p1a: Iron Crown|quarkdrivespe
|turn|23
|
|t:|1757909942
|-terastallize|p2a: Iron Valiant|Steel
|-terastallize|p1a: Iron Crown|Fighting
|move|p2a: Iron Valiant|Focus Blast|p1a: Iron Crown
|-damage|p1a: Iron Crown|47/100
|move|p1a: Iron Crown|Tachyon Cutter|p2a: Iron Valiant
|-resisted|p2a: Iron Valiant
|-damage|p2a: Iron Valiant|30/100
|-resisted|p2a: Iron Valiant
|-damage|p2a: Iron Valiant|10/100
|-hitcount|p2a: Iron Valiant|2
|
|-weather|RainDance|[upkeep]
|-heal|p1a: Iron Crown|53/100|[from] item: Leftovers
|upkeep
|turn|24
|
|t:|1757909953
|move|p2a: Iron Valiant|Moonblast|p1a: Iron Crown
|-supereffective|p1a: Iron Crown
|-damage|p1a: Iron Crown|0 fnt
|faint|p1a: Iron Crown
|-end|p1a: Iron Crown|Quark Drive|[silent]
|
|win|Train3rBlack
|raw|Sd2014's rating: 1143 &rarr; <strong>1120</strong><br />(-23 for losing)
|raw|Train3rBlack's rating: 1167 &rarr; <strong>1190</strong><br />(+23 for winning)
|l|‽Sd2014
|player|p1|
|l|☆Train3rBlack
|player|p2|
