|j|☆findmyhair
|j|☆slavender
|t:|1757907616
|gametype|singles
|player|p1|findmyhair|acetrainercouple|1218
|player|p2|slavender|101|1218
|gen|9
|tier|[Gen 9] OU
|rated|
|rule|HP Percentage Mod: HP is shown in percentages
|rule|Endless Battle Clause: Forcing endless battles is banned
|rule|Species Clause: Limit one of each Pokémon
|rule|OHKO Clause: OHKO moves are banned
|rule|Evasion Items Clause: Evasion items are banned
|rule|Evasion Moves Clause: Evasion moves are banned
|rule|Evasion Abilities Clause: Evasion abilities are banned
|rule|Sleep Moves Clause: Sleep-inducing moves are banned
|clearpoke
|poke|p1|Cresselia, F|
|poke|p1|Slowking-Galar, M|
|poke|p1|Iron Hands|
|poke|p1|Ursaluna, F|
|poke|p1|Crawdaunt, M|
|poke|p1|Klefki, M|
|poke|p2|Ninetales, F|
|poke|p2|Great Tusk|
|poke|p2|Raging Bolt|
|poke|p2|Zarude-Dada|
|poke|p2|Latios, M|
|poke|p2|Cinderace, M|
|teampreview
|inactive|Battle timer is ON: inactive players will automatically lose when time's up. (requested by findmyhair)
|
|t:|1757907638
|teamsize|p1|6
|teamsize|p2|6
|start
|switch|p1a: Klefki|Klefki, M|100/100
|switch|p2a: Munch McCoochi|Cinderace, M|100/100
|turn|1
|
|t:|1757907661
|switch|p2a: Revenge Klilr|Zarude-Dada|100/100
|move|p1a: Klefki|Reflect|p1a: Klefki
|-sidestart|p1: findmyhair|Reflect
|
|upkeep
|turn|2
|
|t:|1757907668
|move|p1a: Klefki|Light Screen|p1a: Klefki
|-sidestart|p1: findmyhair|move: Light Screen
|move|p2a: Revenge Klilr|Knock Off|p1a: Klefki
|-resisted|p1a: Klefki
|-damage|p1a: Klefki|89/100
|-enditem|p1a: Klefki|Light Clay|[from] move: Knock Off|[of] p2a: Revenge Klilr
|
|upkeep
|turn|3
|inactive|findmyhair has 120 seconds left.
|
|t:|1757907695
|switch|p2a: Sasuke Uzumaki|Ninetales, F, shiny|100/100
|-weather|SunnyDay|[from] ability: Drought|[of] p2a: Sasuke Uzumaki
|switch|p1a: Slowking|Slowking-Galar, M|100/100
|
|-weather|SunnyDay|[upkeep]
|upkeep
|turn|4
|
|t:|1757907705
|move|p2a: Sasuke Uzumaki|Scorching Sands|p1a: Slowking
|-supereffective|p1a: Slowking
|-damage|p1a: Slowking|89/100
|-status|p1a: Slowking|brn
|move|p1a: Slowking|Trick Room|p1a: Slowking
|-fieldstart|move: Trick Room|[of] p1a: Slowking
|
|-weather|SunnyDay|[upkeep]
|-heal|p1a: Slowking|95/100 brn|[from] item: Black Sludge
|-damage|p1a: Slowking|89/100 brn|[from] brn
|upkeep
|turn|5
|
|t:|1757907717
|move|p1a: Slowking|Nasty Plot|p1a: Slowking
|-boost|p1a: Slowking|spa|2
|move|p2a: Sasuke Uzumaki|Scorching Sands|p1a: Slowking
|-supereffective|p1a: Slowking
|-damage|p1a: Slowking|78/100 brn
|
|-weather|SunnyDay|[upkeep]
|-heal|p1a: Slowking|84/100 brn|[from] item: Black Sludge
|-damage|p1a: Slowking|78/100 brn|[from] brn
|upkeep
|turn|6
|
|t:|1757907735
|move|p1a: Slowking|Sludge Bomb|p2a: Sasuke Uzumaki
|-damage|p2a: Sasuke Uzumaki|5/100
|move|p2a: Sasuke Uzumaki|Encore|p1a: Slowking
|-start|p1a: Slowking|Encore
|
|-weather|SunnyDay|[upkeep]
|-heal|p1a: Slowking|84/100 brn|[from] item: Black Sludge
|-damage|p1a: Slowking|78/100 brn|[from] brn
|upkeep
|turn|7
|
|t:|1757907743
|switch|p2a: IceAgeManny|Great Tusk|100/100
|-activate|p2a: IceAgeManny|ability: Protosynthesis
|-start|p2a: IceAgeManny|protosynthesisspe
|move|p1a: Slowking|Sludge Bomb|p2a: IceAgeManny
|-resisted|p2a: IceAgeManny
|-damage|p2a: IceAgeManny|45/100
|
|-weather|SunnyDay|[upkeep]
|-heal|p1a: Slowking|84/100 brn|[from] item: Black Sludge
|-damage|p1a: Slowking|78/100 brn|[from] brn
|upkeep
|turn|8
|
|t:|1757907758
|-end|p2a: IceAgeManny|Protosynthesis|[silent]
|switch|p2a: Boob toucher|Latios, M|100/100
|move|p1a: Slowking|Sludge Bomb|p2a: Boob toucher
|-damage|p2a: Boob toucher|7/100
|-status|p2a: Boob toucher|psn
|
|-weather|SunnyDay|[upkeep]
|-heal|p1a: Slowking|84/100 brn|[from] item: Black Sludge
|-damage|p2a: Boob toucher|0 fnt|[from] psn
|faint|p2a: Boob toucher
|-damage|p1a: Slowking|78/100 brn|[from] brn
|-sideend|p1: findmyhair|Reflect
|-fieldend|move: Trick Room
|upkeep
|
|t:|1757907770
|switch|p2a: IceAgeManny|Great Tusk|45/100
|-activate|p2a: IceAgeManny|ability: Protosynthesis
|-start|p2a: IceAgeManny|protosynthesisspe
|turn|9
|
|t:|1757907778
|switch|p1a: Cresselia|Cresselia, F|100/100
|move|p2a: IceAgeManny|Bulk Up|p2a: IceAgeManny
|-boost|p2a: IceAgeManny|atk|1
|-boost|p2a: IceAgeManny|def|1
|
|-weather|SunnyDay|[upkeep]
|-sideend|p1: findmyhair|move: Light Screen
|upkeep
|turn|10
|
|t:|1757907786
|-terastallize|p2a: IceAgeManny|Ice
|move|p2a: IceAgeManny|Ice Spinner|p1a: Cresselia
|-damage|p1a: Cresselia|72/100
|move|p1a: Cresselia|Trick Room|p1a: Cresselia
|-fieldstart|move: Trick Room|[of] p1a: Cresselia
|
|-weather|none
|-end|p2a: IceAgeManny|Protosynthesis
|upkeep
|-enditem|p2a: IceAgeManny|Booster Energy
|-activate|p2a: IceAgeManny|ability: Protosynthesis|[fromitem]
|-start|p2a: IceAgeManny|protosynthesisatk
|turn|11
|-message|slavender forfeited.
|
|win|findmyhair
|raw|findmyhair's rating: 1218 &rarr; <strong>1243</strong><br />(+25 for winning)
|raw|slavender's rating: 1218 &rarr; <strong>1193</strong><br />(-25 for losing)
|c|☆findmyhair|LOL
