|j|☆dersch703
|j|☆IRozen
|t:|1757898759
|gametype|singles
|player|p1|dersch703|n|1063
|player|p2|IRozen|palmer|1090
|gen|9
|tier|[Gen 9] OU
|rated|
|rule|HP Percentage Mod: HP is shown in percentages
|rule|Endless Battle Clause: Forcing endless battles is banned
|rule|Species Clause: Limit one of each Pokémon
|rule|OHKO Clause: OHKO moves are banned
|rule|Evasion Items Clause: Evasion items are banned
|rule|Evasion Moves Clause: Evasion moves are banned
|rule|Evasion Abilities Clause: Evasion abilities are banned
|rule|Sleep Moves Clause: Sleep-inducing moves are banned
|clearpoke
|poke|p1|Dragonite, M|
|poke|p1|Ceruledge, F|
|poke|p1|Scizor, F|
|poke|p1|Tyranitar, M|
|poke|p1|Greninja-*, F|
|poke|p1|Landorus-Therian, M|
|poke|p2|Hatterene, F|
|poke|p2|Grimmsnarl, M|
|poke|p2|Iron Valiant|
|poke|p2|Tinkaton, F|
|poke|p2|Weezing-Galar, F|
|poke|p2|Primarina, F|
|teampreview
|inactive|Battle timer is ON: inactive players will automatically lose when time's up. (requested by dersch703)
|
|t:|1757898766
|teamsize|p1|6
|teamsize|p2|6
|start
|switch|p1a: Greninja|Greninja, F, shiny|100/100
|switch|p2a: Weezing|Weezing-Galar, F|100/100
|turn|1
|
|t:|1757898777
|move|p1a: Greninja|U-turn|p2a: Weezing
|-start|p1a: Greninja|typechange|Bug|[from] ability: Protean
|-resisted|p2a: Weezing
|-damage|p2a: Weezing|94/100
|-damage|p1a: Greninja|91/100|[from] item: Life Orb
|
|t:|1757898786
|switch|p1a: Tyranitar|Tyranitar, M|100/100|[from] U-turn
|-weather|Sandstorm|[from] ability: Sand Stream|[of] p1a: Tyranitar
|move|p2a: Weezing|Toxic|p1a: Tyranitar
|-status|p1a: Tyranitar|tox
|
|-weather|Sandstorm|[upkeep]
|-damage|p2a: Weezing|87/100|[from] Sandstorm
|-damage|p1a: Tyranitar|94/100 tox|[from] psn
|upkeep
|turn|2
|
|t:|1757898803
|switch|p2a: Iron Valiant|Iron Valiant|100/100
|-enditem|p2a: Iron Valiant|Booster Energy
|-activate|p2a: Iron Valiant|ability: Quark Drive|[fromitem]
|-start|p2a: Iron Valiant|quarkdrivespe
|move|p1a: Tyranitar|Earthquake|p2a: Iron Valiant
|-damage|p2a: Iron Valiant|35/100
|
|-weather|Sandstorm|[upkeep]
|-damage|p2a: Iron Valiant|29/100|[from] Sandstorm
|-damage|p1a: Tyranitar|82/100 tox|[from] psn
|upkeep
|turn|3
|
|t:|1757898824
|switch|p1a: Scizor|Scizor, F|100/100
|move|p2a: Iron Valiant|Spirit Break|p1a: Scizor
|-resisted|p1a: Scizor
|-crit|p1a: Scizor
|-damage|p1a: Scizor|71/100
|-unboost|p1a: Scizor|spa|1
|
|-weather|Sandstorm|[upkeep]
|-damage|p2a: Iron Valiant|23/100|[from] Sandstorm
|upkeep
|turn|4
|
|t:|1757898836
|move|p1a: Scizor|Bullet Punch|p2a: Iron Valiant
|-supereffective|p2a: Iron Valiant
|-damage|p2a: Iron Valiant|0 fnt
|faint|p2a: Iron Valiant
|-end|p2a: Iron Valiant|Quark Drive|[silent]
|
|-weather|Sandstorm|[upkeep]
|upkeep
|
|t:|1757898844
|switch|p2a: Tinkaton|Tinkaton, F|100/100
|-ability|p2a: Tinkaton|Mold Breaker
|turn|5
|
|t:|1757898853
|move|p2a: Tinkaton|Gigaton Hammer|p1a: Scizor
|-resisted|p1a: Scizor
|-damage|p1a: Scizor|27/100
|-damage|p2a: Tinkaton|91/100|[from] item: Life Orb
|move|p1a: Scizor|Swords Dance|p1a: Scizor
|-boost|p1a: Scizor|atk|2
|
|-weather|none
|upkeep
|turn|6
|
|t:|1757898867
|move|p1a: Scizor|Bullet Punch|p2a: Tinkaton
|-damage|p2a: Tinkaton|5/100
|move|p2a: Tinkaton|Knock Off|p1a: Scizor
|-damage|p1a: Scizor|0 fnt
|-enditem|p1a: Scizor|Loaded Dice|[from] move: Knock Off|[of] p2a: Tinkaton
|faint|p1a: Scizor
|-damage|p2a: Tinkaton|0 fnt|[from] item: Life Orb
|faint|p2a: Tinkaton
|
|upkeep
|
|t:|1757898881
|switch|p2a: Hatterene|Hatterene, F|100/100
|switch|p1a: Greninja|Greninja, F, shiny|91/100
|turn|7
|
|t:|1757898887
|move|p1a: Greninja|Gunk Shot|p2a: Hatterene
|-start|p1a: Greninja|typechange|Poison|[from] ability: Protean
|-supereffective|p2a: Hatterene
|-damage|p2a: Hatterene|0 fnt
|faint|p2a: Hatterene
|-damage|p1a: Greninja|81/100|[from] item: Life Orb
|
|upkeep
|
|t:|1757898893
|switch|p2a: Grimmsnarl|Grimmsnarl, M|100/100
|turn|8
|
|t:|1757898899
|move|p1a: Greninja|U-turn|p2a: Grimmsnarl
|-damage|p2a: Grimmsnarl|71/100
|-damage|p1a: Greninja|71/100|[from] item: Life Orb
|
|t:|1757898908
|switch|p1a: Landorus|Landorus-Therian, M|100/100|[from] U-turn
|-ability|p1a: Landorus|Intimidate|boost
|-unboost|p2a: Grimmsnarl|atk|1
|move|p2a: Grimmsnarl|Hammer Arm|p1a: Landorus
|-resisted|p1a: Landorus
|-crit|p1a: Landorus
|-damage|p1a: Landorus|56/100
|-unboost|p2a: Grimmsnarl|spe|1
|
|-heal|p1a: Landorus|62/100|[from] item: Leftovers
|upkeep
|turn|9
|
|t:|1757898926
|switch|p2a: Primarina|Primarina, F, shiny|100/100
|move|p1a: Landorus|Earthquake|p2a: Primarina
|-damage|p2a: Primarina|16/100
|
|-heal|p1a: Landorus|68/100|[from] item: Leftovers
|upkeep
|turn|10
|
|t:|1757898935
|move|p1a: Landorus|Earthquake|p2a: Primarina
|-damage|p2a: Primarina|0 fnt
|faint|p2a: Primarina
|
|-heal|p1a: Landorus|75/100|[from] item: Leftovers
|upkeep
|
|t:|1757898938
|switch|p2a: Grimmsnarl|Grimmsnarl, M|71/100
|turn|11
|
|t:|1757898947
|move|p2a: Grimmsnarl|Sucker Punch|p1a: Landorus
|-damage|p1a: Landorus|16/100
|move|p1a: Landorus|Earthquake|p2a: Grimmsnarl
|-damage|p2a: Grimmsnarl|0 fnt
|faint|p2a: Grimmsnarl
|
|-heal|p1a: Landorus|23/100|[from] item: Leftovers
|upkeep
|
|t:|1757898950
|switch|p2a: Weezing|Weezing-Galar, F|87/100
|turn|12
|
|t:|1757898960
|move|p1a: Landorus|Hammer Arm|p2a: Weezing
|-resisted|p2a: Weezing
|-damage|p2a: Weezing|80/100
|-unboost|p1a: Landorus|spe|1
|move|p2a: Weezing|Gunk Shot|p1a: Landorus|[miss]
|-miss|p2a: Weezing|p1a: Landorus
|
|-heal|p1a: Landorus|29/100|[from] item: Leftovers
|upkeep
|turn|13
|
|t:|1757898973
|move|p1a: Landorus|Earthquake|p2a: Weezing
|-immune|p2a: Weezing|[from] ability: Levitate
|move|p2a: Weezing|Gunk Shot|p1a: Landorus
|-resisted|p1a: Landorus
|-damage|p1a: Landorus|5/100
|-status|p1a: Landorus|psn
|-damage|p2a: Weezing|70/100|[from] item: Life Orb
|
|-heal|p1a: Landorus|11/100 psn|[from] item: Leftovers
|-damage|p1a: Landorus|0 fnt|[from] psn
|faint|p1a: Landorus
|upkeep
|
|t:|1757898988
|switch|p1a: Greninja|Greninja, F, shiny|71/100
|turn|14
|
|t:|1757898998
|move|p1a: Greninja|Gunk Shot|p2a: Weezing
|-start|p1a: Greninja|typechange|Poison|[from] ability: Protean
|-damage|p2a: Weezing|20/100
|-damage|p1a: Greninja|61/100|[from] item: Life Orb
|move|p2a: Weezing|Toxic|p1a: Greninja
|-immune|p1a: Greninja
|
|upkeep
|turn|15
|
|t:|1757899014
|move|p1a: Greninja|Water Shuriken|p2a: Weezing
|-damage|p2a: Weezing|14/100
|-damage|p2a: Weezing|7/100
|-hitcount|p2a: Weezing|2
|-damage|p1a: Greninja|52/100|[from] item: Life Orb
|move|p2a: Weezing|Gyro Ball|p1a: Greninja
|-damage|p1a: Greninja|16/100
|-damage|p2a: Weezing|0 fnt|[from] item: Life Orb
|faint|p2a: Weezing
|
|win|dersch703
|raw|dersch703's rating: 1063 &rarr; <strong>1096</strong><br />(+33 for winning)
|raw|IRozen's rating: 1090 &rarr; <strong>1065</strong><br />(-25 for losing)
|l|☆IRozen
|player|p2|
