|j|☆poppylikecats
|j|☆Oattumblely
|t:|1757901990
|gametype|singles
|player|p1|poppylikecats|iris|1411
|player|p2|Oattumblely|rocketgruntf|1419
|gen|9
|tier|[Gen 9] OU
|rated|
|rule|HP Percentage Mod: HP is shown in percentages
|rule|Endless Battle Clause: Forcing endless battles is banned
|rule|Species Clause: Limit one of each Pokémon
|rule|OHKO Clause: OHKO moves are banned
|rule|Evasion Items Clause: Evasion items are banned
|rule|Evasion Moves Clause: Evasion moves are banned
|rule|Evasion Abilities Clause: Evasion abilities are banned
|rule|Sleep Moves Clause: Sleep-inducing moves are banned
|clearpoke
|poke|p1|Iron Crown|
|poke|p1|Meowscarada, M|
|poke|p1|Great Tusk|
|poke|p1|Pecharunt|
|poke|p1|Ting-Lu|
|poke|p1|Iron Valiant|
|poke|p2|Araquanid, F|
|poke|p2|Serperior, F|
|poke|p2|Dragonite, M|
|poke|p2|Great Tusk|
|poke|p2|Glimmora, M|
|poke|p2|Garganacl, M|
|teampreview
|inactive|Battle timer is ON: inactive players will automatically lose when time's up. (requested by poppylikecats)
|j| ulisesdiogenes
|
|t:|1757902019
|teamsize|p1|6
|teamsize|p2|6
|start
|switch|p1a: Meowscarada|Meowscarada, M|100/100
|switch|p2a: Araquanid|Araquanid, F|100/100
|turn|1
|
|t:|1757902022
|move|p1a: Meowscarada|U-turn|p2a: Araquanid
|-start|p1a: Meowscarada|typechange|Bug|[from] ability: Protean
|-damage|p2a: Araquanid|60/100
|
|t:|1757902046
|switch|p1a: Iron Crown|Iron Crown|100/100|[from] U-turn
|move|p2a: Araquanid|Lunge|p1a: Iron Crown
|-damage|p1a: Iron Crown|76/100
|-unboost|p1a: Iron Crown|atk|1
|
|upkeep
|turn|2
|
|t:|1757902058
|move|p1a: Iron Crown|Volt Switch|p2a: Araquanid
|-supereffective|p2a: Araquanid
|-damage|p2a: Araquanid|7/100
|
|t:|1757902062
|-end|p1a: Iron Crown|Quark Drive|[silent]
|switch|p1a: Great Tusk|Great Tusk|100/100|[from] Volt Switch
|move|p2a: Araquanid|Liquidation|p1a: Great Tusk
|-supereffective|p1a: Great Tusk
|-damage|p1a: Great Tusk|35/100
|
|-heal|p1a: Great Tusk|41/100|[from] item: Leftovers
|upkeep
|turn|3
|-enditem|p2a: Araquanid|Custap Berry|[eat]
|-activate|p2a: Araquanid|item: Custap Berry|[consumed]
|
|t:|1757902078
|move|p2a: Araquanid|Liquidation|p1a: Great Tusk
|-supereffective|p1a: Great Tusk
|-crit|p1a: Great Tusk
|-damage|p1a: Great Tusk|0 fnt
|faint|p1a: Great Tusk
|-end|p1a: Great Tusk|Protosynthesis|[silent]
|
|upkeep
|
|t:|1757902095
|switch|p1a: Meowscarada|Meowscarada, M|100/100
|turn|4
|
|t:|1757902103
|switch|p2a: Glimmora|Glimmora, M|100/100
|move|p1a: Meowscarada|U-turn|p2a: Glimmora
|-start|p1a: Meowscarada|typechange|Bug|[from] ability: Protean
|-resisted|p2a: Glimmora
|-damage|p2a: Glimmora|72/100
|-activate|p2a: Glimmora|ability: Toxic Debris
|-sidestart|p1: poppylikecats|move: Toxic Spikes
|
|t:|1757902108
|switch|p1a: Pecharunt|Pecharunt|100/100|[from] U-turn
|-sideend|p1: poppylikecats|move: Toxic Spikes|[of] p1a: Pecharunt
|
|upkeep
|turn|5
|
|t:|1757902113
|move|p2a: Glimmora|Meteor Beam||[still]
|-prepare|p2a: Glimmora|Meteor Beam
|-boost|p2a: Glimmora|spa|1
|-enditem|p2a: Glimmora|Power Herb
|-anim|p2a: Glimmora|Meteor Beam|p1a: Pecharunt
|-damage|p1a: Pecharunt|13/100
|move|p1a: Pecharunt|Parting Shot|p2a: Glimmora
|-unboost|p2a: Glimmora|atk|1
|-unboost|p2a: Glimmora|spa|1
|
|t:|1757902118
|switch|p1a: Iron Crown|Iron Crown|76/100|[from] Parting Shot
|
|upkeep
|turn|6
|
|t:|1757902135
|switch|p2a: Araquanid|Araquanid, F|7/100
|move|p1a: Iron Crown|Tachyon Cutter|p2a: Araquanid
|-resisted|p2a: Araquanid
|-damage|p2a: Araquanid|0 fnt
|faint|p2a: Araquanid
|-hitcount|p2: Araquanid|1
|
|upkeep
|
|t:|1757902141
|switch|p2a: Serperior|Serperior, F|100/100
|turn|7
|l| ulisesdiogenes
|
|t:|1757902150
|-terastallize|p1a: Iron Crown|Steel
|move|p2a: Serperior|Glare|p1a: Iron Crown
|-status|p1a: Iron Crown|par
|cant|p1a: Iron Crown|par
|
|upkeep
|turn|8
|
|t:|1757902165
|move|p2a: Serperior|Leaf Storm|p1a: Iron Crown
|-resisted|p1a: Iron Crown
|-crit|p1a: Iron Crown
|-damage|p1a: Iron Crown|39/100 par
|-boost|p2a: Serperior|spa|2
|move|p1a: Iron Crown|Tachyon Cutter|p2a: Serperior
|-damage|p2a: Serperior|34/100
|-damage|p2a: Serperior|0 fnt
|faint|p2a: Serperior
|-hitcount|p2: Serperior|2
|
|upkeep
|c|☆poppylikecats|whoops
|
|t:|1757902178
|switch|p2a: Great Tusk|Great Tusk|100/100
|turn|9
|
|t:|1757902194
|-end|p1a: Iron Crown|Quark Drive|[silent]
|switch|p1a: Meowscarada|Meowscarada, M|100/100
|move|p2a: Great Tusk|Earthquake|p1a: Meowscarada
|-resisted|p1a: Meowscarada
|-crit|p1a: Meowscarada
|-damage|p1a: Meowscarada|37/100
|
|upkeep
|turn|10
|
|t:|1757902215
|-terastallize|p2a: Great Tusk|Steel
|move|p1a: Meowscarada|Triple Axel|p2a: Great Tusk
|-start|p1a: Meowscarada|typechange|Ice|[from] ability: Protean
|-resisted|p2a: Great Tusk
|-crit|p2a: Great Tusk
|-damage|p2a: Great Tusk|94/100
|-damage|p1a: Meowscarada|21/100|[from] item: Rocky Helmet|[of] p2a: Great Tusk
|-resisted|p2a: Great Tusk
|-damage|p2a: Great Tusk|86/100
|-damage|p1a: Meowscarada|5/100|[from] item: Rocky Helmet|[of] p2a: Great Tusk
|-resisted|p2a: Great Tusk
|-damage|p2a: Great Tusk|73/100
|-damage|p1a: Meowscarada|0 fnt|[from] item: Rocky Helmet|[of] p2a: Great Tusk
|faint|p1a: Meowscarada
|-hitcount|p2a: Great Tusk|3
|move|p2a: Great Tusk|Temper Flare|p1: Meowscarada|[notarget]
|-fail|p2a: Great Tusk
|
|upkeep
|inactive|poppylikecats has 120 seconds left.
|
|t:|1757902241
|switch|p1a: Ting-Lu|Ting-Lu|100/100
|-ability|p1a: Ting-Lu|Vessel of Ruin
|turn|11
|
|t:|1757902247
|-end|p2a: Great Tusk|Protosynthesis|[silent]
|switch|p2a: Glimmora|Glimmora, M|72/100
|move|p1a: Ting-Lu|Earthquake|p2a: Glimmora
|-supereffective|p2a: Glimmora
|-crit|p2a: Glimmora
|-damage|p2a: Glimmora|0 fnt
|-activate|p2a: Glimmora|ability: Toxic Debris
|-sidestart|p1: poppylikecats|move: Toxic Spikes
|faint|p2a: Glimmora
|
|upkeep
|
|t:|1757902252
|switch|p2a: Garganacl|Garganacl, M|100/100
|turn|12
|
|t:|1757902259
|move|p1a: Ting-Lu|Ruination|p2a: Garganacl
|-damage|p2a: Garganacl|50/100
|move|p2a: Garganacl|Salt Cure|p1a: Ting-Lu
|-resisted|p1a: Ting-Lu
|-damage|p1a: Ting-Lu|97/100
|-start|p1a: Ting-Lu|Salt Cure
|
|-heal|p1a: Ting-Lu|100/100|[from] item: Leftovers
|-heal|p2a: Garganacl|57/100|[from] item: Leftovers
|-damage|p1a: Ting-Lu|88/100|[from] Salt Cure
|upkeep
|turn|13
|
|t:|1757902264
|switch|p1a: Pecharunt|Pecharunt|13/100
|-sideend|p1: poppylikecats|move: Toxic Spikes|[of] p1a: Pecharunt
|move|p2a: Garganacl|Recover|p2a: Garganacl
|-heal|p2a: Garganacl|100/100
|
|upkeep
|turn|14
|
|t:|1757902269
|move|p1a: Pecharunt|Recover|p1a: Pecharunt
|-heal|p1a: Pecharunt|63/100
|move|p2a: Garganacl|Salt Cure|p1a: Pecharunt
|-damage|p1a: Pecharunt|57/100
|-start|p1a: Pecharunt|Salt Cure
|
|-damage|p1a: Pecharunt|45/100|[from] Salt Cure
|upkeep
|turn|15
|
|t:|1757902273
|move|p1a: Pecharunt|Malignant Chain|p2a: Garganacl
|-resisted|p2a: Garganacl
|-crit|p2a: Garganacl
|-damage|p2a: Garganacl|85/100
|move|p2a: Garganacl|Iron Defense|p2a: Garganacl
|-boost|p2a: Garganacl|def|2
|
|-heal|p2a: Garganacl|92/100|[from] item: Leftovers
|-damage|p1a: Pecharunt|32/100|[from] Salt Cure
|upkeep
|turn|16
|
|t:|1757902277
|move|p1a: Pecharunt|Recover|p1a: Pecharunt
|-heal|p1a: Pecharunt|82/100
|move|p2a: Garganacl|Salt Cure|p1a: Pecharunt
|-damage|p1a: Pecharunt|76/100
|
|-heal|p2a: Garganacl|98/100|[from] item: Leftovers
|-damage|p1a: Pecharunt|64/100|[from] Salt Cure
|upkeep
|turn|17
|
|t:|1757902280
|move|p1a: Pecharunt|Malignant Chain|p2a: Garganacl
|-resisted|p2a: Garganacl
|-damage|p2a: Garganacl|88/100
|move|p2a: Garganacl|Iron Defense|p2a: Garganacl
|-boost|p2a: Garganacl|def|2
|
|-heal|p2a: Garganacl|94/100|[from] item: Leftovers
|-damage|p1a: Pecharunt|51/100|[from] Salt Cure
|upkeep
|turn|18
|
|t:|1757902286
|move|p1a: Pecharunt|Recover|p1a: Pecharunt
|-heal|p1a: Pecharunt|100/100
|move|p2a: Garganacl|Salt Cure|p1a: Pecharunt
|-damage|p1a: Pecharunt|94/100
|
|-heal|p2a: Garganacl|100/100|[from] item: Leftovers
|-damage|p1a: Pecharunt|82/100|[from] Salt Cure
|upkeep
|turn|19
|
|t:|1757902289
|move|p1a: Pecharunt|Malignant Chain|p2a: Garganacl
|-resisted|p2a: Garganacl
|-damage|p2a: Garganacl|89/100
|move|p2a: Garganacl|Salt Cure|p1a: Pecharunt
|-damage|p1a: Pecharunt|75/100
|
|-heal|p2a: Garganacl|96/100|[from] item: Leftovers
|-damage|p1a: Pecharunt|63/100|[from] Salt Cure
|upkeep
|turn|20
|
|t:|1757902292
|move|p1a: Pecharunt|Malignant Chain|p2a: Garganacl
|-resisted|p2a: Garganacl
|-damage|p2a: Garganacl|85/100
|move|p2a: Garganacl|Iron Defense|p2a: Garganacl
|-boost|p2a: Garganacl|def|2
|
|-heal|p2a: Garganacl|91/100|[from] item: Leftovers
|-damage|p1a: Pecharunt|50/100|[from] Salt Cure
|upkeep
|turn|21
|
|t:|1757902296
|move|p1a: Pecharunt|Recover|p1a: Pecharunt
|-heal|p1a: Pecharunt|100/100
|move|p2a: Garganacl|Body Press|p1a: Pecharunt
|-immune|p1a: Pecharunt
|
|-heal|p2a: Garganacl|97/100|[from] item: Leftovers
|-damage|p1a: Pecharunt|88/100|[from] Salt Cure
|upkeep
|turn|22
|
|t:|1757902318
|move|p1a: Pecharunt|Malignant Chain|p2a: Garganacl
|-resisted|p2a: Garganacl
|-damage|p2a: Garganacl|87/100
|move|p2a: Garganacl|Salt Cure|p1a: Pecharunt
|-damage|p1a: Pecharunt|82/100
|
|-heal|p2a: Garganacl|93/100|[from] item: Leftovers
|-damage|p1a: Pecharunt|69/100|[from] Salt Cure
|upkeep
|turn|23
|
|t:|1757902324
|move|p1a: Pecharunt|Malignant Chain|p2a: Garganacl
|-resisted|p2a: Garganacl
|-damage|p2a: Garganacl|83/100
|move|p2a: Garganacl|Iron Defense|p2a: Garganacl
|-boost|p2a: Garganacl|def|0
|
|-heal|p2a: Garganacl|89/100|[from] item: Leftovers
|-damage|p1a: Pecharunt|57/100|[from] Salt Cure
|upkeep
|turn|24
|
|t:|1757902339
|move|p1a: Pecharunt|Malignant Chain|p2a: Garganacl
|-resisted|p2a: Garganacl
|-damage|p2a: Garganacl|78/100
|move|p2a: Garganacl|Salt Cure|p1a: Pecharunt
|-damage|p1a: Pecharunt|50/100
|
|-heal|p2a: Garganacl|84/100|[from] item: Leftovers
|-damage|p1a: Pecharunt|38/100|[from] Salt Cure
|upkeep
|turn|25
|
|t:|1757902351
|switch|p1a: Ting-Lu|Ting-Lu|88/100
|-ability|p1a: Ting-Lu|Vessel of Ruin
|move|p2a: Garganacl|Salt Cure|p1a: Ting-Lu
|-resisted|p1a: Ting-Lu
|-damage|p1a: Ting-Lu|84/100
|-start|p1a: Ting-Lu|Salt Cure
|
|-heal|p1a: Ting-Lu|90/100|[from] item: Leftovers
|-heal|p2a: Garganacl|90/100|[from] item: Leftovers
|-damage|p1a: Ting-Lu|78/100|[from] Salt Cure
|upkeep
|turn|26
|
|t:|1757902357
|move|p1a: Ting-Lu|Stealth Rock|p2a: Garganacl
|-sidestart|p2: Oattumblely|move: Stealth Rock
|move|p2a: Garganacl|Body Press|p1a: Ting-Lu
|-supereffective|p1a: Ting-Lu
|-damage|p1a: Ting-Lu|0 fnt
|faint|p1a: Ting-Lu
|
|-heal|p2a: Garganacl|97/100|[from] item: Leftovers
|upkeep
|
|t:|1757902359
|switch|p1a: Iron Crown|Iron Crown, tera:Steel|39/100 par
|turn|27
|
|t:|1757902368
|move|p1a: Iron Crown|Tachyon Cutter|p2a: Garganacl
|-supereffective|p2a: Garganacl
|-damage|p2a: Garganacl|32/100
|-supereffective|p2a: Garganacl
|-damage|p2a: Garganacl|0 fnt
|faint|p2a: Garganacl
|-hitcount|p2: Garganacl|2
|
|upkeep
|
|t:|1757902373
|switch|p2a: Dragonite|Dragonite, M|100/100
|turn|28
|
|t:|1757902376
|move|p2a: Dragonite|Earthquake|p1a: Iron Crown
|-supereffective|p1a: Iron Crown
|-damage|p1a: Iron Crown|0 fnt
|faint|p1a: Iron Crown
|-end|p1a: Iron Crown|Quark Drive|[silent]
|
|upkeep
|
|t:|1757902384
|switch|p1a: Pecharunt|Pecharunt|38/100
|turn|29
|
|t:|1757902388
|move|p2a: Dragonite|Earthquake|p1a: Pecharunt
|-supereffective|p1a: Pecharunt
|-damage|p1a: Pecharunt|0 fnt
|faint|p1a: Pecharunt
|
|upkeep
|
|t:|1757902391
|switch|p1a: Iron Valiant|Iron Valiant|100/100
|-enditem|p1a: Iron Valiant|Booster Energy
|-activate|p1a: Iron Valiant|ability: Quark Drive|[fromitem]
|-start|p1a: Iron Valiant|quarkdrivespe
|turn|30
|
|t:|1757902398
|move|p1a: Iron Valiant|Moonblast|p2a: Dragonite
|-supereffective|p2a: Dragonite
|-damage|p2a: Dragonite|55/100
|move|p2a: Dragonite|Dragon Dance|p2a: Dragonite
|-boost|p2a: Dragonite|atk|1
|-boost|p2a: Dragonite|spe|1
|
|upkeep
|turn|31
|
|t:|1757902402
|move|p2a: Dragonite|Extreme Speed|p1a: Iron Valiant
|-damage|p1a: Iron Valiant|36/100
|move|p1a: Iron Valiant|Moonblast|p2a: Dragonite
|-supereffective|p2a: Dragonite
|-damage|p2a: Dragonite|0 fnt
|faint|p2a: Dragonite
|
|upkeep
|
|t:|1757902405
|switch|p2a: Great Tusk|Great Tusk, tera:Steel|73/100
|-damage|p2a: Great Tusk|67/100|[from] Stealth Rock
|turn|32
|
|t:|1757902411
|move|p1a: Iron Valiant|Close Combat|p2a: Great Tusk
|-supereffective|p2a: Great Tusk
|-damage|p2a: Great Tusk|4/100
|-unboost|p1a: Iron Valiant|def|1
|-unboost|p1a: Iron Valiant|spd|1
|-damage|p1a: Iron Valiant|19/100|[from] item: Rocky Helmet|[of] p2a: Great Tusk
|move|p2a: Great Tusk|Earthquake|p1a: Iron Valiant
|-crit|p1a: Iron Valiant
|-damage|p1a: Iron Valiant|0 fnt
|faint|p1a: Iron Valiant
|-end|p1a: Iron Valiant|Quark Drive|[silent]
|
|win|Oattumblely
|raw|poppylikecats's rating: 1411 &rarr; <strong>1391</strong><br />(-20 for losing)
|raw|Oattumblely's rating: 1419 &rarr; <strong>1439</strong><br />(+20 for winning)
