|j|☆michaelgoalise
|j|☆smoldracovish
|t:|1757916123
|gametype|singles
|player|p1|michaelgoalise|170|1590
|player|p2|smoldracovish|miku-ground|1644
|gen|9
|tier|[Gen 9] OU
|rated|
|rule|HP Percentage Mod: HP is shown in percentages
|rule|Endless Battle Clause: Forcing endless battles is banned
|rule|Species Clause: Limit one of each Pokémon
|rule|OHKO Clause: OHKO moves are banned
|rule|Evasion Items Clause: Evasion items are banned
|rule|Evasion Moves Clause: Evasion moves are banned
|rule|Evasion Abilities Clause: Evasion abilities are banned
|rule|Sleep Moves Clause: Sleep-inducing moves are banned
|clearpoke
|poke|p1|Empoleon, F|
|poke|p1|Rillaboom, F|
|poke|p1|Raging Bolt|
|poke|p1|Great Tusk|
|poke|p1|Moltres|
|poke|p1|Samurott-Hisui, M|
|poke|p2|Great Tusk|
|poke|p2|Heatran, F|
|poke|p2|Weavile, F|
|poke|p2|Primarina, F|
|poke|p2|Ogerpon, F|
|poke|p2|Pecharunt|
|teampreview
|inactive|Battle timer is ON: inactive players will automatically lose when time's up. (requested by smoldracovish)
|
|t:|1757916205
|teamsize|p1|6
|teamsize|p2|6
|start
|switch|p1a: Rillaboom|Rillaboom, F|100/100
|switch|p2a: Ogerpon|Ogerpon, F|100/100
|-fieldstart|move: Grassy Terrain|[from] ability: Grassy Surge|[of] p1a: Rillaboom
|turn|1
|
|t:|1757916213
|move|p2a: Ogerpon|U-turn|p1a: Rillaboom
|-supereffective|p1a: Rillaboom
|-damage|p1a: Rillaboom|34/100
|
|t:|1757916215
|switch|p2a: Pecharunt|Pecharunt|100/100|[from] U-turn
|move|p1a: Rillaboom|U-turn|p2a: Pecharunt
|-resisted|p2a: Pecharunt
|-damage|p2a: Pecharunt|96/100
|-damage|p1a: Rillaboom|18/100|[from] item: Rocky Helmet|[of] p2a: Pecharunt
|inactive|michaelgoalise has 120 seconds left.
|
|t:|1757916255
|switch|p1a: Samurott|Samurott-Hisui, M|100/100|[from] U-turn
|
|-heal|p2a: Pecharunt|100/100|[from] Grassy Terrain
|upkeep
|turn|2
|inactive|michaelgoalise has 120 seconds left.
|
|t:|1757916266
|move|p1a: Samurott|Ceaseless Edge|p2a: Pecharunt
|-supereffective|p2a: Pecharunt
|-damage|p2a: Pecharunt|62/100
|-damage|p1a: Samurott|84/100|[from] item: Rocky Helmet|[of] p2a: Pecharunt
|-sidestart|p2: smoldracovish|Spikes
|move|p2a: Pecharunt|Parting Shot|p1a: Samurott
|-unboost|p1a: Samurott|atk|1
|-unboost|p1a: Samurott|spa|1
|
|t:|1757916280
|switch|p2a: Ogerpon|Ogerpon, F|100/100|[from] Parting Shot
|-damage|p2a: Ogerpon|88/100|[from] Spikes
|
|-heal|p1a: Samurott|90/100|[from] Grassy Terrain
|-heal|p2a: Ogerpon|94/100|[from] Grassy Terrain
|upkeep
|turn|3
|
|t:|1757916287
|switch|p1a: Moltres|Moltres|100/100
|move|p2a: Ogerpon|Rock Tomb|p1a: Moltres
|-supereffective|p1a: Moltres
|-damage|p1a: Moltres|11/100
|-unboost|p1a: Moltres|spe|1
|
|-heal|p2a: Ogerpon|99/100|[from] Grassy Terrain
|upkeep
|turn|4
|
|t:|1757916297
|switch|p1a: Empoleon|Empoleon, F|100/100
|move|p2a: Ogerpon|Rock Tomb|p1a: Empoleon
|-resisted|p1a: Empoleon
|-damage|p1a: Empoleon|86/100
|-unboost|p1a: Empoleon|spe|1
|-ability|p1a: Empoleon|Competitive|boost
|-boost|p1a: Empoleon|spa|2
|
|-heal|p2a: Ogerpon|100/100|[from] Grassy Terrain
|-heal|p1a: Empoleon|92/100|[from] Grassy Terrain
|-heal|p1a: Empoleon|98/100|[from] item: Leftovers
|upkeep
|turn|5
|
|t:|1757916311
|switch|p2a: Primarina|Primarina, F|100/100
|-damage|p2a: Primarina|88/100|[from] Spikes
|move|p1a: Empoleon|Knock Off|p2a: Primarina
|-resisted|p2a: Primarina
|-damage|p2a: Primarina|78/100
|-enditem|p2a: Primarina|Assault Vest|[from] move: Knock Off|[of] p1a: Empoleon
|
|-heal|p2a: Primarina|84/100|[from] Grassy Terrain
|-heal|p1a: Empoleon|100/100|[from] Grassy Terrain
|-fieldend|move: Grassy Terrain
|upkeep
|turn|6
|
|t:|1757916330
|move|p2a: Primarina|Flip Turn|p1a: Empoleon
|-resisted|p1a: Empoleon
|-damage|p1a: Empoleon|93/100
|
|t:|1757916337
|switch|p2a: Heatran|Heatran, F|100/100|[from] Flip Turn
|-item|p2a: Heatran|Air Balloon
|move|p1a: Empoleon|Flash Cannon|p2a: Heatran
|-resisted|p2a: Heatran
|-damage|p2a: Heatran|86/100
|-enditem|p2a: Heatran|Air Balloon
|
|-heal|p1a: Empoleon|99/100|[from] item: Leftovers
|upkeep
|turn|7
|
|t:|1757916356
|move|p2a: Heatran|Earth Power|p1a: Empoleon
|-supereffective|p1a: Empoleon
|-damage|p1a: Empoleon|58/100
|move|p1a: Empoleon|Surf|p2a: Heatran
|-supereffective|p2a: Heatran
|-damage|p2a: Heatran|0 fnt
|faint|p2a: Heatran
|
|-heal|p1a: Empoleon|64/100|[from] item: Leftovers
|upkeep
|
|t:|1757916365
|switch|p2a: Great Tusk|Great Tusk|100/100
|turn|8
|
|t:|1757916373
|switch|p1a: Moltres|Moltres|11/100
|move|p2a: Great Tusk|Close Combat|p1a: Moltres
|-resisted|p1a: Moltres
|-damage|p1a: Moltres|0 fnt
|-unboost|p2a: Great Tusk|def|1
|-unboost|p2a: Great Tusk|spd|1
|-status|p2a: Great Tusk|brn|[from] ability: Flame Body|[of] p1a: Moltres
|faint|p1a: Moltres
|
|-damage|p2a: Great Tusk|94/100 brn|[from] brn
|upkeep
|
|t:|1757916396
|switch|p1a: Great Tusk|Great Tusk|100/100
|turn|9
|
|t:|1757916403
|-end|p2a: Great Tusk|Protosynthesis|[silent]
|switch|p2a: Weavile|Weavile, F|100/100
|-damage|p2a: Weavile|88/100|[from] Spikes
|-ability|p2a: Weavile|Pressure
|move|p1a: Great Tusk|Stealth Rock|p2a: Weavile
|-sidestart|p2: smoldracovish|move: Stealth Rock
|
|upkeep
|turn|10
|
|t:|1757916420
|-end|p1a: Great Tusk|Protosynthesis|[silent]
|switch|p1a: Rillaboom|Rillaboom, F|18/100
|-fieldstart|move: Grassy Terrain|[from] ability: Grassy Surge|[of] p1a: Rillaboom
|move|p2a: Weavile|Triple Axel|p1a: Rillaboom
|-supereffective|p1a: Rillaboom
|-damage|p1a: Rillaboom|0 fnt
|faint|p1a: Rillaboom
|-hitcount|p1: Rillaboom|1
|
|-heal|p2a: Weavile|94/100|[from] Grassy Terrain
|upkeep
|inactive|michaelgoalise has 120 seconds left.
|
|t:|1757916463
|switch|p1a: Samurott|Samurott-Hisui, M|90/100
|turn|11
|
|t:|1757916468
|switch|p2a: Great Tusk|Great Tusk|94/100 brn
|move|p1a: Samurott|Aqua Cutter|p2a: Great Tusk
|-supereffective|p2a: Great Tusk
|-crit|p2a: Great Tusk
|-damage|p2a: Great Tusk|0 fnt
|faint|p2a: Great Tusk
|-end|p2a: Great Tusk|Protosynthesis|[silent]
|
|-heal|p1a: Samurott|96/100|[from] Grassy Terrain
|upkeep
|
|t:|1757916472
|switch|p2a: Ogerpon|Ogerpon, F|100/100
|-damage|p2a: Ogerpon|88/100|[from] Spikes
|-damage|p2a: Ogerpon|76/100|[from] Stealth Rock
|turn|12
|
|t:|1757916497
|switch|p1a: Great Tusk|Great Tusk|100/100
|-terastallize|p2a: Ogerpon|Grass
|detailschange|p2a: Ogerpon|Ogerpon-Teal-Tera, F, tera:Grass
|-ability|p2a: Ogerpon|Embody Aspect (Teal)|boost
|-boost|p2a: Ogerpon|spe|1
|move|p2a: Ogerpon|Ivy Cudgel|p1a: Great Tusk
|-supereffective|p1a: Great Tusk
|-damage|p1a: Great Tusk|0 fnt
|faint|p1a: Great Tusk
|-end|p1a: Great Tusk|Protosynthesis|[silent]
|
|-heal|p2a: Ogerpon|82/100|[from] Grassy Terrain
|upkeep
|inactive|michaelgoalise has 90 seconds left.
|
|t:|1757916509
|switch|p1a: Raging Bolt|Raging Bolt|100/100
|turn|13
|inactive|michaelgoalise has 90 seconds left.
|inactive|smoldracovish has 120 seconds left.
|inactive|michaelgoalise has 60 seconds left.
|
|t:|1757916566
|move|p2a: Ogerpon|Ivy Cudgel|p1a: Raging Bolt
|-resisted|p1a: Raging Bolt
|-damage|p1a: Raging Bolt|41/100
|move|p1a: Raging Bolt|Dragon Pulse|p2a: Ogerpon
|-damage|p2a: Ogerpon|21/100
|
|-heal|p2a: Ogerpon|27/100|[from] Grassy Terrain
|-heal|p1a: Raging Bolt|47/100|[from] Grassy Terrain
|-heal|p1a: Raging Bolt|54/100|[from] item: Leftovers
|upkeep
|turn|14
|inactive|michaelgoalise has 60 seconds left.
|inactive|michaelgoalise has 30 seconds left.
|
|t:|1757916604
|-end|p1a: Raging Bolt|Protosynthesis|[silent]
|switch|p1a: Samurott|Samurott-Hisui, M|96/100
|move|p2a: Ogerpon|Ivy Cudgel|p1a: Samurott
|-supereffective|p1a: Samurott
|-damage|p1a: Samurott|0 fnt
|faint|p1a: Samurott
|
|-heal|p2a: Ogerpon|33/100|[from] Grassy Terrain
|-fieldend|move: Grassy Terrain
|upkeep
|
|t:|1757916609
|switch|p1a: Raging Bolt|Raging Bolt|54/100
|turn|15
|
|t:|1757916616
|switch|p2a: Primarina|Primarina, F|84/100
|-damage|p2a: Primarina|71/100|[from] Spikes
|-damage|p2a: Primarina|59/100|[from] Stealth Rock
|move|p1a: Raging Bolt|Dragon Pulse|p2a: Primarina
|-immune|p2a: Primarina
|
|-heal|p1a: Raging Bolt|60/100|[from] item: Leftovers
|upkeep
|turn|16
|
|t:|1757916619
|move|p1a: Raging Bolt|Thunderbolt|p2a: Primarina
|-supereffective|p2a: Primarina
|-damage|p2a: Primarina|0 fnt
|faint|p2a: Primarina
|
|-heal|p1a: Raging Bolt|66/100|[from] item: Leftovers
|upkeep
|
|t:|1757916621
|switch|p2a: Weavile|Weavile, F|94/100
|-damage|p2a: Weavile|82/100|[from] Spikes
|-damage|p2a: Weavile|57/100|[from] Stealth Rock
|-ability|p2a: Weavile|Pressure
|turn|17
|inactive|michaelgoalise has 60 seconds left.
|
|t:|1757916640
|-end|p1a: Raging Bolt|Protosynthesis|[silent]
|switch|p1a: Empoleon|Empoleon, F|64/100
|move|p2a: Weavile|Triple Axel|p1a: Empoleon
|-resisted|p1a: Empoleon
|-damage|p1a: Empoleon|60/100
|-resisted|p1a: Empoleon
|-damage|p1a: Empoleon|53/100
|-resisted|p1a: Empoleon
|-damage|p1a: Empoleon|42/100
|-hitcount|p1a: Empoleon|3
|
|-heal|p1a: Empoleon|48/100|[from] item: Leftovers
|upkeep
|turn|18
|
|t:|1757916660
|switch|p2a: Pecharunt|Pecharunt|62/100
|-damage|p2a: Pecharunt|50/100|[from] Spikes
|-damage|p2a: Pecharunt|37/100|[from] Stealth Rock
|move|p1a: Empoleon|Flash Cannon|p2a: Pecharunt
|-damage|p2a: Pecharunt|6/100
|
|-heal|p1a: Empoleon|54/100|[from] item: Leftovers
|upkeep
|turn|19
|
|t:|1757916670
|move|p2a: Pecharunt|Shadow Ball|p1a: Empoleon
|-damage|p1a: Empoleon|37/100
|move|p1a: Empoleon|Roost|p1a: Empoleon
|-heal|p1a: Empoleon|87/100
|-singleturn|p1a: Empoleon|move: Roost
|
|-heal|p1a: Empoleon|93/100|[from] item: Leftovers
|upkeep
|turn|20
|inactive|michaelgoalise has 30 seconds left.
|inactive|michaelgoalise has 20 seconds left.
|inactive|michaelgoalise has 15 seconds left.
|inactive|michaelgoalise has 10 seconds left.
|inactive|michaelgoalise has 5 seconds left.
|
|t:|1757916725
|switch|p1a: Raging Bolt|Raging Bolt|66/100
|move|p2a: Pecharunt|Shadow Ball|p1a: Raging Bolt
|-damage|p1a: Raging Bolt|43/100
|
|-heal|p1a: Raging Bolt|49/100|[from] item: Leftovers
|upkeep
|turn|21
|inactive|michaelgoalise has 15 seconds left this turn.
|inactive|michaelgoalise has 10 seconds left.
|
|t:|1757916733
|move|p1a: Raging Bolt|Thunderbolt|p2a: Pecharunt
|-damage|p2a: Pecharunt|0 fnt
|faint|p2a: Pecharunt
|
|-heal|p1a: Raging Bolt|55/100|[from] item: Leftovers
|upkeep
|
|t:|1757916734
|switch|p2a: Weavile|Weavile, F|57/100
|-damage|p2a: Weavile|44/100|[from] Spikes
|-damage|p2a: Weavile|19/100|[from] Stealth Rock
|-ability|p2a: Weavile|Pressure
|turn|22
|inactive|michaelgoalise has 25 seconds left this turn.
|inactive|michaelgoalise has 20 seconds left.
|
|t:|1757916739
|-end|p1a: Raging Bolt|Protosynthesis|[silent]
|switch|p1a: Empoleon|Empoleon, F|93/100
|move|p2a: Weavile|Ice Shard|p1a: Empoleon
|-resisted|p1a: Empoleon
|-damage|p1a: Empoleon|86/100
|
|-heal|p1a: Empoleon|92/100|[from] item: Leftovers
|upkeep
|turn|23
|inactive|michaelgoalise has 30 seconds left this turn.
|
|t:|1757916748
|move|p2a: Weavile|Ice Shard|p1a: Empoleon
|-resisted|p1a: Empoleon
|-damage|p1a: Empoleon|85/100
|move|p1a: Empoleon|Flash Cannon|p2a: Weavile
|-supereffective|p2a: Weavile
|-damage|p2a: Weavile|0 fnt
|faint|p2a: Weavile
|
|-heal|p1a: Empoleon|92/100|[from] item: Leftovers
|upkeep
|
|t:|1757916749
|switch|p2a: Ogerpon|Ogerpon-Teal-Tera, F, tera:Grass|33/100
|-damage|p2a: Ogerpon|21/100|[from] Spikes
|-damage|p2a: Ogerpon|8/100|[from] Stealth Rock
|-ability|p2a: Ogerpon|Embody Aspect (Teal)|boost
|-boost|p2a: Ogerpon|spe|1
|turn|24
|
|t:|1757916751
|move|p2a: Ogerpon|Ivy Cudgel|p1a: Empoleon
|-damage|p1a: Empoleon|0 fnt
|faint|p1a: Empoleon
|
|upkeep
|
|t:|1757916754
|switch|p1a: Raging Bolt|Raging Bolt|55/100
|turn|25
|
|t:|1757916758
|move|p2a: Ogerpon|Ivy Cudgel|p1a: Raging Bolt
|-resisted|p1a: Raging Bolt
|-damage|p1a: Raging Bolt|12/100
|move|p1a: Raging Bolt|Dragon Pulse|p2a: Ogerpon
|-damage|p2a: Ogerpon|0 fnt
|faint|p2a: Ogerpon
|detailschange|p2: Ogerpon|Ogerpon, F|[silent]
|
|win|michaelgoalise
|raw|michaelgoalise's rating: 1590 &rarr; <strong>1613</strong><br />(+23 for winning)
|raw|smoldracovish's rating: 1644 &rarr; <strong>1621</strong><br />(-23 for losing)
|l|☆smoldracovish
|player|p2|
