|j|☆firecharmander004
|j|☆boibolo
|t:|1757826629
|gametype|singles
|player|p1|firecharmander004|102|1379
|player|p2|boibolo|2|1421
|gen|9
|tier|[Gen 9] OU
|rated|
|rule|HP Percentage Mod: HP is shown in percentages
|rule|Endless Battle Clause: Forcing endless battles is banned
|rule|Species Clause: Limit one of each Pokémon
|rule|OHKO Clause: OHKO moves are banned
|rule|Evasion Items Clause: Evasion items are banned
|rule|Evasion Moves Clause: Evasion moves are banned
|rule|Evasion Abilities Clause: Evasion abilities are banned
|rule|Sleep Moves Clause: Sleep-inducing moves are banned
|clearpoke
|poke|p1|Gholdengo|
|poke|p1|Kingambit, M|
|poke|p1|Enamorus, F|
|poke|p1|Latias, F|
|poke|p1|Arcanine-Hisui, M|
|poke|p1|Ribombee, M|
|poke|p2|Kyurem|
|poke|p2|Slowking-Galar, M|
|poke|p2|Landorus-Therian, M|
|poke|p2|Iron Valiant|
|poke|p2|Dragonite, F|
|poke|p2|Great Tusk|
|teampreview
|inactive|Battle timer is ON: inactive players will automatically lose when time's up. (requested by firecharmander004)
|
|t:|1757826647
|teamsize|p1|6
|teamsize|p2|6
|start
|switch|p1a: Ribombee|Ribombee, M|100/100
|switch|p2a: Landorus|Landorus-Therian, M|100/100
|-ability|p2a: Landorus|Intimidate|boost
|-unboost|p1a: Ribombee|atk|1
|turn|1
|
|t:|1757826658
|move|p1a: Ribombee|Sticky Web|p2a: Landorus
|-sidestart|p2: boibolo|move: Sticky Web
|move|p2a: Landorus|U-turn|p1a: Ribombee
|-resisted|p1a: Ribombee
|-damage|p1a: Ribombee|82/100
|
|t:|1757826664
|switch|p2a: Slowking|Slowking-Galar, M|100/100|[from] U-turn
|
|upkeep
|turn|2
|inactive|boibolo has 120 seconds left.
|inactive|firecharmander004 has 120 seconds left.
|inactive|boibolo has 90 seconds left.
|inactive|boibolo has 60 seconds left.
|
|t:|1757826756
|switch|p1a: Latias|Latias, F|100/100
|move|p2a: Slowking|Sludge Bomb|p1a: Latias
|-damage|p1a: Latias|74/100
|-status|p1a: Latias|psn
|
|-damage|p1a: Latias|62/100 psn|[from] psn
|upkeep
|turn|3
|inactive|firecharmander004 has 120 seconds left.
|
|t:|1757826764
|move|p1a: Latias|Agility|p1a: Latias
|-boost|p1a: Latias|spe|2
|-prepare|p2a: Slowking|Chilly Reception|[premajor]
|move|p2a: Slowking|Chilly Reception|p2a: Slowking
|-weather|Snowscape
|inactive|boibolo has 60 seconds left.
|
|t:|1757826777
|switch|p2a: Dragonite|Dragonite, F|100/100|[from] Chilly Reception
|
|-weather|Snowscape|[upkeep]
|-damage|p1a: Latias|49/100 psn|[from] psn
|upkeep
|turn|4
|
|t:|1757826785
|move|p1a: Latias|Calm Mind|p1a: Latias
|-boost|p1a: Latias|spa|1
|-boost|p1a: Latias|spd|1
|move|p2a: Dragonite|Dragon Dance|p2a: Dragonite
|-boost|p2a: Dragonite|atk|1
|-boost|p2a: Dragonite|spe|1
|
|-weather|Snowscape|[upkeep]
|-damage|p1a: Latias|37/100 psn|[from] psn
|upkeep
|turn|5
|
|t:|1757826794
|move|p2a: Dragonite|Extreme Speed|p1a: Latias
|-damage|p1a: Latias|2/100 psn
|move|p1a: Latias|Stored Power|p2a: Dragonite
|-damage|p2a: Dragonite|70/100
|
|-weather|Snowscape|[upkeep]
|-damage|p1a: Latias|0 fnt|[from] psn
|faint|p1a: Latias
|upkeep
|inactive|firecharmander004 has 120 seconds left.
|
|t:|1757826830
|switch|p1a: Ribombee|Ribombee, M|82/100
|turn|6
|inactive|boibolo has 60 seconds left.
|
|t:|1757826869
|-terastallize|p2a: Dragonite|Normal
|-terastallize|p1a: Ribombee|Ghost
|move|p2a: Dragonite|Extreme Speed|p1a: Ribombee
|-immune|p1a: Ribombee
|move|p1a: Ribombee|Stun Spore|p2a: Dragonite
|-status|p2a: Dragonite|par
|
|-weather|Snowscape|[upkeep]
|upkeep
|turn|7
|inactive|firecharmander004 has 120 seconds left.
|
|t:|1757826888
|switch|p1a: Arcanine|Arcanine-Hisui, M|100/100
|move|p2a: Dragonite|Earthquake|p1a: Arcanine
|-supereffective|p1a: Arcanine
|-damage|p1a: Arcanine|0 fnt
|faint|p1a: Arcanine
|
|-weather|none
|upkeep
|-message|firecharmander004 forfeited.
|
|win|boibolo
|raw|firecharmander004's rating: 1379 &rarr; <strong>1361</strong><br />(-18 for losing)
|raw|boibolo's rating: 1421 &rarr; <strong>1439</strong><br />(+18 for winning)
|l|☆firecharmander004
|player|p1|
|l|☆boibolo
|player|p2|
