|j|☆neeben
|j|☆TheMan28
|t:|1757817412
|gametype|singles
|player|p1|neeben|steven|
|player|p2|TheMan28|2|
|gen|9
|tier|[Gen 9] OU
|rule|HP Percentage Mod: HP is shown in percentages
|rule|Endless Battle Clause: Forcing endless battles is banned
|rule|Species Clause: Limit one of each Pokémon
|rule|OHKO Clause: OHKO moves are banned
|rule|Evasion Items Clause: Evasion items are banned
|rule|Evasion Moves Clause: Evasion moves are banned
|rule|Evasion Abilities Clause: Evasion abilities are banned
|rule|Sleep Moves Clause: Sleep-inducing moves are banned
|clearpoke
|poke|p1|Weavile, F|
|poke|p1|Ditto|
|poke|p1|Mudsdale, M|
|poke|p1|Hydrapple, M|
|poke|p1|Iron Moth|
|poke|p1|Oricorio-Sensu, M|
|poke|p2|Ogerpon-Wellspring, F|
|poke|p2|Cinderace, F|
|poke|p2|Excadrill, F|
|poke|p2|Zoroark-Hisui, M|
|poke|p2|Zapdos-Galar|
|poke|p2|Galvantula, F|
|teampreview
|
|t:|1757817429
|teamsize|p1|6
|teamsize|p2|6
|start
|switch|p1a: Queen|Weavile, F|100/100
|switch|p2a: Lightning|Galvantula, F|100/100
|turn|1
|
|t:|1757817436
|move|p1a: Queen|Triple Axel|p2a: Lightning
|-damage|p2a: Lightning|83/100
|-damage|p2a: Lightning|50/100
|-damage|p2a: Lightning|0 fnt
|faint|p2a: Lightning
|-hitcount|p2: Lightning|3
|
|upkeep
|
|t:|1757817486
|switch|p2a: Simon|Excadrill, F|100/100
|turn|2
|
|t:|1757817497
|move|p1a: Queen|Triple Axel|p2a: Simon
|-damage|p2a: Simon|81/100
|replace|p2a: Zoro|Zoroark-Hisui, M, shiny
|-end|p2a: Zoro|Illusion
|-damage|p2a: Zoro|41/100
|-damage|p2a: Zoro|0 fnt
|faint|p2a: Zoro
|-hitcount|p2: Zoro|3
|
|upkeep
|
|t:|1757817510
|switch|p2a: Josh|Ogerpon-Wellspring, F|100/100
|turn|3
|
|t:|1757817532
|switch|p1a: Dragon Boy|Hydrapple, M, shiny|100/100
|-terastallize|p2a: Josh|Water
|detailschange|p2a: Josh|Ogerpon-Wellspring-Tera, F, tera:Water
|-ability|p2a: Josh|Embody Aspect (Wellspring)|boost
|-boost|p2a: Josh|spd|1
|move|p2a: Josh|Superpower|p1a: Dragon Boy
|-damage|p1a: Dragon Boy|66/100
|-unboost|p2a: Josh|atk|1
|-unboost|p2a: Josh|def|1
|
|upkeep
|turn|4
|
|t:|1757817546
|switch|p2a: Gapdos|Zapdos-Galar|100/100
|move|p1a: Dragon Boy|Giga Drain|p2a: Gapdos
|-resisted|p2a: Gapdos
|-damage|p2a: Gapdos|76/100
|-heal|p1a: Dragon Boy|77/100|[from] drain|[of] p2a: Gapdos
|
|upkeep
|turn|5
|
|t:|1757817583
|switch|p1a: Lucky Cyan|Oricorio-Sensu, M, shiny|100/100
|move|p2a: Gapdos|Brave Bird|p1a: Lucky Cyan
|-damage|p1a: Lucky Cyan|0 fnt
|faint|p1a: Lucky Cyan
|-damage|p2a: Gapdos|46/100|[from] Recoil
|
|upkeep
|
|t:|1757817618
|switch|p1a: E-Soul|Iron Moth|100/100
|-enditem|p1a: E-Soul|Booster Energy
|-activate|p1a: E-Soul|ability: Quark Drive|[fromitem]
|-start|p1a: E-Soul|quarkdrivespe
|turn|6
|
|t:|1757817666
|move|p1a: E-Soul|Fiery Dance|p2a: Gapdos
|-damage|p2a: Gapdos|0 fnt
|-boost|p1a: E-Soul|spa|1
|faint|p2a: Gapdos
|
|upkeep
|
|t:|1757817679
|switch|p2a: Simon|Excadrill, F|100/100
|-ability|p2a: Simon|Mold Breaker
|turn|7
|
|t:|1757817690
|move|p1a: E-Soul|Substitute|p1a: E-Soul
|-start|p1a: E-Soul|Substitute
|-damage|p1a: E-Soul|76/100
|move|p2a: Simon|Earthquake|p1a: E-Soul
|-supereffective|p1a: E-Soul
|-end|p1a: E-Soul|Substitute
|
|upkeep
|turn|8
|
|t:|1757817700
|move|p1a: E-Soul|Fiery Dance|p2a: Simon
|-supereffective|p2a: Simon
|-damage|p2a: Simon|0 fnt
|faint|p2a: Simon
|
|upkeep
|
|t:|1757817706
|switch|p2a: Josh|Ogerpon-Wellspring-Tera, F, tera:Water|100/100
|-ability|p2a: Josh|Embody Aspect (Wellspring)|boost
|-boost|p2a: Josh|spd|1
|turn|9
|
|t:|1757817713
|move|p1a: E-Soul|Sludge Wave|p2a: Josh
|-damage|p2a: Josh|43/100
|move|p2a: Josh|Ivy Cudgel|p1a: E-Soul|[anim] Ivy Cudgel Water
|-supereffective|p1a: E-Soul
|-damage|p1a: E-Soul|0 fnt
|faint|p1a: E-Soul
|-end|p1a: E-Soul|Quark Drive|[silent]
|
|upkeep
|
|t:|1757817721
|switch|p1a: Dragon Boy|Hydrapple, M, shiny|100/100
|turn|10
|
|t:|1757817732
|move|p2a: Josh|U-turn|p1a: Dragon Boy
|-supereffective|p1a: Dragon Boy
|-damage|p1a: Dragon Boy|63/100
|
|t:|1757817735
|switch|p2a: Ice|Cinderace, F, shiny|100/100|[from] U-turn
|move|p1a: Dragon Boy|Fickle Beam|p2a: Ice
|-damage|p2a: Ice|36/100
|
|upkeep
|turn|11
|
|t:|1757817752
|move|p2a: Ice|Gunk Shot|p1a: Dragon Boy
|-start|p2a: Ice|typechange|Poison|[from] ability: Libero
|-supereffective|p1a: Dragon Boy
|-damage|p1a: Dragon Boy|0 fnt
|faint|p1a: Dragon Boy
|-damage|p2a: Ice|26/100|[from] item: Life Orb
|
|upkeep
|
|t:|1757817771
|switch|p1a: Nice|Mudsdale, M|100/100
|turn|12
|
|t:|1757817784
|move|p2a: Ice|Pyro Ball|p1a: Nice
|-damage|p1a: Nice|57/100
|-ability|p1a: Nice|Stamina|boost
|-boost|p1a: Nice|def|1
|-damage|p2a: Ice|16/100|[from] item: Life Orb
|move|p1a: Nice|Iron Defense|p1a: Nice
|-boost|p1a: Nice|def|2
|
|upkeep
|turn|13
|
|t:|1757817796
|move|p2a: Ice|Pyro Ball|p1a: Nice
|-damage|p1a: Nice|40/100
|-ability|p1a: Nice|Stamina|boost
|-boost|p1a: Nice|def|1
|-damage|p2a: Ice|6/100|[from] item: Life Orb
|move|p1a: Nice|Rest|p1a: Nice
|-status|p1a: Nice|slp|[from] move: Rest
|-heal|p1a: Nice|100/100 slp|[silent]
|-enditem|p1a: Nice|Chesto Berry|[eat]
|-curestatus|p1a: Nice|slp|[msg]
|
|upkeep
|turn|14
|c|☆TheMan28|thats mean
|c|☆TheMan28|was praying for burn lmao
|
|t:|1757817812
|move|p2a: Ice|Tera Blast|p1a: Nice
|-damage|p1a: Nice|90/100
|-ability|p1a: Nice|Stamina|boost
|-boost|p1a: Nice|def|1
|-damage|p2a: Ice|0 fnt|[from] item: Life Orb
|faint|p2a: Ice
|move|p1a: Nice|Earthquake|p2: Ice|[notarget]
|-fail|p1a: Nice
|
|upkeep
|
|t:|1757817820
|switch|p2a: Josh|Ogerpon-Wellspring-Tera, F, tera:Water|43/100
|-ability|p2a: Josh|Embody Aspect (Wellspring)|boost
|-boost|p2a: Josh|spd|1
|turn|15
|c|☆neeben|gomen gomen
|
|t:|1757817829
|-terastallize|p1a: Nice|Grass
|move|p2a: Josh|Ivy Cudgel|p1a: Nice|[anim] Ivy Cudgel Water
|-resisted|p1a: Nice
|-crit|p1a: Nice
|-damage|p1a: Nice|40/100
|-ability|p1a: Nice|Stamina|boost
|-boost|p1a: Nice|def|1
|move|p1a: Nice|Body Press|p2a: Josh
|-damage|p2a: Josh|0 fnt
|faint|p2a: Josh
|detailschange|p2: Josh|Ogerpon-Wellspring, F|[silent]
|
|win|neeben
|c|☆neeben|ggs
|c|☆TheMan28|terra actually mattered, i hit the crit LMAO
|c|☆TheMan28|ggs
