|j|☆Laiun
|j|☆ZeNiN_K1
|t:|1757885464
|gametype|singles
|player|p1|Laiun|iris-gen5bw2|1087
|player|p2|ZeNiN_K1|acetrainer-gen4|1100
|gen|9
|tier|[Gen 9] OU
|rated|
|rule|HP Percentage Mod: HP is shown in percentages
|rule|Endless Battle Clause: Forcing endless battles is banned
|rule|Species Clause: Limit one of each Pokémon
|rule|OHKO Clause: OHKO moves are banned
|rule|Evasion Items Clause: Evasion items are banned
|rule|Evasion Moves Clause: Evasion moves are banned
|rule|Evasion Abilities Clause: Evasion abilities are banned
|rule|Sleep Moves Clause: Sleep-inducing moves are banned
|clearpoke
|poke|p1|Flygon, M|
|poke|p1|Toxapex, M|
|poke|p1|Ting-Lu|
|poke|p1|Kingambit, M|
|poke|p1|Weezing-Galar, F|
|poke|p1|Chansey, F|
|poke|p2|Zamazenta-*|
|poke|p2|Ninetales-Alola, M|
|poke|p2|Darkrai|
|poke|p2|Ceruledge, M|
|poke|p2|Gliscor, M|
|poke|p2|Hatterene, F|
|teampreview
|inactive|Battle timer is ON: inactive players will automatically lose when time's up. (requested by Laiun)
|inactive|ZeNiN_K1 has 120 seconds left.
|
|t:|1757885508
|teamsize|p1|6
|teamsize|p2|6
|start
|switch|p1a: Ting-Lu|Ting-Lu|100/100
|switch|p2a: Gliscor|Gliscor, M|100/100
|-ability|p1a: Ting-Lu|Vessel of Ruin
|turn|1
|
|t:|1757885522
|move|p2a: Gliscor|Swords Dance|p2a: Gliscor
|-boost|p2a: Gliscor|atk|2
|move|p1a: Ting-Lu|Spikes|p2a: Gliscor
|-sidestart|p2: ZeNiN_K1|Spikes
|
|-status|p2a: Gliscor|tox|[from] item: Toxic Orb
|upkeep
|turn|2
|
|t:|1757885536
|-terastallize|p2a: Gliscor|Normal
|move|p2a: Gliscor|Facade|p1a: Ting-Lu
|-damage|p1a: Ting-Lu|65/100
|-enditem|p1a: Ting-Lu|Red Card|[of] p2a: Gliscor
|drag|p2a: Zamazenta|Zamazenta|100/100
|-damage|p2a: Zamazenta|88/100|[from] Spikes
|-ability|p2a: Zamazenta|Dauntless Shield|boost
|-boost|p2a: Zamazenta|def|1
|move|p1a: Ting-Lu|Spikes|p2a: Zamazenta
|-sidestart|p2: ZeNiN_K1|Spikes
|
|upkeep
|turn|3
|
|t:|1757885547
|switch|p2a: Hatterene|Hatterene, F|100/100
|-damage|p2a: Hatterene|84/100|[from] Spikes
|move|p1a: Ting-Lu|Ruination|p2a: Hatterene
|-damage|p2a: Hatterene|42/100
|
|upkeep
|turn|4
|
|t:|1757885554
|move|p1a: Ting-Lu|Spikes|p2a: Hatterene
|move|p2a: Hatterene|Spikes|p1a: Ting-Lu|[from] ability: Magic Bounce
|-sidestart|p1: Laiun|Spikes
|move|p2a: Hatterene|Nuzzle|p1a: Ting-Lu
|-immune|p1a: Ting-Lu
|
|upkeep
|turn|5
|
|t:|1757885562
|move|p2a: Hatterene|Draining Kiss|p1a: Ting-Lu
|-supereffective|p1a: Ting-Lu
|-damage|p1a: Ting-Lu|34/100
|-heal|p2a: Hatterene|80/100|[from] drain|[of] p1a: Ting-Lu
|move|p1a: Ting-Lu|Whirlwind|p2a: Hatterene
|move|p2a: Hatterene|Whirlwind|p1a: Ting-Lu|[from] ability: Magic Bounce
|drag|p1a: Toxapex|Toxapex, M|100/100
|-damage|p1a: Toxapex|88/100|[from] Spikes
|
|-heal|p1a: Toxapex|94/100|[from] item: Black Sludge
|upkeep
|turn|6
|
|t:|1757885577
|move|p1a: Toxapex|Chilling Water|p2a: Hatterene
|-damage|p2a: Hatterene|74/100
|-unboost|p2a: Hatterene|atk|1
|move|p2a: Hatterene|Nuzzle|p1a: Toxapex
|-supereffective|p1a: Toxapex
|-damage|p1a: Toxapex|91/100
|-status|p1a: Toxapex|par
|
|-heal|p1a: Toxapex|97/100 par|[from] item: Black Sludge
|upkeep
|turn|7
|
|t:|1757885588
|move|p2a: Hatterene|Psyshock|p1a: Toxapex
|-supereffective|p1a: Toxapex
|-damage|p1a: Toxapex|47/100 par
|move|p1a: Toxapex|Toxic|p2a: Hatterene
|move|p2a: Hatterene|Toxic||[from] ability: Magic Bounce|[still]
|-fail|p2a: Hatterene
|
|-heal|p1a: Toxapex|53/100 par|[from] item: Black Sludge
|upkeep
|turn|8
|inactive|Laiun has 120 seconds left.
|
|t:|1757885615
|switch|p1a: Weezing|Weezing-Galar, F|100/100
|move|p2a: Hatterene|Psyshock|p1a: Weezing
|-supereffective|p1a: Weezing
|-damage|p1a: Weezing|27/100
|
|-heal|p1a: Weezing|33/100|[from] item: Leftovers
|upkeep
|turn|9
|
|t:|1757885622
|move|p1a: Weezing|Pain Split|p2a: Hatterene
|-sethp|p2a: Hatterene|54/100|[from] move: Pain Split|[silent]
|-sethp|p1a: Weezing|51/100|[from] move: Pain Split
|move|p2a: Hatterene|Psyshock|p1a: Weezing
|-supereffective|p1a: Weezing
|-damage|p1a: Weezing|0 fnt
|faint|p1a: Weezing
|
|upkeep
|
|t:|1757885630
|switch|p1a: Flygon|Flygon, M|100/100
|turn|10
|
|t:|1757885637
|move|p1a: Flygon|Earthquake|p2a: Hatterene
|-damage|p2a: Hatterene|0 fnt
|faint|p2a: Hatterene
|
|upkeep
|
|t:|1757885642
|switch|p2a: Ninetales|Ninetales-Alola, M|100/100
|-damage|p2a: Ninetales|84/100|[from] Spikes
|-weather|Snowscape|[from] ability: Snow Warning|[of] p2a: Ninetales
|turn|11
|
|t:|1757885648
|-terastallize|p1a: Flygon|Fairy
|move|p1a: Flygon|Earthquake|p2a: Ninetales
|-damage|p2a: Ninetales|42/100
|move|p2a: Ninetales|Aurora Veil|p2a: Ninetales
|-sidestart|p2: ZeNiN_K1|move: Aurora Veil
|
|-weather|Snowscape|[upkeep]
|upkeep
|turn|12
|
|t:|1757885660
|move|p1a: Flygon|Earthquake|p2a: Ninetales
|-damage|p2a: Ninetales|24/100
|move|p2a: Ninetales|Encore|p1a: Flygon
|-start|p1a: Flygon|Encore
|
|-weather|Snowscape|[upkeep]
|upkeep
|turn|13
|
|t:|1757885666
|switch|p2a: Gliscor|Gliscor, M, tera:Normal|100/100 tox
|-damage|p2a: Gliscor|84/100 tox|[from] Spikes
|move|p1a: Flygon|Earthquake|p2a: Gliscor
|-damage|p2a: Gliscor|64/100 tox
|
|-weather|Snowscape|[upkeep]
|-heal|p2a: Gliscor|77/100 tox|[from] ability: Poison Heal
|upkeep
|turn|14
|
|t:|1757885680
|switch|p1a: Ting-Lu|Ting-Lu|34/100
|-damage|p1a: Ting-Lu|22/100|[from] Spikes
|-ability|p1a: Ting-Lu|Vessel of Ruin
|move|p2a: Gliscor|Swords Dance|p2a: Gliscor
|-boost|p2a: Gliscor|atk|2
|
|-weather|Snowscape|[upkeep]
|-heal|p2a: Gliscor|89/100 tox|[from] ability: Poison Heal
|upkeep
|turn|15
|
|t:|1757885690
|move|p2a: Gliscor|Facade|p1a: Ting-Lu
|-damage|p1a: Ting-Lu|0 fnt
|faint|p1a: Ting-Lu
|
|-weather|none
|-heal|p2a: Gliscor|100/100 tox|[from] ability: Poison Heal
|upkeep
|
|t:|1757885699
|switch|p1a: Chansey|Chansey, F|100/100
|-damage|p1a: Chansey|88/100|[from] Spikes
|turn|16
|
|t:|1757885707
|move|p2a: Gliscor|Facade|p1a: Chansey
|-crit|p1a: Chansey
|-damage|p1a: Chansey|0 fnt
|-damage|p2a: Gliscor|84/100 tox|[from] item: Rocky Helmet|[of] p1a: Chansey
|faint|p1a: Chansey
|
|-heal|p2a: Gliscor|97/100 tox|[from] ability: Poison Heal
|upkeep
|
|t:|1757885714
|switch|p1a: Kingambit|Kingambit, M|100/100
|-activate|p1a: Kingambit|ability: Supreme Overlord
|-start|p1a: Kingambit|fallen3|[silent]
|-item|p1a: Kingambit|Air Balloon
|turn|17
|
|t:|1757885729
|move|p1a: Kingambit|Sucker Punch|p2a: Gliscor
|-damage|p2a: Gliscor|77/100 tox
|move|p2a: Gliscor|Facade|p1a: Kingambit
|-resisted|p1a: Kingambit
|-damage|p1a: Kingambit|67/100
|-enditem|p1a: Kingambit|Air Balloon
|
|-heal|p2a: Gliscor|89/100 tox|[from] ability: Poison Heal
|upkeep
|turn|18
|
|t:|1757885738
|move|p2a: Gliscor|Earthquake|p1a: Kingambit
|-supereffective|p1a: Kingambit
|-damage|p1a: Kingambit|0 fnt
|faint|p1a: Kingambit
|-end|p1a: Kingambit|fallen3|[silent]
|
|-heal|p2a: Gliscor|100/100 tox|[from] ability: Poison Heal
|-sideend|p2: ZeNiN_K1|move: Aurora Veil
|upkeep
|
|t:|1757885751
|switch|p1a: Flygon|Flygon, M, tera:Fairy|100/100
|turn|19
|
|t:|1757885756
|move|p1a: Flygon|Dragon Claw|p2a: Gliscor
|-damage|p2a: Gliscor|70/100 tox
|move|p2a: Gliscor|Facade|p1a: Flygon
|-damage|p1a: Flygon|0 fnt
|faint|p1a: Flygon
|
|-heal|p2a: Gliscor|82/100 tox|[from] ability: Poison Heal
|upkeep
|
|t:|1757885764
|switch|p1a: Toxapex|Toxapex, M|87/100 par
|-damage|p1a: Toxapex|74/100 par|[from] Spikes
|turn|20
|
|t:|1757885768
|move|p1a: Toxapex|Baneful Bunker|p1a: Toxapex
|-singleturn|p1a: Toxapex|move: Protect
|move|p2a: Gliscor|Earthquake|p1a: Toxapex
|-activate|p1a: Toxapex|move: Protect
|
|-heal|p1a: Toxapex|80/100 par|[from] item: Black Sludge
|-heal|p2a: Gliscor|95/100 tox|[from] ability: Poison Heal
|upkeep
|turn|21
|
|t:|1757885776
|move|p2a: Gliscor|Earthquake|p1a: Toxapex
|-supereffective|p1a: Toxapex
|-damage|p1a: Toxapex|0 fnt
|faint|p1a: Toxapex
|
|win|ZeNiN_K1
|raw|Laiun's rating: 1087 &rarr; <strong>1065</strong><br />(-22 for losing)
|raw|ZeNiN_K1's rating: 1100 &rarr; <strong>1124</strong><br />(+24 for winning)
|l|☆Laiun
|player|p1|
