|j|☆Loulwayne
|j|☆Oooppplllop
|t:|1757949726
|gametype|singles
|player|p1|Loulwayne|lucian|1154
|player|p2|Oooppplllop|misty|1159
|gen|9
|tier|[Gen 9] OU
|rated|
|rule|HP Percentage Mod: HP is shown in percentages
|rule|Endless Battle Clause: Forcing endless battles is banned
|rule|Species Clause: Limit one of each Pokémon
|rule|OHKO Clause: OHKO moves are banned
|rule|Evasion Items Clause: Evasion items are banned
|rule|Evasion Moves Clause: Evasion moves are banned
|rule|Evasion Abilities Clause: Evasion abilities are banned
|rule|Sleep Moves Clause: Sleep-inducing moves are banned
|clearpoke
|poke|p1|Hatterene, F|
|poke|p1|Scream Tail|
|poke|p1|Gallade, M|
|poke|p1|Bronzong|
|poke|p1|Munkidori, M|
|poke|p1|Meloetta|
|poke|p2|Quaquaval, M|
|poke|p2|Ting-Lu|
|poke|p2|Hatterene, F|
|poke|p2|Dragonite, M|
|poke|p2|Scizor, M|
|poke|p2|Kyurem|
|teampreview
|inactive|Battle timer is ON: inactive players will automatically lose when time's up. (requested by Oooppplllop)
|
|t:|1757949733
|teamsize|p1|6
|teamsize|p2|6
|start
|switch|p1a: Munkidori|Munkidori, M|100/100
|switch|p2a: Magic Gushroom|Hatterene, F|100/100
|turn|1
|
|t:|1757949736
|move|p1a: Munkidori|Sludge Bomb|p2a: Magic Gushroom
|-supereffective|p2a: Magic Gushroom
|-damage|p2a: Magic Gushroom|0 fnt
|faint|p2a: Magic Gushroom
|
|upkeep
|
|t:|1757949744
|switch|p2a: Red Lobster|Scizor, M|100/100
|turn|2
|
|t:|1757949748
|switch|p1a: Bronzong|Bronzong|100/100
|move|p2a: Red Lobster|Knock Off|p1a: Bronzong
|-supereffective|p1a: Bronzong
|-damage|p1a: Bronzong|29/100
|-enditem|p1a: Bronzong|Light Clay|[from] move: Knock Off|[of] p2a: Red Lobster
|
|upkeep
|turn|3
|
|t:|1757949754
|move|p2a: Red Lobster|Knock Off|p1a: Bronzong
|-supereffective|p1a: Bronzong
|-damage|p1a: Bronzong|0 fnt
|faint|p1a: Bronzong
|
|upkeep
|
|t:|1757949765
|switch|p1a: Hatterene|Hatterene, F|100/100
|turn|4
|
|t:|1757949769
|-terastallize|p1a: Hatterene|Steel
|move|p2a: Red Lobster|Knock Off|p1a: Hatterene
|-damage|p1a: Hatterene|36/100
|-enditem|p1a: Hatterene|Leftovers|[from] move: Knock Off|[of] p2a: Red Lobster
|move|p1a: Hatterene|Mystical Fire|p2a: Red Lobster
|-supereffective|p2a: Red Lobster
|-damage|p2a: Red Lobster|0 fnt
|faint|p2a: Red Lobster
|
|upkeep
|
|t:|1757949776
|switch|p2a: Orange Chicken|Dragonite, M|100/100
|turn|5
|
|t:|1757949778
|-terastallize|p2a: Orange Chicken|Fire
|move|p2a: Orange Chicken|Dragon Dance|p2a: Orange Chicken
|-boost|p2a: Orange Chicken|atk|1
|-boost|p2a: Orange Chicken|spe|1
|move|p1a: Hatterene|Nuzzle|p2a: Orange Chicken
|-damage|p2a: Orange Chicken|98/100
|-status|p2a: Orange Chicken|par
|
|upkeep
|turn|6
|
|t:|1757949785
|move|p2a: Orange Chicken|Dragon Dance|p2a: Orange Chicken
|-boost|p2a: Orange Chicken|atk|1
|-boost|p2a: Orange Chicken|spe|1
|move|p1a: Hatterene|Psychic|p2a: Orange Chicken
|-damage|p2a: Orange Chicken|45/100 par
|
|upkeep
|turn|7
|
|t:|1757949791
|move|p2a: Orange Chicken|Fire Punch|p1a: Hatterene
|-supereffective|p1a: Hatterene
|-damage|p1a: Hatterene|0 fnt
|faint|p1a: Hatterene
|
|upkeep
|
|t:|1757949793
|switch|p1a: Munkidori|Munkidori, M|100/100
|turn|8
|
|t:|1757949795
|move|p1a: Munkidori|Sludge Bomb|p2a: Orange Chicken
|-damage|p2a: Orange Chicken|0 fnt
|faint|p2a: Orange Chicken
|
|upkeep
|
|t:|1757949798
|switch|p2a: Ground Venison|Ting-Lu|100/100
|-ability|p2a: Ground Venison|Vessel of Ruin
|turn|9
|
|t:|1757949802
|switch|p1a: Scream Tail|Scream Tail|100/100
|-enditem|p1a: Scream Tail|Booster Energy
|-activate|p1a: Scream Tail|ability: Protosynthesis|[fromitem]
|-start|p1a: Scream Tail|protosynthesisspe
|move|p2a: Ground Venison|Payback|p1a: Scream Tail
|-damage|p1a: Scream Tail|82/100
|
|upkeep
|turn|10
|
|t:|1757949810
|move|p1a: Scream Tail|Encore|p2a: Ground Venison
|-start|p2a: Ground Venison|Encore
|move|p2a: Ground Venison|Payback|p1a: Scream Tail
|-damage|p1a: Scream Tail|43/100
|
|upkeep
|turn|11
|
|t:|1757949814
|move|p1a: Scream Tail|Disable|p2a: Ground Venison
|-start|p2a: Ground Venison|Disable|Payback
|cant|p2a: Ground Venison|Disable|Payback
|
|upkeep
|turn|12
|
|t:|1757949818
|-end|p1a: Scream Tail|Protosynthesis|[silent]
|switch|p1a: Munkidori|Munkidori, M|100/100
|switch|p2a: Quesoserious|Quaquaval, M|100/100
|
|upkeep
|turn|13
|
|t:|1757949821
|move|p1a: Munkidori|Psyshock|p2a: Quesoserious
|-supereffective|p2a: Quesoserious
|-damage|p2a: Quesoserious|0 fnt
|faint|p2a: Quesoserious
|
|upkeep
|
|t:|1757949823
|switch|p2a: Freeze Austin|Kyurem|100/100
|-ability|p2a: Freeze Austin|Pressure
|turn|14
|
|t:|1757949826
|switch|p1a: Meloetta|Meloetta|100/100
|move|p2a: Freeze Austin|Earth Power|p1a: Meloetta
|-damage|p1a: Meloetta|76/100
|-unboost|p1a: Meloetta|spd|1
|
|-heal|p1a: Meloetta|82/100|[from] item: Leftovers
|upkeep
|turn|15
|
|t:|1757949832
|switch|p2a: Ground Venison|Ting-Lu|100/100
|-ability|p2a: Ground Venison|Vessel of Ruin
|move|p1a: Meloetta|Relic Song|p2a: Ground Venison
|-damage|p2a: Ground Venison|77/100
|-status|p2a: Ground Venison|slp|[from] move: Relic Song
|-formechange|p1a: Meloetta|Meloetta-Pirouette|[msg]
|
|-heal|p1a: Meloetta|88/100|[from] item: Leftovers
|upkeep
|turn|16
|-message|Oooppplllop forfeited.
|
|win|Loulwayne
|raw|Loulwayne's rating: 1154 &rarr; <strong>1179</strong><br />(+25 for winning)
|raw|Oooppplllop's rating: 1159 &rarr; <strong>1134</strong><br />(-25 for losing)
|l|☆Oooppplllop
|player|p2|
|l|☆Loulwayne
|player|p1|
