|j|☆jorgemmo
|j|☆cat111ca
|t:|1757917776
|gametype|singles
|player|p1|jorgemmo|101|1070
|player|p2|cat111ca|cress|1129
|gen|9
|tier|[Gen 9] OU
|rated|
|rule|HP Percentage Mod: HP is shown in percentages
|rule|Endless Battle Clause: Forcing endless battles is banned
|rule|Species Clause: Limit one of each Pokémon
|rule|OHKO Clause: OHKO moves are banned
|rule|Evasion Items Clause: Evasion items are banned
|rule|Evasion Moves Clause: Evasion moves are banned
|rule|Evasion Abilities Clause: Evasion abilities are banned
|rule|Sleep Moves Clause: Sleep-inducing moves are banned
|clearpoke
|poke|p1|Lokix, M|
|poke|p1|Garganacl, F|
|poke|p1|Dragapult, M|
|poke|p1|Kilowattrel, F|
|poke|p1|Clodsire, M|
|poke|p1|Great Tusk|
|poke|p2|Dragonite, M|
|poke|p2|Zamazenta-*|
|poke|p2|Ting-Lu|
|poke|p2|Gholdengo|
|poke|p2|Kingambit, F|
|poke|p2|Raging Bolt|
|teampreview
|inactive|Battle timer is ON: inactive players will automatically lose when time's up. (requested by jorgemmo)
|
|t:|1757917793
|teamsize|p1|6
|teamsize|p2|6
|start
|switch|p1a: Great Tusk|Great Tusk|100/100
|switch|p2a: Kingambit|Kingambit, F|100/100
|turn|1
|
|t:|1757917811
|-end|p2a: Kingambit|fallenundefined|[silent]
|switch|p2a: Gholdengo|Gholdengo|100/100
|move|p1a: Great Tusk|Headlong Rush|p2a: Gholdengo
|-supereffective|p2a: Gholdengo
|-damage|p2a: Gholdengo|0 fnt
|-unboost|p1a: Great Tusk|def|1
|-unboost|p1a: Great Tusk|spd|1
|faint|p2a: Gholdengo
|-enditem|p1a: Great Tusk|Eject Pack
|
|t:|1757917823
|-end|p1a: Great Tusk|Protosynthesis|[silent]
|switch|p1a: Dragapult|Dragapult, M|100/100
|
|upkeep
|
|t:|1757917830
|switch|p2a: Kingambit|Kingambit, F|100/100
|-activate|p2a: Kingambit|ability: Supreme Overlord
|-start|p2a: Kingambit|fallen1|[silent]
|turn|2
|
|t:|1757917840
|switch|p1a: Garganacl|Garganacl, F|100/100
|move|p2a: Kingambit|Sucker Punch||[still]
|-fail|p2a: Kingambit
|
|upkeep
|turn|3
|
|t:|1757917846
|move|p2a: Kingambit|Swords Dance|p2a: Kingambit
|-boost|p2a: Kingambit|atk|2
|move|p1a: Garganacl|Salt Cure|p2a: Kingambit
|-resisted|p2a: Kingambit
|-damage|p2a: Kingambit|95/100
|-start|p2a: Kingambit|Salt Cure
|
|-heal|p2a: Kingambit|100/100|[from] item: Leftovers
|-damage|p2a: Kingambit|76/100|[from] Salt Cure
|upkeep
|turn|4
|
|t:|1757917859
|move|p2a: Kingambit|Iron Head|p1a: Garganacl
|-supereffective|p1a: Garganacl
|-damage|p1a: Garganacl|0 fnt
|faint|p1a: Garganacl
|
|-heal|p2a: Kingambit|82/100|[from] item: Leftovers
|-damage|p2a: Kingambit|57/100|[from] Salt Cure
|upkeep
|
|t:|1757917866
|switch|p1a: Clodsire|Clodsire, M|100/100
|turn|5
|
|t:|1757917872
|move|p2a: Kingambit|Kowtow Cleave|p1a: Clodsire
|-damage|p1a: Clodsire|38/100
|move|p1a: Clodsire|Counter|p2a: Kingambit
|-damage|p2a: Kingambit|0 fnt
|faint|p2a: Kingambit
|-end|p2a: Kingambit|fallen1|[silent]
|
|-heal|p1a: Clodsire|44/100|[from] item: Black Sludge
|upkeep
|
|t:|1757917885
|switch|p2a: Raging Bolt|Raging Bolt|100/100
|-enditem|p2a: Raging Bolt|Booster Energy
|-activate|p2a: Raging Bolt|ability: Protosynthesis|[fromitem]
|-start|p2a: Raging Bolt|protosynthesisspa
|turn|6
|
|t:|1757917890
|move|p2a: Raging Bolt|Dragon Pulse|p1a: Clodsire
|-damage|p1a: Clodsire|7/100
|move|p1a: Clodsire|Toxic|p2a: Raging Bolt
|-status|p2a: Raging Bolt|tox
|
|-heal|p1a: Clodsire|14/100|[from] item: Black Sludge
|-damage|p2a: Raging Bolt|94/100 tox|[from] psn
|upkeep
|turn|7
|
|t:|1757917899
|move|p2a: Raging Bolt|Dragon Pulse|p1a: Clodsire
|-damage|p1a: Clodsire|0 fnt
|faint|p1a: Clodsire
|
|-damage|p2a: Raging Bolt|82/100 tox|[from] psn
|upkeep
|
|t:|1757917912
|switch|p1a: Great Tusk|Great Tusk|100/100
|turn|8
|
|t:|1757917920
|-end|p2a: Raging Bolt|Protosynthesis|[silent]
|switch|p2a: Dragonite|Dragonite, M|100/100
|move|p1a: Great Tusk|Rapid Spin|p2a: Dragonite
|-damage|p2a: Dragonite|91/100
|-boost|p1a: Great Tusk|spe|1
|
|upkeep
|turn|9
|
|t:|1757917930
|move|p1a: Great Tusk|Knock Off|p2a: Dragonite
|-crit|p2a: Dragonite
|-damage|p2a: Dragonite|33/100
|-enditem|p2a: Dragonite|Heavy-Duty Boots|[from] move: Knock Off|[of] p1a: Great Tusk
|move|p2a: Dragonite|Ice Spinner|p1a: Great Tusk
|-supereffective|p1a: Great Tusk
|-damage|p1a: Great Tusk|52/100
|
|upkeep
|turn|10
|
|t:|1757917943
|-end|p1a: Great Tusk|Protosynthesis|[silent]
|switch|p1a: Kilowattrel|Kilowattrel, F|100/100
|move|p2a: Dragonite|Ice Spinner|p1a: Kilowattrel
|-supereffective|p1a: Kilowattrel
|-damage|p1a: Kilowattrel|0 fnt
|faint|p1a: Kilowattrel
|
|upkeep
|
|t:|1757917948
|switch|p1a: Lokix|Lokix, M|100/100
|turn|11
|
|t:|1757917959
|switch|p2a: Raging Bolt|Raging Bolt|82/100 tox
|move|p1a: Lokix|U-turn|p2a: Raging Bolt
|-damage|p2a: Raging Bolt|35/100 tox
|
|t:|1757917968
|switch|p1a: Great Tusk|Great Tusk|52/100|[from] U-turn
|
|-damage|p2a: Raging Bolt|28/100 tox|[from] psn
|upkeep
|turn|12
|
|t:|1757917974
|move|p1a: Great Tusk|Knock Off|p2a: Raging Bolt
|-damage|p2a: Raging Bolt|6/100 tox
|move|p2a: Raging Bolt|Dragon Pulse|p1a: Great Tusk
|-damage|p1a: Great Tusk|0 fnt
|faint|p1a: Great Tusk
|-end|p1a: Great Tusk|Protosynthesis|[silent]
|
|-damage|p2a: Raging Bolt|0 fnt|[from] psn
|faint|p2a: Raging Bolt
|-end|p2a: Raging Bolt|Protosynthesis|[silent]
|upkeep
|
|t:|1757917989
|switch|p1a: Dragapult|Dragapult, M|100/100
|switch|p2a: Zamazenta|Zamazenta|100/100
|-ability|p2a: Zamazenta|Dauntless Shield|boost
|-boost|p2a: Zamazenta|def|1
|turn|13
|
|t:|1757918005
|-terastallize|p1a: Dragapult|Normal
|move|p1a: Dragapult|Shadow Ball|p2a: Zamazenta
|-damage|p2a: Zamazenta|48/100
|move|p2a: Zamazenta|Crunch|p1a: Dragapult
|-damage|p1a: Dragapult|57/100
|-damage|p2a: Zamazenta|38/100|[from] item: Life Orb
|
|upkeep
|turn|14
|
|t:|1757918014
|move|p1a: Dragapult|Shadow Ball|p2a: Zamazenta
|-damage|p2a: Zamazenta|0 fnt
|faint|p2a: Zamazenta
|
|upkeep
|
|t:|1757918020
|switch|p2a: Ting-Lu|Ting-Lu|100/100
|-ability|p2a: Ting-Lu|Vessel of Ruin
|turn|15
|
|t:|1757918025
|switch|p1a: Lokix|Lokix, M|100/100
|move|p2a: Ting-Lu|Ruination|p1a: Lokix
|-damage|p1a: Lokix|51/100
|
|upkeep
|turn|16
|
|t:|1757918033
|-terastallize|p2a: Ting-Lu|Poison
|move|p1a: Lokix|Leech Life|p2a: Ting-Lu
|-resisted|p2a: Ting-Lu
|-damage|p2a: Ting-Lu|67/100
|-heal|p1a: Lokix|81/100|[from] drain|[of] p2a: Ting-Lu
|move|p2a: Ting-Lu|Stealth Rock|p1a: Lokix
|-sidestart|p1: jorgemmo|move: Stealth Rock
|
|-heal|p2a: Ting-Lu|73/100|[from] item: Leftovers
|upkeep
|turn|17
|
|t:|1757918043
|move|p1a: Lokix|Leech Life|p2a: Ting-Lu
|-resisted|p2a: Ting-Lu
|-damage|p2a: Ting-Lu|41/100
|-heal|p1a: Lokix|100/100|[from] drain|[of] p2a: Ting-Lu
|move|p2a: Ting-Lu|Ruination|p1a: Lokix
|-damage|p1a: Lokix|51/100
|
|-heal|p2a: Ting-Lu|48/100|[from] item: Leftovers
|upkeep
|turn|18
|
|t:|1757918051
|move|p1a: Lokix|Leech Life|p2a: Ting-Lu
|-resisted|p2a: Ting-Lu
|-damage|p2a: Ting-Lu|18/100
|-heal|p1a: Lokix|78/100|[from] drain|[of] p2a: Ting-Lu
|move|p2a: Ting-Lu|Whirlwind|p1a: Lokix
|drag|p1a: Dragapult|Dragapult, M, tera:Normal|57/100
|-damage|p1a: Dragapult|45/100|[from] Stealth Rock
|
|-heal|p2a: Ting-Lu|24/100|[from] item: Leftovers
|upkeep
|turn|19
|
|t:|1757918062
|move|p1a: Dragapult|Shadow Ball|p2a: Ting-Lu
|-damage|p2a: Ting-Lu|2/100
|-unboost|p2a: Ting-Lu|spd|1
|move|p2a: Ting-Lu|Ruination|p1a: Dragapult
|-damage|p1a: Dragapult|23/100
|
|-heal|p2a: Ting-Lu|8/100|[from] item: Leftovers
|upkeep
|turn|20
|
|t:|1757918069
|move|p1a: Dragapult|Shadow Ball|p2a: Ting-Lu
|-damage|p2a: Ting-Lu|0 fnt
|faint|p2a: Ting-Lu
|
|upkeep
|
|t:|1757918071
|switch|p2a: Dragonite|Dragonite, M|33/100
|turn|21
|
|t:|1757918077
|move|p2a: Dragonite|Extreme Speed|p1a: Dragapult
|-damage|p1a: Dragapult|0 fnt
|faint|p1a: Dragapult
|
|upkeep
|
|t:|1757918081
|switch|p1a: Lokix|Lokix, M|78/100
|-damage|p1a: Lokix|53/100|[from] Stealth Rock
|turn|22
|
|t:|1757918085
|move|p1a: Lokix|First Impression|p2a: Dragonite
|-resisted|p2a: Dragonite
|-damage|p2a: Dragonite|0 fnt
|faint|p2a: Dragonite
|
|win|jorgemmo
|raw|jorgemmo's rating: 1070 &rarr; <strong>1104</strong><br />(+34 for winning)
|raw|cat111ca's rating: 1129 &rarr; <strong>1100</strong><br />(-29 for losing)
|l|☆cat111ca
|player|p2|
|l|☆jorgemmo
|player|p1|
