|j|☆carloss prates
|j|☆CC Foot Soldier
|t:|1757941113
|gametype|singles
|player|p1|carloss prates|bruno|1542
|player|p2|CC Foot Soldier|waiter-gen4|1598
|gen|9
|tier|[Gen 9] OU
|rated|
|rule|HP Percentage Mod: HP is shown in percentages
|rule|Endless Battle Clause: Forcing endless battles is banned
|rule|Species Clause: Limit one of each Pokémon
|rule|OHKO Clause: OHKO moves are banned
|rule|Evasion Items Clause: Evasion items are banned
|rule|Evasion Moves Clause: Evasion moves are banned
|rule|Evasion Abilities Clause: Evasion abilities are banned
|rule|Sleep Moves Clause: Sleep-inducing moves are banned
|clearpoke
|poke|p1|Great Tusk|
|poke|p1|Heatran, M|
|poke|p1|Weavile, M|
|poke|p1|Primarina, M|
|poke|p1|Ogerpon, F|
|poke|p1|Pecharunt|
|poke|p2|Araquanid, M|
|poke|p2|Gholdengo|
|poke|p2|Enamorus, F|
|poke|p2|Raging Bolt|
|poke|p2|Iron Moth|
|poke|p2|Kingambit, M|
|teampreview
|c|☆CC Foot Soldier|hf
|
|t:|1757941171
|teamsize|p1|6
|teamsize|p2|6
|start
|switch|p1a: Overseer|Pecharunt|100/100
|switch|p2a: Raging Bolt|Raging Bolt|100/100
|-enditem|p2a: Raging Bolt|Booster Energy
|-activate|p2a: Raging Bolt|ability: Protosynthesis|[fromitem]
|-start|p2a: Raging Bolt|protosynthesisspa
|turn|1
|
|t:|1757941185
|move|p2a: Raging Bolt|Calm Mind|p2a: Raging Bolt
|-boost|p2a: Raging Bolt|spa|1
|-boost|p2a: Raging Bolt|spd|1
|move|p1a: Overseer|Parting Shot|p2a: Raging Bolt
|-unboost|p2a: Raging Bolt|atk|1
|-unboost|p2a: Raging Bolt|spa|1
|
|t:|1757941190
|switch|p1a: Behemoth|Great Tusk, shiny|100/100|[from] Parting Shot
|
|upkeep
|turn|2
|
|t:|1757941199
|-terastallize|p2a: Raging Bolt|Ghost
|move|p1a: Behemoth|Headlong Rush|p2a: Raging Bolt
|-damage|p2a: Raging Bolt|41/100
|-unboost|p1a: Behemoth|def|1
|-unboost|p1a: Behemoth|spd|1
|move|p2a: Raging Bolt|Dragon Pulse|p1a: Behemoth
|-damage|p1a: Behemoth|0 fnt
|faint|p1a: Behemoth
|-end|p1a: Behemoth|Protosynthesis|[silent]
|
|upkeep
|
|t:|1757941208
|switch|p1a: Anonymous|Ogerpon, F|100/100
|turn|3
|
|t:|1757941217
|-end|p2a: Raging Bolt|Protosynthesis|[silent]
|switch|p2a: Gholdengo|Gholdengo|100/100
|-item|p2a: Gholdengo|Air Balloon
|move|p1a: Anonymous|Knock Off|p2a: Gholdengo
|-supereffective|p2a: Gholdengo
|-damage|p2a: Gholdengo|36/100
|-enditem|p2a: Gholdengo|Air Balloon
|
|upkeep
|turn|4
|
|t:|1757941229
|move|p1a: Anonymous|Knock Off|p2a: Gholdengo
|-supereffective|p2a: Gholdengo
|-damage|p2a: Gholdengo|0 fnt
|faint|p2a: Gholdengo
|
|upkeep
|
|t:|1757941269
|switch|p2a: Kingambit|Kingambit, M|100/100
|-activate|p2a: Kingambit|ability: Supreme Overlord
|-start|p2a: Kingambit|fallen1|[silent]
|turn|5
|
|t:|1757941277
|switch|p1a: Bandit|Weavile, M, shiny|100/100
|-ability|p1a: Bandit|Pressure
|move|p2a: Kingambit|Swords Dance|p2a: Kingambit
|-boost|p2a: Kingambit|atk|2
|
|upkeep
|turn|6
|
|t:|1757941296
|move|p2a: Kingambit|Sucker Punch|p1a: Bandit
|-resisted|p1a: Bandit
|-damage|p1a: Bandit|5/100
|move|p1a: Bandit|Low Kick|p2a: Kingambit
|-supereffective|p2a: Kingambit
|-damage|p2a: Kingambit|0 fnt
|faint|p2a: Kingambit
|-end|p2a: Kingambit|fallen1|[silent]
|
|upkeep
|
|t:|1757941312
|switch|p2a: Iron Moth|Iron Moth|100/100
|-enditem|p2a: Iron Moth|Booster Energy
|-activate|p2a: Iron Moth|ability: Quark Drive|[fromitem]
|-start|p2a: Iron Moth|quarkdrivespa
|turn|7
|
|t:|1757941329
|switch|p1a: Chaos|Heatran, M, shiny|100/100
|-item|p1a: Chaos|Air Balloon
|move|p2a: Iron Moth|Fiery Dance|p1a: Chaos
|-start|p1a: Chaos|ability: Flash Fire
|
|upkeep
|turn|8
|
|t:|1757941336
|-end|p2a: Iron Moth|Quark Drive|[silent]
|switch|p2a: Araquanid|Araquanid, M|100/100
|move|p1a: Chaos|Stealth Rock|p2a: Araquanid
|-sidestart|p2: CC Foot Soldier|move: Stealth Rock
|
|upkeep
|turn|9
|
|t:|1757941343
|-end|p1a: Chaos|ability: Flash Fire|[silent]
|switch|p1a: Overseer|Pecharunt|100/100
|move|p2a: Araquanid|Liquidation|p1a: Overseer
|-damage|p1a: Overseer|74/100
|-damage|p2a: Araquanid|84/100|[from] item: Rocky Helmet|[of] p1a: Overseer
|
|upkeep
|turn|10
|-message|CC Foot Soldier forfeited.
|
|win|carloss prates
|raw|carloss prates's rating: 1542 &rarr; <strong>1565</strong><br />(+23 for winning)
|raw|CC Foot Soldier's rating: 1598 &rarr; <strong>1575</strong><br />(-23 for losing)
|l|☆CC Foot Soldier
|player|p2|
|l|☆carloss prates
|player|p1|
