|j|☆fafewf
|j|☆mansonabuluting
|t:|1757860004
|gametype|singles
|player|p1|fafewf|wallace|1669
|player|p2|mansonabuluting|bellelba|1622
|gen|9
|tier|[Gen 9] OU
|rated|
|rule|HP Percentage Mod: HP is shown in percentages
|rule|Endless Battle Clause: Forcing endless battles is banned
|rule|Species Clause: Limit one of each Pokémon
|rule|OHKO Clause: OHKO moves are banned
|rule|Evasion Items Clause: Evasion items are banned
|rule|Evasion Moves Clause: Evasion moves are banned
|rule|Evasion Abilities Clause: Evasion abilities are banned
|rule|Sleep Moves Clause: Sleep-inducing moves are banned
|clearpoke
|poke|p1|Suicune|
|poke|p1|Corviknight, M|
|poke|p1|Cresselia, F|
|poke|p1|Darkrai|
|poke|p1|Landorus-Therian, M|
|poke|p1|Skeledirge, M|
|poke|p2|Rillaboom, M|
|poke|p2|Hawlucha, F|
|poke|p2|Thundurus-Therian, M|
|poke|p2|Great Tusk|
|poke|p2|Volcanion|
|poke|p2|Goodra-Hisui, M|
|teampreview
|
|t:|1757860013
|teamsize|p1|6
|teamsize|p2|6
|start
|switch|p1a: The Light|Cresselia, F|100/100
|switch|p2a: Volcanion|Volcanion|100/100
|turn|1
|inactive|Battle timer is ON: inactive players will automatically lose when time's up. (requested by mansonabuluting)
|
|t:|1757860027
|move|p1a: The Light|Trick|p2a: Volcanion
|-activate|p1a: The Light|move: Trick|[of] p2a: Volcanion
|-item|p2a: Volcanion|Choice Scarf|[from] move: Trick
|-item|p1a: The Light|Choice Specs|[from] move: Trick
|move|p2a: Volcanion|Steam Eruption|p1a: The Light
|-damage|p1a: The Light|62/100
|-status|p1a: The Light|brn
|
|-damage|p1a: The Light|56/100 brn|[from] brn
|upkeep
|turn|2
|
|t:|1757860036
|move|p1a: The Light|Light Screen|p1a: The Light
|-sidestart|p1: fafewf|move: Light Screen
|move|p2a: Volcanion|Steam Eruption|p1a: The Light
|-damage|p1a: The Light|35/100 brn
|
|-damage|p1a: The Light|29/100 brn|[from] brn
|upkeep
|turn|3
|
|t:|1757860052
|switch|p1a: The Menace|Darkrai|100/100
|move|p2a: Volcanion|Steam Eruption|p1a: The Menace
|-damage|p1a: The Menace|56/100
|-status|p1a: The Menace|brn
|
|-heal|p1a: The Menace|62/100 brn|[from] item: Leftovers
|-damage|p1a: The Menace|56/100 brn|[from] brn
|upkeep
|turn|4
|j| wgw2333
|
|t:|1757860062
|switch|p2a: Goodra|Goodra-Hisui, M|100/100
|move|p1a: The Menace|Dark Pulse|p2a: Goodra
|-damage|p2a: Goodra|81/100
|
|-heal|p1a: The Menace|62/100 brn|[from] item: Leftovers
|-damage|p1a: The Menace|56/100 brn|[from] brn
|upkeep
|turn|5
|
|t:|1757860078
|move|p1a: The Menace|Will-O-Wisp|p2a: Goodra
|-status|p2a: Goodra|brn
|move|p2a: Goodra|Draco Meteor|p1a: The Menace|[miss]
|-miss|p2a: Goodra|p1a: The Menace
|
|-heal|p1a: The Menace|62/100 brn|[from] item: Leftovers
|-damage|p1a: The Menace|56/100 brn|[from] brn
|-damage|p2a: Goodra|75/100 brn|[from] brn
|upkeep
|turn|6
|
|t:|1757860083
|switch|p1a: The Indomitable|Suicune|100/100
|-ability|p1a: The Indomitable|Pressure
|move|p2a: Goodra|Draco Meteor|p1a: The Indomitable|[miss]
|-miss|p2a: Goodra|p1a: The Indomitable
|
|-damage|p2a: Goodra|69/100 brn|[from] brn
|-sideend|p1: fafewf|move: Light Screen
|upkeep
|turn|7
|
|t:|1757860097
|switch|p2a: Rillaboom|Rillaboom, M|100/100
|-fieldstart|move: Grassy Terrain|[from] ability: Grassy Surge|[of] p2a: Rillaboom
|move|p1a: The Indomitable|Substitute|p1a: The Indomitable
|-start|p1a: The Indomitable|Substitute
|-damage|p1a: The Indomitable|75/100
|
|-heal|p1a: The Indomitable|82/100|[from] Grassy Terrain
|-heal|p1a: The Indomitable|88/100|[from] item: Leftovers
|upkeep
|turn|8
|
|t:|1757860100
|move|p1a: The Indomitable|Protect|p1a: The Indomitable
|-singleturn|p1a: The Indomitable|Protect
|move|p2a: Rillaboom|Wood Hammer|p1a: The Indomitable
|-activate|p1a: The Indomitable|move: Protect
|
|-heal|p1a: The Indomitable|94/100|[from] Grassy Terrain
|-heal|p1a: The Indomitable|99/100|[from] item: Leftovers
|upkeep
|turn|9
|
|t:|1757860104
|move|p1a: The Indomitable|Substitute|p1a: The Indomitable
|-fail|p1a: The Indomitable|move: Substitute
|move|p2a: Rillaboom|Wood Hammer|p1a: The Indomitable
|-supereffective|p1a: The Indomitable
|-end|p1a: The Indomitable|Substitute
|-damage|p2a: Rillaboom|92/100|[from] Recoil|[of] p1a: The Indomitable
|
|-heal|p1a: The Indomitable|100/100|[from] Grassy Terrain
|-heal|p2a: Rillaboom|99/100|[from] Grassy Terrain
|upkeep
|turn|10
|
|t:|1757860115
|switch|p2a: Goodra|Goodra-Hisui, M|69/100 brn
|move|p1a: The Indomitable|Protect||[still]
|-fail|p1a: The Indomitable
|
|-heal|p2a: Goodra|75/100 brn|[from] Grassy Terrain
|-damage|p2a: Goodra|69/100 brn|[from] brn
|upkeep
|turn|11
|
|t:|1757860121
|move|p1a: The Indomitable|Substitute|p1a: The Indomitable
|-start|p1a: The Indomitable|Substitute
|-damage|p1a: The Indomitable|75/100
|move|p2a: Goodra|Draco Meteor|p1a: The Indomitable
|-end|p1a: The Indomitable|Substitute
|-unboost|p2a: Goodra|spa|2
|
|-heal|p1a: The Indomitable|82/100|[from] Grassy Terrain
|-heal|p1a: The Indomitable|88/100|[from] item: Leftovers
|-heal|p2a: Goodra|75/100 brn|[from] Grassy Terrain
|-damage|p2a: Goodra|69/100 brn|[from] brn
|-fieldend|move: Grassy Terrain
|upkeep
|turn|12
|
|t:|1757860128
|switch|p2a: Thundurus|Thundurus-Therian, M|100/100
|move|p1a: The Indomitable|Substitute|p1a: The Indomitable
|-start|p1a: The Indomitable|Substitute
|-damage|p1a: The Indomitable|63/100
|
|-heal|p1a: The Indomitable|69/100|[from] item: Leftovers
|upkeep
|turn|13
|
|t:|1757860131
|move|p2a: Thundurus|Volt Switch|p1a: The Indomitable
|-supereffective|p1a: The Indomitable
|-end|p1a: The Indomitable|Substitute
|
|t:|1757860138
|switch|p2a: Rillaboom|Rillaboom, M|99/100|[from] Volt Switch
|-fieldstart|move: Grassy Terrain|[from] ability: Grassy Surge|[of] p2a: Rillaboom
|move|p1a: The Indomitable|Scald|p2a: Rillaboom
|-resisted|p2a: Rillaboom
|-damage|p2a: Rillaboom|84/100
|-status|p2a: Rillaboom|brn
|
|-heal|p1a: The Indomitable|75/100|[from] Grassy Terrain
|-heal|p1a: The Indomitable|81/100|[from] item: Leftovers
|-heal|p2a: Rillaboom|91/100 brn|[from] Grassy Terrain
|-damage|p2a: Rillaboom|84/100 brn|[from] brn
|upkeep
|turn|14
|
|t:|1757860147
|move|p1a: The Indomitable|Protect|p1a: The Indomitable
|-singleturn|p1a: The Indomitable|Protect
|move|p2a: Rillaboom|Wood Hammer|p1a: The Indomitable
|-activate|p1a: The Indomitable|move: Protect
|
|-heal|p1a: The Indomitable|88/100|[from] Grassy Terrain
|-heal|p1a: The Indomitable|94/100|[from] item: Leftovers
|-heal|p2a: Rillaboom|91/100 brn|[from] Grassy Terrain
|-damage|p2a: Rillaboom|84/100 brn|[from] brn
|upkeep
|turn|15
|
|t:|1757860153
|switch|p1a: Landorus.|Landorus-Therian, M|100/100
|-ability|p1a: Landorus.|Intimidate|boost
|-unboost|p2a: Rillaboom|atk|1
|move|p2a: Rillaboom|Wood Hammer|p1a: Landorus.
|-damage|p1a: Landorus.|47/100
|-damage|p2a: Rillaboom|70/100 brn|[from] Recoil
|
|-heal|p2a: Rillaboom|76/100 brn|[from] Grassy Terrain
|-damage|p2a: Rillaboom|70/100 brn|[from] brn
|upkeep
|turn|16
|
|t:|1757860169
|switch|p2a: Great Tusk|Great Tusk|100/100
|move|p1a: Landorus.|Stealth Rock|p2a: Great Tusk
|-sidestart|p2: mansonabuluting|move: Stealth Rock
|
|upkeep
|turn|17
|
|t:|1757860179
|switch|p1a: The Replacement|Corviknight, M|100/100
|-ability|p1a: The Replacement|Pressure
|move|p2a: Great Tusk|Stealth Rock|p1a: The Replacement
|-sidestart|p1: fafewf|move: Stealth Rock
|
|-fieldend|move: Grassy Terrain
|upkeep
|turn|18
|
|t:|1757860183
|move|p2a: Great Tusk|Rapid Spin|p1a: The Replacement
|-resisted|p1a: The Replacement
|-damage|p1a: The Replacement|96/100
|-boost|p2a: Great Tusk|spe|1
|-damage|p2a: Great Tusk|84/100|[from] item: Rocky Helmet|[of] p1a: The Replacement
|-sideend|p2: mansonabuluting|Stealth Rock|[from] move: Rapid Spin|[of] p2a: Great Tusk
|move|p1a: The Replacement|Brave Bird|p2a: Great Tusk
|-supereffective|p2a: Great Tusk
|-damage|p2a: Great Tusk|49/100
|-damage|p1a: The Replacement|80/100|[from] item: Rocky Helmet|[of] p2a: Great Tusk
|-damage|p1a: The Replacement|67/100|[from] Recoil
|
|upkeep
|turn|19
|
|t:|1757860190
|-end|p2a: Great Tusk|Protosynthesis|[silent]
|switch|p2a: Volcanion|Volcanion|100/100
|move|p1a: The Replacement|Defog|p2a: Volcanion
|-unboost|p2a: Volcanion|evasion|1
|-sideend|p1: fafewf|Stealth Rock|[from] move: Defog|[of] p1a: The Replacement
|
|upkeep
|turn|20
|
|t:|1757860201
|switch|p1a: The Indomitable|Suicune|94/100
|-ability|p1a: The Indomitable|Pressure
|move|p2a: Volcanion|Steam Eruption|p1a: The Indomitable
|-resisted|p1a: The Indomitable
|-damage|p1a: The Indomitable|76/100
|-status|p1a: The Indomitable|brn
|
|-heal|p1a: The Indomitable|83/100 brn|[from] item: Leftovers
|-damage|p1a: The Indomitable|76/100 brn|[from] brn
|upkeep
|turn|21
|
|t:|1757860219
|switch|p2a: Rillaboom|Rillaboom, M|70/100 brn
|-fieldstart|move: Grassy Terrain|[from] ability: Grassy Surge|[of] p2a: Rillaboom
|move|p1a: The Indomitable|Substitute|p1a: The Indomitable
|-start|p1a: The Indomitable|Substitute
|-damage|p1a: The Indomitable|51/100 brn
|
|-heal|p1a: The Indomitable|58/100 brn|[from] Grassy Terrain
|-heal|p1a: The Indomitable|64/100 brn|[from] item: Leftovers
|-heal|p2a: Rillaboom|76/100 brn|[from] Grassy Terrain
|-damage|p1a: The Indomitable|58/100 brn|[from] brn
|-damage|p2a: Rillaboom|70/100 brn|[from] brn
|upkeep
|turn|22
|
|t:|1757860226
|move|p1a: The Indomitable|Protect|p1a: The Indomitable
|-singleturn|p1a: The Indomitable|Protect
|move|p2a: Rillaboom|Wood Hammer|p1a: The Indomitable
|-activate|p1a: The Indomitable|move: Protect
|
|-heal|p1a: The Indomitable|64/100 brn|[from] Grassy Terrain
|-heal|p1a: The Indomitable|70/100 brn|[from] item: Leftovers
|-heal|p2a: Rillaboom|76/100 brn|[from] Grassy Terrain
|-damage|p1a: The Indomitable|64/100 brn|[from] brn
|-damage|p2a: Rillaboom|70/100 brn|[from] brn
|upkeep
|turn|23
|
|t:|1757860238
|move|p1a: The Indomitable|Scald|p2a: Rillaboom
|-resisted|p2a: Rillaboom
|-damage|p2a: Rillaboom|55/100 brn
|move|p2a: Rillaboom|Wood Hammer|p1a: The Indomitable
|-supereffective|p1a: The Indomitable
|-end|p1a: The Indomitable|Substitute
|-damage|p2a: Rillaboom|47/100 brn|[from] Recoil|[of] p1a: The Indomitable
|
|-heal|p1a: The Indomitable|70/100 brn|[from] Grassy Terrain
|-heal|p1a: The Indomitable|76/100 brn|[from] item: Leftovers
|-heal|p2a: Rillaboom|53/100 brn|[from] Grassy Terrain
|-damage|p1a: The Indomitable|70/100 brn|[from] brn
|-damage|p2a: Rillaboom|47/100 brn|[from] brn
|upkeep
|turn|24
|
|t:|1757860250
|move|p1a: The Indomitable|Protect|p1a: The Indomitable
|-singleturn|p1a: The Indomitable|Protect
|move|p2a: Rillaboom|Wood Hammer|p1a: The Indomitable
|-activate|p1a: The Indomitable|move: Protect
|
|-heal|p1a: The Indomitable|76/100 brn|[from] Grassy Terrain
|-heal|p1a: The Indomitable|82/100 brn|[from] item: Leftovers
|-heal|p2a: Rillaboom|53/100 brn|[from] Grassy Terrain
|-damage|p1a: The Indomitable|76/100 brn|[from] brn
|-damage|p2a: Rillaboom|47/100 brn|[from] brn
|upkeep
|turn|25
|
|t:|1757860262
|switch|p1a: The Unbothered|Skeledirge, M|100/100
|switch|p2a: Thundurus|Thundurus-Therian, M|100/100
|
|-fieldend|move: Grassy Terrain
|upkeep
|turn|26
|
|t:|1757860273
|switch|p1a: Landorus.|Landorus-Therian, M|47/100
|-ability|p1a: Landorus.|Intimidate|boost
|-unboost|p2a: Thundurus|atk|1
|move|p2a: Thundurus|Volt Switch|p1a: Landorus.
|-immune|p1a: Landorus.
|
|upkeep
|turn|27
|
|t:|1757860283
|switch|p2a: Rillaboom|Rillaboom, M|47/100 brn
|-fieldstart|move: Grassy Terrain|[from] ability: Grassy Surge|[of] p2a: Rillaboom
|move|p1a: Landorus.|U-turn|p2a: Rillaboom
|-supereffective|p2a: Rillaboom
|-damage|p2a: Rillaboom|1/100 brn
|
|t:|1757860291
|switch|p1a: The Light|Cresselia, F|29/100 brn|[from] U-turn
|
|-heal|p2a: Rillaboom|7/100 brn|[from] Grassy Terrain
|-damage|p1a: The Light|23/100 brn|[from] brn
|-damage|p2a: Rillaboom|1/100 brn|[from] brn
|upkeep
|turn|28
|
|t:|1757860297
|move|p1a: The Light|Lunar Dance|p1a: The Light
|faint|p1a: The Light
|move|p2a: Rillaboom|Wood Hammer|p1: The Light|[notarget]
|-fail|p2a: Rillaboom
|
|-heal|p2a: Rillaboom|7/100 brn|[from] Grassy Terrain
|-damage|p2a: Rillaboom|1/100 brn|[from] brn
|upkeep
|
|t:|1757860300
|switch|p1a: The Indomitable|Suicune|76/100 brn
|-heal|p1a: The Indomitable|100/100|[from] move: Lunar Dance
|-ability|p1a: The Indomitable|Pressure
|turn|29
|
|t:|1757860307
|move|p1a: The Indomitable|Protect|p1a: The Indomitable
|-singleturn|p1a: The Indomitable|Protect
|move|p2a: Rillaboom|Wood Hammer|p1a: The Indomitable
|-activate|p1a: The Indomitable|move: Protect
|
|-heal|p2a: Rillaboom|7/100 brn|[from] Grassy Terrain
|-damage|p2a: Rillaboom|1/100 brn|[from] brn
|upkeep
|turn|30
|
|t:|1757860317
|move|p1a: The Indomitable|Substitute|p1a: The Indomitable
|-start|p1a: The Indomitable|Substitute
|-damage|p1a: The Indomitable|75/100
|move|p2a: Rillaboom|Wood Hammer|p1a: The Indomitable
|-supereffective|p1a: The Indomitable
|-end|p1a: The Indomitable|Substitute
|-damage|p2a: Rillaboom|0 fnt|[from] Recoil|[of] p1a: The Indomitable
|faint|p2a: Rillaboom
|
|-heal|p1a: The Indomitable|82/100|[from] Grassy Terrain
|-heal|p1a: The Indomitable|88/100|[from] item: Leftovers
|upkeep
|inactive|mansonabuluting has 120 seconds left.
|
|t:|1757860355
|switch|p2a: Hawlucha|Hawlucha, F|100/100
|-enditem|p2a: Hawlucha|Grassy Seed
|-boost|p2a: Hawlucha|def|1|[from] item: Grassy Seed
|turn|31
|
|t:|1757860366
|move|p2a: Hawlucha|Substitute|p2a: Hawlucha
|-start|p2a: Hawlucha|Substitute
|-damage|p2a: Hawlucha|76/100
|move|p1a: The Indomitable|Scald|p2a: Hawlucha
|-end|p2a: Hawlucha|Substitute
|
|-heal|p1a: The Indomitable|94/100|[from] Grassy Terrain
|-heal|p1a: The Indomitable|99/100|[from] item: Leftovers
|-fieldend|move: Grassy Terrain
|upkeep
|turn|32
|
|t:|1757860371
|move|p2a: Hawlucha|Swords Dance|p2a: Hawlucha
|-boost|p2a: Hawlucha|atk|2
|move|p1a: The Indomitable|Scald|p2a: Hawlucha
|-crit|p2a: Hawlucha
|-damage|p2a: Hawlucha|25/100
|
|-heal|p1a: The Indomitable|100/100|[from] item: Leftovers
|upkeep
|turn|33
|
|t:|1757860375
|switch|p1a: The Unbothered|Skeledirge, M|100/100
|move|p2a: Hawlucha|Acrobatics|p1a: The Unbothered
|-damage|p1a: The Unbothered|60/100
|
|upkeep
|turn|34
|
|t:|1757860381
|move|p2a: Hawlucha|Acrobatics|p1a: The Unbothered
|-damage|p1a: The Unbothered|21/100
|move|p1a: The Unbothered|Torch Song|p2a: Hawlucha
|-damage|p2a: Hawlucha|0 fnt
|-boost|p1a: The Unbothered|spa|1
|faint|p2a: Hawlucha
|
|upkeep
|
|t:|1757860391
|switch|p2a: Volcanion|Volcanion|100/100
|turn|35
|
|t:|1757860407
|switch|p1a: The Menace|Darkrai|56/100 brn
|move|p2a: Volcanion|Steam Eruption|p1a: The Menace
|-crit|p1a: The Menace
|-damage|p1a: The Menace|0 fnt
|faint|p1a: The Menace
|
|upkeep
|
|t:|1757860409
|switch|p1a: The Indomitable|Suicune|100/100
|-ability|p1a: The Indomitable|Pressure
|turn|36
|
|t:|1757860416
|switch|p2a: Thundurus|Thundurus-Therian, M|100/100
|move|p1a: The Indomitable|Protect||[still]
|-fail|p1a: The Indomitable
|
|upkeep
|turn|37
|
|t:|1757860420
|move|p1a: The Indomitable|Protect|p1a: The Indomitable
|-singleturn|p1a: The Indomitable|Protect
|move|p2a: Thundurus|Volt Switch|p1a: The Indomitable
|-activate|p1a: The Indomitable|move: Protect
|
|upkeep
|turn|38
|
|t:|1757860430
|switch|p2a: Great Tusk|Great Tusk|49/100
|-terastallize|p1a: The Indomitable|Dark
|move|p1a: The Indomitable|Substitute|p1a: The Indomitable
|-start|p1a: The Indomitable|Substitute
|-damage|p1a: The Indomitable|75/100
|
|-heal|p1a: The Indomitable|82/100|[from] item: Leftovers
|upkeep
|turn|39
|
|t:|1757860434
|move|p2a: Great Tusk|Stealth Rock|p1a: The Indomitable
|-sidestart|p1: fafewf|move: Stealth Rock
|move|p1a: The Indomitable|Scald|p2a: Great Tusk
|-supereffective|p2a: Great Tusk
|-damage|p2a: Great Tusk|0 fnt
|faint|p2a: Great Tusk
|-end|p2a: Great Tusk|Protosynthesis|[silent]
|
|-heal|p1a: The Indomitable|88/100|[from] item: Leftovers
|upkeep
|
|t:|1757860439
|switch|p2a: Thundurus|Thundurus-Therian, M|100/100
|turn|40
|
|t:|1757860442
|move|p1a: The Indomitable|Protect|p1a: The Indomitable
|-singleturn|p1a: The Indomitable|Protect
|move|p2a: Thundurus|Volt Switch|p1a: The Indomitable
|-activate|p1a: The Indomitable|move: Protect
|
|-heal|p1a: The Indomitable|94/100|[from] item: Leftovers
|upkeep
|turn|41
|
|t:|1757860446
|move|p2a: Thundurus|Volt Switch|p1a: The Indomitable
|-end|p1a: The Indomitable|Substitute
|
|t:|1757860450
|switch|p2a: Volcanion|Volcanion|100/100|[from] Volt Switch
|move|p1a: The Indomitable|Substitute|p1a: The Indomitable
|-start|p1a: The Indomitable|Substitute
|-damage|p1a: The Indomitable|69/100
|
|-heal|p1a: The Indomitable|75/100|[from] item: Leftovers
|upkeep
|turn|42
|
|t:|1757860455
|move|p1a: The Indomitable|Protect|p1a: The Indomitable
|-singleturn|p1a: The Indomitable|Protect
|move|p2a: Volcanion|Steam Eruption|p1a: The Indomitable
|-activate|p1a: The Indomitable|move: Protect
|
|-heal|p1a: The Indomitable|81/100|[from] item: Leftovers
|upkeep
|turn|43
|
|t:|1757860463
|switch|p2a: Thundurus|Thundurus-Therian, M|100/100
|move|p1a: The Indomitable|Calm Mind|p1a: The Indomitable
|-boost|p1a: The Indomitable|spa|1
|-boost|p1a: The Indomitable|spd|1
|
|-heal|p1a: The Indomitable|88/100|[from] item: Leftovers
|upkeep
|turn|44
|
|t:|1757860468
|move|p1a: The Indomitable|Protect|p1a: The Indomitable
|-singleturn|p1a: The Indomitable|Protect
|move|p2a: Thundurus|Volt Switch|p1a: The Indomitable
|-activate|p1a: The Indomitable|move: Protect
|
|-heal|p1a: The Indomitable|94/100|[from] item: Leftovers
|upkeep
|turn|45
|
|t:|1757860476
|move|p2a: Thundurus|Volt Switch|p1a: The Indomitable
|-activate|p1a: The Indomitable|move: Substitute|[damage]
|
|t:|1757860482
|switch|p2a: Goodra|Goodra-Hisui, M|69/100 brn|[from] Volt Switch
|move|p1a: The Indomitable|Substitute|p1a: The Indomitable
|-fail|p1a: The Indomitable|move: Substitute
|
|-heal|p1a: The Indomitable|99/100|[from] item: Leftovers
|-damage|p2a: Goodra|63/100 brn|[from] brn
|upkeep
|turn|46
|
|t:|1757860488
|move|p1a: The Indomitable|Calm Mind|p1a: The Indomitable
|-boost|p1a: The Indomitable|spa|1
|-boost|p1a: The Indomitable|spd|1
|move|p2a: Goodra|Draco Meteor|p1a: The Indomitable
|-end|p1a: The Indomitable|Substitute
|-unboost|p2a: Goodra|spa|2
|
|-heal|p1a: The Indomitable|100/100|[from] item: Leftovers
|-damage|p2a: Goodra|57/100 brn|[from] brn
|upkeep
|turn|47
|
|t:|1757860494
|switch|p2a: Thundurus|Thundurus-Therian, M|100/100
|move|p1a: The Indomitable|Substitute|p1a: The Indomitable
|-start|p1a: The Indomitable|Substitute
|-damage|p1a: The Indomitable|75/100
|
|-heal|p1a: The Indomitable|82/100|[from] item: Leftovers
|upkeep
|turn|48
|
|t:|1757860498
|move|p2a: Thundurus|Volt Switch|p1a: The Indomitable
|-activate|p1a: The Indomitable|move: Substitute|[damage]
|j| huejack
|
|t:|1757860505
|switch|p2a: Goodra|Goodra-Hisui, M|57/100 brn|[from] Volt Switch
|move|p1a: The Indomitable|Scald|p2a: Goodra
|-resisted|p2a: Goodra
|-damage|p2a: Goodra|46/100 brn
|
|-heal|p1a: The Indomitable|88/100|[from] item: Leftovers
|-damage|p2a: Goodra|40/100 brn|[from] brn
|upkeep
|turn|49
|
|t:|1757860510
|move|p1a: The Indomitable|Calm Mind|p1a: The Indomitable
|-boost|p1a: The Indomitable|spa|1
|-boost|p1a: The Indomitable|spd|1
|move|p2a: Goodra|Flash Cannon|p1a: The Indomitable
|-activate|p1a: The Indomitable|move: Substitute|[damage]
|
|-heal|p1a: The Indomitable|94/100|[from] item: Leftovers
|-damage|p2a: Goodra|34/100 brn|[from] brn
|upkeep
|turn|50
|inactive|mansonabuluting has 120 seconds left.
|inactive|mansonabuluting has 90 seconds left.
|
|t:|1757860571
|move|p1a: The Indomitable|Scald|p2a: Goodra
|-resisted|p2a: Goodra
|-damage|p2a: Goodra|21/100 brn
|move|p2a: Goodra|Draco Meteor|p1a: The Indomitable
|-end|p1a: The Indomitable|Substitute
|-unboost|p2a: Goodra|spa|2
|
|-heal|p1a: The Indomitable|99/100|[from] item: Leftovers
|-damage|p2a: Goodra|15/100 brn|[from] brn
|upkeep
|turn|51
|
|t:|1757860578
|switch|p2a: Volcanion|Volcanion|100/100
|move|p1a: The Indomitable|Substitute|p1a: The Indomitable
|-start|p1a: The Indomitable|Substitute
|-damage|p1a: The Indomitable|75/100
|
|-heal|p1a: The Indomitable|81/100|[from] item: Leftovers
|upkeep
|turn|52
|
|t:|1757860582
|move|p2a: Volcanion|Haze|p2a: Volcanion
|-clearallboost
|move|p1a: The Indomitable|Calm Mind|p1a: The Indomitable
|-boost|p1a: The Indomitable|spa|1
|-boost|p1a: The Indomitable|spd|1
|
|-heal|p1a: The Indomitable|88/100|[from] item: Leftovers
|upkeep
|turn|53
|
|t:|1757860588
|move|p2a: Volcanion|Haze|p2a: Volcanion
|-clearallboost
|move|p1a: The Indomitable|Calm Mind|p1a: The Indomitable
|-boost|p1a: The Indomitable|spa|1
|-boost|p1a: The Indomitable|spd|1
|
|-heal|p1a: The Indomitable|94/100|[from] item: Leftovers
|upkeep
|turn|54
|
|t:|1757860593
|move|p2a: Volcanion|Haze|p2a: Volcanion
|-clearallboost
|move|p1a: The Indomitable|Calm Mind|p1a: The Indomitable
|-boost|p1a: The Indomitable|spa|1
|-boost|p1a: The Indomitable|spd|1
|
|-heal|p1a: The Indomitable|99/100|[from] item: Leftovers
|upkeep
|turn|55
|j| AmGodzchild
|
|t:|1757860597
|move|p2a: Volcanion|Haze|p2a: Volcanion
|-clearallboost
|move|p1a: The Indomitable|Calm Mind|p1a: The Indomitable
|-boost|p1a: The Indomitable|spa|1
|-boost|p1a: The Indomitable|spd|1
|
|-heal|p1a: The Indomitable|100/100|[from] item: Leftovers
|upkeep
|turn|56
|c|☆fafewf|Under pressure
|
|t:|1757860607
|switch|p2a: Thundurus|Thundurus-Therian, M|100/100
|move|p1a: The Indomitable|Calm Mind|p1a: The Indomitable
|-boost|p1a: The Indomitable|spa|1
|-boost|p1a: The Indomitable|spd|1
|
|upkeep
|turn|57
|c|☆mansonabuluting|pathetic
|c|☆mansonabuluting|get a real team
|
|t:|1757860616
|move|p1a: The Indomitable|Protect|p1a: The Indomitable
|-singleturn|p1a: The Indomitable|Protect
|move|p2a: Thundurus|Volt Switch|p1a: The Indomitable
|-activate|p1a: The Indomitable|move: Protect
|
|upkeep
|turn|58
|
|t:|1757860623
|move|p2a: Thundurus|Volt Switch|p1a: The Indomitable
|-activate|p1a: The Indomitable|move: Substitute|[damage]
|
|t:|1757860626
|switch|p2a: Volcanion|Volcanion|100/100|[from] Volt Switch
|move|p1a: The Indomitable|Scald|p2a: Volcanion
|-immune|p2a: Volcanion|[from] ability: Water Absorb
|
|upkeep
|turn|59
|j| Jey2
|
|t:|1757860634
|move|p2a: Volcanion|Haze|p2a: Volcanion
|-clearallboost
|move|p1a: The Indomitable|Calm Mind|p1a: The Indomitable
|-boost|p1a: The Indomitable|spa|1
|-boost|p1a: The Indomitable|spd|1
|
|upkeep
|turn|60
|
|t:|1757860641
|switch|p2a: Thundurus|Thundurus-Therian, M|100/100
|move|p1a: The Indomitable|Scald|p2a: Thundurus
|-damage|p2a: Thundurus|50/100
|
|upkeep
|turn|61
|
|t:|1757860645
|move|p2a: Thundurus|Volt Switch|p1a: The Indomitable
|-end|p1a: The Indomitable|Substitute
|
|t:|1757860650
|switch|p2a: Volcanion|Volcanion|100/100|[from] Volt Switch
|move|p1a: The Indomitable|Substitute|p1a: The Indomitable
|-start|p1a: The Indomitable|Substitute
|-damage|p1a: The Indomitable|75/100
|
|-heal|p1a: The Indomitable|82/100|[from] item: Leftovers
|upkeep
|turn|62
|j| poawh
|
|t:|1757860658
|move|p2a: Volcanion|Overheat|p1a: The Indomitable
|-end|p1a: The Indomitable|Substitute
|-unboost|p2a: Volcanion|spa|2
|move|p1a: The Indomitable|Calm Mind|p1a: The Indomitable
|-boost|p1a: The Indomitable|spa|1
|-boost|p1a: The Indomitable|spd|1
|
|-heal|p1a: The Indomitable|88/100|[from] item: Leftovers
|upkeep
|turn|63
|
|t:|1757860664
|switch|p2a: Thundurus|Thundurus-Therian, M|50/100
|move|p1a: The Indomitable|Protect||[still]
|-fail|p1a: The Indomitable
|
|-heal|p1a: The Indomitable|94/100|[from] item: Leftovers
|upkeep
|turn|64
|
|t:|1757860668
|move|p2a: Thundurus|Thunder Wave|p1a: The Indomitable
|-status|p1a: The Indomitable|par
|cant|p1a: The Indomitable|par
|
|-heal|p1a: The Indomitable|99/100 par|[from] item: Leftovers
|upkeep
|turn|65
|
|t:|1757860674
|switch|p2a: Volcanion|Volcanion|100/100
|move|p1a: The Indomitable|Substitute|p1a: The Indomitable
|-start|p1a: The Indomitable|Substitute
|-damage|p1a: The Indomitable|75/100 par
|
|-heal|p1a: The Indomitable|81/100 par|[from] item: Leftovers
|upkeep
|turn|66
|
|t:|1757860678
|move|p2a: Volcanion|Overheat|p1a: The Indomitable
|-activate|p1a: The Indomitable|move: Substitute|[damage]
|-unboost|p2a: Volcanion|spa|2
|move|p1a: The Indomitable|Calm Mind|p1a: The Indomitable
|-boost|p1a: The Indomitable|spa|1
|-boost|p1a: The Indomitable|spd|1
|
|-heal|p1a: The Indomitable|88/100 par|[from] item: Leftovers
|upkeep
|turn|67
|
|t:|1757860682
|move|p2a: Volcanion|Overheat|p1a: The Indomitable|[miss]
|-miss|p2a: Volcanion|p1a: The Indomitable
|cant|p1a: The Indomitable|par
|
|-heal|p1a: The Indomitable|94/100 par|[from] item: Leftovers
|upkeep
|turn|68
|
|t:|1757860687
|move|p2a: Volcanion|Overheat|p1a: The Indomitable
|-end|p1a: The Indomitable|Substitute
|-unboost|p2a: Volcanion|spa|2
|cant|p1a: The Indomitable|par
|
|-heal|p1a: The Indomitable|99/100 par|[from] item: Leftovers
|upkeep
|turn|69
|
|t:|1757860693
|switch|p2a: Thundurus|Thundurus-Therian, M|50/100
|move|p1a: The Indomitable|Scald|p2a: Thundurus
|-damage|p2a: Thundurus|0 fnt
|faint|p2a: Thundurus
|
|-heal|p1a: The Indomitable|100/100 par|[from] item: Leftovers
|upkeep
|
|t:|1757860696
|switch|p2a: Volcanion|Volcanion|100/100
|turn|70
|
|t:|1757860700
|move|p2a: Volcanion|Haze|p2a: Volcanion
|-clearallboost
|cant|p1a: The Indomitable|par
|
|upkeep
|turn|71
|
|t:|1757860704
|switch|p2a: Goodra|Goodra-Hisui, M|15/100 brn
|move|p1a: The Indomitable|Substitute|p1a: The Indomitable
|-start|p1a: The Indomitable|Substitute
|-damage|p1a: The Indomitable|75/100 par
|
|-heal|p1a: The Indomitable|82/100 par|[from] item: Leftovers
|-damage|p2a: Goodra|8/100 brn|[from] brn
|upkeep
|turn|72
|
|t:|1757860708
|move|p2a: Goodra|Flash Cannon|p1a: The Indomitable
|-activate|p1a: The Indomitable|move: Substitute|[damage]
|move|p1a: The Indomitable|Calm Mind|p1a: The Indomitable
|-boost|p1a: The Indomitable|spa|1
|-boost|p1a: The Indomitable|spd|1
|
|-heal|p1a: The Indomitable|88/100 par|[from] item: Leftovers
|-damage|p2a: Goodra|2/100 brn|[from] brn
|upkeep
|turn|73
|-message|mansonabuluting forfeited.
|
|win|fafewf
|raw|fafewf's rating: 1669 &rarr; <strong>1686</strong><br />(+17 for winning)
|raw|mansonabuluting's rating: 1622 &rarr; <strong>1605</strong><br />(-17 for losing)
|l|☆mansonabuluting
|player|p2|
|l| huejack
|l| poawh
|l| Jey2
