|j|☆Yoshispasta
|j|☆jorgemmo
|t:|1757916392
|gametype|singles
|player|p1|Yoshispasta|shadowtriad|1073
|player|p2|jorgemmo|101|1125
|gen|9
|tier|[Gen 9] OU
|rated|
|rule|HP Percentage Mod: HP is shown in percentages
|rule|Endless Battle Clause: Forcing endless battles is banned
|rule|Species Clause: Limit one of each Pokémon
|rule|OHKO Clause: OHKO moves are banned
|rule|Evasion Items Clause: Evasion items are banned
|rule|Evasion Moves Clause: Evasion moves are banned
|rule|Evasion Abilities Clause: Evasion abilities are banned
|rule|Sleep Moves Clause: Sleep-inducing moves are banned
|clearpoke
|poke|p1|Blastoise, F|
|poke|p1|Zapdos|
|poke|p1|Ceruledge, M|
|poke|p1|Glimmora, F|
|poke|p1|Cinderace, M|
|poke|p1|Corviknight, M|
|poke|p2|Lokix, M|
|poke|p2|Garganacl, F|
|poke|p2|Dragapult, F|
|poke|p2|Weezing-Galar, F|
|poke|p2|Kilowattrel, F|
|poke|p2|Metagross|
|teampreview
|inactive|Battle timer is ON: inactive players will automatically lose when time's up. (requested by Yoshispasta)
|c|☆Yoshispasta|glhf
|
|t:|1757916401
|teamsize|p1|6
|teamsize|p2|6
|start
|switch|p1a: Cancer|Glimmora, F|100/100
|switch|p2a: Kilowattrel|Kilowattrel, F|100/100
|turn|1
|
|t:|1757916406
|move|p2a: Kilowattrel|Volt Switch|p1a: Cancer
|-crit|p1a: Cancer
|-damage|p1a: Cancer|18/100
|
|t:|1757916412
|switch|p2a: Metagross|Metagross|100/100|[from] Volt Switch
|move|p1a: Cancer|Power Gem|p2a: Metagross
|-resisted|p2a: Metagross
|-damage|p2a: Metagross|75/100
|
|upkeep
|turn|2
|
|t:|1757916426
|move|p2a: Metagross|Meteor Mash|p1a: Cancer|[miss]
|-miss|p2a: Metagross|p1a: Cancer
|move|p1a: Cancer|Stealth Rock|p2a: Metagross
|-sidestart|p2: jorgemmo|move: Stealth Rock
|
|upkeep
|turn|3
|
|t:|1757916433
|move|p2a: Metagross|Meteor Mash|p1a: Cancer
|-supereffective|p1a: Cancer
|-damage|p1a: Cancer|0 fnt
|-activate|p1a: Cancer|ability: Toxic Debris
|-sidestart|p2: jorgemmo|move: Toxic Spikes
|faint|p1a: Cancer
|
|upkeep
|
|t:|1757916450
|switch|p1a: Thunderbird|Zapdos|100/100
|turn|4
|
|t:|1757916456
|switch|p2a: Kilowattrel|Kilowattrel, F|100/100
|-damage|p2a: Kilowattrel|76/100|[from] Stealth Rock
|move|p1a: Thunderbird|Heat Wave|p2a: Kilowattrel
|-damage|p2a: Kilowattrel|21/100
|
|upkeep
|turn|5
|
|t:|1757916469
|move|p2a: Kilowattrel|Thunderbolt|p1a: Thunderbird
|-damage|p1a: Thunderbird|43/100
|move|p1a: Thunderbird|Volt Switch|p2a: Kilowattrel
|-heal|p2a: Kilowattrel|46/100|[from] ability: Volt Absorb|[of] p1a: Thunderbird
|
|upkeep
|turn|6
|
|t:|1757916481
|move|p2a: Kilowattrel|Thunderbolt|p1a: Thunderbird
|-damage|p1a: Thunderbird|0 fnt
|faint|p1a: Thunderbird
|
|upkeep
|
|t:|1757916487
|switch|p1a: Blue|Blastoise, F|100/100
|turn|7
|
|t:|1757916494
|-terastallize|p1a: Blue|Ground
|move|p2a: Kilowattrel|Volt Switch|p1a: Blue
|-immune|p1a: Blue
|move|p1a: Blue|Shell Smash|p1a: Blue
|-unboost|p1a: Blue|def|1
|-unboost|p1a: Blue|spd|1
|-boost|p1a: Blue|atk|2
|-boost|p1a: Blue|spa|2
|-boost|p1a: Blue|spe|2
|-enditem|p1a: Blue|White Herb
|-clearnegativeboost|p1a: Blue|[silent]
|
|upkeep
|turn|8
|
|t:|1757916513
|move|p1a: Blue|Surf|p2a: Kilowattrel
|-damage|p2a: Kilowattrel|0 fnt
|faint|p2a: Kilowattrel
|
|upkeep
|
|t:|1757916521
|switch|p2a: Weezing|Weezing-Galar, F|100/100
|-damage|p2a: Weezing|88/100|[from] Stealth Rock
|turn|9
|
|t:|1757916536
|move|p1a: Blue|Earthquake|p2a: Weezing
|-immune|p2a: Weezing|[from] ability: Levitate
|move|p2a: Weezing|Defog|p1a: Blue
|-unboost|p1a: Blue|evasion|1
|-sideend|p2: jorgemmo|Toxic Spikes|[from] move: Defog|[of] p2a: Weezing
|-sideend|p2: jorgemmo|Stealth Rock|[from] move: Defog|[of] p2a: Weezing
|
|upkeep
|turn|10
|
|t:|1757916544
|move|p1a: Blue|Surf|p2a: Weezing
|-damage|p2a: Weezing|0 fnt
|faint|p2a: Weezing
|
|upkeep
|
|t:|1757916561
|switch|p2a: Lokix|Lokix, M|100/100
|turn|11
|
|t:|1757916569
|-terastallize|p2a: Lokix|Bug
|move|p2a: Lokix|First Impression|p1a: Blue
|-damage|p1a: Blue|6/100
|move|p1a: Blue|Surf|p2a: Lokix
|-damage|p2a: Lokix|0 fnt
|faint|p2a: Lokix
|
|upkeep
|
|t:|1757916577
|switch|p2a: Metagross|Metagross|75/100
|turn|12
|
|t:|1757916581
|move|p2a: Metagross|Bullet Punch|p1a: Blue
|-crit|p1a: Blue
|-damage|p1a: Blue|0 fnt
|faint|p1a: Blue
|
|upkeep
|
|t:|1757916586
|switch|p1a: Shadowthehedgehog|Ceruledge, M|100/100
|turn|13
|
|t:|1757916591
|switch|p2a: Dragapult|Dragapult, F|100/100
|move|p1a: Shadowthehedgehog|Swords Dance|p1a: Shadowthehedgehog
|-boost|p1a: Shadowthehedgehog|atk|2
|
|upkeep
|turn|14
|
|t:|1757916597
|move|p1a: Shadowthehedgehog|Shadow Sneak|p2a: Dragapult
|-supereffective|p2a: Dragapult
|-damage|p2a: Dragapult|0 fnt
|faint|p2a: Dragapult
|
|upkeep
|
|t:|1757916602
|switch|p2a: Garganacl|Garganacl, F|100/100
|turn|15
|
|t:|1757916606
|move|p1a: Shadowthehedgehog|Close Combat|p2a: Garganacl
|-supereffective|p2a: Garganacl
|-damage|p2a: Garganacl|3/100
|-unboost|p1a: Shadowthehedgehog|def|1
|-unboost|p1a: Shadowthehedgehog|spd|1
|move|p2a: Garganacl|Salt Cure|p1a: Shadowthehedgehog
|-supereffective|p1a: Shadowthehedgehog
|-damage|p1a: Shadowthehedgehog|46/100
|-start|p1a: Shadowthehedgehog|Salt Cure
|-ability|p1a: Shadowthehedgehog|Weak Armor|boost
|-unboost|p1a: Shadowthehedgehog|def|1
|-boost|p1a: Shadowthehedgehog|spe|2
|
|-heal|p2a: Garganacl|10/100|[from] item: Leftovers
|-damage|p1a: Shadowthehedgehog|34/100|[from] Salt Cure
|upkeep
|turn|16
|
|t:|1757916623
|move|p1a: Shadowthehedgehog|Bitter Blade|p2a: Garganacl
|-resisted|p2a: Garganacl
|-damage|p2a: Garganacl|0 fnt
|-heal|p1a: Shadowthehedgehog|40/100|[from] drain|[of] p2a: Garganacl
|faint|p2a: Garganacl
|
|-damage|p1a: Shadowthehedgehog|28/100|[from] Salt Cure
|upkeep
|
|t:|1757916627
|switch|p2a: Metagross|Metagross|75/100
|turn|17
|
|t:|1757916635
|move|p1a: Shadowthehedgehog|Bitter Blade|p2a: Metagross
|-supereffective|p2a: Metagross
|-damage|p2a: Metagross|0 fnt
|-heal|p1a: Shadowthehedgehog|67/100|[from] drain|[of] p2a: Metagross
|faint|p2a: Metagross
|
|win|Yoshispasta
|raw|Yoshispasta's rating: 1073 &rarr; <strong>1106</strong><br />(+33 for winning)
|raw|jorgemmo's rating: 1125 &rarr; <strong>1096</strong><br />(-29 for losing)
|l|☆jorgemmo
|player|p2|
|c|☆Yoshispasta|gg
|l|☆Yoshispasta
|player|p1|
