|j|☆pikalyte3
|j|☆moodrandom
|t:|1757786218
|gametype|singles
|player|p1|pikalyte3|dancer|1576
|player|p2|moodrandom|pokemonbreeder-gen4|1560
|gen|9
|tier|[Gen 9] OU
|rated|
|rule|HP Percentage Mod: HP is shown in percentages
|rule|Endless Battle Clause: Forcing endless battles is banned
|rule|Species Clause: Limit one of each Pokémon
|rule|OHKO Clause: OHKO moves are banned
|rule|Evasion Items Clause: Evasion items are banned
|rule|Evasion Moves Clause: Evasion moves are banned
|rule|Evasion Abilities Clause: Evasion abilities are banned
|rule|Sleep Moves Clause: Sleep-inducing moves are banned
|clearpoke
|poke|p1|Landorus-Therian, M|
|poke|p1|Zamazenta-*|
|poke|p1|Raging Bolt|
|poke|p1|Darkrai|
|poke|p1|Gholdengo|
|poke|p1|Ogerpon-Wellspring, F|
|poke|p2|Incineroar, M|
|poke|p2|Maushold|
|poke|p2|Landorus-Therian, M|
|poke|p2|Slowking-Galar, M|
|poke|p2|Rillaboom, F|
|poke|p2|Kommo-o, F|
|teampreview
|inactive|Battle timer is ON: inactive players will automatically lose when time's up. (requested by pikalyte3)
|
|t:|1757786239
|teamsize|p1|6
|teamsize|p2|6
|start
|switch|p1a: Land Rover|Landorus-Therian, M|100/100
|switch|p2a: Landorus|Landorus-Therian, M|100/100
|-ability|p2a: Landorus|Intimidate|boost
|-unboost|p1a: Land Rover|atk|1
|-ability|p1a: Land Rover|Intimidate|boost
|-unboost|p2a: Landorus|atk|1
|turn|1
|
|t:|1757786246
|move|p2a: Landorus|U-turn|p1a: Land Rover
|-resisted|p1a: Land Rover
|-damage|p1a: Land Rover|91/100
|-damage|p2a: Landorus|84/100|[from] item: Rocky Helmet|[of] p1a: Land Rover
|
|t:|1757786252
|switch|p2a: Kommo-o|Kommo-o, F|100/100|[from] U-turn
|move|p1a: Land Rover|Taunt|p2a: Kommo-o
|-start|p2a: Kommo-o|move: Taunt
|
|upkeep
|turn|2
|
|t:|1757786265
|move|p1a: Land Rover|U-turn|p2a: Kommo-o
|-resisted|p2a: Kommo-o
|-damage|p2a: Kommo-o|94/100
|
|t:|1757786269
|switch|p1a: Gholdilocks|Gholdengo|100/100|[from] U-turn
|move|p2a: Kommo-o|Flamethrower|p1a: Gholdilocks
|-supereffective|p1a: Gholdilocks
|-damage|p1a: Gholdilocks|38/100
|
|upkeep
|turn|3
|
|t:|1757786275
|move|p1a: Gholdilocks|Dazzling Gleam|p2a: Kommo-o
|-supereffective|p2a: Kommo-o
|-damage|p2a: Kommo-o|0 fnt
|faint|p2a: Kommo-o
|
|upkeep
|
|t:|1757786281
|switch|p2a: Landorus|Landorus-Therian, M|84/100
|-ability|p2a: Landorus|Intimidate|boost
|-unboost|p1a: Gholdilocks|atk|1
|turn|4
|
|t:|1757786283
|switch|p1a: Land Rover|Landorus-Therian, M|91/100
|-ability|p1a: Land Rover|Intimidate|boost
|-unboost|p2a: Landorus|atk|1
|move|p2a: Landorus|U-turn|p1a: Land Rover
|-resisted|p1a: Land Rover
|-damage|p1a: Land Rover|81/100
|-damage|p2a: Landorus|67/100|[from] item: Rocky Helmet|[of] p1a: Land Rover
|
|t:|1757786286
|switch|p2a: Rillaboom|Rillaboom, F|100/100|[from] U-turn
|-fieldstart|move: Grassy Terrain|[from] ability: Grassy Surge|[of] p2a: Rillaboom
|
|upkeep
|turn|5
|
|t:|1757786295
|move|p2a: Rillaboom|Grassy Glide|p1a: Land Rover
|-damage|p1a: Land Rover|22/100
|-damage|p2a: Rillaboom|84/100|[from] item: Rocky Helmet|[of] p1a: Land Rover
|move|p1a: Land Rover|U-turn|p2a: Rillaboom
|-supereffective|p2a: Rillaboom
|-damage|p2a: Rillaboom|47/100
|
|t:|1757786303
|switch|p1a: Long Neck|Raging Bolt|100/100|[from] U-turn
|-enditem|p1a: Long Neck|Booster Energy
|-activate|p1a: Long Neck|ability: Protosynthesis|[fromitem]
|-start|p1a: Long Neck|protosynthesisspa
|
|-heal|p2a: Rillaboom|53/100|[from] Grassy Terrain
|upkeep
|turn|6
|
|t:|1757786307
|switch|p2a: Slowking|Slowking-Galar, M|100/100
|move|p1a: Long Neck|Calm Mind|p1a: Long Neck
|-boost|p1a: Long Neck|spa|1
|-boost|p1a: Long Neck|spd|1
|
|upkeep
|turn|7
|
|t:|1757786313
|move|p1a: Long Neck|Dragon Pulse|p2a: Slowking
|-damage|p2a: Slowking|55/100
|move|p2a: Slowking|Psyshock|p1a: Long Neck
|-damage|p1a: Long Neck|66/100
|
|-heal|p1a: Long Neck|72/100|[from] Grassy Terrain
|-heal|p2a: Slowking|62/100|[from] Grassy Terrain
|upkeep
|turn|8
|
|t:|1757786318
|move|p1a: Long Neck|Thunderbolt|p2a: Slowking
|-damage|p2a: Slowking|13/100
|move|p2a: Slowking|Psyshock|p1a: Long Neck
|-damage|p1a: Long Neck|37/100
|
|-heal|p1a: Long Neck|44/100|[from] Grassy Terrain
|-heal|p2a: Slowking|19/100|[from] Grassy Terrain
|-fieldend|move: Grassy Terrain
|upkeep
|turn|9
|
|t:|1757786325
|move|p1a: Long Neck|Dragon Pulse|p2a: Slowking
|-damage|p2a: Slowking|0 fnt
|faint|p2a: Slowking
|
|upkeep
|
|t:|1757786327
|switch|p2a: Landorus|Landorus-Therian, M|67/100
|-ability|p2a: Landorus|Intimidate|boost
|-unboost|p1a: Long Neck|atk|1
|turn|10
|
|t:|1757786331
|-end|p1a: Long Neck|Protosynthesis|[silent]
|switch|p1a: Land Rover|Landorus-Therian, M|22/100
|-ability|p1a: Land Rover|Intimidate|boost
|-unboost|p2a: Landorus|atk|1
|move|p2a: Landorus|Earthquake|p1a: Land Rover
|-immune|p1a: Land Rover
|
|upkeep
|turn|11
|
|t:|1757786336
|switch|p2a: Incineroar|Incineroar, M|100/100
|-ability|p2a: Incineroar|Intimidate|boost
|-unboost|p1a: Land Rover|atk|1
|move|p1a: Land Rover|U-turn|p2a: Incineroar
|-damage|p2a: Incineroar|87/100
|inactive|pikalyte3 has 120 seconds left.
|
|t:|1757786379
|switch|p1a: Spring Water|Ogerpon-Wellspring, F|100/100|[from] U-turn
|
|upkeep
|turn|12
|
|t:|1757786388
|move|p1a: Spring Water|U-turn|p2a: Incineroar
|-damage|p2a: Incineroar|60/100
|
|t:|1757786394
|switch|p1a: Gholdilocks|Gholdengo|38/100|[from] U-turn
|move|p2a: Incineroar|Will-O-Wisp|p1a: Gholdilocks
|-immune|p1a: Gholdilocks|[from] ability: Good as Gold
|
|upkeep
|turn|13
|inactive|pikalyte3 has 120 seconds left.
|
|t:|1757786400
|switch|p1a: Land Rover|Landorus-Therian, M|22/100
|-ability|p1a: Land Rover|Intimidate|boost
|-unboost|p2a: Incineroar|atk|1
|move|p2a: Incineroar|Knock Off|p1a: Land Rover
|-damage|p1a: Land Rover|0 fnt
|-damage|p2a: Incineroar|43/100|[from] item: Rocky Helmet|[of] p1a: Land Rover
|-enditem|p1a: Land Rover|Rocky Helmet|[from] move: Knock Off|[of] p2a: Incineroar
|faint|p1a: Land Rover
|
|upkeep
|
|t:|1757786403
|switch|p1a: Spring Water|Ogerpon-Wellspring, F|100/100
|turn|14
|
|t:|1757786406
|move|p1a: Spring Water|Ivy Cudgel|p2a: Incineroar|[anim] Ivy Cudgel Water
|-supereffective|p2a: Incineroar
|-damage|p2a: Incineroar|0 fnt
|faint|p2a: Incineroar
|
|upkeep
|
|t:|1757786409
|switch|p2a: Landorus|Landorus-Therian, M|67/100
|-ability|p2a: Landorus|Intimidate|boost
|-unboost|p1a: Spring Water|atk|1
|turn|15
|
|t:|1757786413
|move|p2a: Landorus|U-turn|p1a: Spring Water
|-supereffective|p1a: Spring Water
|-damage|p1a: Spring Water|29/100
|
|t:|1757786416
|switch|p2a: Rillaboom|Rillaboom, F|53/100|[from] U-turn
|-fieldstart|move: Grassy Terrain|[from] ability: Grassy Surge|[of] p2a: Rillaboom
|move|p1a: Spring Water|U-turn|p2a: Rillaboom
|-supereffective|p2a: Rillaboom
|-damage|p2a: Rillaboom|16/100
|
|t:|1757786423
|switch|p1a: Gholdilocks|Gholdengo|38/100|[from] U-turn
|
|-heal|p1a: Gholdilocks|44/100|[from] Grassy Terrain
|-heal|p2a: Rillaboom|22/100|[from] Grassy Terrain
|upkeep
|turn|16
|
|t:|1757786431
|move|p2a: Rillaboom|Grassy Glide|p1a: Gholdilocks
|-resisted|p1a: Gholdilocks
|-damage|p1a: Gholdilocks|11/100
|move|p1a: Gholdilocks|Dazzling Gleam|p2a: Rillaboom
|-damage|p2a: Rillaboom|0 fnt
|faint|p2a: Rillaboom
|
|-heal|p1a: Gholdilocks|17/100|[from] Grassy Terrain
|upkeep
|
|t:|1757786436
|switch|p2a: Maushold|Maushold|100/100
|turn|17
|
|t:|1757786441
|move|p1a: Gholdilocks|Dazzling Gleam|p2a: Maushold
|-damage|p2a: Maushold|59/100
|move|p2a: Maushold|Tidy Up|p2a: Maushold
|-boost|p2a: Maushold|atk|1
|-boost|p2a: Maushold|spe|1
|
|-heal|p2a: Maushold|65/100|[from] Grassy Terrain
|-heal|p1a: Gholdilocks|23/100|[from] Grassy Terrain
|upkeep
|turn|18
|
|t:|1757786447
|move|p2a: Maushold|Bite|p1a: Gholdilocks
|-supereffective|p1a: Gholdilocks
|-damage|p1a: Gholdilocks|0 fnt
|faint|p1a: Gholdilocks
|
|-heal|p2a: Maushold|71/100|[from] Grassy Terrain
|upkeep
|
|t:|1757786452
|switch|p1a: Top Dog|Zamazenta|100/100
|-ability|p1a: Top Dog|Dauntless Shield|boost
|-boost|p1a: Top Dog|def|1
|turn|19
|
|t:|1757786457
|-terastallize|p2a: Maushold|Ghost
|-terastallize|p1a: Top Dog|Steel
|move|p2a: Maushold|Tidy Up|p2a: Maushold
|-boost|p2a: Maushold|atk|1
|-boost|p2a: Maushold|spe|1
|move|p1a: Top Dog|Close Combat|p2a: Maushold
|-immune|p2a: Maushold
|
|-heal|p2a: Maushold|77/100|[from] Grassy Terrain
|-fieldend|move: Grassy Terrain
|upkeep
|turn|20
|
|t:|1757786464
|move|p2a: Maushold|Encore|p1a: Top Dog
|-start|p1a: Top Dog|Encore
|move|p1a: Top Dog|Close Combat|p2a: Maushold
|-immune|p2a: Maushold
|
|upkeep
|turn|21
|-message|pikalyte3 forfeited.
|
|win|moodrandom
|raw|pikalyte3's rating: 1576 &rarr; <strong>1555</strong><br />(-21 for losing)
|raw|moodrandom's rating: 1560 &rarr; <strong>1581</strong><br />(+21 for winning)
|l|☆pikalyte3
|player|p1|
|l|☆moodrandom
|player|p2|
