|j|☆LovingsBoringPupil
|j|☆holiholiholi
|t:|1757956188
|gametype|singles
|player|p1|LovingsBoringPupil|170|1038
|player|p2|holiholiholi|winona|1075
|gen|9
|tier|[Gen 9] OU
|rated|
|rule|HP Percentage Mod: HP is shown in percentages
|rule|Endless Battle Clause: Forcing endless battles is banned
|rule|Species Clause: Limit one of each Pokémon
|rule|OHKO Clause: OHKO moves are banned
|rule|Evasion Items Clause: Evasion items are banned
|rule|Evasion Moves Clause: Evasion moves are banned
|rule|Evasion Abilities Clause: Evasion abilities are banned
|rule|Sleep Moves Clause: Sleep-inducing moves are banned
|clearpoke
|poke|p1|Dondozo, F|
|poke|p1|Blissey, F|
|poke|p1|Corviknight, M|
|poke|p1|Weezing-Galar, F|
|poke|p1|Gliscor, F|
|poke|p1|Toxapex, M|
|poke|p2|Milotic, F|
|poke|p2|Ampharos, F|
|poke|p2|Dragonite, F|
|poke|p2|Cobalion|
|poke|p2|Ceruledge, F|
|poke|p2|Hatterene, F|
|teampreview
|inactive|Battle timer is ON: inactive players will automatically lose when time's up. (requested by LovingsBoringPupil)
|
|t:|1757956200
|teamsize|p1|6
|teamsize|p2|6
|start
|switch|p1a: Dondozo|Dondozo, F|100/100
|switch|p2a: Milotic|Milotic, F|100/100
|turn|1
|
|t:|1757956217
|switch|p2a: Ampharos|Ampharos, F|100/100
|move|p1a: Dondozo|Body Press|p2a: Ampharos
|-damage|p2a: Ampharos|72/100
|
|upkeep
|turn|2
|
|t:|1757956230
|switch|p1a: Gliscor|Gliscor, F|100/100
|move|p2a: Ampharos|Thunder|p1a: Gliscor
|-immune|p1a: Gliscor
|
|-status|p1a: Gliscor|tox|[from] item: Toxic Orb
|upkeep
|turn|3
|
|t:|1757956239
|-terastallize|p2a: Ampharos|Flying
|move|p1a: Gliscor|Knock Off|p2a: Ampharos
|-damage|p2a: Ampharos|48/100
|-enditem|p2a: Ampharos|Magnet|[from] move: Knock Off|[of] p1a: Gliscor
|move|p2a: Ampharos|Meteor Beam||[still]
|-prepare|p2a: Ampharos|Meteor Beam
|-boost|p2a: Ampharos|spa|1
|
|upkeep
|turn|4
|inactive|LovingsBoringPupil has 120 seconds left.
|inactive|LovingsBoringPupil has 90 seconds left.
|
|t:|1757956312
|switch|p1a: Toxapex|Toxapex, M|100/100
|move|p2a: Ampharos|Meteor Beam|p1a: Toxapex|[from] lockedmove
|-damage|p1a: Toxapex|59/100
|
|-heal|p1a: Toxapex|65/100|[from] item: Leftovers
|upkeep
|turn|5
|
|t:|1757956323
|-terastallize|p1a: Toxapex|Steel
|move|p2a: Ampharos|Thunder|p1a: Toxapex
|-damage|p1a: Toxapex|10/100
|move|p1a: Toxapex|Haze|p1a: Toxapex
|-clearallboost
|
|-heal|p1a: Toxapex|16/100|[from] item: Leftovers
|upkeep
|turn|6
|
|t:|1757956346
|switch|p1a: Blissey|Blissey, F|100/100
|move|p2a: Ampharos|Focus Blast|p1a: Blissey
|-supereffective|p1a: Blissey
|-damage|p1a: Blissey|76/100
|
|-heal|p1a: Blissey|82/100|[from] item: Leftovers
|upkeep
|turn|7
|
|t:|1757956355
|move|p2a: Ampharos|Thunder|p1a: Blissey|[miss]
|-miss|p2a: Ampharos|p1a: Blissey
|move|p1a: Blissey|Stealth Rock|p2a: Ampharos
|-sidestart|p2: holiholiholi|move: Stealth Rock
|
|-heal|p1a: Blissey|88/100|[from] item: Leftovers
|upkeep
|turn|8
|
|t:|1757956364
|move|p1a: Blissey|Seismic Toss|p2a: Ampharos
|-damage|p2a: Ampharos|22/100
|-status|p1a: Blissey|par|[from] ability: Static|[of] p2a: Ampharos
|move|p2a: Ampharos|Thunder|p1a: Blissey
|-damage|p1a: Blissey|71/100 par
|
|-heal|p1a: Blissey|78/100 par|[from] item: Leftovers
|upkeep
|turn|9
|
|t:|1757956374
|move|p2a: Ampharos|Charge|p2a: Ampharos
|-boost|p2a: Ampharos|spd|1
|-start|p2a: Ampharos|Charge
|move|p1a: Blissey|Seismic Toss|p2a: Ampharos
|-damage|p2a: Ampharos|0 fnt
|faint|p2a: Ampharos
|
|-heal|p1a: Blissey|84/100 par|[from] item: Leftovers
|upkeep
|
|t:|1757956379
|switch|p2a: Cobalion|Cobalion|100/100
|-damage|p2a: Cobalion|97/100|[from] Stealth Rock
|turn|10
|inactive|LovingsBoringPupil has 90 seconds left.
|inactive|LovingsBoringPupil has 60 seconds left.
|
|t:|1757956416
|-curestatus|p1a: Blissey|par|[from] ability: Natural Cure
|switch|p1a: Corviknight|Corviknight, M|100/100
|-ability|p1a: Corviknight|Pressure
|move|p2a: Cobalion|Sacred Sword|p1a: Corviknight
|-damage|p1a: Corviknight|80/100
|
|-heal|p1a: Corviknight|86/100|[from] item: Leftovers
|upkeep
|turn|11
|inactive|LovingsBoringPupil has 60 seconds left.
|
|t:|1757956429
|switch|p2a: Ceruledge|Ceruledge, F, shiny|100/100
|-damage|p2a: Ceruledge|76/100|[from] Stealth Rock
|move|p1a: Corviknight|Iron Defense|p1a: Corviknight
|-boost|p1a: Corviknight|def|2
|
|-heal|p1a: Corviknight|93/100|[from] item: Leftovers
|upkeep
|turn|12
|
|t:|1757956438
|move|p2a: Ceruledge|Bitter Blade|p1a: Corviknight
|-supereffective|p1a: Corviknight
|-damage|p1a: Corviknight|57/100
|-heal|p2a: Ceruledge|100/100|[from] drain|[of] p1a: Corviknight
|move|p1a: Corviknight|Iron Defense|p1a: Corviknight
|-boost|p1a: Corviknight|def|2
|
|-heal|p1a: Corviknight|63/100|[from] item: Leftovers
|upkeep
|turn|13
|
|t:|1757956448
|move|p2a: Ceruledge|Bitter Blade|p1a: Corviknight
|-supereffective|p1a: Corviknight
|-damage|p1a: Corviknight|41/100
|move|p1a: Corviknight|Defog|p2a: Ceruledge
|-unboost|p2a: Ceruledge|evasion|1
|-sideend|p2: holiholiholi|Stealth Rock|[from] move: Defog|[of] p1a: Corviknight
|
|-heal|p1a: Corviknight|48/100|[from] item: Leftovers
|upkeep
|turn|14
|
|t:|1757956458
|move|p2a: Ceruledge|Bitter Blade|p1a: Corviknight
|-supereffective|p1a: Corviknight
|-damage|p1a: Corviknight|26/100
|move|p1a: Corviknight|Roost|p1a: Corviknight
|-heal|p1a: Corviknight|76/100
|-singleturn|p1a: Corviknight|move: Roost
|
|-heal|p1a: Corviknight|82/100|[from] item: Leftovers
|upkeep
|turn|15
|
|t:|1757956468
|move|p2a: Ceruledge|Bitter Blade|p1a: Corviknight
|-supereffective|p1a: Corviknight
|-damage|p1a: Corviknight|60/100
|move|p1a: Corviknight|Iron Defense|p1a: Corviknight
|-boost|p1a: Corviknight|def|2
|
|-heal|p1a: Corviknight|66/100|[from] item: Leftovers
|upkeep
|turn|16
|
|t:|1757956479
|move|p2a: Ceruledge|Bitter Blade|p1a: Corviknight
|-supereffective|p1a: Corviknight
|-damage|p1a: Corviknight|50/100
|move|p1a: Corviknight|Defog|p2a: Ceruledge
|-unboost|p2a: Ceruledge|evasion|1
|
|-heal|p1a: Corviknight|56/100|[from] item: Leftovers
|upkeep
|turn|17
|inactive|LovingsBoringPupil has 60 seconds left.
|
|t:|1757956508
|move|p2a: Ceruledge|Bitter Blade|p1a: Corviknight
|-supereffective|p1a: Corviknight
|-damage|p1a: Corviknight|39/100
|move|p1a: Corviknight|Roost|p1a: Corviknight
|-heal|p1a: Corviknight|89/100
|-singleturn|p1a: Corviknight|move: Roost
|
|-heal|p1a: Corviknight|96/100|[from] item: Leftovers
|upkeep
|turn|18
|inactive|LovingsBoringPupil has 60 seconds left.
|
|t:|1757956520
|move|p2a: Ceruledge|Bitter Blade|p1a: Corviknight
|-supereffective|p1a: Corviknight
|-damage|p1a: Corviknight|78/100
|move|p1a: Corviknight|Iron Defense|p1a: Corviknight
|-boost|p1a: Corviknight|def|0
|
|-heal|p1a: Corviknight|84/100|[from] item: Leftovers
|upkeep
|turn|19
|inactive|LovingsBoringPupil has 60 seconds left.
|
|t:|1757956529
|move|p2a: Ceruledge|Bitter Blade|p1a: Corviknight
|-supereffective|p1a: Corviknight
|-damage|p1a: Corviknight|66/100
|move|p1a: Corviknight|Defog|p2a: Ceruledge
|-unboost|p2a: Ceruledge|evasion|1
|
|-heal|p1a: Corviknight|72/100|[from] item: Leftovers
|upkeep
|turn|20
|inactive|LovingsBoringPupil has 60 seconds left.
|
|t:|1757956541
|switch|p2a: Milotic|Milotic, F|100/100
|move|p1a: Corviknight|Defog|p2a: Milotic
|-unboost|p2a: Milotic|evasion|1
|-ability|p2a: Milotic|Competitive|boost
|-boost|p2a: Milotic|spa|2
|
|-heal|p1a: Corviknight|78/100|[from] item: Leftovers
|upkeep
|turn|21
|
|t:|1757956551
|move|p2a: Milotic|Hydro Pump|p1a: Corviknight
|-damage|p1a: Corviknight|0 fnt
|faint|p1a: Corviknight
|
|upkeep
|
|t:|1757956559
|switch|p1a: Toxapex|Toxapex, M, tera:Steel|49/100
|turn|22
|
|t:|1757956569
|switch|p1a: Dondozo|Dondozo, F|100/100
|move|p2a: Milotic|Hydro Pump|p1a: Dondozo
|-resisted|p1a: Dondozo
|-damage|p1a: Dondozo|73/100
|
|-heal|p1a: Dondozo|79/100|[from] item: Leftovers
|upkeep
|turn|23
|
|t:|1757956579
|switch|p1a: Toxapex|Toxapex, M, tera:Steel|82/100
|move|p2a: Milotic|Dragon Pulse|p1a: Toxapex
|-resisted|p1a: Toxapex
|-damage|p1a: Toxapex|65/100
|
|-heal|p1a: Toxapex|71/100|[from] item: Leftovers
|upkeep
|turn|24
|
|t:|1757956589
|move|p2a: Milotic|Dragon Pulse|p1a: Toxapex
|-resisted|p1a: Toxapex
|-damage|p1a: Toxapex|55/100
|move|p1a: Toxapex|Recover|p1a: Toxapex
|-heal|p1a: Toxapex|100/100
|
|upkeep
|turn|25
|
|t:|1757956596
|move|p2a: Milotic|Hydro Pump|p1a: Toxapex
|-damage|p1a: Toxapex|23/100
|move|p1a: Toxapex|Haze|p1a: Toxapex
|-clearallboost
|
|-heal|p1a: Toxapex|29/100|[from] item: Leftovers
|upkeep
|turn|26
|
|t:|1757956614
|switch|p1a: Blissey|Blissey, F|84/100
|move|p2a: Milotic|Hydro Pump|p1a: Blissey
|-damage|p1a: Blissey|63/100
|
|-heal|p1a: Blissey|69/100|[from] item: Leftovers
|upkeep
|turn|27
|
|t:|1757956623
|move|p2a: Milotic|Hydro Pump|p1a: Blissey|[miss]
|-miss|p2a: Milotic|p1a: Blissey
|move|p1a: Blissey|Seismic Toss|p2a: Milotic
|-damage|p2a: Milotic|74/100
|
|-heal|p1a: Blissey|76/100|[from] item: Leftovers
|upkeep
|turn|28
|
|t:|1757956632
|move|p2a: Milotic|Hydro Pump|p1a: Blissey
|-damage|p1a: Blissey|56/100
|move|p1a: Blissey|Seismic Toss|p2a: Milotic
|-damage|p2a: Milotic|48/100
|
|-heal|p1a: Blissey|63/100|[from] item: Leftovers
|upkeep
|turn|29
|inactive|LovingsBoringPupil has 90 seconds left.
|
|t:|1757956641
|switch|p2a: Cobalion|Cobalion|97/100
|move|p1a: Blissey|Soft-Boiled|p1a: Blissey
|-heal|p1a: Blissey|100/100
|
|upkeep
|turn|30
|
|t:|1757956649
|switch|p1a: Dondozo|Dondozo, F|79/100
|move|p2a: Cobalion|Sacred Sword|p1a: Dondozo
|-damage|p1a: Dondozo|62/100
|
|-heal|p1a: Dondozo|68/100|[from] item: Leftovers
|upkeep
|turn|31
|
|t:|1757956663
|switch|p2a: Hatterene|Hatterene, F|100/100
|move|p1a: Dondozo|Body Press|p2a: Hatterene
|-resisted|p2a: Hatterene
|-damage|p2a: Hatterene|93/100
|
|-heal|p1a: Dondozo|74/100|[from] item: Leftovers
|upkeep
|turn|32
|
|t:|1757956674
|switch|p1a: Blissey|Blissey, F|100/100
|move|p2a: Hatterene|Dazzling Gleam|p1a: Blissey
|-damage|p1a: Blissey|84/100
|
|-heal|p1a: Blissey|90/100|[from] item: Leftovers
|upkeep
|turn|33
|
|t:|1757956687
|switch|p1a: Toxapex|Toxapex, M, tera:Steel|62/100
|move|p2a: Hatterene|Calm Mind|p2a: Hatterene
|-boost|p2a: Hatterene|spa|1
|-boost|p2a: Hatterene|spd|1
|
|-heal|p1a: Toxapex|68/100|[from] item: Leftovers
|upkeep
|turn|34
|
|t:|1757956700
|move|p1a: Toxapex|Haze|p1a: Toxapex
|-clearallboost
|move|p2a: Hatterene|Psychic|p1a: Toxapex
|-resisted|p1a: Toxapex
|-crit|p1a: Toxapex
|-damage|p1a: Toxapex|45/100
|
|-heal|p1a: Toxapex|51/100|[from] item: Leftovers
|upkeep
|turn|35
|
|t:|1757956713
|switch|p2a: Dragonite|Dragonite, F|100/100
|move|p1a: Toxapex|Recover|p1a: Toxapex
|-heal|p1a: Toxapex|100/100
|
|upkeep
|turn|36
|
|t:|1757956722
|switch|p1a: Gliscor|Gliscor, F|100/100 tox
|move|p2a: Dragonite|Earthquake|p1a: Gliscor
|-immune|p1a: Gliscor
|
|upkeep
|turn|37
|
|t:|1757956731
|move|p1a: Gliscor|Knock Off|p2a: Dragonite
|-damage|p2a: Dragonite|91/100
|-enditem|p2a: Dragonite|Dragon Fang|[from] move: Knock Off|[of] p1a: Gliscor
|move|p2a: Dragonite|Outrage|p1a: Gliscor
|-damage|p1a: Gliscor|51/100 tox
|
|-heal|p1a: Gliscor|63/100 tox|[from] ability: Poison Heal
|upkeep
|turn|38
|
|t:|1757956742
|move|p1a: Gliscor|Protect|p1a: Gliscor
|-singleturn|p1a: Gliscor|Protect
|move|p2a: Dragonite|Outrage|p1a: Gliscor|[from] lockedmove
|-activate|p1a: Gliscor|move: Protect
|
|-heal|p1a: Gliscor|76/100 tox|[from] ability: Poison Heal
|upkeep
|turn|39
|
|t:|1757956756
|switch|p1a: Weezing|Weezing-Galar, F|100/100
|-ability|p1a: Weezing|Neutralizing Gas
|move|p2a: Dragonite|Outrage|p1a: Weezing
|-immune|p1a: Weezing
|
|upkeep
|turn|40
|
|t:|1757956772
|switch|p2a: Hatterene|Hatterene, F|93/100
|move|p1a: Weezing|Will-O-Wisp|p2a: Hatterene
|-status|p2a: Hatterene|brn
|
|-damage|p2a: Hatterene|87/100 brn|[from] brn
|upkeep
|turn|41
|
|t:|1757956783
|move|p1a: Weezing|Strange Steam|p2a: Hatterene
|-damage|p2a: Hatterene|60/100 brn
|move|p2a: Hatterene|Psychic|p1a: Weezing
|-supereffective|p1a: Weezing
|-damage|p1a: Weezing|0 fnt
|faint|p1a: Weezing
|-end|p1a: Weezing|ability: Neutralizing Gas
|
|-damage|p2a: Hatterene|54/100 brn|[from] brn
|upkeep
|
|t:|1757956794
|switch|p1a: Toxapex|Toxapex, M, tera:Steel|100/100
|turn|42
|
|t:|1757956802
|move|p1a: Toxapex|Toxic|p2a: Hatterene
|move|p2a: Hatterene|Toxic|p1a: Toxapex|[from] ability: Magic Bounce
|-immune|p1a: Toxapex
|move|p2a: Hatterene|Psychic|p1a: Toxapex
|-resisted|p1a: Toxapex
|-damage|p1a: Toxapex|82/100
|
|-heal|p1a: Toxapex|88/100|[from] item: Leftovers
|-damage|p2a: Hatterene|48/100 brn|[from] brn
|upkeep
|turn|43
|
|t:|1757956815
|switch|p1a: Blissey|Blissey, F|90/100
|switch|p2a: Cobalion|Cobalion|97/100
|
|-heal|p1a: Blissey|96/100|[from] item: Leftovers
|upkeep
|turn|44
|
|t:|1757956826
|switch|p1a: Gliscor|Gliscor, F|76/100 tox
|move|p2a: Cobalion|Sacred Sword|p1a: Gliscor
|-resisted|p1a: Gliscor
|-damage|p1a: Gliscor|63/100 tox
|
|-heal|p1a: Gliscor|75/100 tox|[from] ability: Poison Heal
|upkeep
|turn|45
|
|t:|1757956836
|switch|p2a: Dragonite|Dragonite, F|91/100
|move|p1a: Gliscor|Spikes|p2a: Dragonite
|-sidestart|p2: holiholiholi|Spikes
|
|-heal|p1a: Gliscor|88/100 tox|[from] ability: Poison Heal
|upkeep
|turn|46
|inactive|LovingsBoringPupil has 120 seconds left.
|
|t:|1757956849
|move|p1a: Gliscor|Spikes|p2a: Dragonite
|-sidestart|p2: holiholiholi|Spikes
|move|p2a: Dragonite|Outrage|p1a: Gliscor
|-crit|p1a: Gliscor
|-damage|p1a: Gliscor|15/100 tox
|
|-heal|p1a: Gliscor|27/100 tox|[from] ability: Poison Heal
|upkeep
|turn|47
|inactive|LovingsBoringPupil has 120 seconds left.
|
|t:|1757956859
|move|p1a: Gliscor|Protect|p1a: Gliscor
|-singleturn|p1a: Gliscor|Protect
|move|p2a: Dragonite|Outrage|p1a: Gliscor|[from] lockedmove
|-activate|p1a: Gliscor|move: Protect
|
|-heal|p1a: Gliscor|40/100 tox|[from] ability: Poison Heal
|upkeep
|turn|48
|inactive|LovingsBoringPupil has 120 seconds left.
|
|t:|1757956870
|switch|p1a: Dondozo|Dondozo, F|74/100
|move|p2a: Dragonite|Outrage|p1a: Dondozo
|-damage|p1a: Dondozo|46/100
|
|-heal|p1a: Dondozo|52/100|[from] item: Leftovers
|upkeep
|turn|49
|inactive|LovingsBoringPupil has 120 seconds left.
|
|t:|1757956881
|move|p2a: Dragonite|Outrage|p1a: Dondozo|[from] lockedmove
|-crit|p1a: Dondozo
|-damage|p1a: Dondozo|10/100
|-start|p2a: Dragonite|confusion|[fatigue]
|move|p1a: Dondozo|Rest|p1a: Dondozo
|-status|p1a: Dondozo|slp|[from] move: Rest
|-heal|p1a: Dondozo|100/100 slp|[silent]
|
|upkeep
|turn|50
|inactive|LovingsBoringPupil has 120 seconds left.
|
|t:|1757956903
|switch|p2a: Ceruledge|Ceruledge, F, shiny|100/100
|-damage|p2a: Ceruledge|84/100|[from] Spikes
|cant|p1a: Dondozo|slp
|move|p1a: Dondozo|Sleep Talk|p1a: Dondozo
|move|p1a: Dondozo|Rest||[from] move: Sleep Talk|[still]
|-fail|p1a: Dondozo
|
|upkeep
|turn|51
|inactive|LovingsBoringPupil has 120 seconds left.
|
|t:|1757956916
|move|p2a: Ceruledge|Solar Blade||[still]
|-prepare|p2a: Ceruledge|Solar Blade
|cant|p1a: Dondozo|slp
|move|p1a: Dondozo|Sleep Talk|p1a: Dondozo
|move|p1a: Dondozo|Body Press|p2a: Ceruledge|[from] move: Sleep Talk
|-immune|p2a: Ceruledge
|
|upkeep
|turn|52
|inactive|LovingsBoringPupil has 120 seconds left.
|
|t:|1757956934
|switch|p1a: Toxapex|Toxapex, M, tera:Steel|100/100
|move|p2a: Ceruledge|Solar Blade|p1a: Toxapex|[from] lockedmove
|-resisted|p1a: Toxapex
|-damage|p1a: Toxapex|85/100
|
|-heal|p1a: Toxapex|92/100|[from] item: Leftovers
|upkeep
|turn|53
|
|t:|1757956947
|move|p2a: Ceruledge|Flare Blitz|p1a: Toxapex
|-supereffective|p1a: Toxapex
|-damage|p1a: Toxapex|0 fnt
|faint|p1a: Toxapex
|-damage|p2a: Ceruledge|53/100|[from] Recoil
|
|upkeep
|
|t:|1757956955
|switch|p1a: Dondozo|Dondozo, F|100/100 slp
|turn|54
|
|t:|1757956959
|move|p2a: Ceruledge|Solar Blade||[still]
|-prepare|p2a: Ceruledge|Solar Blade
|-curestatus|p1a: Dondozo|slp|[msg]
|move|p1a: Dondozo|Avalanche|p2a: Ceruledge
|-resisted|p2a: Ceruledge
|-damage|p2a: Ceruledge|44/100
|
|upkeep
|turn|55
|
|t:|1757956967
|move|p2a: Ceruledge|Solar Blade|p1a: Dondozo|[from] lockedmove
|-supereffective|p1a: Dondozo
|-damage|p1a: Dondozo|60/100
|move|p1a: Dondozo|Avalanche|p2a: Ceruledge
|-resisted|p2a: Ceruledge
|-crit|p2a: Ceruledge
|-damage|p2a: Ceruledge|15/100
|
|-heal|p1a: Dondozo|66/100|[from] item: Leftovers
|upkeep
|turn|56
|
|t:|1757956978
|move|p2a: Ceruledge|Poltergeist|p1a: Dondozo
|-activate|p1a: Dondozo|move: Poltergeist|Leftovers
|-damage|p1a: Dondozo|41/100
|move|p1a: Dondozo|Avalanche|p2a: Ceruledge
|-resisted|p2a: Ceruledge
|-damage|p2a: Ceruledge|0 fnt
|faint|p2a: Ceruledge
|
|-heal|p1a: Dondozo|47/100|[from] item: Leftovers
|upkeep
|
|t:|1757956986
|switch|p2a: Dragonite|Dragonite, F|91/100
|turn|57
|
|t:|1757956994
|move|p2a: Dragonite|Outrage|p1a: Dondozo
|-damage|p1a: Dondozo|17/100
|move|p1a: Dondozo|Rest|p1a: Dondozo
|-status|p1a: Dondozo|slp|[from] move: Rest
|-heal|p1a: Dondozo|100/100 slp|[silent]
|
|upkeep
|turn|58
|
|t:|1757957008
|move|p2a: Dragonite|Outrage|p1a: Dondozo|[from] lockedmove
|-damage|p1a: Dondozo|73/100 slp
|cant|p1a: Dondozo|slp
|move|p1a: Dondozo|Sleep Talk|p1a: Dondozo
|move|p1a: Dondozo|Rest||[from] move: Sleep Talk|[still]
|-fail|p1a: Dondozo
|
|-heal|p1a: Dondozo|79/100 slp|[from] item: Leftovers
|upkeep
|turn|59
|
|t:|1757957019
|move|p2a: Dragonite|Outrage|p1a: Dondozo|[from] lockedmove
|-damage|p1a: Dondozo|50/100 slp
|-start|p2a: Dragonite|confusion|[fatigue]
|cant|p1a: Dondozo|slp
|move|p1a: Dondozo|Sleep Talk|p1a: Dondozo
|move|p1a: Dondozo|Avalanche|p2a: Dragonite|[from] move: Sleep Talk
|-supereffective|p2a: Dragonite
|-damage|p2a: Dragonite|0 fnt
|faint|p2a: Dragonite
|
|-heal|p1a: Dondozo|56/100 slp|[from] item: Leftovers
|upkeep
|
|t:|1757957028
|switch|p2a: Hatterene|Hatterene, F|48/100 brn
|-damage|p2a: Hatterene|31/100 brn|[from] Spikes
|turn|60
|
|t:|1757957043
|switch|p1a: Blissey|Blissey, F|96/100
|move|p2a: Hatterene|Psychic|p1a: Blissey
|-damage|p1a: Blissey|79/100
|
|-heal|p1a: Blissey|85/100|[from] item: Leftovers
|-damage|p2a: Hatterene|25/100 brn|[from] brn
|upkeep
|turn|61
|
|t:|1757957053
|move|p1a: Blissey|Seismic Toss|p2a: Hatterene
|-damage|p2a: Hatterene|0 fnt
|faint|p2a: Hatterene
|
|-heal|p1a: Blissey|91/100|[from] item: Leftovers
|upkeep
|
|t:|1757957058
|switch|p2a: Milotic|Milotic, F|48/100
|-damage|p2a: Milotic|31/100|[from] Spikes
|turn|62
|
|t:|1757957064
|move|p2a: Milotic|Recover|p2a: Milotic
|-heal|p2a: Milotic|82/100
|move|p1a: Blissey|Seismic Toss|p2a: Milotic
|-damage|p2a: Milotic|55/100
|
|-heal|p1a: Blissey|97/100|[from] item: Leftovers
|upkeep
|turn|63
|
|t:|1757957074
|move|p2a: Milotic|Recover|p2a: Milotic
|-heal|p2a: Milotic|100/100
|move|p1a: Blissey|Calm Mind|p1a: Blissey
|-boost|p1a: Blissey|spa|1
|-boost|p1a: Blissey|spd|1
|
|-heal|p1a: Blissey|100/100|[from] item: Leftovers
|upkeep
|turn|64
|
|t:|1757957083
|move|p2a: Milotic|Ice Beam|p1a: Blissey
|-crit|p1a: Blissey
|-damage|p1a: Blissey|87/100
|move|p1a: Blissey|Calm Mind|p1a: Blissey
|-boost|p1a: Blissey|spa|1
|-boost|p1a: Blissey|spd|1
|
|-heal|p1a: Blissey|94/100|[from] item: Leftovers
|upkeep
|turn|65
|
|t:|1757957092
|move|p2a: Milotic|Ice Beam|p1a: Blissey
|-damage|p1a: Blissey|89/100
|move|p1a: Blissey|Calm Mind|p1a: Blissey
|-boost|p1a: Blissey|spa|1
|-boost|p1a: Blissey|spd|1
|
|-heal|p1a: Blissey|95/100|[from] item: Leftovers
|upkeep
|turn|66
|
|t:|1757957101
|move|p2a: Milotic|Ice Beam|p1a: Blissey
|-damage|p1a: Blissey|92/100
|move|p1a: Blissey|Seismic Toss|p2a: Milotic
|-damage|p2a: Milotic|74/100
|
|-heal|p1a: Blissey|98/100|[from] item: Leftovers
|upkeep
|turn|67
|
|t:|1757957115
|move|p2a: Milotic|Ice Beam|p1a: Blissey
|-crit|p1a: Blissey
|-damage|p1a: Blissey|84/100
|move|p1a: Blissey|Seismic Toss|p2a: Milotic
|-damage|p2a: Milotic|48/100
|
|-heal|p1a: Blissey|90/100|[from] item: Leftovers
|upkeep
|turn|68
|
|t:|1757957125
|switch|p2a: Cobalion|Cobalion|97/100
|-damage|p2a: Cobalion|81/100|[from] Spikes
|move|p1a: Blissey|Seismic Toss|p2a: Cobalion
|-damage|p2a: Cobalion|50/100
|
|-heal|p1a: Blissey|97/100|[from] item: Leftovers
|upkeep
|turn|69
|
|t:|1757957135
|switch|p1a: Dondozo|Dondozo, F|56/100 slp
|move|p2a: Cobalion|Sacred Sword|p1a: Dondozo
|-damage|p1a: Dondozo|40/100 slp
|
|-heal|p1a: Dondozo|46/100 slp|[from] item: Leftovers
|upkeep
|turn|70
|
|t:|1757957144
|move|p2a: Cobalion|Focus Blast|p1a: Dondozo
|-damage|p1a: Dondozo|0 fnt
|faint|p1a: Dondozo
|
|upkeep
|
|t:|1757957149
|switch|p1a: Gliscor|Gliscor, F|40/100 tox
|turn|71
|
|t:|1757957155
|switch|p2a: Milotic|Milotic, F|48/100
|-damage|p2a: Milotic|31/100|[from] Spikes
|move|p1a: Gliscor|Protect||[still]
|-fail|p1a: Gliscor
|
|-heal|p1a: Gliscor|52/100 tox|[from] ability: Poison Heal
|upkeep
|turn|72
|
|t:|1757957165
|switch|p1a: Blissey|Blissey, F|97/100
|move|p2a: Milotic|Ice Beam|p1a: Blissey
|-damage|p1a: Blissey|88/100
|
|-heal|p1a: Blissey|94/100|[from] item: Leftovers
|upkeep
|turn|73
|
|t:|1757957173
|move|p2a: Milotic|Recover|p2a: Milotic
|-heal|p2a: Milotic|82/100
|move|p1a: Blissey|Seismic Toss|p2a: Milotic
|-damage|p2a: Milotic|55/100
|
|-heal|p1a: Blissey|99/100|[from] item: Leftovers
|upkeep
|turn|74
|
|t:|1757957191
|move|p2a: Milotic|Ice Beam|p1a: Blissey
|-damage|p1a: Blissey|91/100
|move|p1a: Blissey|Calm Mind|p1a: Blissey
|-boost|p1a: Blissey|spa|1
|-boost|p1a: Blissey|spd|1
|
|-heal|p1a: Blissey|98/100|[from] item: Leftovers
|upkeep
|turn|75
|
|t:|1757957214
|move|p2a: Milotic|Hydro Pump|p1a: Blissey
|-damage|p1a: Blissey|85/100
|move|p1a: Blissey|Seismic Toss|p2a: Milotic
|-damage|p2a: Milotic|29/100
|
|-heal|p1a: Blissey|91/100|[from] item: Leftovers
|upkeep
|turn|76
|
|t:|1757957223
|move|p2a: Milotic|Recover|p2a: Milotic
|-heal|p2a: Milotic|79/100
|move|p1a: Blissey|Seismic Toss|p2a: Milotic
|-damage|p2a: Milotic|53/100
|
|-heal|p1a: Blissey|97/100|[from] item: Leftovers
|upkeep
|turn|77
|
|t:|1757957232
|switch|p2a: Cobalion|Cobalion|50/100
|-damage|p2a: Cobalion|34/100|[from] Spikes
|move|p1a: Blissey|Seismic Toss|p2a: Cobalion
|-damage|p2a: Cobalion|3/100
|
|-heal|p1a: Blissey|100/100|[from] item: Leftovers
|upkeep
|turn|78
|
|t:|1757957241
|switch|p1a: Gliscor|Gliscor, F|52/100 tox
|move|p2a: Cobalion|Focus Blast|p1a: Gliscor
|-resisted|p1a: Gliscor
|-damage|p1a: Gliscor|26/100 tox
|
|-heal|p1a: Gliscor|39/100 tox|[from] ability: Poison Heal
|upkeep
|turn|79
|
|t:|1757957252
|move|p1a: Gliscor|Protect|p1a: Gliscor
|-singleturn|p1a: Gliscor|Protect
|move|p2a: Cobalion|Focus Blast|p1a: Gliscor
|-activate|p1a: Gliscor|move: Protect
|
|-heal|p1a: Gliscor|51/100 tox|[from] ability: Poison Heal
|upkeep
|turn|80
|
|t:|1757957261
|move|p2a: Cobalion|Focus Blast|p1a: Gliscor
|-resisted|p1a: Gliscor
|-damage|p1a: Gliscor|25/100 tox
|move|p1a: Gliscor|Earthquake|p2a: Cobalion
|-supereffective|p2a: Cobalion
|-damage|p2a: Cobalion|0 fnt
|faint|p2a: Cobalion
|
|-heal|p1a: Gliscor|38/100 tox|[from] ability: Poison Heal
|upkeep
|
|t:|1757957266
|switch|p2a: Milotic|Milotic, F|53/100
|-damage|p2a: Milotic|36/100|[from] Spikes
|turn|81
|
|t:|1757957275
|move|p1a: Gliscor|Protect|p1a: Gliscor
|-singleturn|p1a: Gliscor|Protect
|move|p2a: Milotic|Recover|p2a: Milotic
|-heal|p2a: Milotic|87/100
|
|-heal|p1a: Gliscor|50/100 tox|[from] ability: Poison Heal
|upkeep
|turn|82
|
|t:|1757957285
|move|p1a: Gliscor|Knock Off|p2a: Milotic
|-damage|p2a: Milotic|65/100
|-enditem|p2a: Milotic|Mystic Water|[from] move: Knock Off|[of] p1a: Gliscor
|move|p2a: Milotic|Ice Beam|p1a: Gliscor
|-supereffective|p1a: Gliscor
|-damage|p1a: Gliscor|0 fnt
|faint|p1a: Gliscor
|
|upkeep
|
|t:|1757957294
|switch|p1a: Blissey|Blissey, F|100/100
|turn|83
|
|t:|1757957303
|move|p2a: Milotic|Ice Beam|p1a: Blissey
|-damage|p1a: Blissey|92/100
|-status|p1a: Blissey|frz
|-curestatus|p1a: Blissey|frz|[msg]
|move|p1a: Blissey|Calm Mind|p1a: Blissey
|-boost|p1a: Blissey|spa|1
|-boost|p1a: Blissey|spd|1
|
|-heal|p1a: Blissey|98/100|[from] item: Leftovers
|upkeep
|turn|84
|c|☆LovingsBoringPupil|Gg
|
|t:|1757957320
|move|p2a: Milotic|Ice Beam|p1a: Blissey
|-damage|p1a: Blissey|92/100
|move|p1a: Blissey|Calm Mind|p1a: Blissey
|-boost|p1a: Blissey|spa|1
|-boost|p1a: Blissey|spd|1
|
|-heal|p1a: Blissey|98/100|[from] item: Leftovers
|upkeep
|turn|85
|c|☆holiholiholi|gg
|
|t:|1757957329
|move|p2a: Milotic|Ice Beam|p1a: Blissey
|-damage|p1a: Blissey|94/100
|move|p1a: Blissey|Calm Mind|p1a: Blissey
|-boost|p1a: Blissey|spa|1
|-boost|p1a: Blissey|spd|1
|
|-heal|p1a: Blissey|99/100|[from] item: Leftovers
|upkeep
|turn|86
|
|t:|1757957338
|move|p2a: Milotic|Ice Beam|p1a: Blissey
|-damage|p1a: Blissey|96/100
|move|p1a: Blissey|Calm Mind|p1a: Blissey
|-boost|p1a: Blissey|spa|1
|-boost|p1a: Blissey|spd|1
|
|-heal|p1a: Blissey|100/100|[from] item: Leftovers
|upkeep
|turn|87
|
|t:|1757957348
|move|p2a: Milotic|Ice Beam|p1a: Blissey
|-crit|p1a: Blissey
|-damage|p1a: Blissey|88/100
|move|p1a: Blissey|Calm Mind|p1a: Blissey
|-boost|p1a: Blissey|spa|1
|-boost|p1a: Blissey|spd|1
|
|-heal|p1a: Blissey|94/100|[from] item: Leftovers
|upkeep
|turn|88
|
|t:|1757957357
|move|p2a: Milotic|Ice Beam|p1a: Blissey
|-crit|p1a: Blissey
|-damage|p1a: Blissey|80/100
|move|p1a: Blissey|Calm Mind|p1a: Blissey
|-boost|p1a: Blissey|spa|1
|-boost|p1a: Blissey|spd|1
|
|-heal|p1a: Blissey|86/100|[from] item: Leftovers
|upkeep
|turn|89
|
|t:|1757957366
|move|p2a: Milotic|Ice Beam|p1a: Blissey
|-damage|p1a: Blissey|84/100
|move|p1a: Blissey|Seismic Toss|p2a: Milotic
|-damage|p2a: Milotic|39/100
|
|-heal|p1a: Blissey|90/100|[from] item: Leftovers
|upkeep
|turn|90
|
|t:|1757957375
|move|p2a: Milotic|Ice Beam|p1a: Blissey
|-damage|p1a: Blissey|88/100
|move|p1a: Blissey|Seismic Toss|p2a: Milotic
|-damage|p2a: Milotic|13/100
|
|-heal|p1a: Blissey|94/100|[from] item: Leftovers
|upkeep
|turn|91
|
|t:|1757957384
|move|p2a: Milotic|Recover|p2a: Milotic
|-heal|p2a: Milotic|63/100
|move|p1a: Blissey|Seismic Toss|p2a: Milotic
|-damage|p2a: Milotic|36/100
|
|-heal|p1a: Blissey|99/100|[from] item: Leftovers
|upkeep
|turn|92
|
|t:|1757957392
|move|p2a: Milotic|Dragon Pulse|p1a: Blissey
|-damage|p1a: Blissey|98/100
|move|p1a: Blissey|Seismic Toss|p2a: Milotic
|-damage|p2a: Milotic|10/100
|
|-heal|p1a: Blissey|100/100|[from] item: Leftovers
|upkeep
|turn|93
|
|t:|1757957401
|move|p2a: Milotic|Recover|p2a: Milotic
|-heal|p2a: Milotic|60/100
|move|p1a: Blissey|Seismic Toss|p2a: Milotic
|-damage|p2a: Milotic|34/100
|
|upkeep
|turn|94
|
|t:|1757957424
|move|p2a: Milotic|Ice Beam|p1a: Blissey
|-damage|p1a: Blissey|98/100
|move|p1a: Blissey|Seismic Toss|p2a: Milotic
|-damage|p2a: Milotic|8/100
|
|-heal|p1a: Blissey|100/100|[from] item: Leftovers
|upkeep
|turn|95
|
|t:|1757957433
|move|p2a: Milotic|Recover|p2a: Milotic
|-heal|p2a: Milotic|58/100
|move|p1a: Blissey|Seismic Toss|p2a: Milotic
|-damage|p2a: Milotic|32/100
|
|upkeep
|turn|96
|
|t:|1757957440
|move|p2a: Milotic|Dragon Pulse|p1a: Blissey
|-damage|p1a: Blissey|99/100
|move|p1a: Blissey|Seismic Toss|p2a: Milotic
|-damage|p2a: Milotic|5/100
|
|-heal|p1a: Blissey|100/100|[from] item: Leftovers
|upkeep
|turn|97
|
|t:|1757957449
|move|p2a: Milotic|Dragon Pulse|p1a: Blissey
|-damage|p1a: Blissey|99/100
|move|p1a: Blissey|Seismic Toss|p2a: Milotic
|-damage|p2a: Milotic|0 fnt
|faint|p2a: Milotic
|
|win|LovingsBoringPupil
|raw|LovingsBoringPupil's rating: 1038 &rarr; <strong>1076</strong><br />(+38 for winning)
|raw|holiholiholi's rating: 1075 &rarr; <strong>1051</strong><br />(-24 for losing)
|l|☆holiholiholi
|player|p2|
|l|☆LovingsBoringPupil
|player|p1|
|j|☆LovingsBoringPupil
|player|p1|LovingsBoringPupil|170|
