|j|☆redyrqu
|j|☆NaDHHH
|t:|1757883051
|gametype|singles
|player|p1|redyrqu|170|1425
|player|p2|NaDHHH|harlequin|1385
|gen|9
|tier|[Gen 9] OU
|rated|
|rule|HP Percentage Mod: HP is shown in percentages
|rule|Endless Battle Clause: Forcing endless battles is banned
|rule|Species Clause: Limit one of each Pokémon
|rule|OHKO Clause: OHKO moves are banned
|rule|Evasion Items Clause: Evasion items are banned
|rule|Evasion Moves Clause: Evasion moves are banned
|rule|Evasion Abilities Clause: Evasion abilities are banned
|rule|Sleep Moves Clause: Sleep-inducing moves are banned
|clearpoke
|poke|p1|Landorus-Therian, M|
|poke|p1|Slowking-Galar, F|
|poke|p1|Ogerpon-Wellspring, F|
|poke|p1|Great Tusk|
|poke|p1|Lokix, F|
|poke|p1|Raging Bolt|
|poke|p2|Pecharunt|
|poke|p2|Tyranitar, F|
|poke|p2|Volcanion|
|poke|p2|Latios, M|
|poke|p2|Enamorus, F|
|poke|p2|Scizor, M|
|teampreview
|inactive|Battle timer is ON: inactive players will automatically lose when time's up. (requested by redyrqu)
|inactive|NaDHHH has 120 seconds left.
|
|t:|1757883082
|teamsize|p1|6
|teamsize|p2|6
|start
|switch|p1a: Raging Bolt|Raging Bolt|100/100
|switch|p2a: Enamorus|Enamorus, F|100/100
|turn|1
|
|t:|1757883094
|switch|p2a: Tyranitar|Tyranitar, F, shiny|100/100
|-weather|Sandstorm|[from] ability: Sand Stream|[of] p2a: Tyranitar
|-end|p1a: Raging Bolt|Protosynthesis|[silent]
|switch|p1a: Slowking|Slowking-Galar, F|100/100
|
|-weather|Sandstorm|[upkeep]
|-damage|p1a: Slowking|94/100|[from] Sandstorm
|upkeep
|turn|2
|
|t:|1757883108
|switch|p1a: Great Tusk|Great Tusk|100/100
|move|p2a: Tyranitar|Stealth Rock|p1a: Great Tusk
|-sidestart|p1: redyrqu|move: Stealth Rock
|
|-weather|Sandstorm|[upkeep]
|upkeep
|turn|3
|
|t:|1757883132
|switch|p2a: Latios|Latios, M, shiny|100/100
|move|p1a: Great Tusk|Rapid Spin|p2a: Latios
|-damage|p2a: Latios|78/100
|-boost|p1a: Great Tusk|spe|1
|-sideend|p1: redyrqu|Stealth Rock|[from] move: Rapid Spin|[of] p1a: Great Tusk
|
|-weather|Sandstorm|[upkeep]
|-damage|p2a: Latios|72/100|[from] Sandstorm
|upkeep
|turn|4
|
|t:|1757883146
|switch|p2a: Pecharunt|Pecharunt|100/100
|move|p1a: Great Tusk|Ice Spinner|p2a: Pecharunt
|-damage|p2a: Pecharunt|88/100
|-damage|p1a: Great Tusk|84/100|[from] item: Rocky Helmet|[of] p2a: Pecharunt
|
|-weather|Sandstorm|[upkeep]
|-damage|p2a: Pecharunt|82/100|[from] Sandstorm
|upkeep
|turn|5
|
|t:|1757883159
|switch|p2a: Enamorus|Enamorus, F|100/100
|move|p1a: Great Tusk|Headlong Rush|p2a: Enamorus
|-immune|p2a: Enamorus
|
|-weather|none
|upkeep
|turn|6
|
|t:|1757883181
|-terastallize|p1a: Great Tusk|Fire
|move|p2a: Enamorus|Earth Power|p1a: Great Tusk
|-supereffective|p1a: Great Tusk
|-damage|p1a: Great Tusk|0 fnt
|faint|p1a: Great Tusk
|-end|p1a: Great Tusk|Protosynthesis|[silent]
|
|upkeep
|
|t:|1757883189
|switch|p1a: Raging Bolt|Raging Bolt|100/100
|turn|7
|
|t:|1757883200
|switch|p2a: Tyranitar|Tyranitar, F, shiny|100/100
|-weather|Sandstorm|[from] ability: Sand Stream|[of] p2a: Tyranitar
|move|p1a: Raging Bolt|Volt Switch|p2a: Tyranitar
|-damage|p2a: Tyranitar|74/100
|
|t:|1757883209
|-end|p1a: Raging Bolt|Protosynthesis|[silent]
|switch|p1a: Ogerpon|Ogerpon-Wellspring, F|100/100|[from] Volt Switch
|
|-weather|Sandstorm|[upkeep]
|-damage|p1a: Ogerpon|94/100|[from] Sandstorm
|-heal|p2a: Tyranitar|80/100|[from] item: Leftovers
|upkeep
|turn|8
|
|t:|1757883224
|switch|p2a: Volcanion|Volcanion|100/100
|move|p1a: Ogerpon|Swords Dance|p1a: Ogerpon
|-boost|p1a: Ogerpon|atk|2
|
|-weather|Sandstorm|[upkeep]
|-damage|p1a: Ogerpon|88/100|[from] Sandstorm
|-damage|p2a: Volcanion|94/100|[from] Sandstorm
|upkeep
|turn|9
|
|t:|1757883231
|move|p1a: Ogerpon|Trailblaze|p2a: Volcanion
|-damage|p2a: Volcanion|48/100
|-boost|p1a: Ogerpon|spe|1
|move|p2a: Volcanion|Flamethrower|p1a: Ogerpon
|-damage|p1a: Ogerpon|39/100
|
|-weather|Sandstorm|[upkeep]
|-damage|p1a: Ogerpon|32/100|[from] Sandstorm
|-damage|p2a: Volcanion|42/100|[from] Sandstorm
|upkeep
|turn|10
|
|t:|1757883243
|move|p1a: Ogerpon|Trailblaze|p2a: Volcanion
|-damage|p2a: Volcanion|0 fnt
|-boost|p1a: Ogerpon|spe|1
|faint|p2a: Volcanion
|
|-weather|Sandstorm|[upkeep]
|-damage|p1a: Ogerpon|26/100|[from] Sandstorm
|upkeep
|
|t:|1757883253
|switch|p2a: Scizor|Scizor, M, shiny|100/100
|turn|11
|
|t:|1757883257
|move|p2a: Scizor|Bullet Punch|p1a: Ogerpon
|-resisted|p1a: Ogerpon
|-damage|p1a: Ogerpon|1/100
|-damage|p2a: Scizor|91/100|[from] item: Life Orb
|move|p1a: Ogerpon|Ivy Cudgel|p2a: Scizor|[anim] Ivy Cudgel Water
|-crit|p2a: Scizor
|-damage|p2a: Scizor|0 fnt
|faint|p2a: Scizor
|
|-weather|none
|upkeep
|
|t:|1757883268
|switch|p2a: Tyranitar|Tyranitar, F, shiny|80/100
|-weather|Sandstorm|[from] ability: Sand Stream|[of] p2a: Tyranitar
|turn|12
|
|t:|1757883283
|switch|p2a: Latios|Latios, M, shiny|72/100
|move|p1a: Ogerpon|Ivy Cudgel|p2a: Latios|[anim] Ivy Cudgel Water
|-resisted|p2a: Latios
|-damage|p2a: Latios|0 fnt
|faint|p2a: Latios
|
|-weather|Sandstorm|[upkeep]
|-damage|p1a: Ogerpon|0 fnt|[from] Sandstorm
|faint|p1a: Ogerpon
|upkeep
|
|t:|1757883306
|switch|p2a: Tyranitar|Tyranitar, F, shiny|80/100
|switch|p1a: Slowking|Slowking-Galar, F|100/100
|turn|13
|
|t:|1757883322
|switch|p1a: Landorus|Landorus-Therian, M|100/100
|-ability|p1a: Landorus|Intimidate|boost
|-unboost|p2a: Tyranitar|atk|1
|move|p2a: Tyranitar|Stealth Rock|p1a: Landorus
|-sidestart|p1: redyrqu|move: Stealth Rock
|
|-weather|Sandstorm|[upkeep]
|-heal|p2a: Tyranitar|86/100|[from] item: Leftovers
|upkeep
|turn|14
|inactive|redyrqu has 120 seconds left.
|
|t:|1757883351
|move|p1a: Landorus|Earthquake|p2a: Tyranitar
|-supereffective|p2a: Tyranitar
|-damage|p2a: Tyranitar|3/100
|move|p2a: Tyranitar|Stone Edge|p1a: Landorus
|-crit|p1a: Landorus
|-damage|p1a: Landorus|20/100
|
|-weather|Sandstorm|[upkeep]
|-heal|p2a: Tyranitar|9/100|[from] item: Leftovers
|upkeep
|turn|15
|
|t:|1757883361
|move|p1a: Landorus|Earthquake|p2a: Tyranitar
|-supereffective|p2a: Tyranitar
|-damage|p2a: Tyranitar|0 fnt
|faint|p2a: Tyranitar
|
|-weather|Sandstorm|[upkeep]
|upkeep
|
|t:|1757883366
|switch|p2a: Enamorus|Enamorus, F|100/100
|turn|16
|
|t:|1757883374
|switch|p1a: Slowking|Slowking-Galar, F|100/100
|move|p2a: Enamorus|Moonblast|p1a: Slowking
|-resisted|p1a: Slowking
|-crit|p1a: Slowking
|-damage|p1a: Slowking|79/100
|
|-weather|none
|upkeep
|turn|17
|
|t:|1757883389
|switch|p2a: Pecharunt|Pecharunt|82/100
|move|p1a: Slowking|Psychic Noise|p2a: Pecharunt
|-supereffective|p2a: Pecharunt
|-damage|p2a: Pecharunt|24/100
|-start|p2a: Pecharunt|move: Heal Block
|
|upkeep
|turn|18
|
|t:|1757883402
|move|p2a: Pecharunt|Parting Shot|p1a: Slowking
|-unboost|p1a: Slowking|atk|1
|-unboost|p1a: Slowking|spa|1
|
|t:|1757883404
|switch|p2a: Enamorus|Enamorus, F|100/100|[from] Parting Shot
|move|p1a: Slowking|Psychic Noise|p2a: Enamorus
|-damage|p2a: Enamorus|72/100
|-start|p2a: Enamorus|move: Heal Block
|
|upkeep
|turn|19
|
|t:|1757883413
|-terastallize|p2a: Enamorus|Fairy
|move|p2a: Enamorus|Moonblast|p1a: Slowking
|-resisted|p1a: Slowking
|-damage|p1a: Slowking|59/100
|-unboost|p1a: Slowking|spa|1
|move|p1a: Slowking|Sludge Bomb|p2a: Enamorus
|-supereffective|p2a: Enamorus
|-damage|p2a: Enamorus|24/100
|-status|p2a: Enamorus|psn
|
|-damage|p2a: Enamorus|11/100 psn|[from] psn
|-end|p2a: Enamorus|move: Heal Block
|upkeep
|turn|20
|-message|NaDHHH forfeited.
|
|win|redyrqu
|raw|redyrqu's rating: 1425 &rarr; <strong>1443</strong><br />(+18 for winning)
|raw|NaDHHH's rating: 1385 &rarr; <strong>1367</strong><br />(-18 for losing)
|l|☆NaDHHH
|player|p2|
