|j|☆ollierob1
|j|☆Vitoran
|t:|1757935802
|gametype|singles
|player|p1|ollierob1|hoopster|1747
|player|p2|Vitoran|#rbyplvmightymagmars|1706
|gen|9
|tier|[Gen 9] OU
|rated|
|rule|HP Percentage Mod: HP is shown in percentages
|rule|Endless Battle Clause: Forcing endless battles is banned
|rule|Species Clause: Limit one of each Pokémon
|rule|OHKO Clause: OHKO moves are banned
|rule|Evasion Items Clause: Evasion items are banned
|rule|Evasion Moves Clause: Evasion moves are banned
|rule|Evasion Abilities Clause: Evasion abilities are banned
|rule|Sleep Moves Clause: Sleep-inducing moves are banned
|clearpoke
|poke|p1|Garchomp, F|
|poke|p1|Hatterene, F|
|poke|p1|Kingambit, F|
|poke|p1|Kyurem|
|poke|p1|Zamazenta-*|
|poke|p1|Tornadus-Therian, M|
|poke|p2|Weavile, M|
|poke|p2|Samurott-Hisui, M|
|poke|p2|Gholdengo|
|poke|p2|Great Tusk|
|poke|p2|Pecharunt|
|poke|p2|Kingambit, F|
|teampreview
|inactive|Battle timer is ON: inactive players will automatically lose when time's up. (requested by Vitoran)
|c|☆Vitoran|glhf
|inactive|Vitoran has 120 seconds left.
|
|t:|1757935834
|teamsize|p1|6
|teamsize|p2|6
|start
|switch|p1a: Hatterene|Hatterene, F|100/100
|switch|p2a: Weavile|Weavile, M|100/100
|-ability|p2a: Weavile|Pressure
|turn|1
|
|t:|1757935846
|-terastallize|p2a: Weavile|Ice
|move|p2a: Weavile|Triple Axel|p1a: Hatterene
|-damage|p1a: Hatterene|84/100
|-damage|p2a: Weavile|84/100|[from] item: Rocky Helmet|[of] p1a: Hatterene
|-damage|p1a: Hatterene|50/100
|-damage|p2a: Weavile|68/100|[from] item: Rocky Helmet|[of] p1a: Hatterene
|-damage|p1a: Hatterene|0 fnt
|-damage|p2a: Weavile|51/100|[from] item: Rocky Helmet|[of] p1a: Hatterene
|faint|p1a: Hatterene
|-hitcount|p1: Hatterene|3
|
|upkeep
|inactive|ollierob1 has 120 seconds left.
|
|t:|1757935891
|switch|p1a: Kingambit|Kingambit, F|100/100
|-activate|p1a: Kingambit|ability: Supreme Overlord
|-start|p1a: Kingambit|fallen1|[silent]
|turn|2
|c|☆Vitoran|glhf
|
|t:|1757935903
|switch|p2a: Great Tusk|Great Tusk|100/100
|-enditem|p2a: Great Tusk|Booster Energy
|-activate|p2a: Great Tusk|ability: Protosynthesis|[fromitem]
|-start|p2a: Great Tusk|protosynthesisspe
|-end|p1a: Kingambit|fallen1|[silent]
|switch|p1a: Kyurem|Kyurem|100/100
|-ability|p1a: Kyurem|Pressure
|
|upkeep
|turn|3
|c|☆ollierob1|glhf
|c|☆Vitoran|glhf
|
|t:|1757935910
|move|p2a: Great Tusk|Stealth Rock|p1a: Kyurem
|-sidestart|p1: ollierob1|move: Stealth Rock
|move|p1a: Kyurem|Ice Beam|p2a: Great Tusk
|-supereffective|p2a: Great Tusk
|-damage|p2a: Great Tusk|0 fnt
|faint|p2a: Great Tusk
|-end|p2a: Great Tusk|Protosynthesis|[silent]
|
|upkeep
|
|t:|1757935918
|switch|p2a: Weavile|Weavile, M, tera:Ice|51/100
|-ability|p2a: Weavile|Pressure
|turn|4
|inactive|ollierob1 has 120 seconds left.
|inactive|ollierob1 has 90 seconds left.
|j| Ctannn
|
|t:|1757935983
|move|p2a: Weavile|Triple Axel|p1a: Kyurem
|-damage|p1a: Kyurem|82/100
|-damage|p1a: Kyurem|45/100
|-damage|p1a: Kyurem|0 fnt
|faint|p1a: Kyurem
|-hitcount|p1: Kyurem|3
|
|upkeep
|
|t:|1757935991
|switch|p1a: Kingambit|Kingambit, F|100/100
|-damage|p1a: Kingambit|94/100|[from] Stealth Rock
|-activate|p1a: Kingambit|ability: Supreme Overlord
|-start|p1a: Kingambit|fallen2|[silent]
|turn|5
|
|t:|1757936013
|switch|p2a: Samurott|Samurott-Hisui, M|100/100
|move|p1a: Kingambit|Kowtow Cleave|p2a: Samurott
|-resisted|p2a: Samurott
|-damage|p2a: Samurott|61/100
|
|-heal|p1a: Kingambit|100/100|[from] item: Leftovers
|upkeep
|turn|6
|inactive|ollierob1 has 60 seconds left.
|j| Disscratch
|
|t:|1757936059
|-end|p1a: Kingambit|fallen2|[silent]
|switch|p1a: Garchomp|Garchomp, F|100/100
|-damage|p1a: Garchomp|94/100|[from] Stealth Rock
|move|p2a: Samurott|Ceaseless Edge|p1a: Garchomp
|-damage|p1a: Garchomp|66/100
|-damage|p2a: Samurott|49/100|[from] ability: Rough Skin|[of] p1a: Garchomp
|-sidestart|p1: ollierob1|Spikes
|
|upkeep
|turn|7
|
|t:|1757936070
|move|p2a: Samurott|Knock Off|p1a: Garchomp
|-damage|p1a: Garchomp|34/100
|-damage|p2a: Samurott|36/100|[from] ability: Rough Skin|[of] p1a: Garchomp
|-enditem|p1a: Garchomp|Light Ball|[from] move: Knock Off|[of] p2a: Samurott
|move|p1a: Garchomp|Stealth Rock|p2a: Samurott
|-sidestart|p2: Vitoran|move: Stealth Rock
|
|upkeep
|turn|8
|c|☆Vitoran|????
|c|☆Vitoran|was this meant to be smth else?
|c|☆ollierob1|Nah
|c|☆ollierob1|fling light ball
|inactive|Vitoran has 120 seconds left.
|c|☆Vitoran|ooooohhh
|c|☆Vitoran|neat
|
|t:|1757936102
|move|p2a: Samurott|Razor Shell|p1a: Garchomp
|-damage|p1a: Garchomp|0 fnt
|-damage|p2a: Samurott|24/100|[from] ability: Rough Skin|[of] p1a: Garchomp
|faint|p1a: Garchomp
|
|upkeep
|c|☆ollierob1|The original team is helmet I’m just trying it out
|c|☆Vitoran|fair
|c|☆Vitoran|thats very good role compresison
|inactive|ollierob1 has 30 seconds left.
|
|t:|1757936136
|switch|p1a: Tornadus|Tornadus-Therian, M|100/100
|-damage|p1a: Tornadus|76/100|[from] Stealth Rock
|turn|9
|
|t:|1757936141
|move|p2a: Samurott|Aqua Jet|p1a: Tornadus
|-damage|p1a: Tornadus|49/100
|move|p1a: Tornadus|U-turn|p2a: Samurott
|-supereffective|p2a: Samurott
|-damage|p2a: Samurott|0 fnt
|faint|p2a: Samurott
|
|t:|1757936147
|switch|p1a: Kingambit|Kingambit, F|100/100|[from] U-turn
|-damage|p1a: Kingambit|94/100|[from] Stealth Rock
|-damage|p1a: Kingambit|82/100|[from] Spikes
|-activate|p1a: Kingambit|ability: Supreme Overlord
|-start|p1a: Kingambit|fallen3|[silent]
|
|-heal|p1a: Kingambit|88/100|[from] item: Leftovers
|upkeep
|
|t:|1757936155
|switch|p2a: Kingambit|Kingambit, F|100/100
|-damage|p2a: Kingambit|94/100|[from] Stealth Rock
|-activate|p2a: Kingambit|ability: Supreme Overlord
|-start|p2a: Kingambit|fallen2|[silent]
|turn|10
|
|t:|1757936163
|-end|p1a: Kingambit|fallen3|[silent]
|switch|p1a: Zamazenta|Zamazenta|100/100
|-damage|p1a: Zamazenta|94/100|[from] Stealth Rock
|-damage|p1a: Zamazenta|82/100|[from] Spikes
|-ability|p1a: Zamazenta|Dauntless Shield|boost
|-boost|p1a: Zamazenta|def|1
|move|p2a: Kingambit|Low Kick|p1a: Zamazenta
|-damage|p1a: Zamazenta|52/100
|
|upkeep
|turn|11
|
|t:|1757936169
|-end|p2a: Kingambit|fallen2|[silent]
|switch|p2a: Pecharunt|Pecharunt|100/100
|-damage|p2a: Pecharunt|88/100|[from] Stealth Rock
|-item|p2a: Pecharunt|Air Balloon
|move|p1a: Zamazenta|Crunch|p2a: Pecharunt
|-supereffective|p2a: Pecharunt
|-damage|p2a: Pecharunt|67/100
|-enditem|p2a: Pecharunt|Air Balloon
|
|upkeep
|turn|12
|inactive|ollierob1 has 60 seconds left.
|c|☆ollierob1|Unfort you have banded weavile and two ghosts
|c|☆ollierob1|unwinnable
|c|☆ollierob1|ggs
|c|☆Vitoran|lmao
|-message|ollierob1 forfeited.
|
|win|Vitoran
|raw|ollierob1's rating: 1747 &rarr; <strong>1725</strong><br />(-22 for losing)
|raw|Vitoran's rating: 1706 &rarr; <strong>1728</strong><br />(+22 for winning)
|c|☆Vitoran|gg
|l|☆ollierob1
|player|p1|
|l|☆Vitoran
|player|p2|
|j|☆Vitoran
|player|p2|Vitoran|#rbyplvmightymagmars|
|l| Disscratch
|l|☆Vitoran
|player|p2|
