|j|☆Yosebas16
|j|☆adow
|t:|1757905617
|gametype|singles
|player|p1|Yosebas16|hilbert-wonderlauncher|
|player|p2|adow|veteran|
|gen|9
|tier|[Gen 9] OU
|rule|HP Percentage Mod: HP is shown in percentages
|rule|Endless Battle Clause: Forcing endless battles is banned
|rule|Species Clause: Limit one of each Pokémon
|rule|OHKO Clause: OHKO moves are banned
|rule|Evasion Items Clause: Evasion items are banned
|rule|Evasion Moves Clause: Evasion moves are banned
|rule|Evasion Abilities Clause: Evasion abilities are banned
|rule|Sleep Moves Clause: Sleep-inducing moves are banned
|clearpoke
|poke|p1|Iron Crown|
|poke|p1|Great Tusk|
|poke|p1|Rillaboom, F|
|poke|p1|Samurott-Hisui, F|
|poke|p1|Skeledirge, M|
|poke|p1|Enamorus, F|
|poke|p2|Toucannon, F|
|poke|p2|Incineroar, F|
|poke|p2|Komala, M|
|poke|p2|Ninetales-Alola, F|
|poke|p2|Electrode-Hisui|
|poke|p2|Kommo-o, F|
|teampreview
|
|t:|1757905651
|teamsize|p1|6
|teamsize|p2|6
|start
|switch|p1a: Iron Crown|Iron Crown|100/100
|switch|p2a: Electrode|Electrode-Hisui|100/100
|turn|1
|
|t:|1757905661
|move|p2a: Electrode|Volt Switch|p1a: Iron Crown
|-damage|p1a: Iron Crown|79/100
|
|t:|1757905666
|switch|p2a: Incineroar|Incineroar, F|100/100|[from] Volt Switch
|-ability|p2a: Incineroar|Intimidate|boost
|-unboost|p1a: Iron Crown|atk|1
|move|p1a: Iron Crown|Psychic|p2a: Incineroar
|-immune|p2a: Incineroar
|
|upkeep
|turn|2
|
|t:|1757905673
|-end|p1a: Iron Crown|Quark Drive|[silent]
|switch|p1a: Great Tusk|Great Tusk|100/100
|move|p2a: Incineroar|Parting Shot|p1a: Great Tusk
|-unboost|p1a: Great Tusk|atk|1
|-unboost|p1a: Great Tusk|spa|1
|
|t:|1757905688
|switch|p2a: Ninetales|Ninetales-Alola, F, shiny|100/100|[from] Parting Shot
|-weather|Snowscape|[from] ability: Snow Warning|[of] p2a: Ninetales
|
|-weather|Snowscape|[upkeep]
|upkeep
|turn|3
|
|t:|1757905693
|-end|p1a: Great Tusk|Protosynthesis|[silent]
|switch|p1a: Skeler|Skeledirge, M|100/100
|move|p2a: Ninetales|Aurora Veil|p2a: Ninetales
|-sidestart|p2: adow|move: Aurora Veil
|
|-weather|Snowscape|[upkeep]
|upkeep
|turn|4
|
|t:|1757905700
|switch|p2a: Incineroar|Incineroar, F|100/100
|-ability|p2a: Incineroar|Intimidate|boost
|-unboost|p1a: Skeler|atk|1
|move|p1a: Skeler|Substitute|p1a: Skeler
|-start|p1a: Skeler|Substitute
|-damage|p1a: Skeler|76/100
|
|-weather|Snowscape|[upkeep]
|-heal|p1a: Skeler|82/100|[from] item: Leftovers
|upkeep
|turn|5
|
|t:|1757905710
|-terastallize|p1a: Skeler|Water
|move|p1a: Skeler|Torch Song|p2a: Incineroar
|-resisted|p2a: Incineroar
|-damage|p2a: Incineroar|92/100
|-boost|p1a: Skeler|spa|1
|move|p2a: Incineroar|Knock Off|p1a: Skeler
|-end|p1a: Skeler|Substitute
|
|-weather|Snowscape|[upkeep]
|-heal|p1a: Skeler|88/100|[from] item: Leftovers
|upkeep
|turn|6
|
|t:|1757905727
|move|p1a: Skeler|Torch Song|p2a: Incineroar
|-resisted|p2a: Incineroar
|-damage|p2a: Incineroar|79/100
|-boost|p1a: Skeler|spa|1
|move|p2a: Incineroar|Knock Off|p1a: Skeler
|-damage|p1a: Skeler|55/100
|-enditem|p1a: Skeler|Leftovers|[from] move: Knock Off|[of] p2a: Incineroar
|
|-weather|none
|upkeep
|turn|7
|
|t:|1757905739
|move|p1a: Skeler|Torch Song|p2a: Incineroar
|-resisted|p2a: Incineroar
|-damage|p2a: Incineroar|61/100
|-boost|p1a: Skeler|spa|1
|move|p2a: Incineroar|Parting Shot|p1a: Skeler
|-unboost|p1a: Skeler|atk|1
|-unboost|p1a: Skeler|spa|1
|
|t:|1757905742
|switch|p2a: Electrode|Electrode-Hisui|100/100|[from] Parting Shot
|
|upkeep
|turn|8
|
|t:|1757905750
|switch|p1a: Rillaboom|Rillaboom, F|100/100
|-fieldstart|move: Grassy Terrain|[from] ability: Grassy Surge|[of] p1a: Rillaboom
|move|p2a: Electrode|Volt Switch|p1a: Rillaboom
|-resisted|p1a: Rillaboom
|-damage|p1a: Rillaboom|88/100
|
|t:|1757905754
|switch|p2a: Incineroar|Incineroar, F|61/100|[from] Volt Switch
|-ability|p2a: Incineroar|Intimidate|boost
|-unboost|p1a: Rillaboom|atk|1
|
|-heal|p1a: Rillaboom|94/100|[from] Grassy Terrain
|-heal|p2a: Incineroar|67/100|[from] Grassy Terrain
|upkeep
|turn|9
|
|t:|1757905758
|move|p1a: Rillaboom|U-turn|p2a: Incineroar
|-damage|p2a: Incineroar|58/100
|
|t:|1757905760
|switch|p1a: Skeler|Skeledirge, M, tera:Water|55/100|[from] U-turn
|move|p2a: Incineroar|Will-O-Wisp|p1a: Skeler
|-status|p1a: Skeler|brn
|
|-heal|p1a: Skeler|61/100 brn|[from] Grassy Terrain
|-heal|p2a: Incineroar|64/100|[from] Grassy Terrain
|-damage|p1a: Skeler|55/100 brn|[from] brn
|upkeep
|turn|10
|
|t:|1757905772
|move|p1a: Skeler|Slack Off|p1a: Skeler
|-heal|p1a: Skeler|100/100 brn
|move|p2a: Incineroar|Parting Shot|p1a: Skeler
|-unboost|p1a: Skeler|atk|1
|-unboost|p1a: Skeler|spa|1
|
|t:|1757905778
|switch|p2a: Ninetales|Ninetales-Alola, F, shiny|100/100|[from] Parting Shot
|-weather|Snowscape|[from] ability: Snow Warning|[of] p2a: Ninetales
|
|-weather|Snowscape|[upkeep]
|-damage|p1a: Skeler|94/100 brn|[from] brn
|-sideend|p2: adow|move: Aurora Veil
|upkeep
|turn|11
|
|t:|1757905786
|switch|p1a: Iron Crown|Iron Crown|79/100
|move|p2a: Ninetales|Encore||[still]
|-fail|p2a: Ninetales
|
|-weather|Snowscape|[upkeep]
|-heal|p1a: Iron Crown|85/100|[from] Grassy Terrain
|upkeep
|turn|12
|
|t:|1757905793
|switch|p2a: Electrode|Electrode-Hisui|100/100
|move|p1a: Iron Crown|Volt Switch|p2a: Electrode
|-resisted|p2a: Electrode
|-damage|p2a: Electrode|90/100
|
|t:|1757905796
|-end|p1a: Iron Crown|Quark Drive|[silent]
|switch|p1a: Rillaboom|Rillaboom, F|94/100|[from] Volt Switch
|
|-weather|Snowscape|[upkeep]
|-heal|p2a: Electrode|96/100|[from] Grassy Terrain
|-heal|p1a: Rillaboom|99/100|[from] Grassy Terrain
|-fieldend|move: Grassy Terrain
|upkeep
|turn|13
|
|t:|1757905803
|move|p2a: Electrode|Volt Switch|p1a: Rillaboom
|-resisted|p1a: Rillaboom
|-damage|p1a: Rillaboom|86/100
|
|t:|1757905807
|switch|p2a: Toucannon|Toucannon, F|100/100|[from] Volt Switch
|move|p1a: Rillaboom|U-turn|p2a: Toucannon
|-resisted|p2a: Toucannon
|-damage|p2a: Toucannon|85/100
|-damage|p1a: Rillaboom|70/100|[from] item: Rocky Helmet|[of] p2a: Toucannon
|
|t:|1757905813
|switch|p1a: Iron Crown|Iron Crown|85/100|[from] U-turn
|
|-weather|Snowscape|[upkeep]
|upkeep
|turn|14
|
|t:|1757905829
|switch|p2a: Komala|Komala, M|100/100
|-ability|p2a: Komala|Comatose
|move|p1a: Iron Crown|Volt Switch|p2a: Komala
|-damage|p2a: Komala|61/100
|
|t:|1757905836
|-end|p1a: Iron Crown|Quark Drive|[silent]
|switch|p1a: Great Tusk|Great Tusk|100/100|[from] Volt Switch
|
|-weather|none
|-heal|p2a: Komala|67/100|[from] item: Leftovers
|upkeep
|turn|15
|
|t:|1757905841
|switch|p2a: Ninetales|Ninetales-Alola, F, shiny|100/100
|-weather|Snowscape|[from] ability: Snow Warning|[of] p2a: Ninetales
|move|p1a: Great Tusk|Close Combat|p2a: Ninetales
|-damage|p2a: Ninetales|55/100
|-unboost|p1a: Great Tusk|def|1
|-unboost|p1a: Great Tusk|spd|1
|
|-weather|Snowscape|[upkeep]
|upkeep
|turn|16
|
|t:|1757905846
|-end|p1a: Great Tusk|Protosynthesis|[silent]
|switch|p1a: Iron Crown|Iron Crown|85/100
|move|p2a: Ninetales|Aurora Veil|p2a: Ninetales
|-sidestart|p2: adow|move: Aurora Veil
|
|-weather|Snowscape|[upkeep]
|upkeep
|turn|17
|
|t:|1757905854
|switch|p2a: Electrode|Electrode-Hisui|96/100
|move|p1a: Iron Crown|Tachyon Cutter|p2a: Electrode
|-resisted|p2a: Electrode
|-damage|p2a: Electrode|84/100
|-resisted|p2a: Electrode
|-damage|p2a: Electrode|71/100
|-hitcount|p2a: Electrode|2
|
|-weather|Snowscape|[upkeep]
|upkeep
|turn|18
|
|t:|1757905861
|-end|p1a: Iron Crown|Quark Drive|[silent]
|switch|p1a: Rillaboom|Rillaboom, F|70/100
|-fieldstart|move: Grassy Terrain|[from] ability: Grassy Surge|[of] p1a: Rillaboom
|move|p2a: Electrode|Giga Drain|p1a: Rillaboom
|-resisted|p1a: Rillaboom
|-crit|p1a: Rillaboom
|-damage|p1a: Rillaboom|42/100
|-heal|p2a: Electrode|86/100|[from] drain|[of] p1a: Rillaboom
|
|-weather|Snowscape|[upkeep]
|-heal|p2a: Electrode|92/100|[from] Grassy Terrain
|-heal|p1a: Rillaboom|48/100|[from] Grassy Terrain
|upkeep
|turn|19
|
|t:|1757905867
|move|p2a: Electrode|Giga Drain|p1a: Rillaboom
|-resisted|p1a: Rillaboom
|-damage|p1a: Rillaboom|31/100
|-heal|p2a: Electrode|100/100|[from] drain|[of] p1a: Rillaboom
|move|p1a: Rillaboom|U-turn|p2a: Electrode
|-supereffective|p2a: Electrode
|-damage|p2a: Electrode|43/100
|-damage|p1a: Rillaboom|14/100|[from] item: Rocky Helmet|[of] p2a: Electrode
|
|t:|1757905877
|switch|p1a: Iron Crown|Iron Crown|85/100|[from] U-turn
|
|-weather|none
|-heal|p2a: Electrode|49/100|[from] Grassy Terrain
|-heal|p1a: Iron Crown|91/100|[from] Grassy Terrain
|upkeep
|turn|20
|
|t:|1757905884
|move|p2a: Electrode|Volt Switch|p1a: Iron Crown
|-damage|p1a: Iron Crown|70/100
|
|t:|1757905887
|switch|p2a: Incineroar|Incineroar, F|64/100|[from] Volt Switch
|-ability|p2a: Incineroar|Intimidate|boost
|-unboost|p1a: Iron Crown|atk|1
|move|p1a: Iron Crown|Psychic|p2a: Incineroar
|-immune|p2a: Incineroar
|
|-heal|p1a: Iron Crown|76/100|[from] Grassy Terrain
|-heal|p2a: Incineroar|70/100|[from] Grassy Terrain
|upkeep
|turn|21
|
|t:|1757905905
|-end|p1a: Iron Crown|Quark Drive|[silent]
|switch|p1a: Skeler|Skeledirge, M, tera:Water|94/100 brn
|move|p2a: Incineroar|Will-O-Wisp|p1a: Skeler|[miss]
|-miss|p2a: Incineroar|p1a: Skeler
|
|-heal|p1a: Skeler|100/100 brn|[from] Grassy Terrain
|-heal|p2a: Incineroar|76/100|[from] Grassy Terrain
|-damage|p1a: Skeler|94/100 brn|[from] brn
|upkeep
|turn|22
|
|t:|1757905915
|move|p1a: Skeler|Torch Song|p2a: Incineroar
|-resisted|p2a: Incineroar
|-damage|p2a: Incineroar|68/100
|-boost|p1a: Skeler|spa|1
|move|p2a: Incineroar|Parting Shot|p1a: Skeler
|-unboost|p1a: Skeler|atk|1
|-unboost|p1a: Skeler|spa|1
|
|t:|1757905919
|switch|p2a: Electrode|Electrode-Hisui|49/100|[from] Parting Shot
|
|-heal|p2a: Electrode|55/100|[from] Grassy Terrain
|-heal|p1a: Skeler|100/100 brn|[from] Grassy Terrain
|-damage|p1a: Skeler|94/100 brn|[from] brn
|-fieldend|move: Grassy Terrain
|upkeep
|turn|23
|
|t:|1757905926
|move|p2a: Electrode|Volt Switch|p1a: Skeler
|-supereffective|p1a: Skeler
|-damage|p1a: Skeler|56/100 brn
|
|t:|1757905934
|switch|p2a: Incineroar|Incineroar, F|68/100|[from] Volt Switch
|-ability|p2a: Incineroar|Intimidate|boost
|-unboost|p1a: Skeler|atk|1
|move|p1a: Skeler|Torch Song|p2a: Incineroar
|-resisted|p2a: Incineroar
|-damage|p2a: Incineroar|60/100
|-boost|p1a: Skeler|spa|1
|
|-damage|p1a: Skeler|50/100 brn|[from] brn
|-sideend|p2: adow|move: Aurora Veil
|upkeep
|turn|24
|
|t:|1757905940
|move|p1a: Skeler|Substitute|p1a: Skeler
|-start|p1a: Skeler|Substitute
|-damage|p1a: Skeler|26/100 brn
|move|p2a: Incineroar|Parting Shot|p1a: Skeler
|-unboost|p1a: Skeler|atk|1
|-unboost|p1a: Skeler|spa|1
|
|t:|1757905970
|switch|p2a: Ninetales|Ninetales-Alola, F, shiny|55/100|[from] Parting Shot
|-weather|Snowscape|[from] ability: Snow Warning|[of] p2a: Ninetales
|
|-weather|Snowscape|[upkeep]
|-damage|p1a: Skeler|19/100 brn|[from] brn
|upkeep
|turn|25
|
|t:|1757905979
|switch|p1a: Iron Crown|Iron Crown|76/100
|move|p2a: Ninetales|Encore||[still]
|-fail|p2a: Ninetales
|
|-weather|Snowscape|[upkeep]
|upkeep
|turn|26
|
|t:|1757906007
|switch|p2a: Komala|Komala, M|67/100
|-ability|p2a: Komala|Comatose
|move|p1a: Iron Crown|Tachyon Cutter|p2a: Komala
|-damage|p2a: Komala|24/100
|-damage|p2a: Komala|0 fnt
|faint|p2a: Komala
|-hitcount|p2: Komala|2
|
|-weather|Snowscape|[upkeep]
|upkeep
|
|t:|1757906014
|switch|p2a: Electrode|Electrode-Hisui|55/100
|turn|27
|
|t:|1757906028
|move|p2a: Electrode|Giga Drain|p1a: Iron Crown
|-resisted|p1a: Iron Crown
|-damage|p1a: Iron Crown|67/100
|-heal|p2a: Electrode|60/100|[from] drain|[of] p1a: Iron Crown
|move|p1a: Iron Crown|Tachyon Cutter|p2a: Electrode
|-resisted|p2a: Electrode
|-damage|p2a: Electrode|36/100
|-resisted|p2a: Electrode
|-damage|p2a: Electrode|11/100
|-hitcount|p2a: Electrode|2
|
|-weather|Snowscape|[upkeep]
|upkeep
|turn|28
|
|t:|1757906040
|move|p2a: Electrode|Volt Switch|p1a: Iron Crown
|-damage|p1a: Iron Crown|45/100
|
|t:|1757906045
|switch|p2a: Incineroar|Incineroar, F|60/100|[from] Volt Switch
|-ability|p2a: Incineroar|Intimidate|boost
|-unboost|p1a: Iron Crown|atk|1
|move|p1a: Iron Crown|Tachyon Cutter|p2a: Incineroar
|-resisted|p2a: Incineroar
|-damage|p2a: Incineroar|43/100
|-resisted|p2a: Incineroar
|-damage|p2a: Incineroar|25/100
|-hitcount|p2a: Incineroar|2
|
|-weather|none
|upkeep
|turn|29
|
|t:|1757906054
|move|p1a: Iron Crown|Tachyon Cutter|p2a: Incineroar
|-resisted|p2a: Incineroar
|-damage|p2a: Incineroar|7/100
|-resisted|p2a: Incineroar
|-crit|p2a: Incineroar
|-damage|p2a: Incineroar|0 fnt
|faint|p2a: Incineroar
|-hitcount|p2: Incineroar|2
|
|upkeep
|
|t:|1757906056
|switch|p2a: Kommo-o|Kommo-o, F|100/100
|turn|30
|
|t:|1757906063
|-terastallize|p2a: Kommo-o|Steel
|move|p1a: Iron Crown|Tachyon Cutter|p2a: Kommo-o
|-resisted|p2a: Kommo-o
|-damage|p2a: Kommo-o|81/100
|-resisted|p2a: Kommo-o
|-damage|p2a: Kommo-o|60/100
|-hitcount|p2a: Kommo-o|2
|move|p2a: Kommo-o|Clangorous Soul|p2a: Kommo-o
|-boost|p2a: Kommo-o|atk|1
|-boost|p2a: Kommo-o|def|1
|-boost|p2a: Kommo-o|spa|1
|-boost|p2a: Kommo-o|spd|1
|-boost|p2a: Kommo-o|spe|1
|-damage|p2a: Kommo-o|28/100
|
|-heal|p2a: Kommo-o|34/100|[from] item: Leftovers
|upkeep
|turn|31
|
|t:|1757906077
|-end|p1a: Iron Crown|Quark Drive|[silent]
|switch|p1a: Skeler|Skeledirge, M, tera:Water|19/100 brn
|move|p2a: Kommo-o|Drain Punch|p1a: Skeler
|-damage|p1a: Skeler|0 fnt
|-heal|p2a: Kommo-o|47/100|[from] drain|[of] p1a: Skeler
|faint|p1a: Skeler
|
|-heal|p2a: Kommo-o|53/100|[from] item: Leftovers
|upkeep
|
|t:|1757906083
|switch|p1a: Great Tusk|Great Tusk|100/100
|turn|32
|
|t:|1757906094
|switch|p2a: Electrode|Electrode-Hisui|11/100
|move|p1a: Great Tusk|Headlong Rush|p2a: Electrode
|-damage|p2a: Electrode|0 fnt
|-unboost|p1a: Great Tusk|def|1
|-unboost|p1a: Great Tusk|spd|1
|-damage|p1a: Great Tusk|76/100|[from] ability: Aftermath|[of] p2a: Electrode
|-damage|p1a: Great Tusk|59/100|[from] item: Rocky Helmet|[of] p2a: Electrode
|faint|p2a: Electrode
|
|-heal|p1a: Great Tusk|65/100|[from] item: Leftovers
|upkeep
|
|t:|1757906105
|switch|p2a: Ninetales|Ninetales-Alola, F, shiny|55/100
|-weather|Snowscape|[from] ability: Snow Warning|[of] p2a: Ninetales
|turn|33
|
|t:|1757906109
|-end|p1a: Great Tusk|Protosynthesis|[silent]
|switch|p1a: Iron Crown|Iron Crown|45/100
|move|p2a: Ninetales|Aurora Veil|p2a: Ninetales
|-sidestart|p2: adow|move: Aurora Veil
|
|-weather|Snowscape|[upkeep]
|upkeep
|turn|34
|
|t:|1757906117
|move|p1a: Iron Crown|Tachyon Cutter|p2a: Ninetales
|-supereffective|p2a: Ninetales
|-damage|p2a: Ninetales|0 fnt
|faint|p2a: Ninetales
|-hitcount|p2: Ninetales|1
|
|-weather|Snowscape|[upkeep]
|upkeep
|
|t:|1757906119
|switch|p2a: Kommo-o|Kommo-o, F, tera:Steel|53/100
|turn|35
|
|t:|1757906136
|move|p1a: Iron Crown|Tachyon Cutter|p2a: Kommo-o
|-resisted|p2a: Kommo-o
|-damage|p2a: Kommo-o|43/100
|-resisted|p2a: Kommo-o
|-damage|p2a: Kommo-o|32/100
|-hitcount|p2a: Kommo-o|2
|move|p2a: Kommo-o|Clangorous Soul||[still]
|-fail|p2a: Kommo-o
|
|-weather|Snowscape|[upkeep]
|-heal|p2a: Kommo-o|38/100|[from] item: Leftovers
|upkeep
|turn|36
|
|t:|1757906150
|-end|p1a: Iron Crown|Quark Drive|[silent]
|switch|p1a: Enamorus|Enamorus, F|100/100
|move|p2a: Kommo-o|Drain Punch|p1a: Enamorus
|-resisted|p1a: Enamorus
|-damage|p1a: Enamorus|90/100
|-heal|p2a: Kommo-o|43/100|[from] drain|[of] p1a: Enamorus
|
|-weather|Snowscape|[upkeep]
|-heal|p2a: Kommo-o|49/100|[from] item: Leftovers
|upkeep
|turn|37
|
|t:|1757906156
|move|p1a: Enamorus|Earth Power|p2a: Kommo-o
|-supereffective|p2a: Kommo-o
|-damage|p2a: Kommo-o|15/100
|move|p2a: Kommo-o|Flash Cannon|p1a: Enamorus
|-supereffective|p1a: Enamorus
|-damage|p1a: Enamorus|0 fnt
|faint|p1a: Enamorus
|
|-weather|none
|-heal|p2a: Kommo-o|21/100|[from] item: Leftovers
|upkeep
|
|t:|1757906167
|switch|p1a: Samurott|Samurott-Hisui, F|100/100
|turn|38
|
|t:|1757906183
|move|p1a: Samurott|Aqua Jet|p2a: Kommo-o
|-damage|p2a: Kommo-o|12/100
|move|p2a: Kommo-o|Drain Punch|p1a: Samurott
|-supereffective|p1a: Samurott
|-damage|p1a: Samurott|33/100
|-heal|p2a: Kommo-o|51/100|[from] drain|[of] p1a: Samurott
|
|-heal|p2a: Kommo-o|57/100|[from] item: Leftovers
|upkeep
|turn|39
|
|t:|1757906194
|move|p1a: Samurott|Aqua Jet|p2a: Kommo-o
|-damage|p2a: Kommo-o|47/100
|move|p2a: Kommo-o|Drain Punch|p1a: Samurott
|-supereffective|p1a: Samurott
|-damage|p1a: Samurott|0 fnt
|-heal|p2a: Kommo-o|66/100|[from] drain|[of] p1a: Samurott
|faint|p1a: Samurott
|
|-heal|p2a: Kommo-o|72/100|[from] item: Leftovers
|upkeep
|
|t:|1757906196
|switch|p1a: Great Tusk|Great Tusk|65/100
|turn|40
|
|t:|1757906203
|move|p2a: Kommo-o|Drain Punch|p1a: Great Tusk
|-damage|p1a: Great Tusk|48/100
|-heal|p2a: Kommo-o|85/100|[from] drain|[of] p1a: Great Tusk
|move|p1a: Great Tusk|Close Combat|p2a: Kommo-o
|-supereffective|p2a: Kommo-o
|-damage|p2a: Kommo-o|20/100
|-unboost|p1a: Great Tusk|def|1
|-unboost|p1a: Great Tusk|spd|1
|
|-heal|p2a: Kommo-o|27/100|[from] item: Leftovers
|-heal|p1a: Great Tusk|55/100|[from] item: Leftovers
|-sideend|p2: adow|move: Aurora Veil
|upkeep
|turn|41
|
|t:|1757906214
|move|p2a: Kommo-o|Drain Punch|p1a: Great Tusk
|-damage|p1a: Great Tusk|28/100
|-heal|p2a: Kommo-o|46/100|[from] drain|[of] p1a: Great Tusk
|move|p1a: Great Tusk|Close Combat|p2a: Kommo-o
|-supereffective|p2a: Kommo-o
|-damage|p2a: Kommo-o|0 fnt
|-unboost|p1a: Great Tusk|def|1
|-unboost|p1a: Great Tusk|spd|1
|faint|p2a: Kommo-o
|
|-heal|p1a: Great Tusk|34/100|[from] item: Leftovers
|upkeep
|
|t:|1757906218
|switch|p2a: Toucannon|Toucannon, F|85/100
|turn|42
|
|t:|1757906229
|-singleturn|p2a: Toucannon|move: Beak Blast
|move|p1a: Great Tusk|Close Combat|p2a: Toucannon
|-damage|p2a: Toucannon|27/100
|-status|p1a: Great Tusk|brn
|-unboost|p1a: Great Tusk|def|1
|-unboost|p1a: Great Tusk|spd|1
|-damage|p1a: Great Tusk|18/100 brn|[from] item: Rocky Helmet|[of] p2a: Toucannon
|move|p2a: Toucannon|Beak Blast|p1a: Great Tusk
|-supereffective|p1a: Great Tusk
|-damage|p1a: Great Tusk|0 fnt
|faint|p1a: Great Tusk
|-end|p1a: Great Tusk|Protosynthesis|[silent]
|
|upkeep
|
|t:|1757906232
|switch|p1a: Iron Crown|Iron Crown|45/100
|turn|43
|
|t:|1757906235
|move|p1a: Iron Crown|Tachyon Cutter|p2a: Toucannon
|-damage|p2a: Toucannon|0 fnt
|faint|p2a: Toucannon
|-hitcount|p2: Toucannon|1
|
|win|Yosebas16
|c|☆Yosebas16|Ggs
|c|☆adow|Gg estubo buena
|l|☆adow
|player|p2|
|j|☆adow
|player|p2|adow|veteran|
