|j|☆king of spycrabs
|j|☆darretyle2
|t:|1757919694
|gametype|singles
|player|p1|king of spycrabs|swimmer-gen4dp|1486
|player|p2|darretyle2|1|1427
|gen|9
|tier|[Gen 9] OU
|rated|
|rule|HP Percentage Mod: HP is shown in percentages
|rule|Endless Battle Clause: Forcing endless battles is banned
|rule|Species Clause: Limit one of each Pokémon
|rule|OHKO Clause: OHKO moves are banned
|rule|Evasion Items Clause: Evasion items are banned
|rule|Evasion Moves Clause: Evasion moves are banned
|rule|Evasion Abilities Clause: Evasion abilities are banned
|rule|Sleep Moves Clause: Sleep-inducing moves are banned
|clearpoke
|poke|p1|Ursaluna, F|
|poke|p1|Alomomola, F|
|poke|p1|Pecharunt|
|poke|p1|Iron Treads|
|poke|p1|Landorus-Therian, M|
|poke|p1|Iron Valiant|
|poke|p2|Ninetales-Alola, F|
|poke|p2|Maushold|
|poke|p2|Mew|
|poke|p2|Rhyperior, F|
|poke|p2|Slither Wing|
|poke|p2|Gyarados, F|
|teampreview
|inactive|Battle timer is ON: inactive players will automatically lose when time's up. (requested by king of spycrabs)
|
|t:|1757919701
|teamsize|p1|6
|teamsize|p2|6
|start
|switch|p1a: Iron Valiant|Iron Valiant|100/100
|switch|p2a: Ninetales|Ninetales-Alola, F|100/100
|-weather|Snowscape|[from] ability: Snow Warning|[of] p2a: Ninetales
|turn|1
|
|t:|1757919705
|-terastallize|p1a: Iron Valiant|Fairy
|move|p1a: Iron Valiant|Moonblast|p2a: Ninetales
|-damage|p2a: Ninetales|3/100
|-unboost|p2a: Ninetales|spa|1
|move|p2a: Ninetales|Aurora Veil|p2a: Ninetales
|-sidestart|p2: darretyle2|move: Aurora Veil
|
|-weather|Snowscape|[upkeep]
|upkeep
|turn|2
|
|t:|1757919714
|switch|p2a: Gyarados|Gyarados, F|100/100
|move|p1a: Iron Valiant|Moonblast|p2a: Gyarados
|-damage|p2a: Gyarados|58/100
|-unboost|p2a: Gyarados|spa|1
|
|-weather|Snowscape|[upkeep]
|upkeep
|turn|3
|
|t:|1757919716
|move|p1a: Iron Valiant|Moonblast|p2a: Gyarados
|-damage|p2a: Gyarados|15/100
|move|p2a: Gyarados|Dragon Dance|p2a: Gyarados
|-boost|p2a: Gyarados|atk|1
|-boost|p2a: Gyarados|spe|1
|
|-weather|Snowscape|[upkeep]
|upkeep
|turn|4
|
|t:|1757919721
|-end|p1a: Iron Valiant|Quark Drive|[silent]
|switch|p1a: Pecharunt|Pecharunt|100/100
|-item|p1a: Pecharunt|Air Balloon
|move|p2a: Gyarados|Waterfall|p1a: Pecharunt
|-damage|p1a: Pecharunt|68/100
|-enditem|p1a: Pecharunt|Air Balloon
|
|-weather|Snowscape|[upkeep]
|upkeep
|turn|5
|
|t:|1757919725
|move|p2a: Gyarados|Rest|p2a: Gyarados
|-status|p2a: Gyarados|slp|[from] move: Rest
|-heal|p2a: Gyarados|100/100 slp|[silent]
|-enditem|p2a: Gyarados|Chesto Berry|[eat]
|-curestatus|p2a: Gyarados|slp|[msg]
|move|p1a: Pecharunt|Malignant Chain|p2a: Gyarados
|-damage|p2a: Gyarados|87/100
|
|-weather|none
|upkeep
|turn|6
|
|t:|1757919729
|move|p2a: Gyarados|Dragon Dance|p2a: Gyarados
|-boost|p2a: Gyarados|atk|1
|-boost|p2a: Gyarados|spe|1
|move|p1a: Pecharunt|Parting Shot|p2a: Gyarados
|-unboost|p2a: Gyarados|atk|1
|-unboost|p2a: Gyarados|spa|1
|
|t:|1757919733
|switch|p1a: Landorus|Landorus-Therian, M|100/100|[from] Parting Shot
|-ability|p1a: Landorus|Intimidate|boost
|-unboost|p2a: Gyarados|atk|1
|
|upkeep
|turn|7
|
|t:|1757919753
|move|p1a: Landorus|Stone Edge|p2a: Gyarados
|-supereffective|p2a: Gyarados
|-damage|p2a: Gyarados|46/100
|move|p2a: Gyarados|Dragon Dance|p2a: Gyarados
|-boost|p2a: Gyarados|atk|1
|-boost|p2a: Gyarados|spe|1
|
|upkeep
|turn|8
|
|t:|1757919757
|move|p2a: Gyarados|Waterfall|p1a: Landorus
|-supereffective|p1a: Landorus
|-damage|p1a: Landorus|0 fnt
|faint|p1a: Landorus
|-ability|p2a: Gyarados|Moxie|boost
|-boost|p2a: Gyarados|atk|1
|
|-sideend|p2: darretyle2|move: Aurora Veil
|upkeep
|
|t:|1757919762
|switch|p1a: Ursaluna|Ursaluna, F|100/100
|turn|9
|
|t:|1757919765
|move|p2a: Gyarados|Crunch|p1a: Ursaluna
|-damage|p1a: Ursaluna|58/100
|-unboost|p1a: Ursaluna|def|1
|move|p1a: Ursaluna|Facade|p2a: Gyarados
|-damage|p2a: Gyarados|0 fnt
|faint|p2a: Gyarados
|
|-status|p1a: Ursaluna|brn|[from] item: Flame Orb
|upkeep
|
|t:|1757919773
|switch|p2a: Ninetales|Ninetales-Alola, F|3/100
|-weather|Snowscape|[from] ability: Snow Warning|[of] p2a: Ninetales
|turn|10
|
|t:|1757919776
|move|p2a: Ninetales|Aurora Veil|p2a: Ninetales
|-sidestart|p2: darretyle2|move: Aurora Veil
|move|p1a: Ursaluna|Facade|p2a: Ninetales
|-damage|p2a: Ninetales|0 fnt
|faint|p2a: Ninetales
|
|-weather|Snowscape|[upkeep]
|-damage|p1a: Ursaluna|52/100 brn|[from] brn
|upkeep
|
|t:|1757919785
|switch|p2a: Slither Wing|Slither Wing|100/100
|-enditem|p2a: Slither Wing|Booster Energy
|-activate|p2a: Slither Wing|ability: Protosynthesis|[fromitem]
|-start|p2a: Slither Wing|protosynthesisatk
|turn|11
|
|t:|1757919789
|switch|p1a: Alomomola|Alomomola, F|100/100
|move|p2a: Slither Wing|Bulk Up|p2a: Slither Wing
|-boost|p2a: Slither Wing|atk|1
|-boost|p2a: Slither Wing|def|1
|
|-weather|Snowscape|[upkeep]
|upkeep
|turn|12
|
|t:|1757919794
|move|p2a: Slither Wing|Flame Charge|p1a: Alomomola
|-resisted|p1a: Alomomola
|-damage|p1a: Alomomola|89/100
|-boost|p2a: Slither Wing|spe|1
|-damage|p2a: Slither Wing|84/100|[from] item: Rocky Helmet|[of] p1a: Alomomola
|move|p1a: Alomomola|Wish|p1a: Alomomola
|
|-weather|Snowscape|[upkeep]
|upkeep
|turn|13
|
|t:|1757919797
|move|p2a: Slither Wing|Bulk Up|p2a: Slither Wing
|-boost|p2a: Slither Wing|atk|1
|-boost|p2a: Slither Wing|def|1
|move|p1a: Alomomola|Flip Turn|p2a: Slither Wing
|-damage|p2a: Slither Wing|78/100
|
|t:|1757919799
|switch|p1a: Pecharunt|Pecharunt|68/100|[from] Flip Turn
|
|-weather|Snowscape|[upkeep]
|-heal|p1a: Pecharunt|100/100|[from] move: Wish|[wisher] Alomomola
|upkeep
|turn|14
|
|t:|1757919804
|move|p2a: Slither Wing|Acrobatics|p1a: Pecharunt
|-damage|p1a: Pecharunt|49/100
|move|p1a: Pecharunt|Malignant Chain|p2a: Slither Wing
|-damage|p2a: Slither Wing|61/100
|
|-weather|none
|upkeep
|turn|15
|
|t:|1757919807
|move|p2a: Slither Wing|Acrobatics|p1a: Pecharunt
|-damage|p1a: Pecharunt|0 fnt
|faint|p1a: Pecharunt
|
|upkeep
|
|t:|1757919811
|switch|p1a: Alomomola|Alomomola, F|100/100
|turn|16
|
|t:|1757919813
|move|p2a: Slither Wing|Bulk Up|p2a: Slither Wing
|-boost|p2a: Slither Wing|atk|1
|-boost|p2a: Slither Wing|def|1
|move|p1a: Alomomola|Flip Turn|p2a: Slither Wing
|-damage|p2a: Slither Wing|57/100
|
|t:|1757919815
|switch|p1a: Iron Treads|Iron Treads|100/100|[from] Flip Turn
|
|upkeep
|turn|17
|
|t:|1757919818
|-end|p1a: Iron Treads|Quark Drive|[silent]
|switch|p1a: Alomomola|Alomomola, F|100/100
|move|p2a: Slither Wing|Flame Charge|p1a: Alomomola
|-resisted|p1a: Alomomola
|-damage|p1a: Alomomola|80/100
|-boost|p2a: Slither Wing|spe|1
|-damage|p2a: Slither Wing|40/100|[from] item: Rocky Helmet|[of] p1a: Alomomola
|
|-sideend|p2: darretyle2|move: Aurora Veil
|upkeep
|turn|18
|
|t:|1757919821
|move|p2a: Slither Wing|Acrobatics|p1a: Alomomola
|-damage|p1a: Alomomola|0 fnt
|-damage|p2a: Slither Wing|24/100|[from] item: Rocky Helmet|[of] p1a: Alomomola
|faint|p1a: Alomomola
|
|upkeep
|
|t:|1757919828
|switch|p1a: Iron Valiant|Iron Valiant, tera:Fairy|100/100
|turn|19
|
|t:|1757919831
|move|p1a: Iron Valiant|Vacuum Wave|p2a: Slither Wing
|-resisted|p2a: Slither Wing
|-damage|p2a: Slither Wing|8/100
|move|p2a: Slither Wing|Acrobatics|p1a: Iron Valiant
|-damage|p1a: Iron Valiant|0 fnt
|faint|p1a: Iron Valiant
|-end|p1a: Iron Valiant|Quark Drive|[silent]
|
|upkeep
|-message|king of spycrabs forfeited.
|
|win|darretyle2
|raw|king of spycrabs's rating: 1486 &rarr; <strong>1463</strong><br />(-23 for losing)
|raw|darretyle2's rating: 1427 &rarr; <strong>1450</strong><br />(+23 for winning)
|l|☆king of spycrabs
|player|p1|
|l|☆darretyle2
|player|p2|
