|j|☆dollardasenee
|j|☆hameed425
|t:|1757826447
|gametype|singles
|player|p1|dollardasenee|cyrus|1378
|player|p2|hameed425|101|1375
|gen|9
|tier|[Gen 9] OU
|rated|
|rule|HP Percentage Mod: HP is shown in percentages
|rule|Endless Battle Clause: Forcing endless battles is banned
|rule|Species Clause: Limit one of each Pokémon
|rule|OHKO Clause: OHKO moves are banned
|rule|Evasion Items Clause: Evasion items are banned
|rule|Evasion Moves Clause: Evasion moves are banned
|rule|Evasion Abilities Clause: Evasion abilities are banned
|rule|Sleep Moves Clause: Sleep-inducing moves are banned
|clearpoke
|poke|p1|Garganacl, M|
|poke|p1|Kingambit, M|
|poke|p1|Iron Treads|
|poke|p1|Dragapult, M|
|poke|p1|Iron Moth|
|poke|p1|Araquanid, F|
|poke|p2|Gliscor, F|
|poke|p2|Alomomola, M|
|poke|p2|Quagsire, M|
|poke|p2|Blissey, F|
|poke|p2|Mew|
|poke|p2|Moltres|
|teampreview
|
|t:|1757826457
|teamsize|p1|6
|teamsize|p2|6
|start
|switch|p1a: Iron Treads|Iron Treads|100/100
|switch|p2a: Gliscor|Gliscor, F|100/100
|-enditem|p1a: Iron Treads|Booster Energy
|-activate|p1a: Iron Treads|ability: Quark Drive|[fromitem]
|-start|p1a: Iron Treads|quarkdrivespe
|turn|1
|
|t:|1757826462
|move|p2a: Gliscor|Protect|p2a: Gliscor
|-singleturn|p2a: Gliscor|Protect
|move|p1a: Iron Treads|Knock Off|p2a: Gliscor
|-activate|p2a: Gliscor|move: Protect
|
|-status|p2a: Gliscor|tox|[from] item: Toxic Orb
|upkeep
|turn|2
|
|t:|1757826474
|-end|p1a: Iron Treads|Quark Drive|[silent]
|switch|p1a: Araquanid|Araquanid, F|100/100
|move|p2a: Gliscor|Knock Off|p1a: Araquanid
|-damage|p1a: Araquanid|77/100
|-enditem|p1a: Araquanid|Leftovers|[from] move: Knock Off|[of] p2a: Gliscor
|
|upkeep
|turn|3
|
|t:|1757826481
|move|p2a: Gliscor|Toxic|p1a: Araquanid
|-status|p1a: Araquanid|tox
|move|p1a: Araquanid|Sticky Web|p2a: Gliscor
|-sidestart|p2: hameed425|move: Sticky Web
|
|-damage|p1a: Araquanid|70/100 tox|[from] psn
|upkeep
|turn|4
|
|t:|1757826486
|move|p2a: Gliscor|Protect|p2a: Gliscor
|-singleturn|p2a: Gliscor|Protect
|move|p1a: Araquanid|Liquidation|p2a: Gliscor
|-activate|p2a: Gliscor|move: Protect
|
|-damage|p1a: Araquanid|58/100 tox|[from] psn
|upkeep
|turn|5
|
|t:|1757826492
|switch|p2a: Alomomola|Alomomola, M|100/100
|move|p1a: Araquanid|Liquidation|p2a: Alomomola
|-resisted|p2a: Alomomola
|-damage|p2a: Alomomola|84/100
|
|-damage|p1a: Araquanid|40/100 tox|[from] psn
|upkeep
|turn|6
|
|t:|1757826498
|move|p2a: Alomomola|Flip Turn|p1a: Araquanid
|-resisted|p1a: Araquanid
|-damage|p1a: Araquanid|30/100 tox
|
|t:|1757826505
|switch|p2a: Gliscor|Gliscor, F|100/100 tox|[from] Flip Turn
|move|p1a: Araquanid|Leech Life|p2a: Gliscor
|-resisted|p2a: Gliscor
|-damage|p2a: Gliscor|92/100 tox
|-heal|p1a: Araquanid|35/100 tox|[from] drain|[of] p2a: Gliscor
|
|-heal|p2a: Gliscor|100/100 tox|[from] ability: Poison Heal
|-damage|p1a: Araquanid|10/100 tox|[from] psn
|upkeep
|turn|7
|
|t:|1757826512
|move|p2a: Gliscor|Protect|p2a: Gliscor
|-singleturn|p2a: Gliscor|Protect
|move|p1a: Araquanid|Liquidation|p2a: Gliscor
|-activate|p2a: Gliscor|move: Protect
|
|-damage|p1a: Araquanid|0 fnt|[from] psn
|faint|p1a: Araquanid
|upkeep
|
|t:|1757826517
|switch|p1a: Iron Moth|Iron Moth|100/100
|-enditem|p1a: Iron Moth|Booster Energy
|-activate|p1a: Iron Moth|ability: Quark Drive|[fromitem]
|-start|p1a: Iron Moth|quarkdrivespa
|turn|8
|
|t:|1757826526
|switch|p2a: Moltres|Moltres|100/100
|-terastallize|p1a: Iron Moth|Ice
|move|p1a: Iron Moth|Tera Blast|p2a: Moltres|[anim] Tera Blast Ice
|-damage|p2a: Moltres|42/100
|
|upkeep
|turn|9
|
|t:|1757826533
|switch|p2a: Blissey|Blissey, F|100/100
|move|p1a: Iron Moth|Sludge Wave|p2a: Blissey
|-damage|p2a: Blissey|81/100
|
|upkeep
|turn|10
|
|t:|1757826538
|-end|p1a: Iron Moth|Quark Drive|[silent]
|switch|p1a: Dragapult|Dragapult, M|100/100
|move|p2a: Blissey|Calm Mind|p2a: Blissey
|-boost|p2a: Blissey|spa|1
|-boost|p2a: Blissey|spd|1
|
|upkeep
|turn|11
|
|t:|1757826543
|switch|p2a: Gliscor|Gliscor, F|100/100 tox
|move|p1a: Dragapult|Flamethrower|p2a: Gliscor
|-crit|p2a: Gliscor
|-damage|p2a: Gliscor|34/100 tox
|
|-heal|p2a: Gliscor|47/100 tox|[from] ability: Poison Heal
|upkeep
|turn|12
|
|t:|1757826546
|move|p2a: Gliscor|Protect|p2a: Gliscor
|-singleturn|p2a: Gliscor|Protect
|move|p1a: Dragapult|Flamethrower|p2a: Gliscor
|-activate|p2a: Gliscor|move: Protect
|
|-heal|p2a: Gliscor|59/100 tox|[from] ability: Poison Heal
|upkeep
|turn|13
|
|t:|1757826552
|switch|p2a: Alomomola|Alomomola, M|100/100
|move|p1a: Dragapult|Flamethrower|p2a: Alomomola
|-resisted|p2a: Alomomola
|-damage|p2a: Alomomola|79/100
|
|upkeep
|turn|14
|
|t:|1757826557
|move|p1a: Dragapult|Flamethrower|p2a: Alomomola
|-resisted|p2a: Alomomola
|-damage|p2a: Alomomola|58/100
|move|p2a: Alomomola|Wish|p2a: Alomomola
|
|upkeep
|turn|15
|inactive|Battle timer is ON: inactive players will automatically lose when time's up. (requested by dollardasenee)
|
|t:|1757826560
|move|p1a: Dragapult|Flamethrower|p2a: Alomomola
|-resisted|p2a: Alomomola
|-damage|p2a: Alomomola|34/100
|move|p2a: Alomomola|Flip Turn|p1a: Dragapult
|-resisted|p1a: Dragapult
|-crit|p1a: Dragapult
|-damage|p1a: Dragapult|83/100
|
|t:|1757826562
|switch|p2a: Moltres|Moltres|42/100|[from] Flip Turn
|
|-heal|p2a: Moltres|100/100|[from] move: Wish|[wisher] Alomomola
|upkeep
|turn|16
|
|t:|1757826568
|switch|p1a: Garganacl|Garganacl, M|100/100
|move|p2a: Moltres|U-turn|p1a: Garganacl
|-damage|p1a: Garganacl|90/100
|
|t:|1757826574
|switch|p2a: Gliscor|Gliscor, F|59/100 tox|[from] U-turn
|
|-heal|p1a: Garganacl|97/100|[from] item: Leftovers
|-heal|p2a: Gliscor|72/100 tox|[from] ability: Poison Heal
|upkeep
|turn|17
|
|t:|1757826577
|move|p2a: Gliscor|Knock Off|p1a: Garganacl
|-damage|p1a: Garganacl|81/100
|-enditem|p1a: Garganacl|Leftovers|[from] move: Knock Off|[of] p2a: Gliscor
|move|p1a: Garganacl|Salt Cure|p2a: Gliscor
|-damage|p2a: Gliscor|63/100 tox
|-start|p2a: Gliscor|Salt Cure
|
|-heal|p2a: Gliscor|75/100 tox|[from] ability: Poison Heal
|-damage|p2a: Gliscor|63/100 tox|[from] Salt Cure
|upkeep
|turn|18
|
|t:|1757826581
|move|p2a: Gliscor|Stealth Rock|p1a: Garganacl
|-sidestart|p1: dollardasenee|move: Stealth Rock
|move|p1a: Garganacl|Iron Defense|p1a: Garganacl
|-boost|p1a: Garganacl|def|2
|
|-heal|p2a: Gliscor|75/100 tox|[from] ability: Poison Heal
|-damage|p2a: Gliscor|63/100 tox|[from] Salt Cure
|upkeep
|turn|19
|
|t:|1757826596
|switch|p2a: Mew|Mew|100/100
|move|p1a: Garganacl|Iron Defense|p1a: Garganacl
|-boost|p1a: Garganacl|def|2
|
|upkeep
|turn|20
|
|t:|1757826611
|move|p2a: Mew|Spikes|p1a: Garganacl
|-sidestart|p1: dollardasenee|Spikes
|move|p1a: Garganacl|Salt Cure|p2a: Mew
|-damage|p2a: Mew|92/100
|-start|p2a: Mew|Salt Cure
|
|-damage|p2a: Mew|80/100|[from] Salt Cure
|upkeep
|turn|21
|
|t:|1757826616
|move|p2a: Mew|Spikes|p1a: Garganacl
|-sidestart|p1: dollardasenee|Spikes
|move|p1a: Garganacl|Iron Defense|p1a: Garganacl
|-boost|p1a: Garganacl|def|2
|
|-damage|p2a: Mew|67/100|[from] Salt Cure
|upkeep
|turn|22
|
|t:|1757826624
|switch|p2a: Quagsire|Quagsire, M|100/100
|move|p1a: Garganacl|Body Press|p2a: Quagsire
|-damage|p2a: Quagsire|86/100
|
|upkeep
|turn|23
|inactive|hameed425 has 120 seconds left.
|
|t:|1757826682
|move|p1a: Garganacl|Salt Cure|p2a: Quagsire
|-resisted|p2a: Quagsire
|-damage|p2a: Quagsire|81/100
|-start|p2a: Quagsire|Salt Cure
|move|p2a: Quagsire|Curse|p2a: Quagsire
|-unboost|p2a: Quagsire|spe|1
|-boost|p2a: Quagsire|atk|1
|-boost|p2a: Quagsire|def|1
|
|-damage|p2a: Quagsire|56/100|[from] Salt Cure
|upkeep
|turn|24
|
|t:|1757826688
|move|p1a: Garganacl|Body Press|p2a: Quagsire
|-damage|p2a: Quagsire|45/100
|move|p2a: Quagsire|Waterfall|p1a: Garganacl
|-supereffective|p1a: Garganacl
|-damage|p1a: Garganacl|36/100
|
|-damage|p2a: Quagsire|20/100|[from] Salt Cure
|upkeep
|turn|25
|
|t:|1757826693
|move|p1a: Garganacl|Recover|p1a: Garganacl
|-heal|p1a: Garganacl|86/100
|move|p2a: Quagsire|Recover|p2a: Quagsire
|-heal|p2a: Quagsire|70/100
|
|-damage|p2a: Quagsire|45/100|[from] Salt Cure
|upkeep
|turn|26
|
|t:|1757826701
|move|p1a: Garganacl|Salt Cure|p2a: Quagsire
|-resisted|p2a: Quagsire
|-damage|p2a: Quagsire|42/100
|move|p2a: Quagsire|Recover|p2a: Quagsire
|-heal|p2a: Quagsire|92/100
|
|-damage|p2a: Quagsire|67/100|[from] Salt Cure
|upkeep
|turn|27
|
|t:|1757826705
|switch|p2a: Gliscor|Gliscor, F|63/100 tox
|move|p1a: Garganacl|Body Press|p2a: Gliscor
|-resisted|p2a: Gliscor
|-damage|p2a: Gliscor|37/100 tox
|
|-heal|p2a: Gliscor|50/100 tox|[from] ability: Poison Heal
|upkeep
|turn|28
|
|t:|1757826711
|move|p2a: Gliscor|Protect|p2a: Gliscor
|-singleturn|p2a: Gliscor|Protect
|move|p1a: Garganacl|Salt Cure|p2a: Gliscor
|-activate|p2a: Gliscor|move: Protect
|
|-heal|p2a: Gliscor|62/100 tox|[from] ability: Poison Heal
|upkeep
|turn|29
|
|t:|1757826728
|switch|p2a: Alomomola|Alomomola, M|67/100
|move|p1a: Garganacl|Salt Cure|p2a: Alomomola
|-damage|p2a: Alomomola|59/100
|-start|p2a: Alomomola|Salt Cure
|
|-damage|p2a: Alomomola|34/100|[from] Salt Cure
|upkeep
|turn|30
|
|t:|1757826738
|switch|p2a: Gliscor|Gliscor, F|62/100 tox
|move|p1a: Garganacl|Salt Cure|p2a: Gliscor
|-crit|p2a: Gliscor
|-damage|p2a: Gliscor|50/100 tox
|-start|p2a: Gliscor|Salt Cure
|
|-heal|p2a: Gliscor|62/100 tox|[from] ability: Poison Heal
|-damage|p2a: Gliscor|50/100 tox|[from] Salt Cure
|upkeep
|turn|31
|
|t:|1757826756
|switch|p2a: Mew|Mew|67/100
|move|p1a: Garganacl|Salt Cure|p2a: Mew
|-damage|p2a: Mew|59/100
|-start|p2a: Mew|Salt Cure
|
|-damage|p2a: Mew|46/100|[from] Salt Cure
|upkeep
|turn|32
|
|t:|1757826766
|switch|p2a: Alomomola|Alomomola, M|67/100
|move|p1a: Garganacl|Body Press|p2a: Alomomola
|-damage|p2a: Alomomola|16/100
|
|upkeep
|turn|33
|inactive|hameed425 has 120 seconds left.
|
|t:|1757826789
|move|p2a: Alomomola|Protect|p2a: Alomomola
|-singleturn|p2a: Alomomola|Protect
|move|p1a: Garganacl|Salt Cure|p2a: Alomomola
|-activate|p2a: Alomomola|move: Protect
|
|upkeep
|turn|34
|inactive|hameed425 has 120 seconds left.
|
|t:|1757826800
|switch|p2a: Gliscor|Gliscor, F|50/100 tox
|move|p1a: Garganacl|Salt Cure|p2a: Gliscor
|-damage|p2a: Gliscor|42/100 tox
|-start|p2a: Gliscor|Salt Cure
|
|-heal|p2a: Gliscor|55/100 tox|[from] ability: Poison Heal
|-damage|p2a: Gliscor|42/100 tox|[from] Salt Cure
|upkeep
|turn|35
|inactive|hameed425 has 120 seconds left.
|
|t:|1757826811
|switch|p2a: Mew|Mew|46/100
|move|p1a: Garganacl|Body Press|p2a: Mew
|-resisted|p2a: Mew
|-crit|p2a: Mew
|-damage|p2a: Mew|8/100
|
|upkeep
|turn|36
|inactive|hameed425 has 120 seconds left.
|
|t:|1757826826
|switch|p2a: Gliscor|Gliscor, F|42/100 tox
|move|p1a: Garganacl|Salt Cure|p2a: Gliscor
|-damage|p2a: Gliscor|33/100 tox
|-start|p2a: Gliscor|Salt Cure
|
|-heal|p2a: Gliscor|46/100 tox|[from] ability: Poison Heal
|-damage|p2a: Gliscor|33/100 tox|[from] Salt Cure
|upkeep
|turn|37
|inactive|hameed425 has 120 seconds left.
|
|t:|1757826840
|switch|p2a: Moltres|Moltres|100/100
|move|p1a: Garganacl|Salt Cure|p2a: Moltres
|-supereffective|p2a: Moltres
|-damage|p2a: Moltres|57/100
|-start|p2a: Moltres|Salt Cure
|
|-damage|p2a: Moltres|44/100|[from] Salt Cure
|upkeep
|turn|38
|inactive|hameed425 has 120 seconds left.
|
|t:|1757826849
|move|p1a: Garganacl|Salt Cure|p2a: Moltres
|-supereffective|p2a: Moltres
|-damage|p2a: Moltres|3/100
|move|p2a: Moltres|Roar|p1a: Garganacl
|drag|p1a: Kingambit|Kingambit, M|100/100
|-damage|p1a: Kingambit|94/100|[from] Stealth Rock
|-damage|p1a: Kingambit|78/100|[from] Spikes
|-activate|p1a: Kingambit|ability: Supreme Overlord
|-start|p1a: Kingambit|fallen1|[silent]
|
|-damage|p2a: Moltres|0 fnt|[from] Salt Cure
|faint|p2a: Moltres
|upkeep
|inactive|hameed425 has 120 seconds left.
|
|t:|1757826855
|switch|p2a: Alomomola|Alomomola, M|50/100
|turn|39
|
|t:|1757826861
|move|p1a: Kingambit|Kowtow Cleave|p2a: Alomomola
|-damage|p2a: Alomomola|21/100
|move|p2a: Alomomola|Wish|p2a: Alomomola
|
|upkeep
|turn|40
|
|t:|1757826869
|-end|p1a: Kingambit|fallen1|[silent]
|switch|p1a: Garganacl|Garganacl, M|86/100
|-damage|p1a: Garganacl|74/100|[from] Stealth Rock
|-damage|p1a: Garganacl|57/100|[from] Spikes
|switch|p2a: Gliscor|Gliscor, F|33/100 tox
|
|-heal|p2a: Gliscor|100/100 tox|[from] move: Wish|[wisher] Alomomola
|upkeep
|turn|41
|
|t:|1757826882
|switch|p2a: Quagsire|Quagsire, M|67/100
|move|p1a: Garganacl|Iron Defense|p1a: Garganacl
|-boost|p1a: Garganacl|def|2
|
|upkeep
|turn|42
|
|t:|1757826892
|-terastallize|p2a: Quagsire|Grass
|move|p1a: Garganacl|Recover|p1a: Garganacl
|-heal|p1a: Garganacl|100/100
|move|p2a: Quagsire|Curse|p2a: Quagsire
|-unboost|p2a: Quagsire|spe|1
|-boost|p2a: Quagsire|atk|1
|-boost|p2a: Quagsire|def|1
|
|upkeep
|turn|43
|
|t:|1757826899
|move|p1a: Garganacl|Salt Cure|p2a: Quagsire
|-damage|p2a: Quagsire|61/100
|-start|p2a: Quagsire|Salt Cure
|move|p2a: Quagsire|Waterfall|p1a: Garganacl
|-supereffective|p1a: Garganacl
|-damage|p1a: Garganacl|49/100
|
|-damage|p2a: Quagsire|48/100|[from] Salt Cure
|upkeep
|turn|44
|
|t:|1757826905
|move|p1a: Garganacl|Recover|p1a: Garganacl
|-heal|p1a: Garganacl|99/100
|move|p2a: Quagsire|Curse|p2a: Quagsire
|-unboost|p2a: Quagsire|spe|1
|-boost|p2a: Quagsire|atk|1
|-boost|p2a: Quagsire|def|1
|
|-damage|p2a: Quagsire|36/100|[from] Salt Cure
|upkeep
|turn|45
|
|t:|1757826912
|move|p1a: Garganacl|Iron Defense|p1a: Garganacl
|-boost|p1a: Garganacl|def|2
|move|p2a: Quagsire|Recover|p2a: Quagsire
|-heal|p2a: Quagsire|86/100
|
|-damage|p2a: Quagsire|74/100|[from] Salt Cure
|upkeep
|turn|46
|
|t:|1757826916
|move|p1a: Garganacl|Iron Defense|p1a: Garganacl
|-boost|p1a: Garganacl|def|2
|move|p2a: Quagsire|Waterfall|p1a: Garganacl
|-supereffective|p1a: Garganacl
|-damage|p1a: Garganacl|29/100
|
|-damage|p2a: Quagsire|61/100|[from] Salt Cure
|upkeep
|turn|47
|
|t:|1757826920
|move|p1a: Garganacl|Recover|p1a: Garganacl
|-heal|p1a: Garganacl|79/100
|move|p2a: Quagsire|Curse|p2a: Quagsire
|-unboost|p2a: Quagsire|spe|1
|-boost|p2a: Quagsire|atk|1
|-boost|p2a: Quagsire|def|1
|
|-damage|p2a: Quagsire|49/100|[from] Salt Cure
|upkeep
|turn|48
|
|t:|1757826923
|move|p1a: Garganacl|Recover|p1a: Garganacl
|-heal|p1a: Garganacl|100/100
|move|p2a: Quagsire|Recover|p2a: Quagsire
|-heal|p2a: Quagsire|99/100
|
|-damage|p2a: Quagsire|86/100|[from] Salt Cure
|upkeep
|turn|49
|
|t:|1757826930
|move|p1a: Garganacl|Body Press|p2a: Quagsire
|-damage|p2a: Quagsire|80/100
|move|p2a: Quagsire|Waterfall|p1a: Garganacl
|-supereffective|p1a: Garganacl
|-damage|p1a: Garganacl|24/100
|
|-damage|p2a: Quagsire|68/100|[from] Salt Cure
|upkeep
|turn|50
|
|t:|1757826935
|move|p1a: Garganacl|Recover|p1a: Garganacl
|-heal|p1a: Garganacl|74/100
|move|p2a: Quagsire|Curse|p2a: Quagsire
|-unboost|p2a: Quagsire|spe|1
|-boost|p2a: Quagsire|atk|1
|-boost|p2a: Quagsire|def|1
|
|-damage|p2a: Quagsire|55/100|[from] Salt Cure
|upkeep
|turn|51
|
|t:|1757826938
|move|p1a: Garganacl|Recover|p1a: Garganacl
|-heal|p1a: Garganacl|100/100
|move|p2a: Quagsire|Recover|p2a: Quagsire
|-heal|p2a: Quagsire|100/100
|
|-damage|p2a: Quagsire|88/100|[from] Salt Cure
|upkeep
|turn|52
|
|t:|1757826948
|move|p1a: Garganacl|Salt Cure|p2a: Quagsire
|-damage|p2a: Quagsire|85/100
|move|p2a: Quagsire|Waterfall|p1a: Garganacl
|-supereffective|p1a: Garganacl
|-damage|p1a: Garganacl|5/100
|
|-damage|p2a: Quagsire|72/100|[from] Salt Cure
|upkeep
|turn|53
|
|t:|1757826954
|move|p1a: Garganacl|Recover|p1a: Garganacl
|-heal|p1a: Garganacl|55/100
|move|p2a: Quagsire|Waterfall|p1a: Garganacl
|-supereffective|p1a: Garganacl
|-damage|p1a: Garganacl|0 fnt
|faint|p1a: Garganacl
|
|-damage|p2a: Quagsire|60/100|[from] Salt Cure
|upkeep
|
|t:|1757826960
|switch|p1a: Iron Treads|Iron Treads|100/100
|-damage|p1a: Iron Treads|97/100|[from] Stealth Rock
|-damage|p1a: Iron Treads|81/100|[from] Spikes
|turn|54
|
|t:|1757826964
|move|p1a: Iron Treads|Rapid Spin|p2a: Quagsire
|-damage|p2a: Quagsire|56/100
|-boost|p1a: Iron Treads|spe|1
|-sideend|p1: dollardasenee|Spikes|[from] move: Rapid Spin|[of] p1a: Iron Treads
|-sideend|p1: dollardasenee|Stealth Rock|[from] move: Rapid Spin|[of] p1a: Iron Treads
|move|p2a: Quagsire|Waterfall|p1a: Iron Treads
|-supereffective|p1a: Iron Treads
|-damage|p1a: Iron Treads|0 fnt
|faint|p1a: Iron Treads
|-end|p1a: Iron Treads|Quark Drive|[silent]
|
|-damage|p2a: Quagsire|43/100|[from] Salt Cure
|upkeep
|
|t:|1757826969
|switch|p1a: Iron Moth|Iron Moth, tera:Ice|100/100
|turn|55
|
|t:|1757826981
|switch|p2a: Blissey|Blissey, F|81/100
|move|p1a: Iron Moth|Fiery Dance|p2a: Blissey
|-damage|p2a: Blissey|69/100
|
|upkeep
|turn|56
|
|t:|1757826989
|-end|p1a: Iron Moth|Quark Drive|[silent]
|switch|p1a: Dragapult|Dragapult, M|83/100
|move|p2a: Blissey|Shadow Ball|p1a: Dragapult
|-supereffective|p1a: Dragapult
|-damage|p1a: Dragapult|43/100
|-unboost|p1a: Dragapult|spd|1
|
|upkeep
|turn|57
|
|t:|1757826996
|move|p1a: Dragapult|Draco Meteor|p2a: Blissey
|-crit|p2a: Blissey
|-damage|p2a: Blissey|33/100
|-unboost|p1a: Dragapult|spa|2
|move|p2a: Blissey|Shadow Ball|p1a: Dragapult
|-supereffective|p1a: Dragapult
|-damage|p1a: Dragapult|0 fnt
|faint|p1a: Dragapult
|
|upkeep
|
|t:|1757826999
|switch|p1a: Kingambit|Kingambit, M|78/100
|-activate|p1a: Kingambit|ability: Supreme Overlord
|-start|p1a: Kingambit|fallen4|[silent]
|turn|58
|
|t:|1757827004
|switch|p2a: Mew|Mew|8/100
|move|p1a: Kingambit|Kowtow Cleave|p2a: Mew
|-supereffective|p2a: Mew
|-damage|p2a: Mew|0 fnt
|faint|p2a: Mew
|
|upkeep
|
|t:|1757827011
|switch|p2a: Alomomola|Alomomola, M|55/100
|turn|59
|
|t:|1757827021
|move|p1a: Kingambit|Kowtow Cleave|p2a: Alomomola
|-damage|p2a: Alomomola|21/100
|move|p2a: Alomomola|Wish|p2a: Alomomola
|
|upkeep
|turn|60
|
|t:|1757827028
|-end|p1a: Kingambit|fallen4|[silent]
|switch|p1a: Iron Moth|Iron Moth, tera:Ice|100/100
|move|p2a: Alomomola|Protect||[still]
|-fail|p2a: Alomomola
|
|-heal|p2a: Alomomola|71/100|[from] move: Wish|[wisher] Alomomola
|upkeep
|turn|61
|
|t:|1757827035
|move|p1a: Iron Moth|Energy Ball|p2a: Alomomola
|-supereffective|p2a: Alomomola
|-damage|p2a: Alomomola|0 fnt
|faint|p2a: Alomomola
|
|upkeep
|
|t:|1757827044
|switch|p2a: Blissey|Blissey, F|33/100
|turn|62
|
|t:|1757827050
|move|p1a: Iron Moth|Sludge Wave|p2a: Blissey
|-crit|p2a: Blissey
|-damage|p2a: Blissey|12/100
|move|p2a: Blissey|Soft-Boiled|p2a: Blissey
|-heal|p2a: Blissey|62/100
|
|upkeep
|turn|63
|
|t:|1757827053
|-end|p1a: Iron Moth|Quark Drive|[silent]
|switch|p1a: Kingambit|Kingambit, M|78/100
|-activate|p1a: Kingambit|ability: Supreme Overlord
|-start|p1a: Kingambit|fallen4|[silent]
|move|p2a: Blissey|Seismic Toss|p1a: Kingambit
|-damage|p1a: Kingambit|49/100
|
|upkeep
|turn|64
|
|t:|1757827057
|switch|p2a: Quagsire|Quagsire, M, tera:Grass|43/100
|move|p1a: Kingambit|Brick Break|p2a: Quagsire
|-damage|p2a: Quagsire|18/100
|
|upkeep
|turn|65
|
|t:|1757827060
|move|p1a: Kingambit|Kowtow Cleave|p2a: Quagsire
|-damage|p2a: Quagsire|0 fnt
|faint|p2a: Quagsire
|
|upkeep
|
|t:|1757827063
|switch|p2a: Gliscor|Gliscor, F|100/100 tox
|turn|66
|
|t:|1757827067
|move|p1a: Kingambit|Sucker Punch|p2a: Gliscor
|-damage|p2a: Gliscor|68/100 tox
|move|p2a: Gliscor|Knock Off|p1a: Kingambit
|-resisted|p1a: Kingambit
|-damage|p1a: Kingambit|40/100
|-enditem|p1a: Kingambit|Assault Vest|[from] move: Knock Off|[of] p2a: Gliscor
|
|-heal|p2a: Gliscor|80/100 tox|[from] ability: Poison Heal
|upkeep
|turn|67
|
|t:|1757827078
|move|p2a: Gliscor|Toxic|p1a: Kingambit
|-immune|p1a: Kingambit
|move|p1a: Kingambit|Iron Head|p2a: Gliscor
|-crit|p2a: Gliscor
|-damage|p2a: Gliscor|29/100 tox
|
|-heal|p2a: Gliscor|41/100 tox|[from] ability: Poison Heal
|upkeep
|turn|68
|
|t:|1757827083
|move|p2a: Gliscor|Protect|p2a: Gliscor
|-singleturn|p2a: Gliscor|Protect
|move|p1a: Kingambit|Iron Head|p2a: Gliscor
|-activate|p2a: Gliscor|move: Protect
|
|-heal|p2a: Gliscor|53/100 tox|[from] ability: Poison Heal
|upkeep
|turn|69
|
|t:|1757827085
|move|p2a: Gliscor|Knock Off|p1a: Kingambit
|-resisted|p1a: Kingambit
|-crit|p1a: Kingambit
|-damage|p1a: Kingambit|30/100
|move|p1a: Kingambit|Iron Head|p2a: Gliscor
|-damage|p2a: Gliscor|19/100 tox
|
|-heal|p2a: Gliscor|32/100 tox|[from] ability: Poison Heal
|upkeep
|turn|70
|
|t:|1757827090
|move|p2a: Gliscor|Protect|p2a: Gliscor
|-singleturn|p2a: Gliscor|Protect
|move|p1a: Kingambit|Kowtow Cleave|p2a: Gliscor
|-activate|p2a: Gliscor|move: Protect
|
|-heal|p2a: Gliscor|44/100 tox|[from] ability: Poison Heal
|upkeep
|turn|71
|
|t:|1757827095
|move|p2a: Gliscor|Knock Off|p1a: Kingambit
|-resisted|p1a: Kingambit
|-damage|p1a: Kingambit|24/100
|move|p1a: Kingambit|Kowtow Cleave|p2a: Gliscor
|-damage|p2a: Gliscor|2/100 tox
|
|-heal|p2a: Gliscor|15/100 tox|[from] ability: Poison Heal
|upkeep
|turn|72
|
|t:|1757827102
|move|p2a: Gliscor|Knock Off|p1a: Kingambit
|-resisted|p1a: Kingambit
|-damage|p1a: Kingambit|17/100
|move|p1a: Kingambit|Kowtow Cleave|p2a: Gliscor
|-damage|p2a: Gliscor|0 fnt
|faint|p2a: Gliscor
|
|upkeep
|
|t:|1757827104
|switch|p2a: Blissey|Blissey, F|62/100
|turn|73
|
|t:|1757827109
|move|p1a: Kingambit|Brick Break|p2a: Blissey
|-supereffective|p2a: Blissey
|-damage|p2a: Blissey|0 fnt
|faint|p2a: Blissey
|
|win|dollardasenee
|raw|dollardasenee's rating: 1378 &rarr; <strong>1398</strong><br />(+20 for winning)
|raw|hameed425's rating: 1375 &rarr; <strong>1355</strong><br />(-20 for losing)
|l|☆hameed425
|player|p2|
|l|☆dollardasenee
|player|p1|
