|j|☆waha8
|j|☆neattopic
|t:|1757828392
|gametype|singles
|player|p1|waha8|102|1282
|player|p2|neattopic|170|1333
|gen|9
|tier|[Gen 9] OU
|rated|
|rule|HP Percentage Mod: HP is shown in percentages
|rule|Endless Battle Clause: Forcing endless battles is banned
|rule|Species Clause: Limit one of each Pokémon
|rule|OHKO Clause: OHKO moves are banned
|rule|Evasion Items Clause: Evasion items are banned
|rule|Evasion Moves Clause: Evasion moves are banned
|rule|Evasion Abilities Clause: Evasion abilities are banned
|rule|Sleep Moves Clause: Sleep-inducing moves are banned
|clearpoke
|poke|p1|Blaziken, F|
|poke|p1|Ninetales, F|
|poke|p1|Indeedee, M|
|poke|p1|Hatterene, F|
|poke|p1|Slowbro-Galar, F|
|poke|p1|Cinderace, M|
|poke|p2|Pelipper, F|
|poke|p2|Overqwil, M|
|poke|p2|Iron Treads|
|poke|p2|Basculegion-F, F|
|poke|p2|Zapdos|
|poke|p2|Zamazenta-*|
|teampreview
|c|☆neattopic|glhf
|
|t:|1757828401
|teamsize|p1|6
|teamsize|p2|6
|start
|switch|p1a: DeeDee|Indeedee, M|100/100
|switch|p2a: Iron Treads|Iron Treads|100/100
|-fieldstart|move: Psychic Terrain|[from] ability: Psychic Surge|[of] p1a: DeeDee
|turn|1
|
|t:|1757828408
|move|p2a: Iron Treads|Stealth Rock|p1a: DeeDee
|-sidestart|p1: waha8|move: Stealth Rock
|move|p1a: DeeDee|Expanding Force|p2a: Iron Treads
|-resisted|p2a: Iron Treads
|-damage|p2a: Iron Treads|50/100
|
|upkeep
|turn|2
|
|t:|1757828420
|-end|p2a: Iron Treads|Quark Drive|[silent]
|switch|p2a: Overqwil|Overqwil, M|100/100
|move|p1a: DeeDee|Expanding Force|p2a: Overqwil
|-immune|p2a: Overqwil
|
|upkeep
|turn|3
|
|t:|1757828429
|move|p1a: DeeDee|Dazzling Gleam|p2a: Overqwil
|-damage|p2a: Overqwil|65/100
|move|p2a: Overqwil|Throat Chop|p1a: DeeDee
|-supereffective|p1a: DeeDee
|-damage|p1a: DeeDee|0 fnt
|faint|p1a: DeeDee
|-damage|p2a: Overqwil|55/100|[from] item: Life Orb
|
|upkeep
|
|t:|1757828438
|switch|p1a: Mavis|Hatterene, F|100/100
|-damage|p1a: Mavis|88/100|[from] Stealth Rock
|turn|4
|
|t:|1757828444
|-terastallize|p1a: Mavis|Psychic
|move|p2a: Overqwil|Poison Jab|p1a: Mavis
|-damage|p1a: Mavis|24/100
|-damage|p2a: Overqwil|46/100|[from] item: Life Orb
|move|p1a: Mavis|Trick Room|p1a: Mavis
|-fieldstart|move: Trick Room|[of] p1a: Mavis
|
|upkeep
|turn|5
|
|t:|1757828462
|switch|p2a: Iron Treads|Iron Treads|50/100
|move|p1a: Mavis|Draining Kiss|p2a: Iron Treads
|-resisted|p2a: Iron Treads
|-damage|p2a: Iron Treads|21/100
|-heal|p1a: Mavis|46/100|[from] drain|[of] p2a: Iron Treads
|-damage|p1a: Mavis|36/100|[from] item: Life Orb
|
|upkeep
|turn|6
|
|t:|1757828471
|move|p1a: Mavis|Draining Kiss|p2a: Iron Treads
|-resisted|p2a: Iron Treads
|-damage|p2a: Iron Treads|0 fnt
|-heal|p1a: Mavis|52/100|[from] drain|[of] p2a: Iron Treads
|faint|p2a: Iron Treads
|-end|p2a: Iron Treads|Quark Drive|[silent]
|-damage|p1a: Mavis|42/100|[from] item: Life Orb
|
|upkeep
|
|t:|1757828478
|switch|p2a: Pelipper|Pelipper, F|100/100
|-weather|RainDance|[from] ability: Drizzle|[of] p2a: Pelipper
|turn|7
|
|t:|1757828483
|move|p1a: Mavis|Expanding Force|p2a: Pelipper
|-damage|p2a: Pelipper|0 fnt
|faint|p2a: Pelipper
|-damage|p1a: Mavis|32/100|[from] item: Life Orb
|
|-weather|RainDance|[upkeep]
|upkeep
|
|t:|1757828500
|switch|p2a: Zapdos|Zapdos|100/100
|turn|8
|
|t:|1757828507
|switch|p2a: Overqwil|Overqwil, M|46/100
|move|p1a: Mavis|Draining Kiss|p2a: Overqwil
|-damage|p2a: Overqwil|0 fnt
|-heal|p1a: Mavis|65/100|[from] drain|[of] p2a: Overqwil
|faint|p2a: Overqwil
|-damage|p1a: Mavis|56/100|[from] item: Life Orb
|
|-weather|RainDance|[upkeep]
|-fieldend|move: Trick Room
|-fieldend|move: Psychic Terrain
|upkeep
|
|t:|1757828509
|switch|p2a: Basculegion|Basculegion-F, F|100/100
|turn|9
|
|t:|1757828526
|switch|p1a: Kurama|Ninetales, F|100/100
|-damage|p1a: Kurama|76/100|[from] Stealth Rock
|-weather|SunnyDay|[from] ability: Drought|[of] p1a: Kurama
|move|p2a: Basculegion|Surf|p1a: Kurama
|-supereffective|p1a: Kurama
|-damage|p1a: Kurama|4/100
|
|-weather|SunnyDay|[upkeep]
|upkeep
|turn|10
|
|t:|1757828540
|move|p1a: Kurama|Solar Beam||[still]
|-prepare|p1a: Kurama|Solar Beam
|-anim|p1a: Kurama|Solar Beam|p2a: Basculegion
|-supereffective|p2a: Basculegion
|-damage|p2a: Basculegion|29/100
|move|p2a: Basculegion|Surf|p1a: Kurama
|-supereffective|p1a: Kurama
|-damage|p1a: Kurama|0 fnt
|faint|p1a: Kurama
|
|-weather|SunnyDay|[upkeep]
|upkeep
|c|☆neattopic|gg
|-message|neattopic forfeited.
|
|win|waha8
|raw|waha8's rating: 1282 &rarr; <strong>1311</strong><br />(+29 for winning)
|raw|neattopic's rating: 1333 &rarr; <strong>1310</strong><br />(-23 for losing)
|l|☆neattopic
|player|p2|
|l|☆waha8
|player|p1|
