|j|☆edboygaming2004
|j|☆lucktest18
|t:|1757795166
|gametype|singles
|player|p1|edboygaming2004|2|1110
|player|p2|lucktest18|cynthia-gen4|1110
|gen|9
|tier|[Gen 9] OU
|rated|
|rule|HP Percentage Mod: HP is shown in percentages
|rule|Endless Battle Clause: Forcing endless battles is banned
|rule|Species Clause: Limit one of each Pokémon
|rule|OHKO Clause: OHKO moves are banned
|rule|Evasion Items Clause: Evasion items are banned
|rule|Evasion Moves Clause: Evasion moves are banned
|rule|Evasion Abilities Clause: Evasion abilities are banned
|rule|Sleep Moves Clause: Sleep-inducing moves are banned
|clearpoke
|poke|p1|Chansey, F|
|poke|p1|Forretress, M|
|poke|p1|Latios, M|
|poke|p1|Kingambit, M|
|poke|p1|Walking Wake|
|poke|p1|Rillaboom, M|
|poke|p2|Cinderace, M|
|poke|p2|Dragapult, M|
|poke|p2|Iron Moth|
|poke|p2|Landorus-Therian, M|
|poke|p2|Walking Wake|
|poke|p2|Scizor, F|
|teampreview
|inactive|Battle timer is ON: inactive players will automatically lose when time's up. (requested by edboygaming2004)
|
|t:|1757795192
|teamsize|p1|6
|teamsize|p2|6
|start
|switch|p1a: Walking Wake|Walking Wake|100/100
|switch|p2a: Landorus|Landorus-Therian, M|100/100
|-ability|p2a: Landorus|Intimidate|boost
|-unboost|p1a: Walking Wake|atk|1
|turn|1
|
|t:|1757795200
|switch|p2a: Walking Wake|Walking Wake|100/100
|-enditem|p2a: Walking Wake|Booster Energy
|-activate|p2a: Walking Wake|ability: Protosynthesis|[fromitem]
|-start|p2a: Walking Wake|protosynthesisspa
|-terastallize|p1a: Walking Wake|Water
|move|p1a: Walking Wake|Hydro Pump|p2a: Walking Wake
|-resisted|p2a: Walking Wake
|-damage|p2a: Walking Wake|81/100
|
|upkeep
|turn|2
|inactive|lucktest18 has 120 seconds left.
|
|t:|1757795238
|-end|p1a: Walking Wake|Protosynthesis|[silent]
|switch|p1a: Chansey|Chansey, F|100/100
|-end|p2a: Walking Wake|Protosynthesis|[silent]
|switch|p2a: Scizor|Scizor, F|100/100
|
|upkeep
|turn|3
|inactive|lucktest18 has 120 seconds left.
|
|t:|1757795244
|move|p2a: Scizor|U-turn|p1a: Chansey
|-damage|p1a: Chansey|73/100
|
|t:|1757795247
|switch|p2a: Landorus|Landorus-Therian, M|100/100|[from] U-turn
|-ability|p2a: Landorus|Intimidate|boost
|-unboost|p1a: Chansey|atk|1
|move|p1a: Chansey|Thunder Wave|p2a: Landorus
|-immune|p2a: Landorus
|
|upkeep
|turn|4
|
|t:|1757795256
|move|p2a: Landorus|U-turn|p1a: Chansey
|-damage|p1a: Chansey|57/100
|
|t:|1757795262
|switch|p2a: Cinderace|Cinderace, M|100/100|[from] U-turn
|move|p1a: Chansey|Soft-Boiled|p1a: Chansey
|-heal|p1a: Chansey|100/100
|
|upkeep
|turn|5
|
|t:|1757795272
|switch|p1a: Walking Wake|Walking Wake, tera:Water|100/100
|move|p2a: Cinderace|U-turn|p1a: Walking Wake
|-start|p2a: Cinderace|typechange|Bug|[from] ability: Libero
|-damage|p1a: Walking Wake|66/100
|
|t:|1757795285
|switch|p2a: Scizor|Scizor, F|100/100|[from] U-turn
|
|upkeep
|turn|6
|c|☆edboygaming2004|is your entire team u turners lol?
|
|t:|1757795291
|move|p1a: Walking Wake|Flamethrower|p2a: Scizor
|-supereffective|p2a: Scizor
|-damage|p2a: Scizor|4/100
|move|p2a: Scizor|Trailblaze|p1a: Walking Wake
|-supereffective|p1a: Walking Wake
|-damage|p1a: Walking Wake|8/100
|-boost|p2a: Scizor|spe|1
|
|upkeep
|turn|7
|
|t:|1757795302
|move|p2a: Scizor|Bullet Punch|p1a: Walking Wake
|-resisted|p1a: Walking Wake
|-damage|p1a: Walking Wake|0 fnt
|faint|p1a: Walking Wake
|-end|p1a: Walking Wake|Protosynthesis|[silent]
|
|upkeep
|
|t:|1757795308
|switch|p1a: Rillaboom|Rillaboom, M, shiny|100/100
|-fieldstart|move: Grassy Terrain|[from] ability: Grassy Surge|[of] p1a: Rillaboom
|turn|8
|
|t:|1757795312
|switch|p2a: Iron Moth|Iron Moth|100/100
|-enditem|p2a: Iron Moth|Booster Energy
|-activate|p2a: Iron Moth|ability: Quark Drive|[fromitem]
|-start|p2a: Iron Moth|quarkdrivespa
|move|p1a: Rillaboom|U-turn|p2a: Iron Moth
|-resisted|p2a: Iron Moth
|-damage|p2a: Iron Moth|86/100
|
|t:|1757795323
|switch|p1a: Latios|Latios, M, shiny|100/100|[from] U-turn
|
|-heal|p2a: Iron Moth|92/100|[from] Grassy Terrain
|upkeep
|turn|9
|
|t:|1757795333
|-terastallize|p2a: Iron Moth|Bug
|move|p2a: Iron Moth|Bug Buzz|p1a: Latios
|-supereffective|p1a: Latios
|-damage|p1a: Latios|0 fnt
|faint|p1a: Latios
|
|-heal|p2a: Iron Moth|98/100|[from] Grassy Terrain
|upkeep
|
|t:|1757795343
|switch|p1a: Chansey|Chansey, F|100/100
|turn|10
|
|t:|1757795347
|move|p2a: Iron Moth|U-turn|p1a: Chansey
|-damage|p1a: Chansey|89/100
|
|t:|1757795350
|-end|p2a: Iron Moth|Quark Drive|[silent]
|switch|p2a: Landorus|Landorus-Therian, M|100/100|[from] U-turn
|-ability|p2a: Landorus|Intimidate|boost
|-unboost|p1a: Chansey|atk|1
|move|p1a: Chansey|Thunder Wave|p2a: Landorus
|-immune|p2a: Landorus
|
|-heal|p1a: Chansey|96/100|[from] Grassy Terrain
|upkeep
|turn|11
|
|t:|1757795359
|move|p2a: Landorus|Earthquake|p1a: Chansey
|-damage|p1a: Chansey|77/100
|move|p1a: Chansey|Seismic Toss|p2a: Landorus
|-damage|p2a: Landorus|69/100
|
|-heal|p1a: Chansey|83/100|[from] Grassy Terrain
|upkeep
|turn|12
|
|t:|1757795367
|move|p2a: Landorus|Earthquake|p1a: Chansey
|-damage|p1a: Chansey|63/100
|move|p1a: Chansey|Seismic Toss|p2a: Landorus
|-damage|p2a: Landorus|38/100
|
|-heal|p1a: Chansey|70/100|[from] Grassy Terrain
|-fieldend|move: Grassy Terrain
|upkeep
|turn|13
|
|t:|1757795375
|move|p2a: Landorus|U-turn|p1a: Chansey
|-damage|p1a: Chansey|53/100
|
|t:|1757795381
|switch|p2a: Cinderace|Cinderace, M|100/100|[from] U-turn
|move|p1a: Chansey|Seismic Toss|p2a: Cinderace
|-damage|p2a: Cinderace|67/100
|
|upkeep
|turn|14
|
|t:|1757795390
|move|p2a: Cinderace|High Jump Kick|p1a: Chansey
|-start|p2a: Cinderace|typechange|Fighting|[from] ability: Libero
|-supereffective|p1a: Chansey
|-damage|p1a: Chansey|0 fnt
|faint|p1a: Chansey
|
|upkeep
|
|t:|1757795404
|switch|p1a: Forretress|Forretress, M|100/100
|turn|15
|
|t:|1757795415
|switch|p2a: Iron Moth|Iron Moth, tera:Bug|98/100
|move|p1a: Forretress|Pain Split|p2a: Iron Moth
|-sethp|p2a: Iron Moth|100/100|[from] move: Pain Split|[silent]
|-sethp|p1a: Forretress|92/100|[from] move: Pain Split
|
|-heal|p1a: Forretress|98/100|[from] item: Leftovers
|upkeep
|turn|16
|
|t:|1757795428
|move|p2a: Iron Moth|Fiery Dance|p1a: Forretress
|-supereffective|p1a: Forretress
|-damage|p1a: Forretress|0 fnt
|-boost|p2a: Iron Moth|spa|1
|faint|p1a: Forretress
|
|upkeep
|
|t:|1757795434
|switch|p1a: Kingambit|Kingambit, M, shiny|100/100
|-activate|p1a: Kingambit|ability: Supreme Overlord
|-start|p1a: Kingambit|fallen4|[silent]
|turn|17
|
|t:|1757795438
|move|p1a: Kingambit|Sucker Punch|p2a: Iron Moth
|-damage|p2a: Iron Moth|0 fnt
|faint|p2a: Iron Moth
|-end|p2a: Iron Moth|Quark Drive|[silent]
|
|upkeep
|
|t:|1757795443
|switch|p2a: Dragapult|Dragapult, M|100/100
|turn|18
|
|t:|1757795448
|-end|p1a: Kingambit|fallen4|[silent]
|switch|p1a: Rillaboom|Rillaboom, M, shiny|100/100
|-fieldstart|move: Grassy Terrain|[from] ability: Grassy Surge|[of] p1a: Rillaboom
|move|p2a: Dragapult|Will-O-Wisp|p1a: Rillaboom
|-status|p1a: Rillaboom|brn
|
|-damage|p1a: Rillaboom|94/100 brn|[from] brn
|upkeep
|turn|19
|
|t:|1757795463
|move|p2a: Dragapult|U-turn|p1a: Rillaboom
|-supereffective|p1a: Rillaboom
|-damage|p1a: Rillaboom|56/100 brn
|
|t:|1757795471
|switch|p2a: Scizor|Scizor, F|4/100|[from] U-turn
|move|p1a: Rillaboom|Knock Off|p2a: Scizor
|-damage|p2a: Scizor|0 fnt
|-enditem|p2a: Scizor|Assault Vest|[from] move: Knock Off|[of] p1a: Rillaboom
|faint|p2a: Scizor
|
|-heal|p1a: Rillaboom|62/100 brn|[from] Grassy Terrain
|-damage|p1a: Rillaboom|56/100 brn|[from] brn
|upkeep
|
|t:|1757795481
|switch|p2a: Cinderace|Cinderace, M|67/100
|turn|20
|
|t:|1757795490
|move|p2a: Cinderace|U-turn|p1a: Rillaboom
|-start|p2a: Cinderace|typechange|Bug|[from] ability: Libero
|-supereffective|p1a: Rillaboom
|-damage|p1a: Rillaboom|0 fnt
|faint|p1a: Rillaboom
|
|t:|1757795494
|switch|p2a: Dragapult|Dragapult, M|100/100|[from] U-turn
|
|upkeep
|
|t:|1757795497
|switch|p1a: Kingambit|Kingambit, M, shiny|100/100
|-activate|p1a: Kingambit|ability: Supreme Overlord
|-start|p1a: Kingambit|fallen5|[silent]
|turn|21
|
|t:|1757795504
|move|p2a: Dragapult|Protect|p2a: Dragapult
|-singleturn|p2a: Dragapult|Protect
|move|p1a: Kingambit|Iron Head|p2a: Dragapult
|-activate|p2a: Dragapult|move: Protect
|
|upkeep
|turn|22
|
|t:|1757795510
|move|p2a: Dragapult|Will-O-Wisp|p1a: Kingambit
|-status|p1a: Kingambit|brn
|move|p1a: Kingambit|Iron Head|p2a: Dragapult
|-damage|p2a: Dragapult|58/100
|
|-heal|p2a: Dragapult|64/100|[from] Grassy Terrain
|-heal|p2a: Dragapult|70/100|[from] item: Leftovers
|-damage|p1a: Kingambit|94/100 brn|[from] brn
|-fieldend|move: Grassy Terrain
|upkeep
|turn|23
|
|t:|1757795523
|move|p2a: Dragapult|U-turn|p1a: Kingambit
|-damage|p1a: Kingambit|78/100 brn
|
|t:|1757795529
|switch|p2a: Landorus|Landorus-Therian, M|38/100|[from] U-turn
|-ability|p2a: Landorus|Intimidate|boost
|-unboost|p1a: Kingambit|atk|1
|move|p1a: Kingambit|Kowtow Cleave|p2a: Landorus
|-damage|p2a: Landorus|3/100
|
|-damage|p1a: Kingambit|72/100 brn|[from] brn
|upkeep
|turn|24
|
|t:|1757795538
|move|p1a: Kingambit|Sucker Punch|p2a: Landorus
|-damage|p2a: Landorus|0 fnt
|faint|p2a: Landorus
|
|-damage|p1a: Kingambit|66/100 brn|[from] brn
|upkeep
|
|t:|1757795543
|switch|p2a: Walking Wake|Walking Wake|81/100
|turn|25
|
|t:|1757795548
|move|p1a: Kingambit|Sucker Punch|p2a: Walking Wake
|-damage|p2a: Walking Wake|54/100
|move|p2a: Walking Wake|Hydro Steam|p1a: Kingambit
|-damage|p1a: Kingambit|23/100 brn
|
|-damage|p1a: Kingambit|16/100 brn|[from] brn
|upkeep
|turn|26
|
|t:|1757795558
|move|p1a: Kingambit|Sucker Punch|p2a: Walking Wake
|-damage|p2a: Walking Wake|27/100
|move|p2a: Walking Wake|Hydro Steam|p1a: Kingambit
|-damage|p1a: Kingambit|0 fnt
|faint|p1a: Kingambit
|-end|p1a: Kingambit|fallen5|[silent]
|
|win|lucktest18
|raw|edboygaming2004's rating: 1110 &rarr; <strong>1085</strong><br />(-25 for losing)
|raw|lucktest18's rating: 1110 &rarr; <strong>1135</strong><br />(+25 for winning)
