|j|☆ChessDennis
|j|☆TNT13
|t:|1757948355
|gametype|singles
|player|p1|ChessDennis|265|1193
|player|p2|TNT13|266|1199
|gen|9
|tier|[Gen 9] OU
|rated|
|rule|HP Percentage Mod: HP is shown in percentages
|rule|Endless Battle Clause: Forcing endless battles is banned
|rule|Species Clause: Limit one of each Pokémon
|rule|OHKO Clause: OHKO moves are banned
|rule|Evasion Items Clause: Evasion items are banned
|rule|Evasion Moves Clause: Evasion moves are banned
|rule|Evasion Abilities Clause: Evasion abilities are banned
|rule|Sleep Moves Clause: Sleep-inducing moves are banned
|clearpoke
|poke|p1|Ogerpon-Wellspring, F|
|poke|p1|Iron Valiant|
|poke|p1|Corviknight, F|
|poke|p1|Slowking-Galar, M|
|poke|p1|Gholdengo|
|poke|p1|Garchomp, M|
|poke|p2|Ceruledge, F|
|poke|p2|Floatzel, M|
|poke|p2|Garchomp, F|
|poke|p2|Vileplume, M|
|poke|p2|Muk, F|
|poke|p2|Cryogonal|
|teampreview
|inactive|Battle timer is ON: inactive players will automatically lose when time's up. (requested by TNT13)
|
|t:|1757948386
|teamsize|p1|6
|teamsize|p2|6
|start
|switch|p1a: Garchomp|Garchomp, M|100/100
|switch|p2a: Muk|Muk, F|100/100
|turn|1
|
|t:|1757948393
|move|p1a: Garchomp|Swords Dance|p1a: Garchomp
|-boost|p1a: Garchomp|atk|2
|move|p2a: Muk|Ice Punch|p1a: Garchomp
|-supereffective|p1a: Garchomp
|-damage|p1a: Garchomp|7/100
|-damage|p2a: Muk|88/100|[from] ability: Rough Skin|[of] p1a: Garchomp
|
|upkeep
|turn|2
|
|t:|1757948408
|move|p1a: Garchomp|Earthquake|p2a: Muk
|-supereffective|p2a: Muk
|-damage|p2a: Muk|0 fnt
|faint|p2a: Muk
|
|upkeep
|
|t:|1757948413
|switch|p2a: Floatzel|Floatzel, M|100/100
|turn|3
|
|t:|1757948417
|move|p2a: Floatzel|Flip Turn|p1a: Garchomp
|-damage|p1a: Garchomp|0 fnt
|-damage|p2a: Floatzel|88/100|[from] ability: Rough Skin|[of] p1a: Garchomp
|faint|p1a: Garchomp
|
|t:|1757948441
|switch|p2a: Vileplume|Vileplume, M|100/100|[from] Flip Turn
|
|upkeep
|
|t:|1757948446
|switch|p1a: Ogerpon|Ogerpon-Wellspring, F|100/100
|turn|4
|
|t:|1757948450
|move|p1a: Ogerpon|Spikes|p2a: Vileplume
|-sidestart|p2: TNT13|Spikes
|move|p2a: Vileplume|Strength Sap|p1a: Ogerpon
|-unboost|p1a: Ogerpon|atk|1
|
|upkeep
|turn|5
|
|t:|1757948453
|move|p1a: Ogerpon|Spikes|p2a: Vileplume
|-sidestart|p2: TNT13|Spikes
|move|p2a: Vileplume|Sludge Bomb|p1a: Ogerpon
|-supereffective|p1a: Ogerpon
|-damage|p1a: Ogerpon|0 fnt
|faint|p1a: Ogerpon
|
|upkeep
|
|t:|1757948457
|switch|p1a: Corviknight|Corviknight, F|100/100
|-ability|p1a: Corviknight|Pressure
|turn|6
|
|t:|1757948466
|switch|p2a: Ceruledge|Ceruledge, F|100/100
|-damage|p2a: Ceruledge|84/100|[from] Spikes
|move|p1a: Corviknight|Bulk Up|p1a: Corviknight
|-boost|p1a: Corviknight|atk|1
|-boost|p1a: Corviknight|def|1
|
|upkeep
|turn|7
|
|t:|1757948474
|move|p2a: Ceruledge|Will-O-Wisp|p1a: Corviknight
|-status|p1a: Corviknight|brn
|move|p1a: Corviknight|Bulk Up|p1a: Corviknight
|-boost|p1a: Corviknight|atk|1
|-boost|p1a: Corviknight|def|1
|
|-damage|p1a: Corviknight|94/100 brn|[from] brn
|upkeep
|turn|8
|
|t:|1757948482
|move|p2a: Ceruledge|Bulk Up|p2a: Ceruledge
|-boost|p2a: Ceruledge|atk|1
|-boost|p2a: Ceruledge|def|1
|move|p1a: Corviknight|Bulk Up|p1a: Corviknight
|-boost|p1a: Corviknight|atk|1
|-boost|p1a: Corviknight|def|1
|
|-damage|p1a: Corviknight|88/100 brn|[from] brn
|upkeep
|turn|9
|
|t:|1757948491
|move|p2a: Ceruledge|Bulk Up|p2a: Ceruledge
|-boost|p2a: Ceruledge|atk|1
|-boost|p2a: Ceruledge|def|1
|move|p1a: Corviknight|Bulk Up|p1a: Corviknight
|-boost|p1a: Corviknight|atk|1
|-boost|p1a: Corviknight|def|1
|
|-damage|p1a: Corviknight|82/100 brn|[from] brn
|upkeep
|turn|10
|
|t:|1757948500
|move|p2a: Ceruledge|Bulk Up|p2a: Ceruledge
|-boost|p2a: Ceruledge|atk|1
|-boost|p2a: Ceruledge|def|1
|move|p1a: Corviknight|Power Trip|p2a: Ceruledge
|-supereffective|p2a: Ceruledge
|-damage|p2a: Ceruledge|6/100
|-enditem|p2a: Ceruledge|Salac Berry|[eat]
|-boost|p2a: Ceruledge|spe|1|[from] item: Salac Berry
|
|-damage|p1a: Corviknight|76/100 brn|[from] brn
|upkeep
|turn|11
|
|t:|1757948511
|-terastallize|p1a: Corviknight|Ghost
|move|p2a: Ceruledge|Bitter Blade|p1a: Corviknight
|-damage|p1a: Corviknight|36/100 brn
|-heal|p2a: Ceruledge|30/100|[from] drain|[of] p1a: Corviknight
|move|p1a: Corviknight|Power Trip|p2a: Ceruledge
|-supereffective|p2a: Ceruledge
|-damage|p2a: Ceruledge|0 fnt
|faint|p2a: Ceruledge
|
|-damage|p1a: Corviknight|30/100 brn|[from] brn
|upkeep
|inactive|TNT13 has 120 seconds left.
|
|t:|1757948536
|switch|p2a: Floatzel|Floatzel, M|88/100
|-damage|p2a: Floatzel|72/100|[from] Spikes
|turn|12
|
|t:|1757948540
|move|p2a: Floatzel|Wave Crash|p1a: Corviknight
|-damage|p1a: Corviknight|2/100 brn
|-damage|p2a: Floatzel|61/100|[from] Recoil
|move|p1a: Corviknight|Roost|p1a: Corviknight
|-heal|p1a: Corviknight|52/100 brn
|
|-damage|p1a: Corviknight|46/100 brn|[from] brn
|upkeep
|turn|13
|
|t:|1757948552
|switch|p2a: Garchomp|Garchomp, F|100/100
|-damage|p2a: Garchomp|84/100|[from] Spikes
|move|p1a: Corviknight|Roost|p1a: Corviknight
|-heal|p1a: Corviknight|96/100 brn
|
|-damage|p1a: Corviknight|90/100 brn|[from] brn
|upkeep
|turn|14
|
|t:|1757948562
|move|p1a: Corviknight|Bulk Up|p1a: Corviknight
|-boost|p1a: Corviknight|atk|1
|-boost|p1a: Corviknight|def|1
|move|p2a: Garchomp|Dragon Tail|p1a: Corviknight
|-damage|p1a: Corviknight|83/100 brn
|drag|p1a: Slowking|Slowking-Galar, M|100/100
|
|upkeep
|turn|15
|
|t:|1757948569
|switch|p1a: Corviknight|Corviknight, F, tera:Ghost|83/100 brn
|-ability|p1a: Corviknight|Pressure
|move|p2a: Garchomp|Spikes|p1a: Corviknight
|-sidestart|p1: ChessDennis|Spikes
|
|-damage|p1a: Corviknight|77/100 brn|[from] brn
|upkeep
|turn|16
|
|t:|1757948578
|move|p2a: Garchomp|Spikes|p1a: Corviknight
|-sidestart|p1: ChessDennis|Spikes
|move|p1a: Corviknight|Brave Bird|p2a: Garchomp
|-damage|p2a: Garchomp|68/100
|-damage|p1a: Corviknight|64/100 brn|[from] ability: Rough Skin|[of] p2a: Garchomp
|-damage|p1a: Corviknight|48/100 brn|[from] item: Rocky Helmet|[of] p2a: Garchomp
|-damage|p1a: Corviknight|42/100 brn|[from] Recoil
|
|-damage|p1a: Corviknight|36/100 brn|[from] brn
|upkeep
|turn|17
|
|t:|1757948588
|move|p2a: Garchomp|Earthquake|p1a: Corviknight
|-damage|p1a: Corviknight|0 fnt
|faint|p1a: Corviknight
|
|upkeep
|
|t:|1757948591
|switch|p1a: Iron Valiant|Iron Valiant|100/100
|-damage|p1a: Iron Valiant|84/100|[from] Spikes
|-enditem|p1a: Iron Valiant|Booster Energy
|-activate|p1a: Iron Valiant|ability: Quark Drive|[fromitem]
|-start|p1a: Iron Valiant|quarkdrivespa
|turn|18
|
|t:|1757948601
|move|p1a: Iron Valiant|Moonblast|p2a: Garchomp
|-supereffective|p2a: Garchomp
|-damage|p2a: Garchomp|0 fnt
|faint|p2a: Garchomp
|
|upkeep
|
|t:|1757948606
|switch|p2a: Vileplume|Vileplume, M|100/100
|-damage|p2a: Vileplume|84/100|[from] Spikes
|turn|19
|
|t:|1757948611
|-end|p1a: Iron Valiant|Quark Drive|[silent]
|switch|p1a: Gholdengo|Gholdengo|100/100
|-damage|p1a: Gholdengo|84/100|[from] Spikes
|move|p2a: Vileplume|Giga Drain|p1a: Gholdengo
|-resisted|p1a: Gholdengo
|-damage|p1a: Gholdengo|65/100
|-heal|p2a: Vileplume|93/100|[from] drain|[of] p1a: Gholdengo
|
|-heal|p2a: Vileplume|99/100|[from] item: Leftovers
|upkeep
|turn|20
|
|t:|1757948622
|switch|p2a: Cryogonal|Cryogonal|100/100
|move|p1a: Gholdengo|Shadow Ball|p2a: Cryogonal
|-crit|p2a: Cryogonal
|-damage|p2a: Cryogonal|23/100
|-unboost|p2a: Cryogonal|spd|1
|
|upkeep
|turn|21
|
|t:|1757948635
|switch|p1a: Slowking|Slowking-Galar, M|100/100
|-damage|p1a: Slowking|84/100|[from] Spikes
|move|p2a: Cryogonal|Recover|p2a: Cryogonal
|-heal|p2a: Cryogonal|73/100
|
|upkeep
|turn|22
|
|t:|1757948641
|move|p2a: Cryogonal|Rapid Spin|p1a: Slowking
|-damage|p1a: Slowking|78/100
|-boost|p2a: Cryogonal|spe|1
|-sideend|p2: TNT13|Spikes|[from] move: Rapid Spin|[of] p2a: Cryogonal
|move|p1a: Slowking|Toxic Spikes|p2a: Cryogonal
|-sidestart|p2: TNT13|move: Toxic Spikes
|
|upkeep
|turn|23
|
|t:|1757948648
|switch|p2a: Vileplume|Vileplume, M|99/100
|-sideend|p2: TNT13|move: Toxic Spikes|[of] p2a: Vileplume
|move|p1a: Slowking|Flamethrower|p2a: Vileplume
|-supereffective|p2a: Vileplume
|-damage|p2a: Vileplume|32/100
|-status|p2a: Vileplume|brn
|
|-heal|p2a: Vileplume|38/100 brn|[from] item: Leftovers
|-damage|p2a: Vileplume|32/100 brn|[from] brn
|upkeep
|turn|24
|
|t:|1757948658
|move|p2a: Vileplume|Strength Sap|p1a: Slowking
|-unboost|p1a: Slowking|atk|1
|-heal|p2a: Vileplume|66/100 brn
|move|p1a: Slowking|Toxic Spikes|p2a: Vileplume
|-sidestart|p2: TNT13|move: Toxic Spikes
|
|-heal|p2a: Vileplume|72/100 brn|[from] item: Leftovers
|-damage|p2a: Vileplume|66/100 brn|[from] brn
|upkeep
|turn|25
|
|t:|1757948668
|switch|p2a: Floatzel|Floatzel, M|61/100
|-status|p2a: Floatzel|psn
|move|p1a: Slowking|Flamethrower|p2a: Floatzel
|-resisted|p2a: Floatzel
|-damage|p2a: Floatzel|30/100 psn
|
|-damage|p2a: Floatzel|18/100 psn|[from] psn
|upkeep
|turn|26
|
|t:|1757948679
|move|p2a: Floatzel|Wave Crash|p1a: Slowking
|-damage|p1a: Slowking|0 fnt
|faint|p1a: Slowking
|-damage|p2a: Floatzel|0 fnt|[from] Recoil
|faint|p2a: Floatzel
|
|upkeep
|
|t:|1757948686
|switch|p2a: Cryogonal|Cryogonal|73/100
|switch|p1a: Gholdengo|Gholdengo|65/100
|-damage|p1a: Gholdengo|48/100|[from] Spikes
|turn|27
|
|t:|1757948698
|-terastallize|p2a: Cryogonal|Fire
|move|p2a: Cryogonal|Tera Blast|p1a: Gholdengo|[anim] Tera Blast Fire
|-supereffective|p1a: Gholdengo
|-damage|p1a: Gholdengo|0 fnt
|faint|p1a: Gholdengo
|
|upkeep
|
|t:|1757948700
|switch|p1a: Iron Valiant|Iron Valiant|84/100
|-damage|p1a: Iron Valiant|68/100|[from] Spikes
|turn|28
|
|t:|1757948711
|move|p1a: Iron Valiant|Swords Dance|p1a: Iron Valiant
|-boost|p1a: Iron Valiant|atk|2
|move|p2a: Cryogonal|Tera Blast|p1a: Iron Valiant|[anim] Tera Blast Fire
|-damage|p1a: Iron Valiant|2/100
|
|upkeep
|turn|29
|
|t:|1757948717
|move|p1a: Iron Valiant|Knock Off|p2a: Cryogonal
|-damage|p2a: Cryogonal|0 fnt
|-enditem|p2a: Cryogonal|Heavy-Duty Boots|[from] move: Knock Off|[of] p1a: Iron Valiant
|faint|p2a: Cryogonal
|
|upkeep
|
|t:|1757948723
|switch|p2a: Vileplume|Vileplume, M|66/100 brn
|-sideend|p2: TNT13|move: Toxic Spikes|[of] p2a: Vileplume
|turn|30
|
|t:|1757948726
|move|p1a: Iron Valiant|Knock Off|p2a: Vileplume
|-damage|p2a: Vileplume|15/100 brn
|-enditem|p2a: Vileplume|Leftovers|[from] move: Knock Off|[of] p1a: Iron Valiant
|move|p2a: Vileplume|Giga Drain|p1a: Iron Valiant
|-damage|p1a: Iron Valiant|0 fnt
|-heal|p2a: Vileplume|15/100 brn|[from] drain|[of] p1a: Iron Valiant
|faint|p1a: Iron Valiant
|-end|p1a: Iron Valiant|Quark Drive|[silent]
|
|win|TNT13
|raw|ChessDennis's rating: 1193 &rarr; <strong>1168</strong><br />(-25 for losing)
|raw|TNT13's rating: 1199 &rarr; <strong>1224</strong><br />(+25 for winning)
|l|☆ChessDennis
|player|p1|
|c|☆TNT13|gg
|l|☆TNT13
|player|p2|
