|j|☆Jirachi75
|j|☆Incognito260
|t:|1757933360
|gametype|singles
|player|p1|Jirachi75|169|1372
|player|p2|Incognito260|hilbert|1440
|gen|9
|tier|[Gen 9] OU
|rated|
|rule|HP Percentage Mod: HP is shown in percentages
|rule|Endless Battle Clause: Forcing endless battles is banned
|rule|Species Clause: Limit one of each Pokémon
|rule|OHKO Clause: OHKO moves are banned
|rule|Evasion Items Clause: Evasion items are banned
|rule|Evasion Moves Clause: Evasion moves are banned
|rule|Evasion Abilities Clause: Evasion abilities are banned
|rule|Sleep Moves Clause: Sleep-inducing moves are banned
|clearpoke
|poke|p1|Whimsicott, F|
|poke|p1|Alomomola, F|
|poke|p1|Kyurem|
|poke|p1|Great Tusk|
|poke|p1|Slowking-Galar, M|
|poke|p1|Arcanine-Hisui, M|
|poke|p2|Heatran, M|
|poke|p2|Dragapult, F|
|poke|p2|Meowscarada, M|
|poke|p2|Kingambit, F|
|poke|p2|Ogerpon-Wellspring, F|
|poke|p2|Iron Hands|
|teampreview
|inactive|Battle timer is ON: inactive players will automatically lose when time's up. (requested by Incognito260)
|
|t:|1757933377
|teamsize|p1|6
|teamsize|p2|6
|start
|switch|p1a: Kyurem|Kyurem|100/100
|switch|p2a: Meowscarada|Meowscarada, M, shiny|100/100
|-ability|p1a: Kyurem|Pressure
|turn|1
|
|t:|1757933391
|move|p2a: Meowscarada|Triple Axel|p1a: Kyurem
|-start|p2a: Meowscarada|typechange|Ice|[from] ability: Protean
|-damage|p1a: Kyurem|88/100
|-damage|p1a: Kyurem|63/100
|-damage|p1a: Kyurem|22/100
|-hitcount|p1a: Kyurem|3
|move|p1a: Kyurem|Freeze-Dry|p2a: Meowscarada
|-resisted|p2a: Meowscarada
|-damage|p2a: Meowscarada|71/100
|
|upkeep
|turn|2
|
|t:|1757933404
|switch|p2a: Ogerpon|Ogerpon-Wellspring, F|100/100
|switch|p1a: Alomomola|Alomomola, F|100/100
|
|upkeep
|turn|3
|
|t:|1757933409
|switch|p1a: Farfi|Whimsicott, F|100/100
|move|p2a: Ogerpon|Swords Dance|p2a: Ogerpon
|-boost|p2a: Ogerpon|atk|2
|
|upkeep
|turn|4
|
|t:|1757933415
|switch|p2a: Heatran|Heatran, M|100/100
|move|p1a: Farfi|U-turn|p2a: Heatran
|-resisted|p2a: Heatran
|-damage|p2a: Heatran|98/100
|
|t:|1757933424
|switch|p1a: Kyurem|Kyurem|22/100|[from] U-turn
|-ability|p1a: Kyurem|Pressure
|
|upkeep
|turn|5
|
|t:|1757933430
|switch|p2a: Meowscarada|Meowscarada, M, shiny|71/100
|move|p1a: Kyurem|Earth Power|p2a: Meowscarada
|-resisted|p2a: Meowscarada
|-damage|p2a: Meowscarada|46/100
|
|upkeep
|turn|6
|
|t:|1757933436
|switch|p1a: Slowking|Slowking-Galar, M|100/100
|move|p2a: Meowscarada|U-turn|p1a: Slowking
|-start|p2a: Meowscarada|typechange|Bug|[from] ability: Protean
|-damage|p1a: Slowking|50/100
|
|t:|1757933441
|switch|p2a: Dragapult|Dragapult, F, shiny|100/100|[from] U-turn
|
|upkeep
|turn|7
|
|t:|1757933449
|switch|p1a: Alomomola|Alomomola, F|100/100
|move|p2a: Dragapult|Shadow Ball|p1a: Alomomola
|-damage|p1a: Alomomola|60/100
|
|upkeep
|turn|8
|
|t:|1757933455
|switch|p2a: Ogerpon|Ogerpon-Wellspring, F|100/100
|move|p1a: Alomomola|Flip Turn|p2a: Ogerpon
|-immune|p2a: Ogerpon|[from] ability: Water Absorb
|
|upkeep
|turn|9
|
|t:|1757933462
|move|p2a: Ogerpon|Swords Dance|p2a: Ogerpon
|-boost|p2a: Ogerpon|atk|2
|move|p1a: Alomomola|Body Slam|p2a: Ogerpon
|-damage|p2a: Ogerpon|79/100
|
|upkeep
|turn|10
|
|t:|1757933469
|switch|p1a: Kyurem|Kyurem|22/100
|-ability|p1a: Kyurem|Pressure
|move|p2a: Ogerpon|Power Whip|p1a: Kyurem
|-resisted|p1a: Kyurem
|-damage|p1a: Kyurem|0 fnt
|faint|p1a: Kyurem
|
|upkeep
|
|t:|1757933477
|switch|p1a: Arcanine|Arcanine-Hisui, M|100/100
|turn|11
|
|t:|1757933481
|move|p1a: Arcanine|Head Smash|p2a: Ogerpon|[miss]
|-miss|p1a: Arcanine|p2a: Ogerpon
|move|p2a: Ogerpon|Power Whip|p1a: Arcanine|[miss]
|-miss|p2a: Ogerpon|p1a: Arcanine
|
|upkeep
|turn|12
|
|t:|1757933488
|switch|p2a: LeBron James|Iron Hands, shiny|100/100
|-enditem|p2a: LeBron James|Booster Energy
|-activate|p2a: LeBron James|ability: Quark Drive|[fromitem]
|-start|p2a: LeBron James|quarkdriveatk
|move|p1a: Arcanine|Head Smash|p2a: LeBron James
|-resisted|p2a: LeBron James
|-damage|p2a: LeBron James|74/100
|
|upkeep
|turn|13
|
|t:|1757933496
|switch|p1a: Great Tusk|Great Tusk|100/100
|move|p2a: LeBron James|Swords Dance|p2a: LeBron James
|-boost|p2a: LeBron James|atk|2
|
|upkeep
|turn|14
|
|t:|1757933502
|-terastallize|p2a: LeBron James|Bug
|move|p1a: Great Tusk|Earthquake|p2a: LeBron James
|-resisted|p2a: LeBron James
|-damage|p2a: LeBron James|59/100
|move|p2a: LeBron James|Drain Punch|p1a: Great Tusk
|-damage|p1a: Great Tusk|52/100
|-heal|p2a: LeBron James|81/100|[from] drain|[of] p1a: Great Tusk
|-damage|p2a: LeBron James|64/100|[from] item: Rocky Helmet|[of] p1a: Great Tusk
|
|upkeep
|turn|15
|
|t:|1757933515
|move|p1a: Great Tusk|Body Press|p2a: LeBron James
|-resisted|p2a: LeBron James
|-damage|p2a: LeBron James|49/100
|move|p2a: LeBron James|Drain Punch|p1a: Great Tusk
|-damage|p1a: Great Tusk|4/100
|-heal|p2a: LeBron James|70/100|[from] drain|[of] p1a: Great Tusk
|-damage|p2a: LeBron James|53/100|[from] item: Rocky Helmet|[of] p1a: Great Tusk
|
|upkeep
|turn|16
|
|t:|1757933523
|move|p1a: Great Tusk|Earthquake|p2a: LeBron James
|-resisted|p2a: LeBron James
|-damage|p2a: LeBron James|38/100
|move|p2a: LeBron James|Ice Punch|p1a: Great Tusk
|-supereffective|p1a: Great Tusk
|-damage|p1a: Great Tusk|0 fnt
|-damage|p2a: LeBron James|21/100|[from] item: Rocky Helmet|[of] p1a: Great Tusk
|faint|p1a: Great Tusk
|-end|p1a: Great Tusk|Protosynthesis|[silent]
|
|upkeep
|
|t:|1757933536
|switch|p1a: Farfi|Whimsicott, F|100/100
|turn|17
|
|t:|1757933544
|move|p1a: Farfi|Moonblast|p2a: LeBron James
|-damage|p2a: LeBron James|0 fnt
|faint|p2a: LeBron James
|-end|p2a: LeBron James|Quark Drive|[silent]
|
|upkeep
|l|☆Incognito260
|inactive|Incognito260 disconnected and has a minute to reconnect!
|player|p2|
|inactive|Incognito260 has 30 seconds to reconnect!
|inactive|Incognito260 has 20 seconds to reconnect!
|inactive|Incognito260 has 15 seconds to reconnect!
|inactive|Incognito260 has 10 seconds to reconnect!
|inactive|Incognito260 has 5 seconds to reconnect!
|-message|Incognito260 lost due to inactivity.
|
|win|Jirachi75
|raw|Jirachi75's rating: 1372 &rarr; <strong>1396</strong><br />(+24 for winning)
|raw|Incognito260's rating: 1440 &rarr; <strong>1416</strong><br />(-24 for losing)
|l|☆Jirachi75
|player|p1|
