|j|☆flygonisdragon
|j|☆Prerak04
|t:|1757830281
|gametype|singles
|player|p1|flygonisdragon|serena-masters|1437
|player|p2|Prerak04|265|1389
|gen|9
|tier|[Gen 9] OU
|rated|
|rule|HP Percentage Mod: HP is shown in percentages
|rule|Endless Battle Clause: Forcing endless battles is banned
|rule|Species Clause: Limit one of each Pokémon
|rule|OHKO Clause: OHKO moves are banned
|rule|Evasion Items Clause: Evasion items are banned
|rule|Evasion Moves Clause: Evasion moves are banned
|rule|Evasion Abilities Clause: Evasion abilities are banned
|rule|Sleep Moves Clause: Sleep-inducing moves are banned
|clearpoke
|poke|p1|Volcanion|
|poke|p1|Metagross|
|poke|p1|Zamazenta-*|
|poke|p1|Rillaboom, F|
|poke|p1|Fezandipiti, M|
|poke|p1|Regidrago|
|poke|p2|Tyranitar, M|
|poke|p2|Excadrill, M|
|poke|p2|Tornadus-Therian, M|
|poke|p2|Tinkaton, F|
|poke|p2|Sinistcha|
|poke|p2|Toxapex, M|
|teampreview
|inactive|Battle timer is ON: inactive players will automatically lose when time's up. (requested by Prerak04)
|
|t:|1757830290
|teamsize|p1|6
|teamsize|p2|6
|start
|switch|p1a: Metagross|Metagross|100/100
|switch|p2a: Tyranitar|Tyranitar, M, shiny|100/100
|-weather|Sandstorm|[from] ability: Sand Stream|[of] p2a: Tyranitar
|turn|1
|
|t:|1757830297
|move|p1a: Metagross|Meteor Mash|p2a: Tyranitar
|-supereffective|p2a: Tyranitar
|-damage|p2a: Tyranitar|0 fnt
|faint|p2a: Tyranitar
|-damage|p1a: Metagross|91/100|[from] item: Life Orb
|
|-weather|Sandstorm|[upkeep]
|upkeep
|
|t:|1757830302
|switch|p2a: Excadrill|Excadrill, M, shiny|100/100
|turn|2
|
|t:|1757830309
|switch|p1a: Zamazenta|Zamazenta|100/100
|-ability|p1a: Zamazenta|Dauntless Shield|boost
|-boost|p1a: Zamazenta|def|1
|move|p2a: Excadrill|Substitute|p2a: Excadrill
|-start|p2a: Excadrill|Substitute
|-damage|p2a: Excadrill|76/100
|
|-weather|Sandstorm|[upkeep]
|-damage|p1a: Zamazenta|94/100|[from] Sandstorm
|-heal|p2a: Excadrill|82/100|[from] item: Leftovers
|-heal|p1a: Zamazenta|100/100|[from] item: Leftovers
|upkeep
|turn|3
|
|t:|1757830313
|switch|p2a: Sinistcha|Sinistcha, shiny|100/100
|move|p1a: Zamazenta|Iron Defense|p1a: Zamazenta
|-boost|p1a: Zamazenta|def|2
|
|-weather|Sandstorm|[upkeep]
|-damage|p1a: Zamazenta|94/100|[from] Sandstorm
|-damage|p2a: Sinistcha|94/100|[from] Sandstorm
|-heal|p1a: Zamazenta|100/100|[from] item: Leftovers
|-heal|p2a: Sinistcha|100/100|[from] item: Leftovers
|upkeep
|turn|4
|
|t:|1757830321
|switch|p1a: Regidrago|Regidrago|100/100
|move|p2a: Sinistcha|Calm Mind|p2a: Sinistcha
|-boost|p2a: Sinistcha|spa|1
|-boost|p2a: Sinistcha|spd|1
|
|-weather|Sandstorm|[upkeep]
|-damage|p1a: Regidrago|94/100|[from] Sandstorm
|-damage|p2a: Sinistcha|94/100|[from] Sandstorm
|-heal|p2a: Sinistcha|100/100|[from] item: Leftovers
|upkeep
|turn|5
|
|t:|1757830324
|move|p1a: Regidrago|Dragon Energy|p2a: Sinistcha
|-damage|p2a: Sinistcha|0 fnt
|faint|p2a: Sinistcha
|
|-weather|none
|upkeep
|-message|Prerak04 forfeited.
|
|win|flygonisdragon
|raw|flygonisdragon's rating: 1437 &rarr; <strong>1454</strong><br />(+17 for winning)
|raw|Prerak04's rating: 1389 &rarr; <strong>1372</strong><br />(-17 for losing)
|l|☆Prerak04
|player|p2|
|l|☆flygonisdragon
|player|p1|
