|j|☆yamadakouta
|j|☆Vineetnhm
|t:|1757833122
|gametype|singles
|player|p1|yamadakouta|169|1170
|player|p2|Vineetnhm|101|1153
|gen|9
|tier|[Gen 9] OU
|rated|
|rule|HP Percentage Mod: HP is shown in percentages
|rule|Endless Battle Clause: Forcing endless battles is banned
|rule|Species Clause: Limit one of each Pokémon
|rule|OHKO Clause: OHKO moves are banned
|rule|Evasion Items Clause: Evasion items are banned
|rule|Evasion Moves Clause: Evasion moves are banned
|rule|Evasion Abilities Clause: Evasion abilities are banned
|rule|Sleep Moves Clause: Sleep-inducing moves are banned
|clearpoke
|poke|p1|Kingambit, F|
|poke|p1|Espeon, F|
|poke|p1|Gholdengo|
|poke|p1|Crawdaunt, F|
|poke|p1|Greninja-*, M|
|poke|p1|Cloyster, M|
|poke|p2|Decidueye-Hisui, M|
|poke|p2|Hydrapple, F|
|poke|p2|Gholdengo|
|poke|p2|Porygon2|
|poke|p2|Slowking-Galar, M|
|poke|p2|Banette, F|
|teampreview
|inactive|Battle timer is ON: inactive players will automatically lose when time's up. (requested by Vineetnhm)
|
|t:|1757833132
|teamsize|p1|6
|teamsize|p2|6
|start
|switch|p1a: Crawdaunt|Crawdaunt, F|100/100
|switch|p2a: Slowking|Slowking-Galar, M|100/100
|turn|1
|
|t:|1757833138
|switch|p2a: Decidueye|Decidueye-Hisui, M|100/100
|move|p1a: Crawdaunt|Dragon Dance|p1a: Crawdaunt
|-boost|p1a: Crawdaunt|atk|1
|-boost|p1a: Crawdaunt|spe|1
|
|upkeep
|turn|2
|
|t:|1757833147
|move|p1a: Crawdaunt|Crabhammer|p2a: Decidueye
|-resisted|p2a: Decidueye
|-damage|p2a: Decidueye|50/100
|move|p2a: Decidueye|Triple Arrows|p1a: Crawdaunt
|-supereffective|p1a: Crawdaunt
|-enditem|p1a: Crawdaunt|Focus Sash
|-damage|p1a: Crawdaunt|1/100
|-damage|p2a: Decidueye|40/100|[from] item: Life Orb
|
|upkeep
|turn|3
|
|t:|1757833156
|move|p1a: Crawdaunt|Crabhammer|p2a: Decidueye
|-resisted|p2a: Decidueye
|-damage|p2a: Decidueye|0 fnt
|faint|p2a: Decidueye
|
|upkeep
|
|t:|1757833158
|switch|p2a: Banette|Banette, F|100/100
|turn|4
|
|t:|1757833167
|move|p1a: Crawdaunt|Aqua Jet|p2a: Banette
|-damage|p2a: Banette|37/100
|move|p2a: Banette|Shadow Sneak|p1a: Crawdaunt
|-resisted|p1a: Crawdaunt
|-damage|p1a: Crawdaunt|0 fnt
|faint|p1a: Crawdaunt
|-damage|p2a: Banette|27/100|[from] item: Life Orb
|
|upkeep
|
|t:|1757833177
|switch|p1a: Greninja|Greninja, M|100/100
|turn|5
|
|t:|1757833181
|move|p1a: Greninja|Surf|p2a: Banette
|-damage|p2a: Banette|0 fnt
|faint|p2a: Banette
|-ability|p1a: Greninja|Battle Bond|boost
|-boost|p1a: Greninja|atk|1
|-boost|p1a: Greninja|spa|1
|-boost|p1a: Greninja|spe|1
|-activate|p1a: Greninja|ability: Battle Bond
|-damage|p1a: Greninja|91/100|[from] item: Life Orb
|
|upkeep
|
|t:|1757833187
|switch|p2a: Porygon2|Porygon2|100/100
|-ability|p2a: Porygon2|Download|boost
|-boost|p2a: Porygon2|atk|1
|turn|6
|
|t:|1757833194
|move|p1a: Greninja|Surf|p2a: Porygon2
|-damage|p2a: Porygon2|38/100
|-damage|p1a: Greninja|81/100|[from] item: Life Orb
|move|p2a: Porygon2|Trick Room|p2a: Porygon2
|-fieldstart|move: Trick Room|[of] p2a: Porygon2
|
|upkeep
|turn|7
|
|t:|1757833205
|switch|p2a: Hydrapple|Hydrapple, F|100/100
|-terastallize|p1a: Greninja|Water
|move|p1a: Greninja|Water Shuriken|p2a: Hydrapple
|-resisted|p2a: Hydrapple
|-damage|p2a: Hydrapple|96/100
|-resisted|p2a: Hydrapple
|-damage|p2a: Hydrapple|91/100
|-resisted|p2a: Hydrapple
|-damage|p2a: Hydrapple|86/100
|-hitcount|p2a: Hydrapple|3
|-damage|p1a: Greninja|71/100|[from] item: Life Orb
|
|upkeep
|turn|8
|
|t:|1757833217
|move|p2a: Hydrapple|Giga Drain|p1a: Greninja
|-supereffective|p1a: Greninja
|-damage|p1a: Greninja|0 fnt
|-heal|p2a: Hydrapple|100/100|[from] drain|[of] p1a: Greninja
|faint|p1a: Greninja
|-damage|p2a: Hydrapple|91/100|[from] item: Life Orb
|
|upkeep
|
|t:|1757833228
|switch|p1a: Cloyster|Cloyster, M, shiny|100/100
|turn|9
|
|t:|1757833234
|move|p2a: Hydrapple|Giga Drain|p1a: Cloyster
|-supereffective|p1a: Cloyster
|-enditem|p1a: Cloyster|Focus Sash
|-damage|p1a: Cloyster|1/100
|-heal|p2a: Hydrapple|100/100|[from] drain|[of] p1a: Cloyster
|-damage|p2a: Hydrapple|91/100|[from] item: Life Orb
|move|p1a: Cloyster|Icicle Spear|p2a: Hydrapple
|-supereffective|p2a: Hydrapple
|-damage|p2a: Hydrapple|59/100
|-supereffective|p2a: Hydrapple
|-damage|p2a: Hydrapple|24/100
|-supereffective|p2a: Hydrapple
|-damage|p2a: Hydrapple|0 fnt
|faint|p2a: Hydrapple
|-hitcount|p2: Hydrapple|3
|
|upkeep
|
|t:|1757833240
|switch|p2a: Porygon2|Porygon2|38/100
|-ability|p2a: Porygon2|Download|boost
|-boost|p2a: Porygon2|spa|1
|turn|10
|
|t:|1757833255
|move|p2a: Porygon2|Shadow Ball|p1a: Cloyster
|-crit|p1a: Cloyster
|-damage|p1a: Cloyster|0 fnt
|faint|p1a: Cloyster
|
|-fieldend|move: Trick Room
|upkeep
|
|t:|1757833266
|switch|p1a: Kingambit|Kingambit, F|100/100
|-activate|p1a: Kingambit|ability: Supreme Overlord
|-start|p1a: Kingambit|fallen3|[silent]
|turn|11
|
|t:|1757833273
|move|p2a: Porygon2|Recover|p2a: Porygon2
|-heal|p2a: Porygon2|88/100
|move|p1a: Kingambit|Kowtow Cleave|p2a: Porygon2
|-damage|p2a: Porygon2|43/100
|
|upkeep
|turn|12
|
|t:|1757833284
|move|p2a: Porygon2|Tri Attack|p1a: Kingambit
|-resisted|p1a: Kingambit
|-damage|p1a: Kingambit|82/100
|move|p1a: Kingambit|Kowtow Cleave|p2a: Porygon2
|-damage|p2a: Porygon2|0 fnt
|faint|p2a: Porygon2
|
|upkeep
|
|t:|1757833296
|switch|p2a: Slowking|Slowking-Galar, M|100/100
|turn|13
|
|t:|1757833299
|-terastallize|p2a: Slowking|Flying
|move|p1a: Kingambit|Sucker Punch|p2a: Slowking
|-crit|p2a: Slowking
|-damage|p2a: Slowking|16/100
|move|p2a: Slowking|Flamethrower|p1a: Kingambit
|-supereffective|p1a: Kingambit
|-damage|p1a: Kingambit|46/100
|
|-heal|p2a: Slowking|22/100|[from] item: Leftovers
|upkeep
|turn|14
|
|t:|1757833309
|move|p1a: Kingambit|Sucker Punch||[still]
|-fail|p1a: Kingambit
|move|p2a: Slowking|Trick Room|p2a: Slowking
|-fieldstart|move: Trick Room|[of] p2a: Slowking
|
|-heal|p2a: Slowking|28/100|[from] item: Leftovers
|upkeep
|turn|15
|
|t:|1757833317
|move|p2a: Slowking|Flamethrower|p1a: Kingambit
|-supereffective|p1a: Kingambit
|-damage|p1a: Kingambit|5/100
|move|p1a: Kingambit|Kowtow Cleave|p2a: Slowking
|-damage|p2a: Slowking|0 fnt
|faint|p2a: Slowking
|
|upkeep
|
|t:|1757833321
|switch|p2a: Gholdengo|Gholdengo|100/100
|-item|p2a: Gholdengo|Air Balloon
|turn|16
|
|t:|1757833343
|move|p1a: Kingambit|Sucker Punch||[still]
|-fail|p1a: Kingambit
|move|p2a: Gholdengo|Nasty Plot|p2a: Gholdengo
|-boost|p2a: Gholdengo|spa|2
|
|upkeep
|turn|17
|
|t:|1757833350
|move|p1a: Kingambit|Sucker Punch||[still]
|-fail|p1a: Kingambit
|move|p2a: Gholdengo|Nasty Plot|p2a: Gholdengo
|-boost|p2a: Gholdengo|spa|2
|
|upkeep
|turn|18
|
|t:|1757833356
|move|p1a: Kingambit|Sucker Punch||[still]
|-fail|p1a: Kingambit
|move|p2a: Gholdengo|Nasty Plot|p2a: Gholdengo
|-boost|p2a: Gholdengo|spa|2
|
|-fieldend|move: Trick Room
|upkeep
|turn|19
|
|t:|1757833364
|move|p1a: Kingambit|Sucker Punch|p2a: Gholdengo
|-supereffective|p2a: Gholdengo
|-damage|p2a: Gholdengo|3/100
|-enditem|p2a: Gholdengo|Air Balloon
|move|p2a: Gholdengo|Thunderbolt|p1a: Kingambit
|-damage|p1a: Kingambit|0 fnt
|faint|p1a: Kingambit
|-end|p1a: Kingambit|fallen3|[silent]
|
|upkeep
|
|t:|1757833372
|switch|p1a: Espeon|Espeon, F|100/100
|turn|20
|
|t:|1757833376
|move|p1a: Espeon|Shadow Ball|p2a: Gholdengo
|-supereffective|p2a: Gholdengo
|-damage|p2a: Gholdengo|0 fnt
|faint|p2a: Gholdengo
|
|win|yamadakouta
|raw|yamadakouta's rating: 1170 &rarr; <strong>1194</strong><br />(+24 for winning)
|raw|Vineetnhm's rating: 1153 &rarr; <strong>1129</strong><br />(-24 for losing)
|l|☆yamadakouta
|player|p1|
|l|☆Vineetnhm
|player|p2|
