|j|☆HappyMaushold
|j|☆lupiit
|t:|1757919010
|gametype|singles
|player|p1|HappyMaushold|cynthia|1322
|player|p2|lupiit|dragontamer|1296
|gen|9
|tier|[Gen 9] OU
|rated|
|rule|HP Percentage Mod: HP is shown in percentages
|rule|Endless Battle Clause: Forcing endless battles is banned
|rule|Species Clause: Limit one of each Pokémon
|rule|OHKO Clause: OHKO moves are banned
|rule|Evasion Items Clause: Evasion items are banned
|rule|Evasion Moves Clause: Evasion moves are banned
|rule|Evasion Abilities Clause: Evasion abilities are banned
|rule|Sleep Moves Clause: Sleep-inducing moves are banned
|clearpoke
|poke|p1|Leafeon, F|
|poke|p1|Latias, F|
|poke|p1|Torkoal, F|
|poke|p1|Walking Wake|
|poke|p1|Arcanine-Hisui, F|
|poke|p1|Great Tusk|
|poke|p2|Comfey, M|
|poke|p2|Moltres|
|poke|p2|Garchomp, F|
|poke|p2|Blaziken, F|
|poke|p2|Skeledirge, M|
|poke|p2|Volcanion|
|teampreview
|inactive|Battle timer is ON: inactive players will automatically lose when time's up. (requested by lupiit)
|
|t:|1757919023
|teamsize|p1|6
|teamsize|p2|6
|start
|switch|p1a: Groodon|Torkoal, F|100/100
|switch|p2a: Moltres|Moltres|100/100
|-weather|SunnyDay|[from] ability: Drought|[of] p1a: Groodon
|turn|1
|
|t:|1757919043
|switch|p1a: Walking Wake|Walking Wake|100/100
|-activate|p1a: Walking Wake|ability: Protosynthesis
|-start|p1a: Walking Wake|protosynthesisspe
|move|p2a: Moltres|Flamethrower|p1a: Walking Wake
|-resisted|p1a: Walking Wake
|-crit|p1a: Walking Wake
|-damage|p1a: Walking Wake|72/100
|
|-weather|SunnyDay|[upkeep]
|upkeep
|turn|2
|
|t:|1757919054
|move|p2a: Moltres|Protect|p2a: Moltres
|-singleturn|p2a: Moltres|Protect
|move|p1a: Walking Wake|Draco Meteor|p2a: Moltres
|-activate|p2a: Moltres|move: Protect
|
|-weather|SunnyDay|[upkeep]
|upkeep
|turn|3
|
|t:|1757919058
|switch|p2a: Comfey|Comfey, M|100/100
|move|p1a: Walking Wake|Draco Meteor|p2a: Comfey
|-immune|p2a: Comfey
|
|-weather|SunnyDay|[upkeep]
|upkeep
|turn|4
|
|t:|1757919083
|-end|p1a: Walking Wake|Protosynthesis|[silent]
|switch|p1a: Dogonite|Arcanine-Hisui, F|100/100
|move|p2a: Comfey|Draining Kiss|p1a: Dogonite
|-resisted|p1a: Dogonite
|-damage|p1a: Dogonite|87/100
|
|-weather|SunnyDay|[upkeep]
|upkeep
|turn|5
|
|t:|1757919094
|switch|p1a: Walking Wake|Walking Wake|72/100
|-activate|p1a: Walking Wake|ability: Protosynthesis
|-start|p1a: Walking Wake|protosynthesisspe
|switch|p2a: Garchomp|Garchomp, F|100/100
|
|-weather|SunnyDay|[upkeep]
|upkeep
|turn|6
|
|t:|1757919099
|switch|p2a: Volcanion|Volcanion|100/100
|move|p1a: Walking Wake|Hydro Steam|p2a: Volcanion
|-immune|p2a: Volcanion|[from] ability: Water Absorb
|
|-weather|SunnyDay|[upkeep]
|upkeep
|turn|7
|
|t:|1757919104
|-end|p1a: Walking Wake|Protosynthesis|[silent]
|switch|p1a: Dogonite|Arcanine-Hisui, F|87/100
|move|p2a: Volcanion|Steam Eruption|p1a: Dogonite
|-supereffective|p1a: Dogonite
|-crit|p1a: Dogonite
|-damage|p1a: Dogonite|0 fnt
|faint|p1a: Dogonite
|
|-weather|SunnyDay|[upkeep]
|upkeep
|
|t:|1757919109
|switch|p1a: Green Zacian|Leafeon, F|100/100
|turn|8
|
|t:|1757919111
|move|p1a: Green Zacian|Solar Blade||[still]
|-prepare|p1a: Green Zacian|Solar Blade
|-anim|p1a: Green Zacian|Solar Blade|p2a: Volcanion
|-damage|p2a: Volcanion|4/100
|move|p2a: Volcanion|Flamethrower|p1a: Green Zacian
|-supereffective|p1a: Green Zacian
|-damage|p1a: Green Zacian|0 fnt
|faint|p1a: Green Zacian
|
|-weather|none
|upkeep
|
|t:|1757919114
|switch|p1a: Groodon|Torkoal, F|100/100
|-weather|SunnyDay|[from] ability: Drought|[of] p1a: Groodon
|turn|9
|c|☆lupiit|nice
|
|t:|1757919119
|switch|p1a: Red Latios|Latias, F|100/100
|move|p2a: Volcanion|Steam Eruption|p1a: Red Latios
|-resisted|p1a: Red Latios
|-damage|p1a: Red Latios|89/100
|
|-weather|SunnyDay|[upkeep]
|upkeep
|turn|10
|
|t:|1757919123
|move|p1a: Red Latios|Ice Beam|p2a: Volcanion
|-resisted|p2a: Volcanion
|-damage|p2a: Volcanion|0 fnt
|faint|p2a: Volcanion
|
|-weather|SunnyDay|[upkeep]
|upkeep
|
|t:|1757919127
|switch|p2a: Skeledirge|Skeledirge, M, shiny|100/100
|turn|11
|
|t:|1757919143
|move|p1a: Red Latios|Mist Ball|p2a: Skeledirge
|-damage|p2a: Skeledirge|56/100
|-unboost|p2a: Skeledirge|spa|1
|move|p2a: Skeledirge|Shadow Ball|p1a: Red Latios
|-supereffective|p1a: Red Latios
|-damage|p1a: Red Latios|17/100
|
|-weather|SunnyDay|[upkeep]
|upkeep
|turn|12
|
|t:|1757919168
|move|p1a: Red Latios|Mist Ball|p2a: Skeledirge
|-damage|p2a: Skeledirge|9/100
|move|p2a: Skeledirge|Shadow Ball|p1a: Red Latios
|-supereffective|p1a: Red Latios
|-damage|p1a: Red Latios|0 fnt
|faint|p1a: Red Latios
|
|-weather|SunnyDay|[upkeep]
|upkeep
|
|t:|1757919197
|switch|p1a: Walking Wake|Walking Wake|72/100
|-activate|p1a: Walking Wake|ability: Protosynthesis
|-start|p1a: Walking Wake|protosynthesisspe
|turn|13
|inactive|lupiit has 120 seconds left.
|
|t:|1757919237
|move|p1a: Walking Wake|Hydro Steam|p2a: Skeledirge
|-supereffective|p2a: Skeledirge
|-damage|p2a: Skeledirge|0 fnt
|faint|p2a: Skeledirge
|
|-weather|SunnyDay|[upkeep]
|upkeep
|
|t:|1757919240
|switch|p2a: Comfey|Comfey, M|100/100
|turn|14
|
|t:|1757919250
|switch|p2a: Moltres|Moltres|100/100
|-terastallize|p1a: Walking Wake|Water
|move|p1a: Walking Wake|Hydro Steam|p2a: Moltres
|-supereffective|p2a: Moltres
|-damage|p2a: Moltres|0 fnt
|faint|p2a: Moltres
|
|-weather|SunnyDay|[upkeep]
|upkeep
|inactive|lupiit has 120 seconds left.
|
|t:|1757919257
|switch|p2a: Blaziken|Blaziken, F|100/100
|turn|15
|
|t:|1757919271
|move|p2a: Blaziken|Protect|p2a: Blaziken
|-singleturn|p2a: Blaziken|Protect
|move|p1a: Walking Wake|Hydro Steam|p2a: Blaziken
|-activate|p2a: Blaziken|move: Protect
|
|-weather|SunnyDay|[upkeep]
|-ability|p2a: Blaziken|Speed Boost|boost
|-boost|p2a: Blaziken|spe|1
|upkeep
|turn|16
|inactive|lupiit has 120 seconds left.
|inactive|lupiit has 90 seconds left.
|
|t:|1757919331
|switch|p2a: Garchomp|Garchomp, F|100/100
|move|p1a: Walking Wake|Hydro Steam|p2a: Garchomp
|-damage|p2a: Garchomp|0 fnt
|faint|p2a: Garchomp
|
|-weather|none
|-end|p1a: Walking Wake|Protosynthesis
|upkeep
|
|t:|1757919335
|switch|p2a: Blaziken|Blaziken, F|100/100
|turn|17
|
|t:|1757919341
|move|p2a: Blaziken|Protect|p2a: Blaziken
|-singleturn|p2a: Blaziken|Protect
|move|p1a: Walking Wake|Hydro Steam|p2a: Blaziken
|-activate|p2a: Blaziken|move: Protect
|
|-ability|p2a: Blaziken|Speed Boost|boost
|-boost|p2a: Blaziken|spe|1
|upkeep
|turn|18
|
|t:|1757919344
|move|p2a: Blaziken|Close Combat|p1a: Walking Wake
|-damage|p1a: Walking Wake|3/100
|-unboost|p2a: Blaziken|def|1
|-unboost|p2a: Blaziken|spd|1
|move|p1a: Walking Wake|Hydro Steam|p2a: Blaziken
|-supereffective|p2a: Blaziken
|-damage|p2a: Blaziken|0 fnt
|faint|p2a: Blaziken
|
|upkeep
|
|t:|1757919346
|switch|p2a: Comfey|Comfey, M|100/100
|turn|19
|
|t:|1757919351
|move|p2a: Comfey|Draining Kiss|p1a: Walking Wake
|-damage|p1a: Walking Wake|0 fnt
|faint|p1a: Walking Wake
|-end|p1a: Walking Wake|Protosynthesis|[silent]
|
|upkeep
|
|t:|1757919353
|switch|p1a: Groodon|Torkoal, F|100/100
|-weather|SunnyDay|[from] ability: Drought|[of] p1a: Groodon
|turn|20
|
|t:|1757919355
|move|p2a: Comfey|Calm Mind|p2a: Comfey
|-boost|p2a: Comfey|spa|1
|-boost|p2a: Comfey|spd|1
|move|p1a: Groodon|Will-O-Wisp|p2a: Comfey
|-status|p2a: Comfey|brn
|
|-weather|SunnyDay|[upkeep]
|-damage|p2a: Comfey|94/100 brn|[from] brn
|upkeep
|turn|21
|
|t:|1757919359
|move|p2a: Comfey|Calm Mind|p2a: Comfey
|-boost|p2a: Comfey|spa|1
|-boost|p2a: Comfey|spd|1
|move|p1a: Groodon|Clear Smog|p2a: Comfey
|-supereffective|p2a: Comfey
|-crit|p2a: Comfey
|-damage|p2a: Comfey|63/100 brn
|-clearboost|p2a: Comfey
|
|-weather|SunnyDay|[upkeep]
|-damage|p2a: Comfey|57/100 brn|[from] brn
|upkeep
|turn|22
|
|t:|1757919364
|move|p2a: Comfey|Calm Mind|p2a: Comfey
|-boost|p2a: Comfey|spa|1
|-boost|p2a: Comfey|spd|1
|move|p1a: Groodon|Clear Smog|p2a: Comfey
|-supereffective|p2a: Comfey
|-damage|p2a: Comfey|43/100 brn
|-clearboost|p2a: Comfey
|
|-weather|SunnyDay|[upkeep]
|-damage|p2a: Comfey|37/100 brn|[from] brn
|upkeep
|turn|23
|
|t:|1757919368
|move|p2a: Comfey|Leech Seed|p1a: Groodon
|-start|p1a: Groodon|move: Leech Seed
|move|p1a: Groodon|Clear Smog|p2a: Comfey
|-supereffective|p2a: Comfey
|-damage|p2a: Comfey|14/100 brn
|-clearboost|p2a: Comfey
|
|-weather|SunnyDay|[upkeep]
|-damage|p1a: Groodon|88/100|[from] Leech Seed|[of] p2a: Comfey
|-heal|p2a: Comfey|28/100 brn|[silent]
|-damage|p2a: Comfey|21/100 brn|[from] brn
|upkeep
|turn|24
|
|t:|1757919373
|switch|p1a: Great Tusk|Great Tusk|100/100
|-activate|p1a: Great Tusk|ability: Protosynthesis
|-start|p1a: Great Tusk|protosynthesisdef
|move|p2a: Comfey|Draining Kiss|p1a: Great Tusk
|-supereffective|p1a: Great Tusk
|-damage|p1a: Great Tusk|47/100
|-heal|p2a: Comfey|78/100 brn|[from] drain|[of] p1a: Great Tusk
|
|-weather|SunnyDay|[upkeep]
|-heal|p1a: Great Tusk|54/100|[from] item: Leftovers
|-damage|p2a: Comfey|72/100 brn|[from] brn
|upkeep
|turn|25
|
|t:|1757919384
|move|p2a: Comfey|Draining Kiss|p1a: Great Tusk
|-supereffective|p1a: Great Tusk
|-damage|p1a: Great Tusk|0 fnt
|-heal|p2a: Comfey|100/100 brn|[from] drain|[of] p1a: Great Tusk
|faint|p1a: Great Tusk
|-end|p1a: Great Tusk|Protosynthesis|[silent]
|
|-weather|SunnyDay|[upkeep]
|-damage|p2a: Comfey|94/100 brn|[from] brn
|upkeep
|c|☆lupiit|xD
|
|t:|1757919386
|switch|p1a: Groodon|Torkoal, F|88/100
|turn|26
|
|t:|1757919389
|move|p2a: Comfey|Leech Seed|p1a: Groodon
|-start|p1a: Groodon|move: Leech Seed
|move|p1a: Groodon|Lava Plume|p2a: Comfey
|-damage|p2a: Comfey|59/100 brn
|
|-weather|SunnyDay|[upkeep]
|-damage|p1a: Groodon|76/100|[from] Leech Seed|[of] p2a: Comfey
|-heal|p2a: Comfey|73/100 brn|[silent]
|-damage|p2a: Comfey|67/100 brn|[from] brn
|upkeep
|turn|27
|
|t:|1757919392
|move|p2a: Comfey|Calm Mind|p2a: Comfey
|-boost|p2a: Comfey|spa|1
|-boost|p2a: Comfey|spd|1
|move|p1a: Groodon|Lava Plume|p2a: Comfey
|-damage|p2a: Comfey|43/100 brn
|
|-weather|none
|-damage|p1a: Groodon|64/100|[from] Leech Seed|[of] p2a: Comfey
|-heal|p2a: Comfey|56/100 brn|[silent]
|-damage|p2a: Comfey|50/100 brn|[from] brn
|upkeep
|turn|28
|
|t:|1757919394
|move|p2a: Comfey|Draining Kiss|p1a: Groodon
|-resisted|p1a: Groodon
|-damage|p1a: Groodon|51/100
|-heal|p2a: Comfey|61/100 brn|[from] drain|[of] p1a: Groodon
|move|p1a: Groodon|Clear Smog|p2a: Comfey
|-supereffective|p2a: Comfey
|-damage|p2a: Comfey|48/100 brn
|-clearboost|p2a: Comfey
|
|-damage|p1a: Groodon|38/100|[from] Leech Seed|[of] p2a: Comfey
|-heal|p2a: Comfey|61/100 brn|[silent]
|-damage|p2a: Comfey|55/100 brn|[from] brn
|upkeep
|turn|29
|
|t:|1757919396
|move|p2a: Comfey|Draining Kiss|p1a: Groodon
|-resisted|p1a: Groodon
|-damage|p1a: Groodon|28/100
|-heal|p2a: Comfey|64/100 brn|[from] drain|[of] p1a: Groodon
|move|p1a: Groodon|Lava Plume|p2a: Comfey
|-damage|p2a: Comfey|38/100 brn
|
|-damage|p1a: Groodon|15/100|[from] Leech Seed|[of] p2a: Comfey
|-heal|p2a: Comfey|51/100 brn|[silent]
|-damage|p2a: Comfey|45/100 brn|[from] brn
|upkeep
|turn|30
|
|t:|1757919399
|move|p2a: Comfey|Draining Kiss|p1a: Groodon
|-resisted|p1a: Groodon
|-damage|p1a: Groodon|2/100
|-heal|p2a: Comfey|56/100 brn|[from] drain|[of] p1a: Groodon
|move|p1a: Groodon|Clear Smog|p2a: Comfey
|-supereffective|p2a: Comfey
|-damage|p2a: Comfey|35/100 brn
|-clearboost|p2a: Comfey
|
|-damage|p1a: Groodon|0 fnt|[from] Leech Seed|[of] p2a: Comfey
|-heal|p2a: Comfey|37/100 brn|[silent]
|faint|p1a: Groodon
|
|win|lupiit
|raw|HappyMaushold's rating: 1322 &rarr; <strong>1302</strong><br />(-20 for losing)
|raw|lupiit's rating: 1315 &rarr; <strong>1335</strong><br />(+20 for winning)
|l|☆lupiit
|player|p2|
|l|☆HappyMaushold
|player|p1|
