|j|☆Borry Vacus
|j|☆Fekliope
|t:|1757823988
|gametype|singles
|player|p1|Borry Vacus|266|1242
|player|p2|Fekliope|shauntal|1306
|gen|9
|tier|[Gen 9] OU
|rated|
|rule|HP Percentage Mod: HP is shown in percentages
|rule|Endless Battle Clause: Forcing endless battles is banned
|rule|Species Clause: Limit one of each Pokémon
|rule|OHKO Clause: OHKO moves are banned
|rule|Evasion Items Clause: Evasion items are banned
|rule|Evasion Moves Clause: Evasion moves are banned
|rule|Evasion Abilities Clause: Evasion abilities are banned
|rule|Sleep Moves Clause: Sleep-inducing moves are banned
|clearpoke
|poke|p1|Blaziken, M|
|poke|p1|Glimmora, M|
|poke|p1|Samurott-Hisui, M|
|poke|p1|Weavile, F|
|poke|p1|Corviknight, M|
|poke|p1|Slowking-Galar, M|
|poke|p2|Rotom-Heat|
|poke|p2|Walking Wake|
|poke|p2|Lilligant-Hisui, F|
|poke|p2|Great Tusk|
|poke|p2|Heatran, M|
|poke|p2|Torkoal, F|
|teampreview
|inactive|Battle timer is ON: inactive players will automatically lose when time's up. (requested by Fekliope)
|
|t:|1757823995
|teamsize|p1|6
|teamsize|p2|6
|start
|switch|p1a: Glimmora|Glimmora, M|100/100
|switch|p2a: Torkoal|Torkoal, F|100/100
|-weather|SunnyDay|[from] ability: Drought|[of] p2a: Torkoal
|turn|1
|
|t:|1757824007
|switch|p2a: Great Tusk|Great Tusk|100/100
|-activate|p2a: Great Tusk|ability: Protosynthesis
|-start|p2a: Great Tusk|protosynthesisatk
|move|p1a: Glimmora|Earth Power|p2a: Great Tusk
|-damage|p2a: Great Tusk|62/100
|
|-weather|SunnyDay|[upkeep]
|upkeep
|turn|2
|
|t:|1757824022
|switch|p1a: Corviknight|Corviknight, M|100/100
|-ability|p1a: Corviknight|Pressure
|move|p2a: Great Tusk|Earthquake|p1a: Corviknight
|-immune|p1a: Corviknight
|
|-weather|SunnyDay|[upkeep]
|upkeep
|turn|3
|
|t:|1757824028
|-end|p2a: Great Tusk|Protosynthesis|[silent]
|switch|p2a: Rotom|Rotom-Heat|100/100
|move|p1a: Corviknight|U-turn|p2a: Rotom
|-resisted|p2a: Rotom
|-damage|p2a: Rotom|91/100
|
|t:|1757824044
|switch|p1a: Glimmora|Glimmora, M|100/100|[from] U-turn
|
|-weather|SunnyDay|[upkeep]
|upkeep
|turn|4
|
|t:|1757824049
|move|p2a: Rotom|Overheat|p1a: Glimmora
|-resisted|p1a: Glimmora
|-damage|p1a: Glimmora|46/100
|-unboost|p2a: Rotom|spa|2
|move|p1a: Glimmora|Sludge Wave|p2a: Rotom
|-damage|p2a: Rotom|42/100
|
|-weather|SunnyDay|[upkeep]
|upkeep
|turn|5
|
|t:|1757824058
|switch|p1a: Samurott|Samurott-Hisui, M|100/100
|move|p2a: Rotom|Volt Switch|p1a: Samurott
|-supereffective|p1a: Samurott
|-damage|p1a: Samurott|50/100
|
|t:|1757824064
|switch|p2a: Lilligant|Lilligant-Hisui, F|100/100|[from] Volt Switch
|
|-weather|SunnyDay|[upkeep]
|upkeep
|turn|6
|
|t:|1757824072
|move|p2a: Lilligant|Victory Dance|p2a: Lilligant
|-boost|p2a: Lilligant|atk|1
|-boost|p2a: Lilligant|def|1
|-boost|p2a: Lilligant|spe|1
|move|p1a: Samurott|Flip Turn|p2a: Lilligant
|-resisted|p2a: Lilligant
|-damage|p2a: Lilligant|93/100
|
|t:|1757824079
|switch|p1a: Corviknight|Corviknight, M|100/100|[from] Flip Turn
|-ability|p1a: Corviknight|Pressure
|
|-weather|SunnyDay|[upkeep]
|upkeep
|turn|7
|
|t:|1757824084
|move|p2a: Lilligant|Axe Kick|p1a: Corviknight
|-damage|p1a: Corviknight|45/100
|-start|p1a: Corviknight|confusion
|-activate|p1a: Corviknight|confusion
|-damage|p1a: Corviknight|39/100|[from] confusion
|
|-weather|SunnyDay|[upkeep]
|-heal|p1a: Corviknight|46/100|[from] item: Leftovers
|upkeep
|turn|8
|
|t:|1757824094
|switch|p1a: Slowking|Slowking-Galar, M|100/100
|move|p2a: Lilligant|Axe Kick|p1a: Slowking
|-resisted|p1a: Slowking
|-damage|p1a: Slowking|77/100
|
|-weather|none
|upkeep
|turn|9
|
|t:|1757824101
|switch|p2a: Heatran|Heatran, M|100/100
|-item|p2a: Heatran|Air Balloon
|move|p1a: Slowking|Sludge Wave|p2a: Heatran
|-immune|p2a: Heatran
|
|upkeep
|turn|10
|
|t:|1757824110
|move|p2a: Heatran|Stealth Rock|p1a: Slowking
|-sidestart|p1: Borry Vacus|move: Stealth Rock
|move|p1a: Slowking|Psychic|p2a: Heatran
|-resisted|p2a: Heatran
|-damage|p2a: Heatran|85/100
|-enditem|p2a: Heatran|Air Balloon
|
|upkeep
|turn|11
|
|t:|1757824118
|switch|p1a: Samurott|Samurott-Hisui, M|50/100
|-damage|p1a: Samurott|38/100|[from] Stealth Rock
|move|p2a: Heatran|Flash Cannon|p1a: Samurott
|-resisted|p1a: Samurott
|-damage|p1a: Samurott|2/100
|
|upkeep
|turn|12
|
|t:|1757824124
|switch|p2a: Torkoal|Torkoal, F|100/100
|-weather|SunnyDay|[from] ability: Drought|[of] p2a: Torkoal
|move|p1a: Samurott|Aqua Cutter|p2a: Torkoal
|-supereffective|p2a: Torkoal
|-damage|p2a: Torkoal|58/100
|
|-weather|SunnyDay|[upkeep]
|upkeep
|turn|13
|
|t:|1757824131
|move|p1a: Samurott|Aqua Cutter|p2a: Torkoal
|-supereffective|p2a: Torkoal
|-damage|p2a: Torkoal|22/100
|move|p2a: Torkoal|Rapid Spin|p1a: Samurott
|-damage|p1a: Samurott|0 fnt
|-boost|p2a: Torkoal|spe|1
|faint|p1a: Samurott
|
|-weather|SunnyDay|[upkeep]
|upkeep
|
|t:|1757824137
|switch|p1a: Glimmora|Glimmora, M|46/100
|-damage|p1a: Glimmora|34/100|[from] Stealth Rock
|turn|14
|
|t:|1757824141
|move|p1a: Glimmora|Mortal Spin|p2a: Torkoal
|-damage|p2a: Torkoal|18/100
|-status|p2a: Torkoal|psn
|-sideend|p1: Borry Vacus|Stealth Rock|[from] move: Mortal Spin|[of] p1a: Glimmora
|move|p2a: Torkoal|Lava Plume|p1a: Glimmora
|-resisted|p1a: Glimmora
|-damage|p1a: Glimmora|2/100
|
|-weather|SunnyDay|[upkeep]
|-damage|p2a: Torkoal|6/100 psn|[from] psn
|upkeep
|turn|15
|
|t:|1757824152
|switch|p2a: Rotom|Rotom-Heat|42/100
|move|p1a: Glimmora|Stealth Rock|p2a: Rotom
|-sidestart|p2: Fekliope|move: Stealth Rock
|
|-weather|SunnyDay|[upkeep]
|upkeep
|turn|16
|
|t:|1757824158
|move|p2a: Rotom|Volt Switch|p1a: Glimmora
|-crit|p1a: Glimmora
|-damage|p1a: Glimmora|0 fnt
|faint|p1a: Glimmora
|
|t:|1757824166
|switch|p2a: Great Tusk|Great Tusk|62/100|[from] Volt Switch
|-activate|p2a: Great Tusk|ability: Protosynthesis
|-start|p2a: Great Tusk|protosynthesisatk
|
|-weather|SunnyDay|[upkeep]
|upkeep
|
|t:|1757824173
|switch|p1a: Weavile|Weavile, F|100/100
|-ability|p1a: Weavile|Pressure
|turn|17
|
|t:|1757824182
|move|p1a: Weavile|Triple Axel|p2a: Great Tusk
|-supereffective|p2a: Great Tusk
|-damage|p2a: Great Tusk|49/100
|-supereffective|p2a: Great Tusk
|-damage|p2a: Great Tusk|22/100
|-supereffective|p2a: Great Tusk
|-damage|p2a: Great Tusk|0 fnt
|faint|p2a: Great Tusk
|-end|p2a: Great Tusk|Protosynthesis|[silent]
|-hitcount|p2: Great Tusk|3
|
|-weather|SunnyDay|[upkeep]
|upkeep
|
|t:|1757824187
|switch|p2a: Walking Wake|Walking Wake|100/100
|-damage|p2a: Walking Wake|88/100|[from] Stealth Rock
|-activate|p2a: Walking Wake|ability: Protosynthesis
|-start|p2a: Walking Wake|protosynthesisspa
|turn|18
|
|t:|1757824197
|switch|p1a: Corviknight|Corviknight, M|46/100
|-ability|p1a: Corviknight|Pressure
|move|p2a: Walking Wake|Agility|p2a: Walking Wake
|-boost|p2a: Walking Wake|spe|2
|
|-weather|SunnyDay|[upkeep]
|-heal|p1a: Corviknight|52/100|[from] item: Leftovers
|upkeep
|turn|19
|
|t:|1757824213
|switch|p1a: Slowking|Slowking-Galar, M|100/100
|move|p2a: Walking Wake|Flamethrower|p1a: Slowking
|-damage|p1a: Slowking|60/100
|-damage|p2a: Walking Wake|78/100|[from] item: Life Orb
|
|-weather|none
|-end|p2a: Walking Wake|Protosynthesis
|upkeep
|turn|20
|
|t:|1757824222
|move|p2a: Walking Wake|Hydro Steam|p1a: Slowking
|-damage|p1a: Slowking|33/100
|-damage|p2a: Walking Wake|69/100|[from] item: Life Orb
|move|p1a: Slowking|Psychic|p2a: Walking Wake
|-damage|p2a: Walking Wake|22/100
|
|upkeep
|turn|21
|
|t:|1757824237
|switch|p1a: Weavile|Weavile, F|100/100
|-ability|p1a: Weavile|Pressure
|move|p2a: Walking Wake|Dragon Pulse|p1a: Weavile
|-damage|p1a: Weavile|12/100
|-damage|p2a: Walking Wake|12/100|[from] item: Life Orb
|
|upkeep
|turn|22
|
|t:|1757824241
|-terastallize|p1a: Weavile|Ice
|move|p1a: Weavile|Ice Shard|p2a: Walking Wake
|-damage|p2a: Walking Wake|0 fnt
|faint|p2a: Walking Wake
|-end|p2a: Walking Wake|Protosynthesis|[silent]
|
|upkeep
|
|t:|1757824248
|switch|p2a: Torkoal|Torkoal, F|6/100 psn
|-damage|p2a: Torkoal|0 fnt|[from] Stealth Rock
|faint|p2a: Torkoal
|
|t:|1757824261
|switch|p2a: Heatran|Heatran, M|85/100
|-damage|p2a: Heatran|73/100|[from] Stealth Rock
|turn|23
|
|t:|1757824268
|move|p1a: Weavile|Low Kick|p2a: Heatran
|-supereffective|p2a: Heatran
|-damage|p2a: Heatran|6/100
|move|p2a: Heatran|Stealth Rock|p1a: Weavile
|-sidestart|p1: Borry Vacus|move: Stealth Rock
|
|upkeep
|turn|24
|
|t:|1757824274
|move|p1a: Weavile|Knock Off|p2a: Heatran
|-damage|p2a: Heatran|0 fnt
|faint|p2a: Heatran
|
|upkeep
|
|t:|1757824277
|switch|p2a: Lilligant|Lilligant-Hisui, F|93/100
|-damage|p2a: Lilligant|87/100|[from] Stealth Rock
|turn|25
|
|t:|1757824281
|-terastallize|p2a: Lilligant|Dark
|move|p1a: Weavile|Triple Axel|p2a: Lilligant
|-damage|p2a: Lilligant|65/100
|-damage|p2a: Lilligant|25/100
|-damage|p2a: Lilligant|0 fnt
|faint|p2a: Lilligant
|-hitcount|p2: Lilligant|3
|
|upkeep
|
|t:|1757824290
|switch|p2a: Rotom|Rotom-Heat|42/100
|-damage|p2a: Rotom|17/100|[from] Stealth Rock
|turn|26
|
|t:|1757824294
|move|p1a: Weavile|Knock Off|p2a: Rotom
|-damage|p2a: Rotom|0 fnt
|-enditem|p2a: Rotom|Assault Vest|[from] move: Knock Off|[of] p1a: Weavile
|faint|p2a: Rotom
|
|win|Borry Vacus
|raw|Borry Vacus's rating: 1242 &rarr; <strong>1272</strong><br />(+30 for winning)
|raw|Fekliope's rating: 1306 &rarr; <strong>1282</strong><br />(-24 for losing)
|l|☆Fekliope
|player|p2|
|l|☆Borry Vacus
|player|p1|
