|badge|p2|gold|gen9ru|3-6
|badge|p2|bronze|gen9monotype|100-6
|uhtml|medal-msg|<div class="broadcast-blue">Curious what those medals under the avatar are? PS now has Ladder Seasons! For more information, check out the <a href="https://www.smogon.com/forums/threads/3740067/">thread on Smogon.</a></div>
|j|☆mosfroth
|j|☆Nature's Conqueror
|t:|1757788542
|gametype|singles
|player|p1|mosfroth|bruno|1581
|player|p2|Nature's Conqueror|dancer|1679
|gen|9
|tier|[Gen 9] OU
|rated|
|rule|HP Percentage Mod: HP is shown in percentages
|rule|Endless Battle Clause: Forcing endless battles is banned
|rule|Species Clause: Limit one of each Pokémon
|rule|OHKO Clause: OHKO moves are banned
|rule|Evasion Items Clause: Evasion items are banned
|rule|Evasion Moves Clause: Evasion moves are banned
|rule|Evasion Abilities Clause: Evasion abilities are banned
|rule|Sleep Moves Clause: Sleep-inducing moves are banned
|clearpoke
|poke|p1|Blaziken, M|
|poke|p1|Dragonite, M|
|poke|p1|Darkrai|
|poke|p1|Ting-Lu|
|poke|p1|Iron Crown|
|poke|p1|Sinistcha|
|poke|p2|Indeedee, M|
|poke|p2|Hatterene, F|
|poke|p2|Ursaluna, F|
|poke|p2|Iron Hands|
|poke|p2|Hoopa-Unbound|
|poke|p2|Mimikyu, M|
|teampreview
|inactive|Battle timer is ON: inactive players will automatically lose when time's up. (requested by Nature's Conqueror)
|
|t:|1757788607
|teamsize|p1|6
|teamsize|p2|6
|start
|switch|p1a: Darkrai|Darkrai|100/100
|switch|p2a: LEBRON 🏀|Iron Hands, shiny|100/100
|-enditem|p2a: LEBRON 🏀|Booster Energy
|-activate|p2a: LEBRON 🏀|ability: Quark Drive|[fromitem]
|-start|p2a: LEBRON 🏀|quarkdriveatk
|turn|1
|
|t:|1757788628
|switch|p1a: Sinistcha|Sinistcha|100/100
|move|p2a: LEBRON 🏀|Heavy Slam|p1a: Sinistcha
|-damage|p1a: Sinistcha|59/100
|
|upkeep
|turn|2
|
|t:|1757788633
|move|p1a: Sinistcha|Strength Sap|p2a: LEBRON 🏀
|-unboost|p2a: LEBRON 🏀|atk|1
|-heal|p1a: Sinistcha|100/100
|move|p2a: LEBRON 🏀|Ice Punch|p1a: Sinistcha
|-supereffective|p1a: Sinistcha
|-damage|p1a: Sinistcha|61/100
|
|upkeep
|turn|3
|
|t:|1757788646
|-end|p2a: LEBRON 🏀|Quark Drive|[silent]
|switch|p2a: Alfred 🦇|Indeedee, M|100/100
|-fieldstart|move: Psychic Terrain|[from] ability: Psychic Surge|[of] p2a: Alfred 🦇
|move|p1a: Sinistcha|Calm Mind|p1a: Sinistcha
|-boost|p1a: Sinistcha|spa|1
|-boost|p1a: Sinistcha|spd|1
|
|upkeep
|turn|4
|inactive|Nature's Conqueror has 120 seconds left.
|
|t:|1757788685
|move|p2a: Alfred 🦇|Encore|p1a: Sinistcha
|-start|p1a: Sinistcha|Encore
|move|p1a: Sinistcha|Calm Mind|p1a: Sinistcha
|-boost|p1a: Sinistcha|spa|1
|-boost|p1a: Sinistcha|spd|1
|
|upkeep
|turn|5
|
|t:|1757788695
|move|p1a: Sinistcha|Calm Mind|p1a: Sinistcha
|-boost|p1a: Sinistcha|spa|1
|-boost|p1a: Sinistcha|spd|1
|move|p2a: Alfred 🦇|Trick Room|p2a: Alfred 🦇
|-fieldstart|move: Trick Room|[of] p2a: Alfred 🦇
|
|upkeep
|turn|6
|
|t:|1757788703
|switch|p2a: Dark Magician☥|Hoopa-Unbound|100/100
|-enditem|p2a: Dark Magician☥|Psychic Seed
|-boost|p2a: Dark Magician☥|spd|1|[from] item: Psychic Seed
|move|p1a: Sinistcha|Calm Mind|p1a: Sinistcha
|-boost|p1a: Sinistcha|spa|1
|-boost|p1a: Sinistcha|spd|1
|
|-end|p1a: Sinistcha|Encore
|upkeep
|turn|7
|
|t:|1757788714
|move|p2a: Dark Magician☥|Hyperspace Fury|p1a: Sinistcha
|-supereffective|p1a: Sinistcha
|-damage|p1a: Sinistcha|0 fnt
|-unboost|p2a: Dark Magician☥|def|1
|faint|p1a: Sinistcha
|-item|p2a: Dark Magician☥|Heavy-Duty Boots|[from] ability: Magician|[of] p1: Sinistcha
|
|upkeep
|
|t:|1757788728
|switch|p1a: Ting-Lu|Ting-Lu|100/100
|-ability|p1a: Ting-Lu|Vessel of Ruin
|turn|8
|
|t:|1757788747
|move|p1a: Ting-Lu|Earthquake|p2a: Dark Magician☥
|-damage|p2a: Dark Magician☥|37/100
|move|p2a: Dark Magician☥|Focus Blast|p1a: Ting-Lu
|-supereffective|p1a: Ting-Lu
|-damage|p1a: Ting-Lu|57/100
|
|-heal|p1a: Ting-Lu|64/100|[from] item: Leftovers
|upkeep
|turn|9
|
|t:|1757788755
|move|p1a: Ting-Lu|Earthquake|p2a: Dark Magician☥
|-damage|p2a: Dark Magician☥|0 fnt
|faint|p2a: Dark Magician☥
|
|-heal|p1a: Ting-Lu|70/100|[from] item: Leftovers
|-fieldend|move: Trick Room
|upkeep
|
|t:|1757788758
|switch|p2a: LEBRON 🏀|Iron Hands, shiny|100/100
|turn|10
|
|t:|1757788763
|move|p2a: LEBRON 🏀|Close Combat|p1a: Ting-Lu
|-supereffective|p1a: Ting-Lu
|-damage|p1a: Ting-Lu|0 fnt
|-unboost|p2a: LEBRON 🏀|def|1
|-unboost|p2a: LEBRON 🏀|spd|1
|faint|p1a: Ting-Lu
|
|-fieldend|move: Psychic Terrain
|upkeep
|inactive|mosfroth has 120 seconds left.
|
|t:|1757788806
|switch|p1a: Dragonite|Dragonite, M|100/100
|turn|11
|
|t:|1757788819
|-terastallize|p1a: Dragonite|Flying
|move|p1a: Dragonite|Dragon Dance|p1a: Dragonite
|-boost|p1a: Dragonite|atk|1
|-boost|p1a: Dragonite|spe|1
|move|p2a: LEBRON 🏀|Ice Punch|p1a: Dragonite
|-supereffective|p1a: Dragonite
|-damage|p1a: Dragonite|68/100
|
|upkeep
|turn|12
|
|t:|1757788825
|move|p1a: Dragonite|Earthquake|p2a: LEBRON 🏀
|-supereffective|p2a: LEBRON 🏀
|-damage|p2a: LEBRON 🏀|0 fnt
|faint|p2a: LEBRON 🏀
|-end|p2a: LEBRON 🏀|Quark Drive|[silent]
|
|upkeep
|
|t:|1757788829
|switch|p2a: Alfred 🦇|Indeedee, M|100/100
|-fieldstart|move: Psychic Terrain|[from] ability: Psychic Surge|[of] p2a: Alfred 🦇
|turn|13
|
|t:|1757788834
|move|p1a: Dragonite|Tera Blast|p2a: Alfred 🦇|[anim] Tera Blast Flying
|-damage|p2a: Alfred 🦇|1/100
|move|p2a: Alfred 🦇|Trick Room|p2a: Alfred 🦇
|-fieldstart|move: Trick Room|[of] p2a: Alfred 🦇
|
|upkeep
|turn|14
|inactive|Nature's Conqueror has 120 seconds left.
|
|t:|1757788868
|move|p2a: Alfred 🦇|Expanding Force|p1a: Dragonite
|-damage|p1a: Dragonite|4/100
|move|p1a: Dragonite|Tera Blast|p2a: Alfred 🦇|[anim] Tera Blast Flying
|-damage|p2a: Alfred 🦇|0 fnt
|faint|p2a: Alfred 🦇
|
|upkeep
|inactive|Nature's Conqueror has 120 seconds left.
|
|t:|1757788877
|switch|p2a: Blood & Honey 🍯|Ursaluna, F, shiny|100/100
|turn|15
|
|t:|1757788883
|move|p2a: Blood & Honey 🍯|Facade|p1a: Dragonite
|-damage|p1a: Dragonite|0 fnt
|faint|p1a: Dragonite
|
|-status|p2a: Blood & Honey 🍯|brn|[from] item: Flame Orb
|upkeep
|
|t:|1757788886
|switch|p1a: Blaziken|Blaziken, M|100/100
|turn|16
|
|t:|1757788891
|move|p1a: Blaziken|Protect|p1a: Blaziken
|-singleturn|p1a: Blaziken|Protect
|move|p2a: Blood & Honey 🍯|Headlong Rush|p1a: Blaziken
|-activate|p1a: Blaziken|move: Protect
|
|-damage|p2a: Blood & Honey 🍯|94/100 brn|[from] brn
|-ability|p1a: Blaziken|Speed Boost|boost
|-boost|p1a: Blaziken|spe|1
|upkeep
|turn|17
|
|t:|1757788902
|switch|p1a: Darkrai|Darkrai|100/100
|move|p2a: Blood & Honey 🍯|Headlong Rush|p1a: Darkrai
|-damage|p1a: Darkrai|0 fnt
|-unboost|p2a: Blood & Honey 🍯|def|1
|-unboost|p2a: Blood & Honey 🍯|spd|1
|faint|p1a: Darkrai
|
|-damage|p2a: Blood & Honey 🍯|88/100 brn|[from] brn
|-fieldend|move: Trick Room
|upkeep
|
|t:|1757788924
|switch|p1a: Iron Crown|Iron Crown|100/100
|turn|18
|
|t:|1757788937
|move|p1a: Iron Crown|Tachyon Cutter|p2a: Blood & Honey 🍯
|-damage|p2a: Blood & Honey 🍯|55/100 brn
|-damage|p2a: Blood & Honey 🍯|20/100 brn
|-hitcount|p2a: Blood & Honey 🍯|2
|move|p2a: Blood & Honey 🍯|Headlong Rush|p1a: Iron Crown
|-supereffective|p1a: Iron Crown
|-damage|p1a: Iron Crown|0 fnt
|-unboost|p2a: Blood & Honey 🍯|def|1
|-unboost|p2a: Blood & Honey 🍯|spd|1
|faint|p1a: Iron Crown
|-end|p1a: Iron Crown|Quark Drive|[silent]
|
|-damage|p2a: Blood & Honey 🍯|14/100 brn|[from] brn
|upkeep
|
|t:|1757788940
|switch|p1a: Blaziken|Blaziken, M|100/100
|turn|19
|
|t:|1757788947
|move|p1a: Blaziken|Protect|p1a: Blaziken
|-singleturn|p1a: Blaziken|Protect
|move|p2a: Blood & Honey 🍯|Headlong Rush|p1a: Blaziken
|-activate|p1a: Blaziken|move: Protect
|
|-damage|p2a: Blood & Honey 🍯|8/100 brn|[from] brn
|-ability|p1a: Blaziken|Speed Boost|boost
|-boost|p1a: Blaziken|spe|1
|upkeep
|turn|20
|
|t:|1757788952
|move|p1a: Blaziken|Close Combat|p2a: Blood & Honey 🍯
|-supereffective|p2a: Blood & Honey 🍯
|-damage|p2a: Blood & Honey 🍯|0 fnt
|-unboost|p1a: Blaziken|def|1
|-unboost|p1a: Blaziken|spd|1
|faint|p2a: Blood & Honey 🍯
|-damage|p1a: Blaziken|91/100|[from] item: Life Orb
|
|-fieldend|move: Psychic Terrain
|-ability|p1a: Blaziken|Speed Boost|boost
|-boost|p1a: Blaziken|spe|1
|upkeep
|
|t:|1757788955
|switch|p2a: Satella|Hatterene, F, shiny|100/100
|turn|21
|
|t:|1757788960
|move|p1a: Blaziken|Flare Blitz|p2a: Satella
|-damage|p2a: Satella|0 fnt
|faint|p2a: Satella
|-damage|p1a: Blaziken|56/100|[from] Recoil
|-damage|p1a: Blaziken|46/100|[from] item: Life Orb
|
|-ability|p1a: Blaziken|Speed Boost|boost
|-boost|p1a: Blaziken|spe|1
|upkeep
|
|t:|1757788963
|switch|p2a: Childs Play 🎭|Mimikyu, M|100/100
|turn|22
|
|t:|1757788974
|move|p1a: Blaziken|Flare Blitz|p2a: Childs Play 🎭
|-activate|p2a: Childs Play 🎭|ability: Disguise
|-damage|p2a: Childs Play 🎭|100/100
|detailschange|p2a: Childs Play 🎭|Mimikyu-Busted, M
|-damage|p2a: Childs Play 🎭|88/100|[from] pokemon: Mimikyu-Busted
|-damage|p1a: Blaziken|36/100|[from] item: Life Orb
|move|p2a: Childs Play 🎭|Trick Room|p2a: Childs Play 🎭
|-fieldstart|move: Trick Room|[of] p2a: Childs Play 🎭
|
|-ability|p1a: Blaziken|Speed Boost|boost
|-boost|p1a: Blaziken|spe|1
|upkeep
|turn|23
|
|t:|1757788982
|move|p1a: Blaziken|Protect|p1a: Blaziken
|-singleturn|p1a: Blaziken|Protect
|move|p2a: Childs Play 🎭|Play Rough|p1a: Blaziken
|-activate|p1a: Blaziken|move: Protect
|
|-ability|p1a: Blaziken|Speed Boost|boost
|-boost|p1a: Blaziken|spe|1
|upkeep
|turn|24
|
|t:|1757788988
|move|p2a: Childs Play 🎭|Play Rough|p1a: Blaziken
|-damage|p1a: Blaziken|0 fnt
|faint|p1a: Blaziken
|
|win|Nature's Conqueror
|raw|mosfroth's rating: 1581 &rarr; <strong>1565</strong><br />(-16 for losing)
|raw|Nature&apos;s Conqueror's rating: 1655 &rarr; <strong>1671</strong><br />(+16 for winning)
|l|☆mosfroth
|player|p1|
|l|☆Nature's Conqueror
|player|p2|
