|badge|p2|bronze|gen9ou|100-6
|uhtml|medal-msg|<div class="broadcast-blue">Curious what those medals under the avatar are? PS now has Ladder Seasons! For more information, check out the <a href="https://www.smogon.com/forums/threads/3740067/">thread on Smogon.</a></div>
|j|‽1shy9
|j|☆Auburn Hills
|t:|1757945137
|gametype|singles
|player|p1|1shy9|acetrainerf-gen4|1722
|player|p2|Auburn Hills|alder|1808
|gen|9
|tier|[Gen 9] OU
|rated|
|rule|HP Percentage Mod: HP is shown in percentages
|rule|Endless Battle Clause: Forcing endless battles is banned
|rule|Species Clause: Limit one of each Pokémon
|rule|OHKO Clause: OHKO moves are banned
|rule|Evasion Items Clause: Evasion items are banned
|rule|Evasion Moves Clause: Evasion moves are banned
|rule|Evasion Abilities Clause: Evasion abilities are banned
|rule|Sleep Moves Clause: Sleep-inducing moves are banned
|clearpoke
|poke|p1|Iron Moth|
|poke|p1|Gholdengo|
|poke|p1|Great Tusk|
|poke|p1|Kyurem|
|poke|p1|Zamazenta-*|
|poke|p1|Dragonite, F|
|poke|p2|Iron Moth|
|poke|p2|Umbreon, F|
|poke|p2|Garchomp, F|
|poke|p2|Glimmora, F|
|poke|p2|Gholdengo|
|poke|p2|Dragonite, F|
|teampreview
|
|t:|1757945147
|teamsize|p1|6
|teamsize|p2|6
|start
|switch|p1a: Great Tusk|Great Tusk|100/100
|switch|p2a: Rat Tally|Garchomp, F|100/100
|turn|1
|inactive|Battle timer is ON: inactive players will automatically lose when time's up. (requested by 1shy9)
|
|t:|1757945153
|move|p2a: Rat Tally|Scale Shot|p1a: Great Tusk
|-damage|p1a: Great Tusk|91/100
|-damage|p1a: Great Tusk|81/100
|-damage|p1a: Great Tusk|71/100
|-damage|p1a: Great Tusk|62/100
|-crit|p1a: Great Tusk
|-damage|p1a: Great Tusk|47/100
|-hitcount|p1a: Great Tusk|5
|-unboost|p2a: Rat Tally|def|1
|-boost|p2a: Rat Tally|spe|1
|move|p1a: Great Tusk|Ice Spinner|p2a: Rat Tally
|-supereffective|p2a: Rat Tally
|-damage|p2a: Rat Tally|0 fnt
|-damage|p1a: Great Tusk|34/100|[from] ability: Rough Skin|[of] p2a: Rat Tally
|faint|p2a: Rat Tally
|
|upkeep
|
|t:|1757945168
|switch|p2a: Elucid|Dragonite, F|100/100
|turn|2
|
|t:|1757945173
|move|p1a: Great Tusk|Ice Spinner|p2a: Elucid
|-supereffective|p2a: Elucid
|-damage|p2a: Elucid|42/100
|move|p2a: Elucid|Ice Spinner|p1a: Great Tusk
|-supereffective|p1a: Great Tusk
|-damage|p1a: Great Tusk|0 fnt
|faint|p1a: Great Tusk
|-end|p1a: Great Tusk|Protosynthesis|[silent]
|
|upkeep
|
|t:|1757945186
|switch|p1a: Iron Moth|Iron Moth|100/100
|-enditem|p1a: Iron Moth|Booster Energy
|-activate|p1a: Iron Moth|ability: Quark Drive|[fromitem]
|-start|p1a: Iron Moth|quarkdrivespe
|turn|3
|inactive|Auburn Hills has 120 seconds left.
|inactive|Auburn Hills has 90 seconds left.
|
|t:|1757945257
|move|p2a: Elucid|Extreme Speed|p1a: Iron Moth
|-damage|p1a: Iron Moth|50/100
|move|p1a: Iron Moth|Sludge Wave|p2a: Elucid
|-crit|p2a: Elucid
|-damage|p2a: Elucid|0 fnt
|faint|p2a: Elucid
|
|upkeep
|
|t:|1757945263
|switch|p2a: Alvvays|Umbreon, F|100/100
|turn|4
|
|t:|1757945271
|-end|p1a: Iron Moth|Quark Drive|[silent]
|switch|p1a: Zamazenta|Zamazenta|100/100
|-ability|p1a: Zamazenta|Dauntless Shield|boost
|-boost|p1a: Zamazenta|def|1
|move|p2a: Alvvays|Thunder Wave|p1a: Zamazenta|[miss]
|-miss|p2a: Alvvays|p1a: Zamazenta
|
|upkeep
|turn|5
|
|t:|1757945278
|switch|p2a: Smino|Gholdengo|100/100
|move|p1a: Zamazenta|Body Press|p2a: Smino
|-immune|p2a: Smino
|
|upkeep
|turn|6
|
|t:|1757945286
|move|p2a: Smino|Trick|p1a: Zamazenta
|-activate|p2a: Smino|move: Trick|[of] p1a: Zamazenta
|-item|p1a: Zamazenta|Choice Scarf|[from] move: Trick
|-item|p2a: Smino|Leftovers|[from] move: Trick
|move|p1a: Zamazenta|Crunch|p2a: Smino
|-supereffective|p2a: Smino
|-damage|p2a: Smino|47/100
|
|-heal|p2a: Smino|53/100|[from] item: Leftovers
|upkeep
|turn|7
|
|t:|1757945292
|switch|p2a: Alvvays|Umbreon, F|100/100
|move|p1a: Zamazenta|Crunch|p2a: Alvvays
|-resisted|p2a: Alvvays
|-damage|p2a: Alvvays|91/100
|-unboost|p2a: Alvvays|def|1
|
|-heal|p2a: Alvvays|97/100|[from] item: Leftovers
|upkeep
|turn|8
|
|t:|1757945297
|switch|p1a: Gholdengo|Gholdengo|100/100
|-item|p1a: Gholdengo|Air Balloon
|move|p2a: Alvvays|Foul Play|p1a: Gholdengo
|-supereffective|p1a: Gholdengo
|-damage|p1a: Gholdengo|68/100
|-enditem|p1a: Gholdengo|Air Balloon
|
|-heal|p2a: Alvvays|100/100|[from] item: Leftovers
|upkeep
|turn|9
|
|t:|1757945303
|move|p2a: Alvvays|Protect|p2a: Alvvays
|-singleturn|p2a: Alvvays|Protect
|move|p1a: Gholdengo|Nasty Plot|p1a: Gholdengo
|-boost|p1a: Gholdengo|spa|2
|
|upkeep
|turn|10
|
|t:|1757945307
|switch|p2a: Carly Rae|Iron Moth|100/100
|-enditem|p2a: Carly Rae|Booster Energy
|-activate|p2a: Carly Rae|ability: Quark Drive|[fromitem]
|-start|p2a: Carly Rae|quarkdrivespe
|move|p1a: Gholdengo|Make It Rain|p2a: Carly Rae
|-resisted|p2a: Carly Rae
|-damage|p2a: Carly Rae|23/100
|-unboost|p1a: Gholdengo|spa|1
|
|upkeep
|turn|11
|
|t:|1757945311
|switch|p1a: Iron Moth|Iron Moth|50/100
|move|p2a: Carly Rae|Fiery Dance|p1a: Iron Moth
|-resisted|p1a: Iron Moth
|-damage|p1a: Iron Moth|31/100
|
|upkeep
|turn|12
|
|t:|1757945316
|move|p2a: Carly Rae|Morning Sun|p2a: Carly Rae
|-heal|p2a: Carly Rae|73/100
|move|p1a: Iron Moth|Psychic|p2a: Carly Rae
|-supereffective|p2a: Carly Rae
|-damage|p2a: Carly Rae|3/100
|
|upkeep
|turn|13
|
|t:|1757945322
|move|p2a: Carly Rae|Discharge|p1a: Iron Moth
|-damage|p1a: Iron Moth|6/100
|move|p1a: Iron Moth|Sludge Wave|p2a: Carly Rae
|-resisted|p2a: Carly Rae
|-damage|p2a: Carly Rae|0 fnt
|faint|p2a: Carly Rae
|-end|p2a: Carly Rae|Quark Drive|[silent]
|
|upkeep
|
|t:|1757945329
|switch|p2a: Alvvays|Umbreon, F|100/100
|turn|14
|
|t:|1757945332
|move|p1a: Iron Moth|Fiery Dance|p2a: Alvvays
|-damage|p2a: Alvvays|80/100
|move|p2a: Alvvays|Foul Play|p1a: Iron Moth
|-damage|p1a: Iron Moth|0 fnt
|faint|p1a: Iron Moth
|-end|p1a: Iron Moth|Quark Drive|[silent]
|
|-heal|p2a: Alvvays|86/100|[from] item: Leftovers
|upkeep
|
|t:|1757945339
|switch|p1a: Gholdengo|Gholdengo|68/100
|turn|15
|
|t:|1757945344
|move|p1a: Gholdengo|Nasty Plot|p1a: Gholdengo
|-boost|p1a: Gholdengo|spa|2
|move|p2a: Alvvays|Foul Play|p1a: Gholdengo
|-supereffective|p1a: Gholdengo
|-damage|p1a: Gholdengo|30/100
|
|-heal|p2a: Alvvays|92/100|[from] item: Leftovers
|upkeep
|turn|16
|
|t:|1757945349
|move|p1a: Gholdengo|Make It Rain|p2a: Alvvays
|-damage|p2a: Alvvays|20/100
|-unboost|p1a: Gholdengo|spa|1
|move|p2a: Alvvays|Foul Play|p1a: Gholdengo
|-supereffective|p1a: Gholdengo
|-damage|p1a: Gholdengo|0 fnt
|faint|p1a: Gholdengo
|
|-heal|p2a: Alvvays|26/100|[from] item: Leftovers
|upkeep
|
|t:|1757945356
|switch|p1a: Kyurem|Kyurem|100/100
|-ability|p1a: Kyurem|Pressure
|turn|17
|
|t:|1757945364
|-terastallize|p2a: Alvvays|Water
|move|p1a: Kyurem|Icicle Spear|p2a: Alvvays
|-resisted|p2a: Alvvays
|-damage|p2a: Alvvays|21/100
|-resisted|p2a: Alvvays
|-damage|p2a: Alvvays|16/100
|-resisted|p2a: Alvvays
|-damage|p2a: Alvvays|11/100
|-resisted|p2a: Alvvays
|-damage|p2a: Alvvays|6/100
|-resisted|p2a: Alvvays
|-damage|p2a: Alvvays|0 fnt
|faint|p2a: Alvvays
|-hitcount|p2: Alvvays|5
|
|upkeep
|-message|Auburn Hills forfeited.
|
|win|1shy9
|raw|1shy9's rating: 1722 &rarr; <strong>1747</strong><br />(+25 for winning)
|raw|Auburn Hills's rating: 1808 &rarr; <strong>1783</strong><br />(-25 for losing)
|l|☆Auburn Hills
|player|p2|
|l|‽1shy9
|player|p1|
