|j|☆Shadowsans99
|j|☆kenkenlover69
|t:|1757920645
|gametype|singles
|player|p1|Shadowsans99|cynthia-gen4|1000
|player|p2|kenkenlover69|hilbert|1000
|gen|9
|tier|[Gen 9] OU
|rated|
|rule|HP Percentage Mod: HP is shown in percentages
|rule|Endless Battle Clause: Forcing endless battles is banned
|rule|Species Clause: Limit one of each Pokémon
|rule|OHKO Clause: OHKO moves are banned
|rule|Evasion Items Clause: Evasion items are banned
|rule|Evasion Moves Clause: Evasion moves are banned
|rule|Evasion Abilities Clause: Evasion abilities are banned
|rule|Sleep Moves Clause: Sleep-inducing moves are banned
|clearpoke
|poke|p1|Drifblim, F|
|poke|p1|Regirock|
|poke|p1|Chandelure, M|
|poke|p1|Blissey, F|
|poke|p1|Cloyster, F|
|poke|p1|Zoroark-Hisui, F|
|poke|p2|Glimmora, M|
|poke|p2|Heracross, F|
|teampreview
|inactive|Battle timer is ON: inactive players will automatically lose when time's up. (requested by Shadowsans99)
|
|t:|1757920723
|teamsize|p1|6
|teamsize|p2|2
|start
|switch|p1a: Tank|Blissey, F|100/100
|switch|p2a: Glimmora|Glimmora, M|100/100
|turn|1
|
|t:|1757920732
|move|p1a: Tank|Sludge Bomb|p2a: Glimmora
|-resisted|p2a: Glimmora
|-damage|p2a: Glimmora|88/100
|move|p2a: Glimmora|Stealth Rock|p1a: Tank
|-sidestart|p1: Shadowsans99|move: Stealth Rock
|
|upkeep
|turn|2
|
|t:|1757920740
|move|p1a: Tank|Sludge Bomb|p2a: Glimmora
|-resisted|p2a: Glimmora
|-damage|p2a: Glimmora|77/100
|move|p2a: Glimmora|Spikes|p1a: Tank
|-sidestart|p1: Shadowsans99|Spikes
|
|upkeep
|turn|3
|inactive|kenkenlover69 has 120 seconds left.
|inactive|kenkenlover69 has 90 seconds left.
|
|t:|1757920802
|switch|p1a: Stone guy|Regirock, shiny|100/100
|-damage|p1a: Stone guy|88/100|[from] Stealth Rock
|-damage|p1a: Stone guy|76/100|[from] Spikes
|move|p2a: Glimmora|Spikes|p1a: Stone guy
|-sidestart|p1: Shadowsans99|Spikes
|
|-heal|p1a: Stone guy|82/100|[from] item: Leftovers
|upkeep
|turn|4
|inactive|kenkenlover69 has 90 seconds left.
|
|t:|1757920814
|move|p2a: Glimmora|Memento|p1a: Stone guy
|-unboost|p1a: Stone guy|atk|2
|-unboost|p1a: Stone guy|spa|2
|faint|p2a: Glimmora
|move|p1a: Stone guy|Iron Defense|p1a: Stone guy
|-boost|p1a: Stone guy|def|2
|
|-heal|p1a: Stone guy|88/100|[from] item: Leftovers
|upkeep
|inactive|kenkenlover69 has 90 seconds left.
|
|t:|1757920820
|switch|p2a: Heracross|Heracross, F|100/100
|turn|5
|
|t:|1757920824
|move|p2a: Heracross|Swords Dance|p2a: Heracross
|-boost|p2a: Heracross|atk|2
|move|p1a: Stone guy|Iron Defense|p1a: Stone guy
|-boost|p1a: Stone guy|def|2
|
|-heal|p1a: Stone guy|94/100|[from] item: Leftovers
|-status|p2a: Heracross|brn|[from] item: Flame Orb
|upkeep
|turn|6
|
|t:|1757920832
|move|p2a: Heracross|Substitute|p2a: Heracross
|-start|p2a: Heracross|Substitute
|-damage|p2a: Heracross|76/100 brn
|move|p1a: Stone guy|Body Press|p2a: Heracross
|-resisted|p2a: Heracross
|-end|p2a: Heracross|Substitute
|
|-heal|p1a: Stone guy|99/100|[from] item: Leftovers
|-damage|p2a: Heracross|70/100 brn|[from] brn
|upkeep
|turn|7
|
|t:|1757920840
|-terastallize|p2a: Heracross|Normal
|move|p2a: Heracross|Facade|p1a: Stone guy
|-resisted|p1a: Stone guy
|-damage|p1a: Stone guy|84/100
|move|p1a: Stone guy|Body Press|p2a: Heracross
|-supereffective|p2a: Heracross
|-damage|p2a: Heracross|0 fnt
|faint|p2a: Heracross
|
|win|Shadowsans99
|raw|Shadowsans99's rating: 1000 &rarr; <strong>1040</strong><br />(+40 for winning)
|raw|kenkenlover69's rating: 1000 &rarr; <strong>1000</strong><br />(+0 for losing)
|l|☆kenkenlover69
|player|p2|
|c|☆Shadowsans99|gg
