|j|☆Chuck2025
|j|☆melikebread
|t:|1757837886
|gametype|singles
|player|p1|Chuck2025|dawn|1105
|player|p2|melikebread|riley|1059
|gen|9
|tier|[Gen 9] OU
|rated|
|rule|HP Percentage Mod: HP is shown in percentages
|rule|Endless Battle Clause: Forcing endless battles is banned
|rule|Species Clause: Limit one of each Pokémon
|rule|OHKO Clause: OHKO moves are banned
|rule|Evasion Items Clause: Evasion items are banned
|rule|Evasion Moves Clause: Evasion moves are banned
|rule|Evasion Abilities Clause: Evasion abilities are banned
|rule|Sleep Moves Clause: Sleep-inducing moves are banned
|clearpoke
|poke|p1|Dragonite, M|
|poke|p1|Swampert, M|
|poke|p1|Snorlax, M|
|poke|p1|Iron Leaves|
|poke|p1|Iron Hands|
|poke|p1|Zamazenta-*|
|poke|p2|Dragapult, F|
|poke|p2|Magnezone|
|poke|p2|Landorus-Therian, M|
|poke|p2|Slowking-Galar, F|
|poke|p2|Cinderace, F|
|poke|p2|Ogerpon-Wellspring, F|
|teampreview
|inactive|Battle timer is ON: inactive players will automatically lose when time's up. (requested by Chuck2025)
|
|t:|1757837902
|teamsize|p1|6
|teamsize|p2|6
|start
|switch|p1a: Iron Leaves|Iron Leaves|100/100
|switch|p2a: Cinderace|Cinderace, F|100/100
|turn|1
|
|t:|1757837911
|-end|p1a: Iron Leaves|Quark Drive|[silent]
|switch|p1a: Swampert|Swampert, M|100/100
|move|p2a: Cinderace|Pyro Ball|p1a: Swampert
|-resisted|p1a: Swampert
|-damage|p1a: Swampert|72/100
|
|upkeep
|turn|2
|
|t:|1757837921
|move|p2a: Cinderace|U-turn|p1a: Swampert
|-start|p2a: Cinderace|typechange|Bug|[from] ability: Libero
|-damage|p1a: Swampert|38/100
|
|t:|1757837931
|switch|p2a: Ogerpon|Ogerpon-Wellspring, F|100/100|[from] U-turn
|move|p1a: Swampert|Earthquake|p2a: Ogerpon
|-resisted|p2a: Ogerpon
|-crit|p2a: Ogerpon
|-damage|p2a: Ogerpon|66/100
|
|upkeep
|turn|3
|
|t:|1757837946
|move|p2a: Ogerpon|Swords Dance|p2a: Ogerpon
|-boost|p2a: Ogerpon|atk|2
|move|p1a: Swampert|Sludge Wave|p2a: Ogerpon
|-supereffective|p2a: Ogerpon
|-damage|p2a: Ogerpon|1/100
|
|upkeep
|turn|4
|
|t:|1757837956
|move|p2a: Ogerpon|Ivy Cudgel|p1a: Swampert|[anim] Ivy Cudgel Water
|-damage|p1a: Swampert|0 fnt
|faint|p1a: Swampert
|
|upkeep
|
|t:|1757837961
|switch|p1a: Dragonite|Dragonite, M|100/100
|turn|5
|
|t:|1757837966
|move|p1a: Dragonite|Extreme Speed|p2a: Ogerpon
|-crit|p2a: Ogerpon
|-damage|p2a: Ogerpon|0 fnt
|faint|p2a: Ogerpon
|
|upkeep
|
|t:|1757837973
|switch|p2a: Magnezone|Magnezone|100/100
|-item|p2a: Magnezone|Air Balloon
|turn|6
|
|t:|1757837981
|switch|p1a: Snorlax|Snorlax, M, shiny|100/100
|move|p2a: Magnezone|Thunderbolt|p1a: Snorlax
|-damage|p1a: Snorlax|60/100
|
|upkeep
|turn|7
|
|t:|1757837993
|switch|p2a: Cinderace|Cinderace, F|100/100
|move|p1a: Snorlax|Flamethrower|p2a: Cinderace
|-resisted|p2a: Cinderace
|-damage|p2a: Cinderace|85/100
|
|upkeep
|turn|8
|
|t:|1757838001
|move|p2a: Cinderace|High Jump Kick|p1a: Snorlax
|-start|p2a: Cinderace|typechange|Fighting|[from] ability: Libero
|-supereffective|p1a: Snorlax
|-damage|p1a: Snorlax|0 fnt
|-damage|p2a: Cinderace|68/100|[from] item: Rocky Helmet|[of] p1a: Snorlax
|faint|p1a: Snorlax
|
|upkeep
|
|t:|1757838011
|switch|p1a: Iron Leaves|Iron Leaves|100/100
|turn|9
|
|t:|1757838015
|-terastallize|p1a: Iron Leaves|Electric
|move|p2a: Cinderace|Pyro Ball|p1a: Iron Leaves
|-damage|p1a: Iron Leaves|56/100
|move|p1a: Iron Leaves|Psyblade|p2a: Cinderace
|-supereffective|p2a: Cinderace
|-damage|p2a: Cinderace|0 fnt
|faint|p2a: Cinderace
|
|upkeep
|
|t:|1757838026
|switch|p2a: Landorus|Landorus-Therian, M|100/100
|-ability|p2a: Landorus|Intimidate|boost
|-unboost|p1a: Iron Leaves|atk|1
|turn|10
|
|t:|1757838036
|move|p2a: Landorus|Earthquake|p1a: Iron Leaves
|-supereffective|p1a: Iron Leaves
|-damage|p1a: Iron Leaves|0 fnt
|faint|p1a: Iron Leaves
|-end|p1a: Iron Leaves|Quark Drive|[silent]
|
|upkeep
|
|t:|1757838043
|switch|p1a: Dragonite|Dragonite, M|100/100
|turn|11
|
|t:|1757838047
|switch|p2a: Magnezone|Magnezone|100/100
|-item|p2a: Magnezone|Air Balloon
|move|p1a: Dragonite|Ice Beam|p2a: Magnezone
|-resisted|p2a: Magnezone
|-damage|p2a: Magnezone|89/100
|-enditem|p2a: Magnezone|Air Balloon
|
|upkeep
|turn|12
|
|t:|1757838057
|move|p1a: Dragonite|Earthquake|p2a: Magnezone
|-supereffective|p2a: Magnezone
|-damage|p2a: Magnezone|0 fnt
|faint|p2a: Magnezone
|
|upkeep
|
|t:|1757838068
|switch|p2a: Dragapult|Dragapult, F|100/100
|turn|13
|
|t:|1757838079
|switch|p1a: Iron Hands|Iron Hands, shiny|100/100
|move|p2a: Dragapult|Draco Meteor|p1a: Iron Hands
|-damage|p1a: Iron Hands|21/100
|-unboost|p2a: Dragapult|spa|2
|
|upkeep
|turn|14
|
|t:|1757838088
|move|p2a: Dragapult|Draco Meteor|p1a: Iron Hands
|-damage|p1a: Iron Hands|0 fnt
|-unboost|p2a: Dragapult|spa|2
|faint|p1a: Iron Hands
|-end|p1a: Iron Hands|Quark Drive|[silent]
|
|upkeep
|
|t:|1757838095
|switch|p1a: Zamazenta|Zamazenta|100/100
|-ability|p1a: Zamazenta|Dauntless Shield|boost
|-boost|p1a: Zamazenta|def|1
|turn|15
|
|t:|1757838100
|switch|p2a: Slowking|Slowking-Galar, F|100/100
|move|p1a: Zamazenta|Crunch|p2a: Slowking
|-supereffective|p2a: Slowking
|-damage|p2a: Slowking|61/100
|
|-heal|p2a: Slowking|67/100|[from] item: Leftovers
|upkeep
|turn|16
|
|t:|1757838120
|-terastallize|p2a: Slowking|Poison
|move|p1a: Zamazenta|Crunch|p2a: Slowking
|-damage|p2a: Slowking|48/100
|move|p2a: Slowking|Psychic|p1a: Zamazenta
|-supereffective|p1a: Zamazenta
|-damage|p1a: Zamazenta|63/100
|
|-heal|p2a: Slowking|54/100|[from] item: Leftovers
|upkeep
|turn|17
|
|t:|1757838132
|switch|p1a: Dragonite|Dragonite, M|100/100
|move|p2a: Slowking|Slack Off|p2a: Slowking
|-heal|p2a: Slowking|100/100
|
|upkeep
|turn|18
|
|t:|1757838139
|switch|p2a: Landorus|Landorus-Therian, M|100/100
|-ability|p2a: Landorus|Intimidate|boost
|-unboost|p1a: Dragonite|atk|1
|move|p1a: Dragonite|Dragon Claw|p2a: Landorus
|-damage|p2a: Landorus|64/100
|
|upkeep
|turn|19
|
|t:|1757838149
|move|p2a: Landorus|Rock Slide|p1a: Dragonite|[miss]
|-miss|p2a: Landorus|p1a: Dragonite
|move|p1a: Dragonite|Ice Beam|p2a: Landorus
|-supereffective|p2a: Landorus
|-damage|p2a: Landorus|0 fnt
|faint|p2a: Landorus
|
|upkeep
|
|t:|1757838158
|switch|p2a: Dragapult|Dragapult, F|100/100
|turn|20
|
|t:|1757838162
|switch|p1a: Zamazenta|Zamazenta|63/100
|move|p2a: Dragapult|Draco Meteor|p1a: Zamazenta
|-damage|p1a: Zamazenta|17/100
|-unboost|p2a: Dragapult|spa|2
|
|upkeep
|turn|21
|
|t:|1757838170
|move|p2a: Dragapult|Draco Meteor|p1a: Zamazenta
|-damage|p1a: Zamazenta|0 fnt
|-unboost|p2a: Dragapult|spa|2
|faint|p1a: Zamazenta
|
|upkeep
|
|t:|1757838176
|switch|p1a: Dragonite|Dragonite, M|100/100
|turn|22
|
|t:|1757838180
|switch|p2a: Slowking|Slowking-Galar, F, tera:Poison|100/100
|move|p1a: Dragonite|Earthquake|p2a: Slowking
|-supereffective|p2a: Slowking
|-damage|p2a: Slowking|41/100
|
|-heal|p2a: Slowking|47/100|[from] item: Leftovers
|upkeep
|turn|23
|
|t:|1757838191
|move|p1a: Dragonite|Earthquake|p2a: Slowking
|-supereffective|p2a: Slowking
|-damage|p2a: Slowking|0 fnt
|faint|p2a: Slowking
|
|upkeep
|
|t:|1757838197
|switch|p2a: Dragapult|Dragapult, F|100/100
|turn|24
|
|t:|1757838201
|move|p2a: Dragapult|Draco Meteor|p1a: Dragonite
|-supereffective|p1a: Dragonite
|-damage|p1a: Dragonite|7/100
|-unboost|p2a: Dragapult|spa|2
|move|p1a: Dragonite|Dragon Claw|p2a: Dragapult
|-supereffective|p2a: Dragapult
|-damage|p2a: Dragapult|0 fnt
|faint|p2a: Dragapult
|
|win|Chuck2025
|raw|Chuck2025's rating: 1105 &rarr; <strong>1127</strong><br />(+22 for winning)
|raw|melikebread's rating: 1059 &rarr; <strong>1043</strong><br />(-16 for losing)
|l|☆Chuck2025
|player|p1|
|c|☆melikebread|Holy
|l|☆melikebread
|player|p2|
