|j|☆skater66
|j|☆beanzzzz4me
|t:|1757845151
|gametype|singles
|player|p1|skater66|101|1384
|player|p2|beanzzzz4me|rood|1368
|gen|9
|tier|[Gen 9] OU
|rated|
|rule|HP Percentage Mod: HP is shown in percentages
|rule|Endless Battle Clause: Forcing endless battles is banned
|rule|Species Clause: Limit one of each Pokémon
|rule|OHKO Clause: OHKO moves are banned
|rule|Evasion Items Clause: Evasion items are banned
|rule|Evasion Moves Clause: Evasion moves are banned
|rule|Evasion Abilities Clause: Evasion abilities are banned
|rule|Sleep Moves Clause: Sleep-inducing moves are banned
|clearpoke
|poke|p1|Porygon2|
|poke|p1|Pecharunt|
|poke|p1|Cloyster, M|
|poke|p1|Ditto|
|poke|p1|Samurott-Hisui, M|
|poke|p1|Mew|
|poke|p2|Indeedee, M|
|poke|p2|Hatterene, F|
|poke|p2|Ursaluna, F|
|poke|p2|Iron Hands|
|poke|p2|Hoopa-Unbound|
|poke|p2|Mimikyu, F|
|teampreview
|
|t:|1757845165
|teamsize|p1|6
|teamsize|p2|6
|start
|switch|p1a: Pecharunt|Pecharunt|100/100
|switch|p2a: Subaru|Indeedee, M, shiny|100/100
|-fieldstart|move: Psychic Terrain|[from] ability: Psychic Surge|[of] p2a: Subaru
|turn|1
|
|t:|1757845176
|-terastallize|p1a: Pecharunt|Dark
|move|p1a: Pecharunt|Malignant Chain|p2a: Subaru
|-damage|p2a: Subaru|67/100
|move|p2a: Subaru|Trick Room|p2a: Subaru
|-fieldstart|move: Trick Room|[of] p2a: Subaru
|
|upkeep
|turn|2
|
|t:|1757845186
|move|p2a: Subaru|Healing Wish|p2a: Subaru
|faint|p2a: Subaru
|move|p1a: Pecharunt|Parting Shot|p2: Subaru|[notarget]
|-fail|p1a: Pecharunt
|
|upkeep
|inactive|Battle timer is ON: inactive players will automatically lose when time's up. (requested by skater66)
|
|t:|1757845212
|switch|p2a: King Von|Hoopa-Unbound|100/100
|-enditem|p2a: King Von|Psychic Seed
|-boost|p2a: King Von|spd|1|[from] item: Psychic Seed
|turn|3
|
|t:|1757845229
|move|p2a: King Von|Focus Blast|p1a: Pecharunt|[miss]
|-miss|p2a: King Von|p1a: Pecharunt
|move|p1a: Pecharunt|Parting Shot|p2a: King Von
|-unboost|p2a: King Von|atk|1
|-unboost|p2a: King Von|spa|1
|
|t:|1757845235
|switch|p1a: Mew|Mew|100/100|[from] Parting Shot
|
|upkeep
|turn|4
|
|t:|1757845241
|move|p2a: King Von|Hyperspace Fury|p1a: Mew
|-supereffective|p1a: Mew
|-damage|p1a: Mew|27/100
|-unboost|p2a: King Von|def|1
|-item|p2a: King Von|Leftovers|[from] ability: Magician|[of] p1a: Mew
|move|p1a: Mew|Bug Buzz|p2a: King Von
|-supereffective|p2a: King Von
|-damage|p2a: King Von|48/100
|-unboost|p2a: King Von|spd|1
|
|-heal|p2a: King Von|54/100|[from] item: Leftovers
|upkeep
|turn|5
|
|t:|1757845260
|switch|p1a: Porygon2|Porygon2, shiny|100/100
|-ability|p1a: Porygon2|Download|boost
|-boost|p1a: Porygon2|atk|1
|move|p2a: King Von|Hyperspace Fury|p1a: Porygon2
|-damage|p1a: Porygon2|79/100
|-unboost|p2a: King Von|def|1
|
|-heal|p2a: King Von|60/100|[from] item: Leftovers
|-fieldend|move: Trick Room
|upkeep
|turn|6
|
|t:|1757845279
|move|p1a: Porygon2|Discharge|p2a: King Von
|-damage|p2a: King Von|46/100
|move|p2a: King Von|Trick Room|p2a: King Von
|-fieldstart|move: Trick Room|[of] p2a: King Von
|
|-heal|p2a: King Von|52/100|[from] item: Leftovers
|upkeep
|turn|7
|
|t:|1757845300
|move|p1a: Porygon2|Psychic|p2a: King Von
|-immune|p2a: King Von
|move|p2a: King Von|Focus Blast|p1a: Porygon2
|-supereffective|p1a: Porygon2
|-damage|p1a: Porygon2|49/100
|
|-heal|p2a: King Von|58/100|[from] item: Leftovers
|upkeep
|turn|8
|
|t:|1757845314
|move|p1a: Porygon2|Recover|p1a: Porygon2
|-heal|p1a: Porygon2|99/100
|move|p2a: King Von|Expanding Force|p1a: Porygon2
|-damage|p1a: Porygon2|67/100
|
|-heal|p2a: King Von|64/100|[from] item: Leftovers
|-fieldend|move: Psychic Terrain
|upkeep
|turn|9
|
|t:|1757845338
|move|p1a: Porygon2|Discharge|p2a: King Von
|-damage|p2a: King Von|48/100
|move|p2a: King Von|Expanding Force|p1a: Porygon2
|-damage|p1a: Porygon2|53/100
|
|-heal|p2a: King Von|54/100|[from] item: Leftovers
|upkeep
|turn|10
|
|t:|1757845348
|move|p1a: Porygon2|Discharge|p2a: King Von
|-damage|p2a: King Von|39/100
|move|p2a: King Von|Focus Blast|p1a: Porygon2
|-supereffective|p1a: Porygon2
|-damage|p1a: Porygon2|21/100
|
|-heal|p2a: King Von|45/100|[from] item: Leftovers
|-fieldend|move: Trick Room
|upkeep
|turn|11
|inactive|beanzzzz4me has 120 seconds left.
|
|t:|1757845365
|switch|p2a: Mimi|Mimikyu, F, shiny|100/100
|move|p1a: Porygon2|Recover|p1a: Porygon2
|-heal|p1a: Porygon2|71/100
|
|upkeep
|turn|12
|inactive|beanzzzz4me has 120 seconds left.
|
|t:|1757845377
|move|p1a: Porygon2|Discharge|p2a: Mimi
|-activate|p2a: Mimi|ability: Disguise
|-damage|p2a: Mimi|100/100
|-status|p2a: Mimi|par
|detailschange|p2a: Mimi|Mimikyu-Busted, F, shiny
|-damage|p2a: Mimi|88/100 par|[from] pokemon: Mimikyu-Busted
|-enditem|p2a: Mimi|Red Card|[of] p1a: Porygon2
|drag|p1a: Ditto|Ditto|100/100
|-transform|p1a: Ditto|p2a: Mimi|[from] ability: Imposter
|cant|p2a: Mimi|par
|
|upkeep
|turn|13
|inactive|beanzzzz4me has 120 seconds left.
|inactive|skater66 has 120 seconds left.
|
|t:|1757845408
|switch|p2a: Crashout YN|Ursaluna, F, shiny|100/100
|move|p1a: Ditto|Play Rough|p2a: Crashout YN
|-damage|p2a: Crashout YN|82/100
|
|-status|p2a: Crashout YN|brn|[from] item: Flame Orb
|upkeep
|turn|14
|inactive|skater66 has 120 seconds left.
|
|t:|1757845437
|switch|p1a: Samurott|Samurott-Hisui, M|100/100
|move|p2a: Crashout YN|Ice Punch|p1a: Samurott
|-resisted|p1a: Samurott
|-damage|p1a: Samurott|70/100
|
|-damage|p2a: Crashout YN|76/100 brn|[from] brn
|upkeep
|turn|15
|inactive|skater66 has 120 seconds left.
|inactive|beanzzzz4me has 90 seconds left.
|
|t:|1757845455
|-terastallize|p2a: Crashout YN|Normal
|move|p1a: Samurott|Ceaseless Edge|p2a: Crashout YN
|-damage|p2a: Crashout YN|43/100 brn
|-sidestart|p2: beanzzzz4me|Spikes
|move|p2a: Crashout YN|Facade|p1a: Samurott
|-damage|p1a: Samurott|0 fnt
|faint|p1a: Samurott
|
|-damage|p2a: Crashout YN|37/100 brn|[from] brn
|upkeep
|inactive|skater66 has 120 seconds left.
|
|t:|1757845477
|switch|p1a: Cloyster|Cloyster, M|100/100
|turn|16
|
|t:|1757845485
|move|p1a: Cloyster|Icicle Spear|p2a: Crashout YN
|-damage|p2a: Crashout YN|28/100 brn
|-damage|p2a: Crashout YN|20/100 brn
|-damage|p2a: Crashout YN|12/100 brn
|-damage|p2a: Crashout YN|4/100 brn
|-damage|p2a: Crashout YN|0 fnt
|faint|p2a: Crashout YN
|-hitcount|p2: Crashout YN|5
|
|upkeep
|inactive|beanzzzz4me has 90 seconds left.
|
|t:|1757845510
|switch|p2a: Satella|Hatterene, F, shiny|100/100
|-damage|p2a: Satella|88/100|[from] Spikes
|turn|17
|inactive|beanzzzz4me has 90 seconds left.
|
|t:|1757845518
|move|p1a: Cloyster|Icicle Spear|p2a: Satella
|-damage|p2a: Satella|76/100
|-damage|p2a: Satella|62/100
|-damage|p2a: Satella|48/100
|-damage|p2a: Satella|36/100
|-damage|p2a: Satella|23/100
|-hitcount|p2a: Satella|5
|move|p2a: Satella|Expanding Force|p1a: Cloyster
|-enditem|p1a: Cloyster|Focus Sash
|-damage|p1a: Cloyster|1/100
|-damage|p2a: Satella|13/100|[from] item: Life Orb
|
|upkeep
|turn|18
|inactive|beanzzzz4me has 90 seconds left.
|
|t:|1757845535
|move|p1a: Cloyster|Icicle Spear|p2a: Satella
|-damage|p2a: Satella|0 fnt
|faint|p2a: Satella
|-hitcount|p2: Satella|1
|
|upkeep
|
|t:|1757845542
|switch|p2a: Mimi|Mimikyu-Busted, F, shiny|88/100 par
|-heal|p2a: Mimi|100/100|[from] move: Healing Wish
|-damage|p2a: Mimi|88/100|[from] Spikes
|turn|19
|inactive|beanzzzz4me has 90 seconds left.
|
|t:|1757845556
|move|p1a: Cloyster|Icicle Spear|p2a: Mimi
|-damage|p2a: Mimi|78/100
|-damage|p2a: Mimi|67/100
|-damage|p2a: Mimi|57/100
|-damage|p2a: Mimi|45/100
|-damage|p2a: Mimi|35/100
|-hitcount|p2a: Mimi|5
|move|p2a: Mimi|Trick Room|p2a: Mimi
|-fieldstart|move: Trick Room|[of] p2a: Mimi
|
|upkeep
|turn|20
|inactive|beanzzzz4me has 90 seconds left.
|
|t:|1757845568
|move|p1a: Cloyster|Ice Shard|p2a: Mimi
|-damage|p2a: Mimi|18/100
|move|p2a: Mimi|Destiny Bond|p2a: Mimi
|-singlemove|p2a: Mimi|Destiny Bond
|
|upkeep
|turn|21
|
|t:|1757845577
|move|p2a: Mimi|Play Rough|p1a: Cloyster|[miss]
|-miss|p2a: Mimi|p1a: Cloyster
|move|p1a: Cloyster|Icicle Spear|p2a: Mimi
|-damage|p2a: Mimi|8/100
|-damage|p2a: Mimi|0 fnt
|faint|p2a: Mimi
|-hitcount|p2: Mimi|2
|
|upkeep
|inactive|beanzzzz4me has 90 seconds left.
|
|t:|1757845593
|switch|p2a: King Von|Hoopa-Unbound|45/100
|-damage|p2a: King Von|32/100|[from] Spikes
|turn|22
|inactive|beanzzzz4me has 90 seconds left.
|
|t:|1757845604
|move|p1a: Cloyster|Ice Shard|p2a: King Von
|-damage|p2a: King Von|11/100
|move|p2a: King Von|Hyperspace Fury|p1a: Cloyster
|-damage|p1a: Cloyster|0 fnt
|-unboost|p2a: King Von|def|1
|faint|p1a: Cloyster
|
|-heal|p2a: King Von|17/100|[from] item: Leftovers
|upkeep
|
|t:|1757845612
|switch|p1a: Porygon2|Porygon2, shiny|71/100
|-ability|p1a: Porygon2|Download|boost
|-boost|p1a: Porygon2|atk|1
|turn|23
|inactive|beanzzzz4me has 90 seconds left.
|
|t:|1757845623
|move|p1a: Porygon2|Ice Beam|p2a: King Von
|-damage|p2a: King Von|0 fnt
|faint|p2a: King Von
|
|-fieldend|move: Trick Room
|upkeep
|inactive|beanzzzz4me has 90 seconds left.
|
|t:|1757845629
|switch|p2a: LEBRON|Iron Hands, shiny|100/100
|-damage|p2a: LEBRON|88/100|[from] Spikes
|-enditem|p2a: LEBRON|Booster Energy
|-activate|p2a: LEBRON|ability: Quark Drive|[fromitem]
|-start|p2a: LEBRON|quarkdriveatk
|turn|24
|inactive|beanzzzz4me has 90 seconds left.
|
|t:|1757845645
|move|p1a: Porygon2|Psychic|p2a: LEBRON
|-supereffective|p2a: LEBRON
|-damage|p2a: LEBRON|57/100
|move|p2a: LEBRON|Heavy Slam|p1a: Porygon2
|-damage|p1a: Porygon2|29/100
|
|upkeep
|turn|25
|inactive|beanzzzz4me has 90 seconds left.
|
|t:|1757845652
|move|p1a: Porygon2|Psychic|p2a: LEBRON
|-supereffective|p2a: LEBRON
|-crit|p2a: LEBRON
|-damage|p2a: LEBRON|11/100
|move|p2a: LEBRON|Heavy Slam|p1a: Porygon2
|-damage|p1a: Porygon2|0 fnt
|faint|p1a: Porygon2
|
|upkeep
|
|t:|1757845660
|switch|p1a: Mew|Mew|27/100
|turn|26
|-message|beanzzzz4me forfeited.
|
|win|skater66
|raw|skater66's rating: 1384 &rarr; <strong>1403</strong><br />(+19 for winning)
|raw|beanzzzz4me's rating: 1368 &rarr; <strong>1349</strong><br />(-19 for losing)
|l|☆beanzzzz4me
|player|p2|
|l|☆skater66
|player|p1|
