|j|☆driderwebs
|j|☆Nikator98
|t:|1757896638
|gametype|singles
|player|p1|driderwebs|102|1587
|player|p2|Nikator98|giovanni|1531
|gen|9
|tier|[Gen 9] OU
|rated|
|rule|HP Percentage Mod: HP is shown in percentages
|rule|Endless Battle Clause: Forcing endless battles is banned
|rule|Species Clause: Limit one of each Pokémon
|rule|OHKO Clause: OHKO moves are banned
|rule|Evasion Items Clause: Evasion items are banned
|rule|Evasion Moves Clause: Evasion moves are banned
|rule|Evasion Abilities Clause: Evasion abilities are banned
|rule|Sleep Moves Clause: Sleep-inducing moves are banned
|clearpoke
|poke|p1|Iron Valiant|
|poke|p1|Garganacl, F|
|poke|p1|Moltres|
|poke|p1|Iron Treads|
|poke|p1|Meowscarada, F|
|poke|p1|Araquanid, M|
|poke|p2|Metagross|
|poke|p2|Great Tusk|
|poke|p2|Haxorus, M|
|poke|p2|Iron Moth|
|poke|p2|Zoroark-Hisui, M|
|poke|p2|Ninetales-Alola, F|
|teampreview
|
|t:|1757896651
|teamsize|p1|6
|teamsize|p2|6
|start
|switch|p1a: Meowscarada|Meowscarada, F|100/100
|switch|p2a: Asfaloth|Ninetales-Alola, F, shiny|100/100
|-weather|Snowscape|[from] ability: Snow Warning|[of] p2a: Asfaloth
|turn|1
|
|t:|1757896657
|move|p1a: Meowscarada|Knock Off|p2a: Asfaloth
|-start|p1a: Meowscarada|typechange|Dark|[from] ability: Protean
|-resisted|p2a: Asfaloth
|-damage|p2a: Asfaloth|71/100
|-enditem|p2a: Asfaloth|Light Clay|[from] move: Knock Off|[of] p1a: Meowscarada
|move|p2a: Asfaloth|Moonblast|p1a: Meowscarada
|-supereffective|p1a: Meowscarada
|-damage|p1a: Meowscarada|2/100
|
|-weather|Snowscape|[upkeep]
|upkeep
|turn|2
|
|t:|1757896671
|switch|p1a: Iron Treads|Iron Treads|100/100
|move|p2a: Asfaloth|Aurora Veil|p2a: Asfaloth
|-sidestart|p2: Nikator98|move: Aurora Veil
|
|-weather|Snowscape|[upkeep]
|upkeep
|turn|3
|inactive|Battle timer is ON: inactive players will automatically lose when time's up. (requested by Nikator98)
|
|t:|1757896677
|switch|p2a: Kumaryia|Great Tusk, shiny|100/100
|move|p1a: Iron Treads|Iron Head|p2a: Kumaryia
|-damage|p2a: Kumaryia|88/100
|
|-weather|Snowscape|[upkeep]
|upkeep
|turn|4
|
|t:|1757896684
|-end|p1a: Iron Treads|Quark Drive|[silent]
|switch|p1a: Moltres|Moltres|100/100
|-end|p2a: Kumaryia|Protosynthesis|[silent]
|switch|p2a: Kumaryia|Great Tusk, shiny|100/100
|
|-weather|Snowscape|[upkeep]
|upkeep
|turn|5
|
|t:|1757896697
|move|p2a: Kumaryia|Bitter Malice|p1a: Moltres
|-damage|p1a: Moltres|41/100
|-unboost|p1a: Moltres|atk|1
|move|p1a: Moltres|U-turn|p2a: Kumaryia
|-resisted|p2a: Kumaryia
|-damage|p2a: Kumaryia|96/100
|replace|p2a: Van Helsing|Zoroark-Hisui, M, shiny
|-end|p2a: Van Helsing|Illusion
|
|t:|1757896713
|switch|p1a: Garganacl|Garganacl, F|100/100|[from] U-turn
|
|-weather|none
|upkeep
|turn|6
|
|t:|1757896721
|switch|p2a: Kumaryia|Great Tusk, shiny|88/100
|move|p1a: Garganacl|Salt Cure|p2a: Kumaryia
|-resisted|p2a: Kumaryia
|-damage|p2a: Kumaryia|86/100
|-start|p2a: Kumaryia|Salt Cure
|
|-damage|p2a: Kumaryia|74/100|[from] Salt Cure
|-sideend|p2: Nikator98|move: Aurora Veil
|upkeep
|turn|7
|
|t:|1757896732
|switch|p1a: Moltres|Moltres|41/100
|move|p2a: Kumaryia|Knock Off|p1a: Moltres
|-damage|p1a: Moltres|6/100
|-enditem|p1a: Moltres|Heavy-Duty Boots|[from] move: Knock Off|[of] p2a: Kumaryia
|
|-damage|p2a: Kumaryia|62/100|[from] Salt Cure
|upkeep
|turn|8
|
|t:|1757896742
|move|p2a: Kumaryia|Rapid Spin|p1a: Moltres
|-damage|p1a: Moltres|0 fnt
|-boost|p2a: Kumaryia|spe|1
|faint|p1a: Moltres
|
|-damage|p2a: Kumaryia|49/100|[from] Salt Cure
|upkeep
|
|t:|1757896750
|switch|p1a: Iron Valiant|Iron Valiant|100/100
|-enditem|p1a: Iron Valiant|Booster Energy
|-activate|p1a: Iron Valiant|ability: Quark Drive|[fromitem]
|-start|p1a: Iron Valiant|quarkdrivespe
|turn|9
|
|t:|1757896756
|-end|p2a: Kumaryia|Protosynthesis|[silent]
|switch|p2a: Arquillian Sentry|Metagross|100/100
|move|p1a: Iron Valiant|Moonblast|p2a: Arquillian Sentry
|-resisted|p2a: Arquillian Sentry
|-damage|p2a: Arquillian Sentry|76/100
|
|upkeep
|turn|10
|j| Ctannn
|
|t:|1757896763
|move|p1a: Iron Valiant|Destiny Bond|p1a: Iron Valiant
|-singlemove|p1a: Iron Valiant|Destiny Bond
|move|p2a: Arquillian Sentry|Meteor Mash|p1a: Iron Valiant
|-supereffective|p1a: Iron Valiant
|-damage|p1a: Iron Valiant|0 fnt
|faint|p1a: Iron Valiant
|-activate|p1a: Iron Valiant|move: Destiny Bond
|-end|p1a: Iron Valiant|Quark Drive|[silent]
|faint|p2a: Arquillian Sentry
|
|upkeep
|
|t:|1757896778
|switch|p1a: Meowscarada|Meowscarada, F|2/100
|switch|p2a: Asfaloth|Ninetales-Alola, F, shiny|71/100
|-weather|Snowscape|[from] ability: Snow Warning|[of] p2a: Asfaloth
|turn|11
|
|t:|1757896790
|move|p1a: Meowscarada|U-turn|p2a: Asfaloth
|-start|p1a: Meowscarada|typechange|Bug|[from] ability: Protean
|-resisted|p2a: Asfaloth
|-damage|p2a: Asfaloth|51/100
|
|t:|1757896795
|switch|p1a: Iron Treads|Iron Treads|100/100|[from] U-turn
|move|p2a: Asfaloth|Moonblast|p1a: Iron Treads
|-resisted|p1a: Iron Treads
|-damage|p1a: Iron Treads|76/100
|
|-weather|Snowscape|[upkeep]
|upkeep
|turn|12
|
|t:|1757896805
|switch|p2a: Kumaryia|Great Tusk, shiny|49/100
|move|p1a: Iron Treads|Iron Head|p2a: Kumaryia
|-damage|p2a: Kumaryia|20/100
|
|-weather|Snowscape|[upkeep]
|upkeep
|turn|13
|
|t:|1757896819
|move|p1a: Iron Treads|Earthquake|p2a: Kumaryia
|-damage|p2a: Kumaryia|0 fnt
|faint|p2a: Kumaryia
|-end|p2a: Kumaryia|Protosynthesis|[silent]
|
|-weather|Snowscape|[upkeep]
|upkeep
|
|t:|1757896825
|switch|p2a: Asfaloth|Ninetales-Alola, F, shiny|96/100
|turn|14
|
|t:|1757896833
|move|p2a: Asfaloth|Flamethrower|p1a: Iron Treads
|-supereffective|p1a: Iron Treads
|-damage|p1a: Iron Treads|0 fnt
|faint|p1a: Iron Treads
|-end|p1a: Iron Treads|Quark Drive|[silent]
|
|-weather|Snowscape|[upkeep]
|upkeep
|
|t:|1757896836
|switch|p1a: Araquanid|Araquanid, M|100/100
|turn|15
|
|t:|1757896852
|switch|p2a: Lacelle|Haxorus, M|100/100
|-ability|p2a: Lacelle|Mold Breaker
|move|p1a: Araquanid|Liquidation|p2a: Lacelle
|-resisted|p2a: Lacelle
|-damage|p2a: Lacelle|62/100
|
|-weather|none
|upkeep
|turn|16
|
|t:|1757896861
|switch|p1a: Garganacl|Garganacl, F|100/100
|move|p2a: Lacelle|Swords Dance|p2a: Lacelle
|-boost|p2a: Lacelle|atk|2
|
|upkeep
|turn|17
|
|t:|1757896873
|-terastallize|p1a: Garganacl|Ghost
|move|p2a: Lacelle|Close Combat|p1a: Garganacl
|-immune|p1a: Garganacl
|move|p1a: Garganacl|Salt Cure|p2a: Lacelle
|-damage|p2a: Lacelle|43/100
|-start|p2a: Lacelle|Salt Cure
|
|-damage|p2a: Lacelle|31/100|[from] Salt Cure
|upkeep
|turn|18
|
|t:|1757896895
|switch|p2a: Asfaloth|Ninetales-Alola, F, shiny|96/100
|move|p1a: Garganacl|Body Press|p2a: Asfaloth
|-immune|p2a: Asfaloth
|
|upkeep
|turn|19
|
|t:|1757896901
|move|p2a: Asfaloth|Bitter Malice|p1a: Garganacl
|-supereffective|p1a: Garganacl
|-damage|p1a: Garganacl|43/100
|-unboost|p1a: Garganacl|atk|1
|move|p1a: Garganacl|Salt Cure|p2a: Asfaloth
|-damage|p2a: Asfaloth|77/100
|-start|p2a: Asfaloth|Salt Cure
|replace|p2a: Van Helsing|Zoroark-Hisui, M, shiny
|-end|p2a: Van Helsing|Illusion
|
|-heal|p1a: Garganacl|49/100|[from] item: Leftovers
|-damage|p2a: Van Helsing|65/100|[from] Salt Cure
|upkeep
|turn|20
|
|t:|1757896921
|switch|p1a: Araquanid|Araquanid, M|100/100
|move|p2a: Van Helsing|Bitter Malice|p1a: Araquanid
|-damage|p1a: Araquanid|70/100
|-unboost|p1a: Araquanid|atk|1
|
|-damage|p2a: Van Helsing|53/100|[from] Salt Cure
|upkeep
|turn|21
|
|t:|1757896940
|move|p2a: Van Helsing|Bitter Malice|p1a: Araquanid
|-crit|p1a: Araquanid
|-damage|p1a: Araquanid|27/100
|-unboost|p1a: Araquanid|atk|1
|move|p1a: Araquanid|Liquidation|p2a: Van Helsing
|-damage|p2a: Van Helsing|0 fnt
|faint|p2a: Van Helsing
|
|upkeep
|
|t:|1757896949
|switch|p2a: Lacelle|Haxorus, M|31/100
|-ability|p2a: Lacelle|Mold Breaker
|turn|22
|
|t:|1757896956
|move|p2a: Lacelle|Swords Dance|p2a: Lacelle
|-boost|p2a: Lacelle|atk|2
|move|p1a: Araquanid|Leech Life|p2a: Lacelle
|-crit|p2a: Lacelle
|-damage|p2a: Lacelle|0 fnt
|-heal|p1a: Araquanid|40/100|[from] drain|[of] p2a: Lacelle
|faint|p2a: Lacelle
|
|upkeep
|
|t:|1757896964
|switch|p2a: Asfaloth|Ninetales-Alola, F, shiny|51/100
|-weather|Snowscape|[from] ability: Snow Warning|[of] p2a: Asfaloth
|turn|23
|
|t:|1757896970
|switch|p1a: Garganacl|Garganacl, F, tera:Ghost|49/100
|move|p2a: Asfaloth|Freeze-Dry|p1a: Garganacl
|-damage|p1a: Garganacl|26/100
|
|-weather|Snowscape|[upkeep]
|-heal|p1a: Garganacl|33/100|[from] item: Leftovers
|upkeep
|turn|24
|
|t:|1757896978
|move|p2a: Asfaloth|Moonblast|p1a: Garganacl
|-damage|p1a: Garganacl|1/100
|move|p1a: Garganacl|Recover|p1a: Garganacl
|-heal|p1a: Garganacl|51/100
|
|-weather|Snowscape|[upkeep]
|-heal|p1a: Garganacl|58/100|[from] item: Leftovers
|upkeep
|turn|25
|
|t:|1757896988
|move|p2a: Asfaloth|Encore|p1a: Garganacl
|-start|p1a: Garganacl|Encore
|move|p1a: Garganacl|Recover|p1a: Garganacl
|-heal|p1a: Garganacl|100/100
|
|-weather|Snowscape|[upkeep]
|upkeep
|turn|26
|
|t:|1757896994
|switch|p1a: Meowscarada|Meowscarada, F|2/100
|move|p2a: Asfaloth|Aurora Veil|p2a: Asfaloth
|-sidestart|p2: Nikator98|move: Aurora Veil
|
|-weather|Snowscape|[upkeep]
|upkeep
|turn|27
|
|t:|1757897000
|move|p1a: Meowscarada|Flower Trick|p2a: Asfaloth
|-start|p1a: Meowscarada|typechange|Grass|[from] ability: Protean
|-crit|p2a: Asfaloth
|-damage|p2a: Asfaloth|0 fnt
|faint|p2a: Asfaloth
|
|-weather|none
|upkeep
|
|t:|1757897007
|switch|p2a: Gothmog|Iron Moth|100/100
|-enditem|p2a: Gothmog|Booster Energy
|-activate|p2a: Gothmog|ability: Quark Drive|[fromitem]
|-start|p2a: Gothmog|quarkdrivespe
|turn|28
|
|t:|1757897012
|move|p2a: Gothmog|Fiery Dance|p1a: Meowscarada
|-supereffective|p1a: Meowscarada
|-crit|p1a: Meowscarada
|-damage|p1a: Meowscarada|0 fnt
|faint|p1a: Meowscarada
|
|upkeep
|
|t:|1757897014
|switch|p1a: Araquanid|Araquanid, M|40/100
|turn|29
|
|t:|1757897026
|-terastallize|p2a: Gothmog|Grass
|move|p2a: Gothmog|Substitute|p2a: Gothmog
|-start|p2a: Gothmog|Substitute
|-damage|p2a: Gothmog|76/100
|move|p1a: Araquanid|Liquidation|p2a: Gothmog
|-resisted|p2a: Gothmog
|-activate|p2a: Gothmog|move: Substitute|[damage]
|
|upkeep
|turn|30
|inactive|Nikator98 has 120 seconds left.
|
|t:|1757897063
|move|p2a: Gothmog|Fiery Dance|p1a: Araquanid
|-damage|p1a: Araquanid|29/100
|-boost|p2a: Gothmog|spa|1
|move|p1a: Araquanid|Leech Life|p2a: Gothmog
|-supereffective|p2a: Gothmog
|-end|p2a: Gothmog|Substitute
|-heal|p1a: Araquanid|31/100|[from] drain|[of] p2a: Gothmog
|
|-sideend|p2: Nikator98|move: Aurora Veil
|upkeep
|turn|31
|inactive|Nikator98 has 120 seconds left.
|
|t:|1757897072
|move|p2a: Gothmog|Sludge Wave|p1a: Araquanid
|-damage|p1a: Araquanid|0 fnt
|faint|p1a: Araquanid
|
|upkeep
|
|t:|1757897077
|switch|p1a: Garganacl|Garganacl, F, tera:Ghost|100/100
|turn|32
|
|t:|1757897083
|move|p2a: Gothmog|Substitute|p2a: Gothmog
|-start|p2a: Gothmog|Substitute
|-damage|p2a: Gothmog|51/100
|move|p1a: Garganacl|Salt Cure|p2a: Gothmog
|-activate|p2a: Gothmog|move: Substitute|[damage]
|
|upkeep
|turn|33
|
|t:|1757897090
|move|p2a: Gothmog|Fiery Dance|p1a: Garganacl
|-damage|p1a: Garganacl|44/100
|-boost|p2a: Gothmog|spa|1
|move|p1a: Garganacl|Salt Cure|p2a: Gothmog
|-end|p2a: Gothmog|Substitute
|
|-heal|p1a: Garganacl|50/100|[from] item: Leftovers
|upkeep
|turn|34
|
|t:|1757897098
|move|p2a: Gothmog|Fiery Dance|p1a: Garganacl
|-damage|p1a: Garganacl|0 fnt
|-boost|p2a: Gothmog|spa|1
|faint|p1a: Garganacl
|
|win|Nikator98
|raw|driderwebs's rating: 1587 &rarr; <strong>1564</strong><br />(-23 for losing)
|raw|Nikator98's rating: 1531 &rarr; <strong>1554</strong><br />(+23 for winning)
|l|☆driderwebs
|player|p1|
