|j|☆deathclock666
|j|☆Red Icigool
|t:|1757828352
|gametype|singles
|player|p1|deathclock666|roughneck-gen4|1267
|player|p2|Red Icigool|swimmerf-gen4|1316
|gen|9
|tier|[Gen 9] OU
|rated|
|rule|HP Percentage Mod: HP is shown in percentages
|rule|Endless Battle Clause: Forcing endless battles is banned
|rule|Species Clause: Limit one of each Pokémon
|rule|OHKO Clause: OHKO moves are banned
|rule|Evasion Items Clause: Evasion items are banned
|rule|Evasion Moves Clause: Evasion moves are banned
|rule|Evasion Abilities Clause: Evasion abilities are banned
|rule|Sleep Moves Clause: Sleep-inducing moves are banned
|clearpoke
|poke|p1|Dragonite, M|
|poke|p1|Garganacl, M|
|poke|p1|Hariyama, M|
|poke|p1|Scizor, M|
|poke|p1|Mandibuzz, F|
|poke|p1|Araquanid, M|
|poke|p2|Maushold-Four|
|poke|p2|Iron Moth|
|poke|p2|Scizor, F|
|poke|p2|Lokix, F|
|poke|p2|Primarina, F|
|poke|p2|Alomomola, M|
|teampreview
|inactive|Battle timer is ON: inactive players will automatically lose when time's up. (requested by deathclock666)
|
|t:|1757828361
|teamsize|p1|6
|teamsize|p2|6
|start
|switch|p1a: Dragonite|Dragonite, M|100/100
|switch|p2a: Kita|Scizor, F, shiny|100/100
|turn|1
|
|t:|1757828378
|move|p1a: Dragonite|Flamethrower|p2a: Kita
|-supereffective|p2a: Kita
|-damage|p2a: Kita|0 fnt
|faint|p2a: Kita
|
|upkeep
|
|t:|1757828385
|switch|p2a: Chara|Primarina, F, shiny|100/100
|turn|2
|
|t:|1757828393
|switch|p1a: Araquanid|Araquanid, M, shiny|100/100
|move|p2a: Chara|Moonblast|p1a: Araquanid
|-damage|p1a: Araquanid|51/100
|
|upkeep
|turn|3
|
|t:|1757828396
|switch|p2a: Salah|Maushold-Four, shiny|100/100
|move|p1a: Araquanid|Poison Jab|p2a: Salah
|-damage|p2a: Salah|56/100
|
|upkeep
|turn|4
|
|t:|1757828416
|switch|p1a: Hariyama|Hariyama, M|100/100
|move|p2a: Salah|Population Bomb|p1a: Hariyama
|-damage|p1a: Hariyama|93/100
|-damage|p1a: Hariyama|84/100
|-damage|p1a: Hariyama|75/100
|-damage|p1a: Hariyama|66/100
|-damage|p1a: Hariyama|58/100
|-damage|p1a: Hariyama|49/100
|-damage|p1a: Hariyama|41/100
|-damage|p1a: Hariyama|33/100
|-damage|p1a: Hariyama|25/100
|-hitcount|p1a: Hariyama|9
|
|upkeep
|turn|5
|
|t:|1757828420
|move|p1a: Hariyama|Bullet Punch|p2a: Salah
|-damage|p2a: Salah|40/100
|move|p2a: Salah|Population Bomb|p1a: Hariyama
|-damage|p1a: Hariyama|16/100
|-damage|p1a: Hariyama|8/100
|-damage|p1a: Hariyama|0 fnt
|faint|p1a: Hariyama
|-hitcount|p1: Hariyama|3
|
|upkeep
|
|t:|1757828422
|switch|p1a: Scizor|Scizor, M|100/100
|turn|6
|
|t:|1757828426
|switch|p2a: Draco|Alomomola, M|100/100
|switch|p1a: Garganacl|Garganacl, M|100/100
|
|upkeep
|turn|7
|inactive|Red Icigool has 120 seconds left.
|
|t:|1757828468
|move|p2a: Draco|Flip Turn|p1a: Garganacl
|-supereffective|p1a: Garganacl
|-damage|p1a: Garganacl|79/100
|
|t:|1757828475
|switch|p2a: Chara|Primarina, F, shiny|100/100|[from] Flip Turn
|move|p1a: Garganacl|Salt Cure|p2a: Chara
|-damage|p2a: Chara|83/100
|-start|p2a: Chara|Salt Cure
|
|-damage|p2a: Chara|58/100|[from] Salt Cure
|upkeep
|turn|8
|
|t:|1757828483
|switch|p1a: Araquanid|Araquanid, M, shiny|51/100
|move|p2a: Chara|Moonblast|p1a: Araquanid
|-damage|p1a: Araquanid|0 fnt
|faint|p1a: Araquanid
|
|-damage|p2a: Chara|33/100|[from] Salt Cure
|upkeep
|
|t:|1757828489
|switch|p1a: Scizor|Scizor, M|100/100
|turn|9
|
|t:|1757828497
|switch|p1a: Dragonite|Dragonite, M|100/100
|switch|p2a: Draco|Alomomola, M|100/100
|
|upkeep
|turn|10
|
|t:|1757828500
|move|p1a: Dragonite|Thunderbolt|p2a: Draco
|-supereffective|p2a: Draco
|-damage|p2a: Draco|30/100
|move|p2a: Draco|Wish|p2a: Draco
|
|-heal|p2a: Draco|36/100|[from] item: Leftovers
|upkeep
|turn|11
|
|t:|1757828505
|-terastallize|p2a: Draco|Ground
|move|p1a: Dragonite|Thunderbolt|p2a: Draco
|-immune|p2a: Draco
|move|p2a: Draco|Flip Turn|p1a: Dragonite
|-resisted|p1a: Dragonite
|-damage|p1a: Dragonite|97/100
|
|t:|1757828513
|switch|p2a: Salah|Maushold-Four, shiny|40/100|[from] Flip Turn
|
|-heal|p2a: Salah|100/100|[from] move: Wish|[wisher] Draco
|upkeep
|turn|12
|
|t:|1757828526
|switch|p1a: Mandibuzz|Mandibuzz, F|100/100
|move|p2a: Salah|Tidy Up|p2a: Salah
|-boost|p2a: Salah|atk|1
|-boost|p2a: Salah|spe|1
|
|upkeep
|turn|13
|
|t:|1757828552
|move|p2a: Salah|Population Bomb|p1a: Mandibuzz
|-damage|p1a: Mandibuzz|89/100
|-damage|p1a: Mandibuzz|76/100
|-damage|p1a: Mandibuzz|65/100
|-damage|p1a: Mandibuzz|55/100
|-damage|p1a: Mandibuzz|42/100
|-damage|p1a: Mandibuzz|30/100
|-damage|p1a: Mandibuzz|18/100
|-damage|p1a: Mandibuzz|7/100
|-damage|p1a: Mandibuzz|0 fnt
|faint|p1a: Mandibuzz
|-hitcount|p1: Mandibuzz|9
|
|upkeep
|
|t:|1757828564
|switch|p1a: Garganacl|Garganacl, M|79/100
|turn|14
|
|t:|1757828569
|-terastallize|p1a: Garganacl|Ghost
|move|p2a: Salah|Bite|p1a: Garganacl
|-supereffective|p1a: Garganacl
|-damage|p1a: Garganacl|40/100
|-enditem|p1a: Garganacl|Sitrus Berry|[eat]
|-heal|p1a: Garganacl|65/100|[from] item: Sitrus Berry
|move|p1a: Garganacl|Salt Cure|p2a: Salah
|-damage|p2a: Salah|78/100
|-start|p2a: Salah|Salt Cure
|
|-damage|p2a: Salah|66/100|[from] Salt Cure
|upkeep
|turn|15
|
|t:|1757828577
|move|p2a: Salah|Bite|p1a: Garganacl
|-supereffective|p1a: Garganacl
|-damage|p1a: Garganacl|25/100
|cant|p1a: Garganacl|flinch
|
|-damage|p2a: Salah|53/100|[from] Salt Cure
|upkeep
|turn|16
|
|t:|1757828582
|move|p2a: Salah|Bite|p1a: Garganacl
|-supereffective|p1a: Garganacl
|-damage|p1a: Garganacl|0 fnt
|faint|p1a: Garganacl
|
|-damage|p2a: Salah|41/100|[from] Salt Cure
|upkeep
|
|t:|1757828584
|switch|p1a: Scizor|Scizor, M|100/100
|turn|17
|
|t:|1757828599
|switch|p1a: Dragonite|Dragonite, M|97/100
|move|p2a: Salah|Bite|p1a: Dragonite
|-crit|p1a: Dragonite
|-damage|p1a: Dragonite|55/100
|
|-damage|p2a: Salah|29/100|[from] Salt Cure
|upkeep
|turn|18
|
|t:|1757828604
|move|p2a: Salah|Population Bomb|p1a: Dragonite
|-damage|p1a: Dragonite|40/100
|-damage|p1a: Dragonite|25/100
|-damage|p1a: Dragonite|11/100
|-damage|p1a: Dragonite|0 fnt
|faint|p1a: Dragonite
|-hitcount|p1: Dragonite|4
|
|-damage|p2a: Salah|16/100|[from] Salt Cure
|upkeep
|
|t:|1757828606
|switch|p1a: Scizor|Scizor, M|100/100
|turn|19
|
|t:|1757828609
|move|p1a: Scizor|Bullet Punch|p2a: Salah
|-damage|p2a: Salah|0 fnt
|faint|p2a: Salah
|
|upkeep
|
|t:|1757828612
|switch|p2a: HHA|Iron Moth, shiny|100/100
|-enditem|p2a: HHA|Booster Energy
|-activate|p2a: HHA|ability: Quark Drive|[fromitem]
|-start|p2a: HHA|quarkdrivespe
|turn|20
|
|t:|1757828616
|move|p2a: HHA|Fiery Dance|p1a: Scizor
|-supereffective|p1a: Scizor
|-damage|p1a: Scizor|0 fnt
|faint|p1a: Scizor
|
|win|Red Icigool
|raw|deathclock666's rating: 1267 &rarr; <strong>1246</strong><br />(-21 for losing)
|raw|Red Icigool's rating: 1316 &rarr; <strong>1333</strong><br />(+17 for winning)
|l|☆deathclock666
|player|p1|
|l|☆Red Icigool
|player|p2|
