|j|☆remyz99
|j|☆lzc123456
|t:|1757938204
|gametype|singles
|player|p1|remyz99|169|1624
|player|p2|lzc123456|cynthia-gen4|1591
|gen|9
|tier|[Gen 9] OU
|rated|
|rule|HP Percentage Mod: HP is shown in percentages
|rule|Endless Battle Clause: Forcing endless battles is banned
|rule|Species Clause: Limit one of each Pokémon
|rule|OHKO Clause: OHKO moves are banned
|rule|Evasion Items Clause: Evasion items are banned
|rule|Evasion Moves Clause: Evasion moves are banned
|rule|Evasion Abilities Clause: Evasion abilities are banned
|rule|Sleep Moves Clause: Sleep-inducing moves are banned
|clearpoke
|poke|p1|Gholdengo|
|poke|p1|Zamazenta-*|
|poke|p1|Ting-Lu|
|poke|p1|Clefable, F|
|poke|p1|Dragonite, M|
|poke|p1|Deoxys-Speed|
|poke|p2|Alomomola, F|
|poke|p2|Serperior, F|
|poke|p2|Garchomp, M|
|poke|p2|Iron Treads|
|poke|p2|Pelipper, M|
|poke|p2|Zamazenta-*|
|teampreview
|inactive|Battle timer is ON: inactive players will automatically lose when time's up. (requested by remyz99)
|
|t:|1757938227
|teamsize|p1|6
|teamsize|p2|6
|start
|switch|p1a: Clefable|Clefable, F|100/100
|switch|p2a: 小铁|Iron Treads|100/100
|turn|1
|
|t:|1757938235
|switch|p1a: Ting-Lu|Ting-Lu|100/100
|-ability|p1a: Ting-Lu|Vessel of Ruin
|move|p2a: 小铁|Knock Off|p1a: Ting-Lu
|-resisted|p1a: Ting-Lu
|-damage|p1a: Ting-Lu|94/100
|-enditem|p1a: Ting-Lu|Leftovers|[from] move: Knock Off|[of] p2a: 小铁
|
|upkeep
|turn|2
|
|t:|1757938243
|-end|p2a: 小铁|Quark Drive|[silent]
|switch|p2a: 盖鸥卡|Pelipper, M, shiny|100/100
|-weather|RainDance|[from] ability: Drizzle|[of] p2a: 盖鸥卡
|move|p1a: Ting-Lu|Ruination|p2a: 盖鸥卡
|-damage|p2a: 盖鸥卡|51/100
|
|-weather|RainDance|[upkeep]
|upkeep
|turn|3
|
|t:|1757938259
|switch|p1a: Dragonite|Dragonite, M|100/100
|move|p2a: 盖鸥卡|Weather Ball|p1a: Dragonite
|-resisted|p1a: Dragonite
|-damage|p1a: Dragonite|76/100
|
|-weather|RainDance|[upkeep]
|upkeep
|turn|4
|
|t:|1757938281
|switch|p2a: 蛇姐|Serperior, F, shiny|100/100
|switch|p1a: Deoxys|Deoxys-Speed|100/100
|-ability|p1a: Deoxys|Pressure
|
|-weather|RainDance|[upkeep]
|upkeep
|turn|5
|
|t:|1757938296
|move|p1a: Deoxys|Psycho Boost|p2a: 蛇姐
|-damage|p2a: 蛇姐|27/100
|-unboost|p1a: Deoxys|spa|2
|move|p2a: 蛇姐|Glare|p1a: Deoxys
|-status|p1a: Deoxys|par
|
|-weather|RainDance|[upkeep]
|-heal|p2a: 蛇姐|34/100|[from] item: Leftovers
|upkeep
|turn|6
|
|t:|1757938304
|switch|p2a: 小铁|Iron Treads|100/100
|move|p1a: Deoxys|Ice Beam|p2a: 小铁
|-damage|p2a: 小铁|93/100
|
|-weather|none
|upkeep
|turn|7
|
|t:|1757938309
|switch|p1a: Ting-Lu|Ting-Lu|94/100
|-ability|p1a: Ting-Lu|Vessel of Ruin
|move|p2a: 小铁|Knock Off|p1a: Ting-Lu
|-resisted|p1a: Ting-Lu
|-damage|p1a: Ting-Lu|89/100
|
|upkeep
|turn|8
|
|t:|1757938316
|-end|p2a: 小铁|Quark Drive|[silent]
|switch|p2a: 盖鸥卡|Pelipper, M, shiny|51/100
|-weather|RainDance|[from] ability: Drizzle|[of] p2a: 盖鸥卡
|move|p1a: Ting-Lu|Whirlwind|p2a: 盖鸥卡
|drag|p2a: 蛇姐|Serperior, F, shiny|34/100
|
|-weather|RainDance|[upkeep]
|-heal|p2a: 蛇姐|40/100|[from] item: Leftovers
|upkeep
|turn|9
|
|t:|1757938329
|switch|p1a: Dragonite|Dragonite, M|76/100
|move|p2a: 蛇姐|Substitute|p2a: 蛇姐
|-start|p2a: 蛇姐|Substitute
|-damage|p2a: 蛇姐|15/100
|
|-weather|RainDance|[upkeep]
|-heal|p2a: 蛇姐|21/100|[from] item: Leftovers
|upkeep
|turn|10
|
|t:|1757938336
|move|p1a: Dragonite|Extreme Speed|p2a: 蛇姐
|-end|p2a: 蛇姐|Substitute
|move|p2a: 蛇姐|Glare|p1a: Dragonite
|-status|p1a: Dragonite|par
|
|-weather|RainDance|[upkeep]
|-heal|p2a: 蛇姐|27/100|[from] item: Leftovers
|upkeep
|turn|11
|
|t:|1757938340
|switch|p2a: 减10大王|Garchomp, M, shiny|100/100
|cant|p1a: Dragonite|par
|
|-weather|RainDance|[upkeep]
|upkeep
|turn|12
|
|t:|1757938349
|switch|p1a: Clefable|Clefable, F|100/100
|move|p2a: 减10大王|Stealth Rock|p1a: Clefable
|-sidestart|p1: remyz99|move: Stealth Rock
|
|-weather|none
|upkeep
|turn|13
|
|t:|1757938354
|switch|p2a: 小铁|Iron Treads|93/100
|move|p1a: Clefable|Stealth Rock|p2a: 小铁
|-sidestart|p2: lzc123456|move: Stealth Rock
|
|upkeep
|turn|14
|
|t:|1757938363
|move|p2a: 小铁|Rapid Spin|p1a: Clefable
|-damage|p1a: Clefable|91/100
|-boost|p2a: 小铁|spe|1
|-damage|p2a: 小铁|77/100|[from] item: Rocky Helmet|[of] p1a: Clefable
|-sideend|p2: lzc123456|Stealth Rock|[from] move: Rapid Spin|[of] p2a: 小铁
|move|p1a: Clefable|Knock Off|p2a: 小铁
|-damage|p2a: 小铁|66/100
|-enditem|p2a: 小铁|Assault Vest|[from] move: Knock Off|[of] p1a: Clefable
|
|upkeep
|turn|15
|
|t:|1757938372
|switch|p1a: Ting-Lu|Ting-Lu|89/100
|-damage|p1a: Ting-Lu|83/100|[from] Stealth Rock
|-ability|p1a: Ting-Lu|Vessel of Ruin
|move|p2a: 小铁|Volt Switch|p1a: Ting-Lu
|-immune|p1a: Ting-Lu
|
|upkeep
|turn|16
|
|t:|1757938382
|move|p2a: 小铁|Earthquake|p1a: Ting-Lu
|-damage|p1a: Ting-Lu|63/100
|move|p1a: Ting-Lu|Whirlwind|p2a: 小铁
|-end|p2a: 小铁|Quark Drive|[silent]
|drag|p2a: 蛇姐|Serperior, F, shiny|27/100
|
|-heal|p2a: 蛇姐|34/100|[from] item: Leftovers
|upkeep
|turn|17
|
|t:|1757938396
|switch|p1a: Dragonite|Dragonite, M|76/100 par
|move|p2a: 蛇姐|Leaf Storm|p1a: Dragonite
|-resisted|p1a: Dragonite
|-damage|p1a: Dragonite|67/100 par
|-boost|p2a: 蛇姐|spa|2
|
|-heal|p2a: 蛇姐|40/100|[from] item: Leftovers
|upkeep
|turn|18
|
|t:|1757938406
|switch|p2a: 减10大王|Garchomp, M, shiny|100/100
|move|p1a: Dragonite|Roost|p1a: Dragonite
|-heal|p1a: Dragonite|100/100 par
|-singleturn|p1a: Dragonite|move: Roost
|
|upkeep
|turn|19
|
|t:|1757938412
|move|p2a: 减10大王|Dragon Tail|p1a: Dragonite
|-supereffective|p1a: Dragonite
|-crit|p1a: Dragonite
|-damage|p1a: Dragonite|66/100 par
|drag|p1a: Gholdengo|Gholdengo|100/100
|
|upkeep
|turn|20
|
|t:|1757938423
|switch|p1a: Zamazenta|Zamazenta|100/100
|-ability|p1a: Zamazenta|Dauntless Shield|boost
|-boost|p1a: Zamazenta|def|1
|move|p2a: 减10大王|Dragon Tail|p1a: Zamazenta
|-damage|p1a: Zamazenta|86/100
|drag|p1a: Clefable|Clefable, F|91/100
|
|upkeep
|turn|21
|
|t:|1757938436
|switch|p1a: Zamazenta|Zamazenta|86/100
|move|p2a: 减10大王|Earthquake|p1a: Zamazenta
|-damage|p1a: Zamazenta|48/100
|
|upkeep
|turn|22
|
|t:|1757938447
|switch|p2a: 脏活累活|Alomomola, F|100/100
|move|p1a: Zamazenta|Ice Fang|p2a: 脏活累活|[miss]
|-miss|p1a: Zamazenta|p2a: 脏活累活
|
|upkeep
|turn|23
|
|t:|1757938453
|switch|p1a: Deoxys|Deoxys-Speed|100/100 par
|-ability|p1a: Deoxys|Pressure
|move|p2a: 脏活累活|Flip Turn|p1a: Deoxys
|-damage|p1a: Deoxys|78/100 par
|
|t:|1757938470
|switch|p2a: 小铁|Iron Treads|66/100|[from] Flip Turn
|
|upkeep
|turn|24
|
|t:|1757938478
|move|p2a: 小铁|Earthquake|p1a: Deoxys
|-damage|p1a: Deoxys|20/100 par
|move|p1a: Deoxys|Ice Beam|p2a: 小铁
|-damage|p2a: 小铁|41/100
|
|upkeep
|turn|25
|
|t:|1757938486
|move|p2a: 小铁|Knock Off|p1a: Deoxys
|-supereffective|p1a: Deoxys
|-damage|p1a: Deoxys|0 fnt
|-enditem|p1a: Deoxys|Heavy-Duty Boots|[from] move: Knock Off|[of] p2a: 小铁
|faint|p1a: Deoxys
|
|upkeep
|inactive|remyz99 has 120 seconds left.
|
|t:|1757938518
|switch|p1a: Gholdengo|Gholdengo|100/100
|turn|26
|
|t:|1757938530
|-terastallize|p1a: Gholdengo|Fairy
|move|p2a: 小铁|Knock Off|p1a: Gholdengo
|-resisted|p1a: Gholdengo
|-damage|p1a: Gholdengo|92/100
|-enditem|p1a: Gholdengo|Heavy-Duty Boots|[from] move: Knock Off|[of] p2a: 小铁
|move|p1a: Gholdengo|Nasty Plot|p1a: Gholdengo
|-boost|p1a: Gholdengo|spa|2
|
|upkeep
|turn|27
|
|t:|1757938544
|move|p2a: 小铁|Earthquake|p1a: Gholdengo
|-damage|p1a: Gholdengo|64/100
|move|p1a: Gholdengo|Shadow Ball|p2a: 小铁
|-damage|p2a: 小铁|0 fnt
|faint|p2a: 小铁
|-end|p2a: 小铁|Quark Drive|[silent]
|
|upkeep
|
|t:|1757938568
|switch|p2a: 盖鸥卡|Pelipper, M, shiny|51/100
|-weather|RainDance|[from] ability: Drizzle|[of] p2a: 盖鸥卡
|turn|28
|
|t:|1757938573
|move|p2a: 盖鸥卡|Weather Ball|p1a: Gholdengo
|-damage|p1a: Gholdengo|0 fnt
|faint|p1a: Gholdengo
|
|-weather|RainDance|[upkeep]
|upkeep
|
|t:|1757938584
|switch|p1a: Zamazenta|Zamazenta|48/100
|turn|29
|
|t:|1757938588
|switch|p2a: 脏活累活|Alomomola, F|100/100
|move|p1a: Zamazenta|Stone Edge|p2a: 脏活累活
|-damage|p2a: 脏活累活|77/100
|
|-weather|RainDance|[upkeep]
|upkeep
|turn|30
|
|t:|1757938599
|move|p1a: Zamazenta|Ice Fang|p2a: 脏活累活
|-resisted|p2a: 脏活累活
|-damage|p2a: 脏活累活|70/100
|-status|p2a: 脏活累活|frz
|-curestatus|p2a: 脏活累活|frz|[msg]
|move|p2a: 脏活累活|Flip Turn|p1a: Zamazenta
|-damage|p1a: Zamazenta|26/100
|
|t:|1757938606
|switch|p2a: 减10大王|Garchomp, M, shiny|100/100|[from] Flip Turn
|
|-weather|RainDance|[upkeep]
|upkeep
|turn|31
|
|t:|1757938616
|switch|p2a: 脏活累活|Alomomola, F|100/100
|move|p1a: Zamazenta|Close Combat|p2a: 脏活累活
|-damage|p2a: 脏活累活|60/100
|-unboost|p1a: Zamazenta|def|1
|-unboost|p1a: Zamazenta|spd|1
|
|-weather|RainDance|[upkeep]
|upkeep
|turn|32
|
|t:|1757938619
|move|p1a: Zamazenta|Close Combat|p2a: 脏活累活
|-damage|p2a: 脏活累活|17/100
|-unboost|p1a: Zamazenta|def|1
|-unboost|p1a: Zamazenta|spd|1
|move|p2a: 脏活累活|Flip Turn|p1a: Zamazenta
|-damage|p1a: Zamazenta|0 fnt
|faint|p1a: Zamazenta
|
|t:|1757938626
|switch|p2a: 减10大王|Garchomp, M, shiny|100/100|[from] Flip Turn
|
|-weather|none
|upkeep
|
|t:|1757938633
|switch|p1a: Clefable|Clefable, F|91/100
|turn|33
|
|t:|1757938637
|move|p2a: 减10大王|Earthquake|p1a: Clefable
|-damage|p1a: Clefable|61/100
|move|p1a: Clefable|Moonblast|p2a: 减10大王
|-supereffective|p2a: 减10大王
|-damage|p2a: 减10大王|46/100
|
|upkeep
|turn|34
|
|t:|1757938642
|move|p2a: 减10大王|Earthquake|p1a: Clefable
|-damage|p1a: Clefable|28/100
|move|p1a: Clefable|Moonlight|p1a: Clefable
|-heal|p1a: Clefable|78/100
|
|upkeep
|turn|35
|
|t:|1757938646
|move|p2a: 减10大王|Earthquake|p1a: Clefable
|-damage|p1a: Clefable|44/100
|move|p1a: Clefable|Moonblast|p2a: 减10大王
|-supereffective|p2a: 减10大王
|-damage|p2a: 减10大王|0 fnt
|faint|p2a: 减10大王
|
|upkeep
|
|t:|1757938652
|switch|p2a: 盖鸥卡|Pelipper, M, shiny|51/100
|-weather|RainDance|[from] ability: Drizzle|[of] p2a: 盖鸥卡
|turn|36
|
|t:|1757938670
|switch|p1a: Dragonite|Dragonite, M|66/100 par
|move|p2a: 盖鸥卡|Hurricane|p1a: Dragonite
|-damage|p1a: Dragonite|0 fnt
|faint|p1a: Dragonite
|
|-weather|RainDance|[upkeep]
|upkeep
|c|☆lzc123456|gg
|
|t:|1757938678
|switch|p1a: Ting-Lu|Ting-Lu|63/100
|-damage|p1a: Ting-Lu|56/100|[from] Stealth Rock
|-ability|p1a: Ting-Lu|Vessel of Ruin
|turn|37
|
|t:|1757938685
|switch|p2a: 盾盾小狗|Zamazenta|100/100
|-ability|p2a: 盾盾小狗|Dauntless Shield|boost
|-boost|p2a: 盾盾小狗|def|1
|move|p1a: Ting-Lu|Ruination|p2a: 盾盾小狗
|-damage|p2a: 盾盾小狗|51/100
|
|-weather|RainDance|[upkeep]
|upkeep
|turn|38
|
|t:|1757938692
|move|p2a: 盾盾小狗|Close Combat|p1a: Ting-Lu
|-supereffective|p1a: Ting-Lu
|-damage|p1a: Ting-Lu|0 fnt
|-unboost|p2a: 盾盾小狗|def|1
|-unboost|p2a: 盾盾小狗|spd|1
|faint|p1a: Ting-Lu
|
|-weather|RainDance|[upkeep]
|upkeep
|
|t:|1757938694
|switch|p1a: Clefable|Clefable, F|44/100
|turn|39
|
|t:|1757938700
|-terastallize|p2a: 盾盾小狗|Fighting
|move|p2a: 盾盾小狗|Close Combat|p1a: Clefable
|-resisted|p1a: Clefable
|-damage|p1a: Clefable|0 fnt
|-unboost|p2a: 盾盾小狗|def|1
|-unboost|p2a: 盾盾小狗|spd|1
|-damage|p2a: 盾盾小狗|34/100|[from] item: Rocky Helmet|[of] p1a: Clefable
|faint|p1a: Clefable
|
|win|lzc123456
|raw|remyz99's rating: 1624 &rarr; <strong>1602</strong><br />(-22 for losing)
|raw|lzc123456's rating: 1591 &rarr; <strong>1613</strong><br />(+22 for winning)
|c|☆remyz99|gg
|l|☆remyz99
|player|p1|
|l|☆lzc123456
|player|p2|
