|inactive|Battle timer is ON: inactive players will automatically lose when time's up.
|t:|1757885012
|gametype|singles
|player|p1|SOULWIND|#scl5foxes2|
|player|p2|xavgb|#puplviiimoomoomilkers|
|gen|9
|tier|[Gen 9] OU
|rule|HP Percentage Mod: HP is shown in percentages
|rule|Endless Battle Clause: Forcing endless battles is banned
|rule|Species Clause: Limit one of each Pokémon
|rule|OHKO Clause: OHKO moves are banned
|rule|Evasion Items Clause: Evasion items are banned
|rule|Evasion Moves Clause: Evasion moves are banned
|rule|Evasion Abilities Clause: Evasion abilities are banned
|rule|Sleep Moves Clause: Sleep-inducing moves are banned
|clearpoke
|poke|p1|Mimikyu, F|
|poke|p1|Hoopa-Unbound|
|poke|p1|Iron Hands|
|poke|p1|Ursaluna, F|
|poke|p1|Hatterene, F|
|poke|p1|Indeedee, M|
|poke|p2|Hatterene, F|
|poke|p2|Amoonguss, M|
|poke|p2|Tornadus-Therian, M|
|poke|p2|Great Tusk|
|poke|p2|Gholdengo|
|poke|p2|Darkrai|
|teampreview
|inactive|SOULWIND has 270 seconds left.
|inactive|xavgb has 270 seconds left.
|c|☆xavgb|hf
|c|☆SOULWIND|hf
|inactive|SOULWIND has 240 seconds left.
|inactive|xavgb has 240 seconds left.
|
|t:|1757885095
|teamsize|p1|6
|teamsize|p2|6
|start
|switch|p1a: Iron Hands|Iron Hands|100/100
|switch|p2a: Amoonguss|Amoonguss, M|100/100
|-enditem|p1a: Iron Hands|Booster Energy
|-activate|p1a: Iron Hands|ability: Quark Drive|[fromitem]
|-start|p1a: Iron Hands|quarkdriveatk
|turn|1
|inactive|xavgb has 270 seconds left.
|
|t:|1757885122
|move|p1a: Iron Hands|Ice Punch|p2a: Amoonguss
|-supereffective|p2a: Amoonguss
|-damage|p2a: Amoonguss|46/100
|move|p2a: Amoonguss|Leaf Storm|p1a: Iron Hands
|-damage|p1a: Iron Hands|69/100
|-unboost|p2a: Amoonguss|spa|2
|-enditem|p2a: Amoonguss|Eject Pack
|
|t:|1757885128
|switch|p2a: Great Tusk|Great Tusk|100/100
|
|upkeep
|turn|2
|
|t:|1757885142
|-terastallize|p1a: Iron Hands|Flying
|move|p2a: Great Tusk|Headlong Rush|p1a: Iron Hands
|-immune|p1a: Iron Hands
|move|p1a: Iron Hands|Ice Punch|p2a: Great Tusk
|-supereffective|p2a: Great Tusk
|-damage|p2a: Great Tusk|39/100
|
|upkeep
|turn|3
|inactive|xavgb has 270 seconds left.
|inactive|xavgb has 240 seconds left.
|inactive|xavgb has 210 seconds left.
|inactive|xavgb has 180 seconds left.
|inactive|xavgb has 150 seconds left.
|
|t:|1757885287
|move|p2a: Great Tusk|Stealth Rock|p1a: Iron Hands
|-sidestart|p1: SOULWIND|move: Stealth Rock
|move|p1a: Iron Hands|Ice Punch|p2a: Great Tusk
|-supereffective|p2a: Great Tusk
|-damage|p2a: Great Tusk|0 fnt
|faint|p2a: Great Tusk
|-end|p2a: Great Tusk|Protosynthesis|[silent]
|
|upkeep
|
|t:|1757885301
|switch|p2a: Gholdengo|Gholdengo|100/100
|turn|4
|
|t:|1757885313
|move|p2a: Gholdengo|Make It Rain|p1a: Iron Hands
|-damage|p1a: Iron Hands|21/100
|-unboost|p2a: Gholdengo|spa|1
|move|p1a: Iron Hands|Supercell Slam|p2a: Gholdengo
|-damage|p2a: Gholdengo|12/100
|
|upkeep
|turn|5
|inactive|SOULWIND has 270 seconds left.
|inactive|SOULWIND has 240 seconds left.
|
|t:|1757885384
|-end|p1a: Iron Hands|Quark Drive|[silent]
|switch|p1a: Indeedee|Indeedee, M|100/100
|-damage|p1a: Indeedee|88/100|[from] Stealth Rock
|-fieldstart|move: Psychic Terrain|[from] ability: Psychic Surge|[of] p1a: Indeedee
|move|p2a: Gholdengo|Make It Rain|p1a: Indeedee
|-damage|p1a: Indeedee|40/100
|-unboost|p2a: Gholdengo|spa|1
|
|upkeep
|turn|6
|inactive|xavgb has 150 seconds left.
|inactive|xavgb has 120 seconds left.
|
|t:|1757885428
|switch|p2a: Tornadus|Tornadus-Therian, M|100/100
|move|p1a: Indeedee|Trick Room|p1a: Indeedee
|-fieldstart|move: Trick Room|[of] p1a: Indeedee
|
|upkeep
|turn|7
|inactive|xavgb has 120 seconds left.
|inactive|SOULWIND has 240 seconds left.
|
|t:|1757885451
|move|p1a: Indeedee|Healing Wish|p1a: Indeedee
|faint|p1a: Indeedee
|move|p2a: Tornadus|Knock Off|p1: Indeedee|[notarget]
|-fail|p2a: Tornadus
|
|upkeep
|inactive|SOULWIND has 240 seconds left.
|
|t:|1757885472
|switch|p1a: Hatterene|Hatterene, F|100/100
|-damage|p1a: Hatterene|88/100|[from] Stealth Rock
|turn|8
|inactive|xavgb has 90 seconds left.
|inactive|xavgb has 60 seconds left.
|
|t:|1757885552
|move|p1a: Hatterene|Expanding Force|p2a: Tornadus
|-damage|p2a: Tornadus|17/100
|-damage|p1a: Hatterene|78/100|[from] item: Life Orb
|move|p2a: Tornadus|U-turn|p1a: Hatterene
|-damage|p1a: Hatterene|61/100
|inactive|xavgb has 30 seconds left.
|
|t:|1757885576
|switch|p2a: Amoonguss|Amoonguss, M|79/100|[from] U-turn
|
|upkeep
|turn|9
|inactive|xavgb has 30 seconds left.
|inactive|SOULWIND has 240 seconds left.
|
|t:|1757885600
|switch|p2a: Hatterene|Hatterene, F|100/100
|move|p1a: Hatterene|Expanding Force|p2a: Hatterene
|-resisted|p2a: Hatterene
|-damage|p2a: Hatterene|34/100
|-damage|p1a: Hatterene|51/100|[from] item: Life Orb
|
|upkeep
|turn|10
|inactive|xavgb has 30 seconds left.
|
|t:|1757885619
|move|p1a: Hatterene|Expanding Force|p2a: Hatterene
|-resisted|p2a: Hatterene
|-damage|p2a: Hatterene|0 fnt
|faint|p2a: Hatterene
|-damage|p1a: Hatterene|41/100|[from] item: Life Orb
|
|-fieldend|move: Trick Room
|upkeep
|inactive|xavgb has 30 seconds left this turn.
|inactive|xavgb has 20 seconds left.
|inactive|xavgb has 15 seconds left.
|
|t:|1757885636
|switch|p2a: Darkrai|Darkrai|100/100
|turn|11
|inactive|xavgb has 25 seconds left this turn.
|inactive|xavgb has 20 seconds left.
|
|t:|1757885644
|switch|p1a: Mimikyu|Mimikyu, F, shiny|100/100
|-damage|p1a: Mimikyu|88/100|[from] Stealth Rock
|move|p2a: Darkrai|Dark Pulse|p1a: Mimikyu
|-activate|p1a: Mimikyu|ability: Disguise
|-damage|p1a: Mimikyu|88/100
|detailschange|p1a: Mimikyu|Mimikyu-Busted, F, shiny
|-damage|p1a: Mimikyu|76/100|[from] pokemon: Mimikyu-Busted
|-enditem|p1a: Mimikyu|Red Card|[of] p2a: Darkrai
|drag|p2a: Amoonguss|Amoonguss, M|100/100
|
|upkeep
|turn|12
|inactive|xavgb has 30 seconds left this turn.
|inactive|SOULWIND has 240 seconds left.
|
|t:|1757885659
|switch|p2a: Tornadus|Tornadus-Therian, M|50/100
|move|p1a: Mimikyu|Trick Room|p1a: Mimikyu
|-fieldstart|move: Trick Room|[of] p1a: Mimikyu
|
|-fieldend|move: Psychic Terrain
|upkeep
|turn|13
|inactive|xavgb has 30 seconds left.
|
|t:|1757885684
|switch|p1a: Ursaluna|Ursaluna, F|100/100
|-damage|p1a: Ursaluna|94/100|[from] Stealth Rock
|move|p2a: Tornadus|U-turn|p1a: Ursaluna
|-damage|p1a: Ursaluna|85/100
|inactive|xavgb has 30 seconds left this turn.
|inactive|xavgb has 20 seconds left.
|
|t:|1757885698
|switch|p2a: Amoonguss|Amoonguss, M|100/100|[from] U-turn
|
|-status|p1a: Ursaluna|brn|[from] item: Flame Orb
|upkeep
|turn|14
|inactive|xavgb has 30 seconds left this turn.
|inactive|SOULWIND has 240 seconds left.
|inactive|xavgb has 20 seconds left.
|inactive|xavgb has 15 seconds left.
|
|t:|1757885723
|switch|p1a: Hoopa|Hoopa-Unbound|100/100
|-damage|p1a: Hoopa|88/100|[from] Stealth Rock
|move|p2a: Amoonguss|Leaf Storm|p1a: Hoopa|[miss]
|-miss|p2a: Amoonguss|p1a: Hoopa
|
|upkeep
|turn|15
|inactive|xavgb has 25 seconds left this turn.
|inactive|xavgb has 20 seconds left.
|inactive|xavgb has 15 seconds left.
|inactive|xavgb has 10 seconds left.
|
|t:|1757885740
|switch|p2a: Tornadus|Tornadus-Therian, M|83/100
|move|p1a: Hoopa|Hyperspace Fury|p2a: Tornadus
|-damage|p2a: Tornadus|19/100
|-unboost|p1a: Hoopa|def|1
|
|upkeep
|turn|16
|inactive|xavgb has 20 seconds left this turn.
|inactive|xavgb has 15 seconds left.
|inactive|xavgb has 10 seconds left.
|inactive|xavgb has 5 seconds left.
|
|t:|1757885756
|switch|p2a: Gholdengo|Gholdengo|12/100
|move|p1a: Hoopa|Hyperspace Fury|p2a: Gholdengo
|-supereffective|p2a: Gholdengo
|-damage|p2a: Gholdengo|0 fnt
|-unboost|p1a: Hoopa|def|1
|faint|p2a: Gholdengo
|
|-fieldend|move: Trick Room
|upkeep
|inactive|xavgb has 10 seconds left this turn.
|
|t:|1757885760
|switch|p2a: Tornadus|Tornadus-Therian, M|52/100
|turn|17
|inactive|xavgb has 20 seconds left this turn.
|inactive|SOULWIND has 240 seconds left.
|
|t:|1757885784
|switch|p1a: Iron Hands|Iron Hands, tera:Flying|21/100
|-heal|p1a: Iron Hands|100/100|[from] move: Healing Wish
|-damage|p1a: Iron Hands|76/100|[from] Stealth Rock
|move|p2a: Tornadus|U-turn|p1a: Iron Hands
|-resisted|p1a: Iron Hands
|-damage|p1a: Iron Hands|71/100
|inactive|xavgb has 25 seconds left this turn.
|inactive|xavgb has 20 seconds left.
|
|t:|1757885792
|switch|p2a: Amoonguss|Amoonguss, M|100/100|[from] U-turn
|
|upkeep
|turn|18
|inactive|xavgb has 30 seconds left this turn.
|inactive|xavgb has 20 seconds left.
|inactive|xavgb has 15 seconds left.
|inactive|xavgb has 10 seconds left.
|
|t:|1757885815
|move|p1a: Iron Hands|Ice Punch|p2a: Amoonguss
|-supereffective|p2a: Amoonguss
|-damage|p2a: Amoonguss|54/100
|move|p2a: Amoonguss|Toxic|p1a: Iron Hands
|-status|p1a: Iron Hands|tox
|
|-damage|p1a: Iron Hands|65/100 tox|[from] psn
|upkeep
|turn|19
|inactive|xavgb has 20 seconds left this turn.
|inactive|xavgb has 15 seconds left.
|
|t:|1757885822
|move|p1a: Iron Hands|Ice Punch|p2a: Amoonguss
|-supereffective|p2a: Amoonguss
|-damage|p2a: Amoonguss|13/100
|move|p2a: Amoonguss|Synthesis|p2a: Amoonguss
|-heal|p2a: Amoonguss|63/100
|
|-damage|p1a: Iron Hands|52/100 tox|[from] psn
|upkeep
|turn|20
|inactive|xavgb has 25 seconds left this turn.
|inactive|xavgb has 20 seconds left.
|
|t:|1757885828
|move|p1a: Iron Hands|Ice Punch|p2a: Amoonguss
|-supereffective|p2a: Amoonguss
|-damage|p2a: Amoonguss|16/100
|move|p2a: Amoonguss|Synthesis|p2a: Amoonguss
|-heal|p2a: Amoonguss|66/100
|
|-damage|p1a: Iron Hands|33/100 tox|[from] psn
|upkeep
|turn|21
|inactive|xavgb has 30 seconds left this turn.
|
|t:|1757885831
|move|p1a: Iron Hands|Ice Punch|p2a: Amoonguss
|-supereffective|p2a: Amoonguss
|-damage|p2a: Amoonguss|26/100
|move|p2a: Amoonguss|Synthesis|p2a: Amoonguss
|-heal|p2a: Amoonguss|76/100
|
|-damage|p1a: Iron Hands|9/100 tox|[from] psn
|upkeep
|turn|22
|
|t:|1757885834
|move|p1a: Iron Hands|Ice Punch|p2a: Amoonguss
|-supereffective|p2a: Amoonguss
|-damage|p2a: Amoonguss|31/100
|move|p2a: Amoonguss|Synthesis|p2a: Amoonguss
|-heal|p2a: Amoonguss|81/100
|
|-damage|p1a: Iron Hands|0 fnt|[from] psn
|faint|p1a: Iron Hands
|-end|p1a: Iron Hands|Quark Drive|[silent]
|upkeep
|inactive|SOULWIND has 270 seconds left.
|
|t:|1757885855
|switch|p1a: Ursaluna|Ursaluna, F|85/100 brn
|-damage|p1a: Ursaluna|79/100 brn|[from] Stealth Rock
|turn|23
|inactive|xavgb has 30 seconds left.
|inactive|xavgb has 20 seconds left.
|inactive|xavgb has 15 seconds left.
|inactive|xavgb has 10 seconds left.
|
|t:|1757885904
|switch|p2a: Tornadus|Tornadus-Therian, M|85/100
|move|p1a: Ursaluna|Facade|p2a: Tornadus
|-damage|p2a: Tornadus|0 fnt
|faint|p2a: Tornadus
|
|-damage|p1a: Ursaluna|73/100 brn|[from] brn
|upkeep
|inactive|xavgb has 15 seconds left this turn.
|
|t:|1757885907
|switch|p2a: Amoonguss|Amoonguss, M|100/100
|turn|24
|inactive|xavgb has 25 seconds left this turn.
|inactive|xavgb has 20 seconds left.
|inactive|xavgb has 15 seconds left.
|inactive|xavgb has 10 seconds left.
|inactive|SOULWIND has 270 seconds left.
|
|t:|1757885943
|switch|p1a: Mimikyu|Mimikyu-Busted, F, shiny|76/100
|-damage|p1a: Mimikyu|63/100|[from] Stealth Rock
|move|p2a: Amoonguss|Foul Play|p1a: Mimikyu
|-damage|p1a: Mimikyu|44/100
|
|upkeep
|turn|25
|inactive|xavgb has 20 seconds left this turn.
|inactive|xavgb has 15 seconds left.
|inactive|xavgb has 10 seconds left.
|inactive|xavgb has 5 seconds left.
|
|t:|1757885959
|move|p2a: Amoonguss|Toxic|p1a: Mimikyu
|-status|p1a: Mimikyu|tox
|move|p1a: Mimikyu|Trick Room|p1a: Mimikyu
|-fieldstart|move: Trick Room|[of] p1a: Mimikyu
|
|-damage|p1a: Mimikyu|38/100 tox|[from] psn
|upkeep
|turn|26
|inactive|xavgb has 15 seconds left this turn.
|inactive|xavgb has 10 seconds left.
|inactive|xavgb has 5 seconds left.
|
|t:|1757885970
|move|p2a: Amoonguss|Toxic|p1a: Mimikyu
|-fail|p1a: Mimikyu|tox
|move|p1a: Mimikyu|Curse|p2a: Amoonguss
|-start|p2a: Amoonguss|Curse|[of] p1a: Mimikyu
|-damage|p1a: Mimikyu|0 fnt
|faint|p1a: Mimikyu
|
|-damage|p2a: Amoonguss|76/100|[from] Curse
|upkeep
|inactive|SOULWIND has 270 seconds left.
|
|t:|1757885982
|switch|p1a: Hatterene|Hatterene, F|41/100
|-damage|p1a: Hatterene|29/100|[from] Stealth Rock
|turn|27
|inactive|xavgb has 20 seconds left this turn.
|inactive|xavgb has 15 seconds left.
|
|t:|1757885992
|switch|p2a: Darkrai|Darkrai|100/100
|move|p1a: Hatterene|Draining Kiss|p2a: Darkrai
|-supereffective|p2a: Darkrai
|-damage|p2a: Darkrai|0 fnt
|-heal|p1a: Hatterene|95/100|[from] drain|[of] p2a: Darkrai
|faint|p2a: Darkrai
|-damage|p1a: Hatterene|86/100|[from] item: Life Orb
|
|upkeep
|inactive|xavgb has 20 seconds left this turn.
|
|t:|1757885995
|switch|p2a: Amoonguss|Amoonguss, M|100/100
|turn|28
|inactive|xavgb has 30 seconds left this turn.
|c|☆SOULWIND|gg
|
|t:|1757886002
|move|p1a: Hatterene|Expanding Force|p2a: Amoonguss
|-supereffective|p2a: Amoonguss
|-damage|p2a: Amoonguss|0 fnt
|faint|p2a: Amoonguss
|-damage|p1a: Hatterene|76/100|[from] item: Life Orb
|
|win|SOULWIND
|c|☆xavgb|gg
|player|p2|
