|j|☆Tigerballs
|j|‽edgingCeaselesslly
|t:|1757855197
|gametype|singles
|player|p1|Tigerballs|swimmer-gen4dp|1687
|player|p2|edgingCeaselesslly|roxie|1642
|gen|9
|tier|[Gen 9] OU
|rated|
|rule|HP Percentage Mod: HP is shown in percentages
|rule|Endless Battle Clause: Forcing endless battles is banned
|rule|Species Clause: Limit one of each Pokémon
|rule|OHKO Clause: OHKO moves are banned
|rule|Evasion Items Clause: Evasion items are banned
|rule|Evasion Moves Clause: Evasion moves are banned
|rule|Evasion Abilities Clause: Evasion abilities are banned
|rule|Sleep Moves Clause: Sleep-inducing moves are banned
|clearpoke
|poke|p1|Ninetales-Alola, M|
|poke|p1|Skeledirge, F|
|poke|p1|Okidogi, M|
|poke|p1|Vaporeon, F|
|poke|p1|Cresselia, F|
|poke|p1|Frosmoth, F|
|poke|p2|Landorus-Therian, M|
|poke|p2|Samurott-Hisui, M|
|poke|p2|Pecharunt|
|poke|p2|Scizor, F|
|poke|p2|Latios, M|
|poke|p2|Zamazenta-*|
|teampreview
|inactive|Battle timer is ON: inactive players will automatically lose when time's up. (requested by edgingCeaselesslly)
|j| Nikator98
|
|t:|1757855222
|teamsize|p1|6
|teamsize|p2|6
|start
|switch|p1a: Ninetales|Ninetales-Alola, M, shiny|100/100
|switch|p2a: Scizor|Scizor, F|100/100
|-weather|Snowscape|[from] ability: Snow Warning|[of] p1a: Ninetales
|turn|1
|j| huejack
|
|t:|1757855250
|move|p2a: Scizor|Bullet Punch|p1a: Ninetales
|-supereffective|p1a: Ninetales
|-damage|p1a: Ninetales|0 fnt
|faint|p1a: Ninetales
|
|-weather|Snowscape|[upkeep]
|upkeep
|
|t:|1757855257
|switch|p1a: Skeledirge|Skeledirge, F|100/100
|turn|2
|
|t:|1757855260
|switch|p2a: Samurott|Samurott-Hisui, M|100/100
|move|p1a: Skeledirge|Will-O-Wisp|p2a: Samurott
|-status|p2a: Samurott|brn
|
|-weather|Snowscape|[upkeep]
|-damage|p2a: Samurott|94/100 brn|[from] brn
|upkeep
|turn|3
|
|t:|1757855276
|switch|p1a: Frosmoth|Frosmoth, F|100/100
|move|p2a: Samurott|Ceaseless Edge|p1a: Frosmoth
|-damage|p1a: Frosmoth|73/100
|-sidestart|p1: Tigerballs|Spikes
|
|-weather|Snowscape|[upkeep]
|-damage|p2a: Samurott|88/100 brn|[from] brn
|upkeep
|turn|4
|
|t:|1757855286
|switch|p2a: Scizor|Scizor, F|100/100
|move|p1a: Frosmoth|Quiver Dance|p1a: Frosmoth
|-boost|p1a: Frosmoth|spa|1
|-boost|p1a: Frosmoth|spd|1
|-boost|p1a: Frosmoth|spe|1
|
|-weather|Snowscape|[upkeep]
|upkeep
|turn|5
|
|t:|1757855296
|switch|p1a: Grrrr|Okidogi, M|100/100
|-damage|p1a: Grrrr|88/100|[from] Spikes
|move|p2a: Scizor|Bullet Punch|p1a: Grrrr
|-damage|p1a: Grrrr|61/100
|
|-weather|none
|-heal|p1a: Grrrr|67/100|[from] item: Leftovers
|upkeep
|turn|6
|
|t:|1757855306
|switch|p2a: Landorus|Landorus-Therian, M|100/100
|-ability|p2a: Landorus|Intimidate|boost
|-unboost|p1a: Grrrr|atk|1
|move|p1a: Grrrr|Drain Punch|p2a: Landorus
|-resisted|p2a: Landorus
|-damage|p2a: Landorus|89/100
|-heal|p1a: Grrrr|73/100|[from] drain|[of] p2a: Landorus
|-damage|p1a: Grrrr|56/100|[from] item: Rocky Helmet|[of] p2a: Landorus
|-status|p2a: Landorus|tox|[from] ability: Toxic Chain|[of] p1a: Grrrr
|
|-heal|p1a: Grrrr|62/100|[from] item: Leftovers
|-damage|p2a: Landorus|83/100 tox|[from] psn
|upkeep
|turn|7
|j| wgw2333
|
|t:|1757855321
|switch|p1a: Cresselia|Cresselia, F|100/100
|move|p2a: Landorus|Stealth Rock|p1a: Cresselia
|-sidestart|p1: Tigerballs|move: Stealth Rock
|
|-damage|p2a: Landorus|71/100 tox|[from] psn
|upkeep
|turn|8
|
|t:|1757855333
|move|p1a: Cresselia|Icy Wind|p2a: Landorus
|-supereffective|p2a: Landorus
|-damage|p2a: Landorus|10/100 tox
|-unboost|p2a: Landorus|spe|1
|move|p2a: Landorus|U-turn|p1a: Cresselia
|-supereffective|p1a: Cresselia
|-damage|p1a: Cresselia|67/100
|
|t:|1757855339
|switch|p2a: Samurott|Samurott-Hisui, M|88/100 brn|[from] U-turn
|
|-damage|p2a: Samurott|82/100 brn|[from] brn
|upkeep
|turn|9
|
|t:|1757855349
|switch|p1a: Grrrr|Okidogi, M|62/100
|-damage|p1a: Grrrr|50/100|[from] Spikes
|-damage|p1a: Grrrr|44/100|[from] Stealth Rock
|move|p2a: Samurott|Ceaseless Edge|p1a: Grrrr
|-resisted|p1a: Grrrr
|-damage|p1a: Grrrr|34/100
|-sidestart|p1: Tigerballs|Spikes
|
|-heal|p1a: Grrrr|40/100|[from] item: Leftovers
|-damage|p2a: Samurott|76/100 brn|[from] brn
|upkeep
|turn|10
|
|t:|1757855361
|switch|p2a: Landorus|Landorus-Therian, M|10/100 tox
|-ability|p2a: Landorus|Intimidate|boost
|-unboost|p1a: Grrrr|atk|1
|move|p1a: Grrrr|Drain Punch|p2a: Landorus
|-resisted|p2a: Landorus
|-damage|p2a: Landorus|0 fnt
|-heal|p1a: Grrrr|45/100|[from] drain|[of] p2a: Landorus
|-damage|p1a: Grrrr|29/100|[from] item: Rocky Helmet|[of] p2a: Landorus
|faint|p2a: Landorus
|
|-heal|p1a: Grrrr|35/100|[from] item: Leftovers
|upkeep
|
|t:|1757855375
|switch|p2a: Latios|Latios, M|100/100
|turn|11
|
|t:|1757855388
|move|p2a: Latios|Draco Meteor|p1a: Grrrr
|-damage|p1a: Grrrr|0 fnt
|-unboost|p2a: Latios|spa|2
|faint|p1a: Grrrr
|
|upkeep
|
|t:|1757855414
|switch|p1a: Cresselia|Cresselia, F|67/100
|-damage|p1a: Cresselia|55/100|[from] Stealth Rock
|turn|12
|
|t:|1757855420
|switch|p2a: Samurott|Samurott-Hisui, M|76/100 brn
|move|p1a: Cresselia|Trick|p2a: Samurott
|-activate|p1a: Cresselia|move: Trick|[of] p2a: Samurott
|-item|p2a: Samurott|Choice Scarf|[from] move: Trick
|-item|p1a: Cresselia|Assault Vest|[from] move: Trick
|
|-damage|p2a: Samurott|70/100 brn|[from] brn
|upkeep
|turn|13
|
|t:|1757855437
|switch|p1a: Frosmoth|Frosmoth, F|73/100
|move|p2a: Samurott|Ceaseless Edge|p1a: Frosmoth
|-damage|p1a: Frosmoth|27/100
|-sidestart|p1: Tigerballs|Spikes
|
|-damage|p2a: Samurott|63/100 brn|[from] brn
|upkeep
|turn|14
|
|t:|1757855450
|move|p2a: Samurott|Ceaseless Edge|p1a: Frosmoth
|-damage|p1a: Frosmoth|0 fnt
|faint|p1a: Frosmoth
|
|-damage|p2a: Samurott|57/100 brn|[from] brn
|upkeep
|-message|Tigerballs forfeited.
|
|win|edgingCeaselesslly
|raw|Tigerballs's rating: 1687 &rarr; <strong>1664</strong><br />(-23 for losing)
|raw|edgingCeaselesslly's rating: 1642 &rarr; <strong>1665</strong><br />(+23 for winning)
|l|☆Tigerballs
|player|p1|
|l| huejack
|l|‽edgingCeaselesslly
|player|p2|
|l| Nikator98
