|j|☆marisa_fumo_gaming
|j|☆yhftuko
|t:|1757789588
|gametype|singles
|player|p1|marisa_fumo_gaming|169|1555
|player|p2|yhftuko|266|1485
|gen|9
|tier|[Gen 9] OU
|rated|
|rule|HP Percentage Mod: HP is shown in percentages
|rule|Endless Battle Clause: Forcing endless battles is banned
|rule|Species Clause: Limit one of each Pokémon
|rule|OHKO Clause: OHKO moves are banned
|rule|Evasion Items Clause: Evasion items are banned
|rule|Evasion Moves Clause: Evasion moves are banned
|rule|Evasion Abilities Clause: Evasion abilities are banned
|rule|Sleep Moves Clause: Sleep-inducing moves are banned
|clearpoke
|poke|p1|Pikachu, F|
|poke|p1|Dragapult, M|
|poke|p1|Scizor, M|
|poke|p1|Ogerpon-Wellspring, F|
|poke|p1|Enamorus, F|
|poke|p1|Cinderace, F|
|poke|p2|Great Tusk|
|poke|p2|Deoxys-Speed|
|poke|p2|Clefable, F|
|poke|p2|Kingambit, F|
|poke|p2|Blissey, F|
|poke|p2|Ogerpon-Wellspring, F|
|teampreview
|
|t:|1757789604
|teamsize|p1|6
|teamsize|p2|6
|start
|switch|p1a: Scizor|Scizor, M|100/100
|switch|p2a: Ogerpon|Ogerpon-Wellspring, F|100/100
|turn|1
|
|t:|1757789611
|move|p2a: Ogerpon|Knock Off|p1a: Scizor
|-damage|p1a: Scizor|55/100
|-enditem|p1a: Scizor|Choice Band|[from] move: Knock Off|[of] p2a: Ogerpon
|move|p1a: Scizor|U-turn|p2a: Ogerpon
|-supereffective|p2a: Ogerpon
|-damage|p2a: Ogerpon|0 fnt
|faint|p2a: Ogerpon
|
|t:|1757789617
|switch|p1a: Dragapult|Dragapult, M|100/100|[from] U-turn
|
|upkeep
|
|t:|1757789631
|switch|p2a: Clefable|Clefable, F|100/100
|turn|2
|
|t:|1757789635
|move|p1a: Dragapult|U-turn|p2a: Clefable
|-resisted|p2a: Clefable
|-damage|p2a: Clefable|94/100
|
|t:|1757789637
|switch|p1a: Scizor|Scizor, M|55/100|[from] U-turn
|move|p2a: Clefable|Thunder Wave|p1a: Scizor
|-status|p1a: Scizor|par
|
|-heal|p2a: Clefable|100/100|[from] item: Leftovers
|upkeep
|turn|3
|
|t:|1757789651
|switch|p2a: Great Tusk|Great Tusk|100/100
|-enditem|p2a: Great Tusk|Booster Energy
|-activate|p2a: Great Tusk|ability: Protosynthesis|[fromitem]
|-start|p2a: Great Tusk|protosynthesisatk
|move|p1a: Scizor|Bullet Punch|p2a: Great Tusk
|-damage|p2a: Great Tusk|76/100
|
|upkeep
|turn|4
|
|t:|1757789667
|move|p2a: Great Tusk|Earthquake|p1a: Scizor
|-damage|p1a: Scizor|0 fnt
|faint|p1a: Scizor
|
|upkeep
|
|t:|1757789673
|switch|p1a: Enamorus|Enamorus, F|100/100
|turn|5
|
|t:|1757789682
|-end|p2a: Great Tusk|Protosynthesis|[silent]
|switch|p2a: Blissey|Blissey, F|100/100
|move|p1a: Enamorus|Moonblast|p2a: Blissey
|-damage|p2a: Blissey|83/100
|-unboost|p2a: Blissey|spa|1
|
|upkeep
|turn|6
|
|t:|1757789692
|switch|p1a: Pikachu|Pikachu, F|100/100
|move|p2a: Blissey|Stealth Rock|p1a: Pikachu
|-sidestart|p1: marisa_fumo_gaming|move: Stealth Rock
|
|upkeep
|turn|7
|
|t:|1757789700
|switch|p2a: Great Tusk|Great Tusk|76/100
|move|p1a: Pikachu|Thunderbolt|p2a: Great Tusk
|-immune|p2a: Great Tusk
|
|upkeep
|turn|8
|
|t:|1757789716
|-end|p2a: Great Tusk|Protosynthesis|[silent]
|switch|p2a: Blissey|Blissey, F|83/100
|move|p1a: Pikachu|Surf|p2a: Blissey
|-damage|p2a: Blissey|70/100
|
|upkeep
|turn|9
|
|t:|1757789725
|move|p1a: Pikachu|Volt Switch|p2a: Blissey
|-damage|p2a: Blissey|56/100
|
|t:|1757789731
|switch|p1a: Ogerpon|Ogerpon-Wellspring, F|100/100|[from] Volt Switch
|-damage|p1a: Ogerpon|88/100|[from] Stealth Rock
|move|p2a: Blissey|Thunder Wave|p1a: Ogerpon
|-status|p1a: Ogerpon|par
|
|upkeep
|turn|10
|
|t:|1757789740
|switch|p2a: Clefable|Clefable, F|100/100
|move|p1a: Ogerpon|Swords Dance|p1a: Ogerpon
|-boost|p1a: Ogerpon|atk|2
|
|upkeep
|turn|11
|
|t:|1757789749
|move|p1a: Ogerpon|Ivy Cudgel|p2a: Clefable|[anim] Ivy Cudgel Water
|-damage|p2a: Clefable|3/100
|move|p2a: Clefable|Moonblast|p1a: Ogerpon
|-damage|p1a: Ogerpon|52/100 par
|
|-heal|p2a: Clefable|9/100|[from] item: Leftovers
|upkeep
|turn|12
|
|t:|1757789757
|cant|p1a: Ogerpon|par
|move|p2a: Clefable|Moonblast|p1a: Ogerpon
|-damage|p1a: Ogerpon|18/100 par
|
|-heal|p2a: Clefable|15/100|[from] item: Leftovers
|upkeep
|turn|13
|
|t:|1757789763
|move|p1a: Ogerpon|Horn Leech|p2a: Clefable
|-damage|p2a: Clefable|0 fnt
|-heal|p1a: Ogerpon|28/100 par|[from] drain|[of] p2a: Clefable
|faint|p2a: Clefable
|
|upkeep
|
|t:|1757789773
|switch|p2a: Great Tusk|Great Tusk|76/100
|turn|14
|
|t:|1757789776
|switch|p1a: Enamorus|Enamorus, F|100/100
|-damage|p1a: Enamorus|76/100|[from] Stealth Rock
|move|p2a: Great Tusk|Ice Spinner|p1a: Enamorus
|-supereffective|p1a: Enamorus
|-damage|p1a: Enamorus|0 fnt
|faint|p1a: Enamorus
|
|upkeep
|
|t:|1757789779
|switch|p1a: Pikachu|Pikachu, F|100/100
|-damage|p1a: Pikachu|88/100|[from] Stealth Rock
|turn|15
|
|t:|1757789787
|-end|p2a: Great Tusk|Protosynthesis|[silent]
|switch|p2a: Blissey|Blissey, F|56/100
|move|p1a: Pikachu|Alluring Voice|p2a: Blissey
|-damage|p2a: Blissey|45/100
|
|upkeep
|turn|16
|
|t:|1757789793
|move|p1a: Pikachu|Volt Switch|p2a: Blissey
|-damage|p2a: Blissey|31/100
|
|t:|1757789795
|switch|p1a: Ogerpon|Ogerpon-Wellspring, F|28/100 par|[from] Volt Switch
|-damage|p1a: Ogerpon|16/100 par|[from] Stealth Rock
|move|p2a: Blissey|Soft-Boiled|p2a: Blissey
|-heal|p2a: Blissey|81/100
|
|upkeep
|turn|17
|
|t:|1757789804
|move|p1a: Ogerpon|Horn Leech|p2a: Blissey
|-damage|p2a: Blissey|35/100
|-heal|p1a: Ogerpon|65/100 par|[from] drain|[of] p2a: Blissey
|move|p2a: Blissey|Seismic Toss|p1a: Ogerpon
|-damage|p1a: Ogerpon|32/100 par
|
|upkeep
|turn|18
|
|t:|1757789812
|switch|p2a: Kingambit|Kingambit, F|100/100
|-activate|p2a: Kingambit|ability: Supreme Overlord
|-start|p2a: Kingambit|fallen2|[silent]
|move|p1a: Ogerpon|Ivy Cudgel|p2a: Kingambit|[anim] Ivy Cudgel Water
|-damage|p2a: Kingambit|60/100
|
|upkeep
|turn|19
|
|t:|1757789819
|move|p1a: Ogerpon|U-turn|p2a: Kingambit
|-damage|p2a: Kingambit|41/100
|
|t:|1757789822
|switch|p1a: Pikachu|Pikachu, F|88/100|[from] U-turn
|-damage|p1a: Pikachu|76/100|[from] Stealth Rock
|move|p2a: Kingambit|Kowtow Cleave|p1a: Pikachu
|-damage|p1a: Pikachu|0 fnt
|faint|p1a: Pikachu
|
|upkeep
|
|t:|1757789823
|switch|p1a: Dragapult|Dragapult, M|100/100
|-damage|p1a: Dragapult|88/100|[from] Stealth Rock
|turn|20
|
|t:|1757789836
|move|p1a: Dragapult|Will-O-Wisp|p2a: Kingambit
|-status|p2a: Kingambit|brn
|move|p2a: Kingambit|Kowtow Cleave|p1a: Dragapult
|-supereffective|p1a: Dragapult
|-crit|p1a: Dragapult
|-damage|p1a: Dragapult|0 fnt
|faint|p1a: Dragapult
|
|-damage|p2a: Kingambit|35/100 brn|[from] brn
|upkeep
|
|t:|1757789842
|switch|p1a: Cinderace|Cinderace, F|100/100
|turn|21
|
|t:|1757789849
|move|p1a: Cinderace|Pyro Ball|p2a: Kingambit
|-supereffective|p2a: Kingambit
|-damage|p2a: Kingambit|0 fnt
|faint|p2a: Kingambit
|-end|p2a: Kingambit|fallen2|[silent]
|
|upkeep
|
|t:|1757789858
|switch|p2a: Great Tusk|Great Tusk|76/100
|turn|22
|
|t:|1757789864
|-terastallize|p1a: Cinderace|Fire
|move|p1a: Cinderace|Pyro Ball|p2a: Great Tusk
|-damage|p2a: Great Tusk|24/100
|-status|p2a: Great Tusk|brn
|move|p2a: Great Tusk|Rapid Spin|p1a: Cinderace
|-damage|p1a: Cinderace|89/100
|-boost|p2a: Great Tusk|spe|1
|
|-damage|p2a: Great Tusk|17/100 brn|[from] brn
|upkeep
|turn|23
|
|t:|1757789874
|move|p1a: Cinderace|Sucker Punch|p2a: Great Tusk
|-resisted|p2a: Great Tusk
|-damage|p2a: Great Tusk|10/100 brn
|move|p2a: Great Tusk|Earthquake|p1a: Cinderace
|-supereffective|p1a: Cinderace
|-damage|p1a: Cinderace|12/100
|
|-damage|p2a: Great Tusk|3/100 brn|[from] brn
|upkeep
|turn|24
|
|t:|1757789885
|move|p1a: Cinderace|Sucker Punch|p2a: Great Tusk
|-resisted|p2a: Great Tusk
|-damage|p2a: Great Tusk|0 fnt
|faint|p2a: Great Tusk
|-end|p2a: Great Tusk|Protosynthesis|[silent]
|
|upkeep
|
|t:|1757789890
|switch|p2a: Deoxys|Deoxys-Speed|100/100
|-ability|p2a: Deoxys|Pressure
|turn|25
|
|t:|1757789898
|move|p1a: Cinderace|Sucker Punch|p2a: Deoxys
|-supereffective|p2a: Deoxys
|-damage|p2a: Deoxys|42/100
|move|p2a: Deoxys|Shadow Ball|p1a: Cinderace
|-damage|p1a: Cinderace|0 fnt
|faint|p1a: Cinderace
|
|upkeep
|
|t:|1757789900
|switch|p1a: Ogerpon|Ogerpon-Wellspring, F|32/100 par
|-damage|p1a: Ogerpon|19/100 par|[from] Stealth Rock
|turn|26
|-message|marisa_fumo_gaming forfeited.
|
|win|yhftuko
|raw|marisa_fumo_gaming's rating: 1555 &rarr; <strong>1531</strong><br />(-24 for losing)
|raw|yhftuko's rating: 1485 &rarr; <strong>1509</strong><br />(+24 for winning)
|l|☆marisa_fumo_gaming
|player|p1|
|l|☆yhftuko
|player|p2|
