|j|☆TREMBLEB4BAST
|j|☆nachocooltrainer
|t:|1757909546
|gametype|singles
|player|p1|TREMBLEB4BAST|geeta|1212
|player|p2|nachocooltrainer|cynthia-masters|1206
|gen|9
|tier|[Gen 9] OU
|rated|
|rule|HP Percentage Mod: HP is shown in percentages
|rule|Endless Battle Clause: Forcing endless battles is banned
|rule|Species Clause: Limit one of each Pokémon
|rule|OHKO Clause: OHKO moves are banned
|rule|Evasion Items Clause: Evasion items are banned
|rule|Evasion Moves Clause: Evasion moves are banned
|rule|Evasion Abilities Clause: Evasion abilities are banned
|rule|Sleep Moves Clause: Sleep-inducing moves are banned
|clearpoke
|poke|p1|Tyranitar, M|
|poke|p1|Lucario, M|
|poke|p1|Gastrodon-East, F|
|poke|p1|Iron Moth|
|poke|p1|Vikavolt, M|
|poke|p1|Iron Leaves|
|poke|p2|Ninetales-Alola, F|
|poke|p2|Cinderace, M|
|poke|p2|Dragapult, M|
|poke|p2|Mimikyu, M|
|poke|p2|Goodra-Hisui, M|
|poke|p2|Dragonite, M|
|teampreview
|
|t:|1757909562
|teamsize|p1|6
|teamsize|p2|6
|start
|switch|p1a: Reiner Braun|Tyranitar, M|100/100
|switch|p2a: Dragapult|Dragapult, M|100/100
|-weather|Sandstorm|[from] ability: Sand Stream|[of] p1a: Reiner Braun
|turn|1
|
|t:|1757909569
|switch|p2a: Ninetales|Ninetales-Alola, F, shiny|100/100
|-weather|Snowscape|[from] ability: Snow Warning|[of] p2a: Ninetales
|move|p1a: Reiner Braun|Stone Edge|p2a: Ninetales
|-supereffective|p2a: Ninetales
|-damage|p2a: Ninetales|14/100
|
|-weather|Snowscape|[upkeep]
|upkeep
|turn|2
|
|t:|1757909587
|move|p2a: Ninetales|Aurora Veil|p2a: Ninetales
|-sidestart|p2: nachocooltrainer|move: Aurora Veil
|move|p1a: Reiner Braun|Earthquake|p2a: Ninetales
|-crit|p2a: Ninetales
|-damage|p2a: Ninetales|0 fnt
|faint|p2a: Ninetales
|
|-weather|Snowscape|[upkeep]
|upkeep
|
|t:|1757909595
|switch|p2a: Cinderace|Cinderace, M|100/100
|turn|3
|
|t:|1757909604
|switch|p1a: Shinobu|Iron Moth, shiny|100/100
|-enditem|p1a: Shinobu|Booster Energy
|-activate|p1a: Shinobu|ability: Quark Drive|[fromitem]
|-start|p1a: Shinobu|quarkdrivespe
|move|p2a: Cinderace|High Jump Kick|p1a: Shinobu
|-start|p2a: Cinderace|typechange|Fighting|[from] ability: Libero
|-resisted|p1a: Shinobu
|-damage|p1a: Shinobu|52/100
|
|-weather|Snowscape|[upkeep]
|upkeep
|turn|4
|
|t:|1757909617
|switch|p2a: Dragapult|Dragapult, M|100/100
|move|p1a: Shinobu|Dazzling Gleam|p2a: Dragapult
|-supereffective|p2a: Dragapult
|-damage|p2a: Dragapult|67/100
|
|-weather|Snowscape|[upkeep]
|upkeep
|turn|5
|
|t:|1757909637
|move|p1a: Shinobu|Dazzling Gleam|p2a: Dragapult
|-supereffective|p2a: Dragapult
|-damage|p2a: Dragapult|30/100
|move|p2a: Dragapult|Hydro Pump|p1a: Shinobu
|-supereffective|p1a: Shinobu
|-damage|p1a: Shinobu|0 fnt
|faint|p1a: Shinobu
|-end|p1a: Shinobu|Quark Drive|[silent]
|
|-weather|none
|upkeep
|
|t:|1757909669
|switch|p1a: Australian|Vikavolt, M|100/100
|turn|6
|
|t:|1757909689
|switch|p2a: Cinderace|Cinderace, M|100/100
|move|p1a: Australian|Volt Switch|p2a: Cinderace
|-damage|p2a: Cinderace|76/100
|
|t:|1757909697
|switch|p1a: Lich|Gastrodon-East, F|100/100|[from] Volt Switch
|
|upkeep
|turn|7
|
|t:|1757909732
|switch|p2a: Dragapult|Dragapult, M|30/100
|move|p1a: Lich|Surf|p2a: Dragapult
|-resisted|p2a: Dragapult
|-crit|p2a: Dragapult
|-damage|p2a: Dragapult|0 fnt
|faint|p2a: Dragapult
|
|upkeep
|l|☆TREMBLEB4BAST
|player|p1|
|j|☆TREMBLEB4BAST
|player|p1|TREMBLEB4BAST|geeta|
|
|t:|1757909777
|switch|p2a: Goodra|Goodra-Hisui, M|100/100
|turn|8
|
|t:|1757909782
|switch|p1a: Chiron|Iron Leaves|100/100
|move|p2a: Goodra|Ice Beam|p1a: Chiron
|-supereffective|p1a: Chiron
|-damage|p1a: Chiron|62/100
|
|upkeep
|turn|9
|
|t:|1757909794
|switch|p2a: Cinderace|Cinderace, M|76/100
|move|p1a: Chiron|Sacred Sword|p2a: Cinderace
|-damage|p2a: Cinderace|51/100
|
|-sideend|p2: nachocooltrainer|move: Aurora Veil
|upkeep
|turn|10
|
|t:|1757909803
|-end|p1a: Chiron|Quark Drive|[silent]
|switch|p1a: Lich|Gastrodon-East, F|100/100
|move|p2a: Cinderace|Pyro Ball|p1a: Lich
|-resisted|p1a: Lich
|-damage|p1a: Lich|68/100
|
|upkeep
|turn|11
|
|t:|1757909816
|switch|p2a: Goodra|Goodra-Hisui, M|100/100
|move|p1a: Lich|Ice Beam|p2a: Goodra
|-crit|p2a: Goodra
|-damage|p2a: Goodra|73/100
|
|upkeep
|turn|12
|l|☆nachocooltrainer
|player|p2|
|inactive|Battle timer is ON: inactive players will automatically lose when time's up. (requested by TREMBLEB4BAST)
|inactive|nachocooltrainer has 30 seconds to reconnect!
|inactive|nachocooltrainer has 20 seconds to reconnect!
|inactive|nachocooltrainer has 15 seconds to reconnect!
|inactive|nachocooltrainer has 10 seconds to reconnect!
|inactive|nachocooltrainer has 5 seconds to reconnect!
|-message|nachocooltrainer lost due to inactivity.
|
|win|TREMBLEB4BAST
|raw|TREMBLEB4BAST's rating: 1212 &rarr; <strong>1237</strong><br />(+25 for winning)
|raw|nachocooltrainer's rating: 1206 &rarr; <strong>1181</strong><br />(-25 for losing)
|l|☆TREMBLEB4BAST
|player|p1|
