|j|☆kaspairs
|j|☆ReaperOverwatch41
|t:|1757898955
|gametype|singles
|player|p1|kaspairs|veteran|1119
|player|p2|ReaperOverwatch41|265|1101
|gen|9
|tier|[Gen 9] OU
|rated|
|rule|HP Percentage Mod: HP is shown in percentages
|rule|Endless Battle Clause: Forcing endless battles is banned
|rule|Species Clause: Limit one of each Pokémon
|rule|OHKO Clause: OHKO moves are banned
|rule|Evasion Items Clause: Evasion items are banned
|rule|Evasion Moves Clause: Evasion moves are banned
|rule|Evasion Abilities Clause: Evasion abilities are banned
|rule|Sleep Moves Clause: Sleep-inducing moves are banned
|clearpoke
|poke|p1|Umbreon, F|
|poke|p1|Glimmora, F|
|poke|p1|Iron Moth|
|poke|p1|Gholdengo|
|poke|p1|Dragonite, M|
|poke|p1|Garchomp, M|
|poke|p2|Samurott-Hisui, M|
|poke|p2|Ceruledge, M|
|poke|p2|Hatterene, F|
|poke|p2|Glimmora, M|
|poke|p2|Iron Hands|
|poke|p2|Iron Crown|
|teampreview
|inactive|Battle timer is ON: inactive players will automatically lose when time's up. (requested by kaspairs)
|
|t:|1757899022
|teamsize|p1|6
|teamsize|p2|6
|start
|switch|p1a: Kwasp|Umbreon, F|100/100
|switch|p2a: Samurott|Samurott-Hisui, M|100/100
|turn|1
|
|t:|1757899034
|move|p2a: Samurott|Ceaseless Edge|p1a: Kwasp
|-resisted|p1a: Kwasp
|-damage|p1a: Kwasp|82/100
|-sidestart|p1: kaspairs|Spikes
|move|p1a: Kwasp|Thunder Wave|p2a: Samurott
|-status|p2a: Samurott|par
|
|-heal|p1a: Kwasp|88/100|[from] item: Leftovers
|upkeep
|turn|2
|
|t:|1757899046
|move|p1a: Kwasp|Foul Play|p2a: Samurott
|-resisted|p2a: Samurott
|-damage|p2a: Samurott|73/100 par
|cant|p2a: Samurott|par
|
|-heal|p1a: Kwasp|94/100|[from] item: Leftovers
|upkeep
|turn|3
|l|☆ReaperOverwatch41
|inactive|ReaperOverwatch41 disconnected and has a minute to reconnect!
|player|p2|
|j|☆ReaperOverwatch41
|inactive|ReaperOverwatch41 reconnected and has 130 seconds left.
|player|p2|ReaperOverwatch41|265|
|
|t:|1757899070
|switch|p1a: éklaté|Glimmora, F|100/100
|-damage|p1a: éklaté|88/100|[from] Spikes
|cant|p2a: Samurott|par
|
|upkeep
|turn|4
|
|t:|1757899077
|move|p1a: éklaté|Mortal Spin|p2a: Samurott
|-damage|p2a: Samurott|65/100 par
|-sideend|p1: kaspairs|Spikes|[from] move: Mortal Spin|[of] p1a: éklaté
|cant|p2a: Samurott|par
|
|upkeep
|turn|5
|
|t:|1757899085
|move|p1a: éklaté|Stealth Rock|p2a: Samurott
|-sidestart|p2: ReaperOverwatch41|move: Stealth Rock
|move|p2a: Samurott|Razor Shell|p1a: éklaté
|-supereffective|p1a: éklaté
|-damage|p1a: éklaté|0 fnt
|-activate|p1a: éklaté|ability: Toxic Debris
|-sidestart|p2: ReaperOverwatch41|move: Toxic Spikes
|faint|p1a: éklaté
|
|upkeep
|
|t:|1757899099
|switch|p1a: Normal en vrai|Dragonite, M|100/100
|turn|6
|
|t:|1757899104
|move|p1a: Normal en vrai|Earthquake|p2a: Samurott
|-damage|p2a: Samurott|18/100 par
|move|p2a: Samurott|Ceaseless Edge|p1a: Normal en vrai
|-damage|p1a: Normal en vrai|74/100
|-sidestart|p1: kaspairs|Spikes
|
|upkeep
|turn|7
|
|t:|1757899113
|move|p1a: Normal en vrai|Dragon Dance|p1a: Normal en vrai
|-boost|p1a: Normal en vrai|atk|1
|-boost|p1a: Normal en vrai|spe|1
|move|p2a: Samurott|Ceaseless Edge|p1a: Normal en vrai
|-damage|p1a: Normal en vrai|23/100
|-sidestart|p1: kaspairs|Spikes
|
|upkeep
|turn|8
|
|t:|1757899123
|-terastallize|p1a: Normal en vrai|Normal
|move|p1a: Normal en vrai|Extreme Speed|p2a: Samurott
|-damage|p2a: Samurott|0 fnt
|faint|p2a: Samurott
|
|upkeep
|
|t:|1757899145
|switch|p2a: Glimmora|Glimmora, M|100/100
|-damage|p2a: Glimmora|88/100|[from] Stealth Rock
|-sideend|p2: ReaperOverwatch41|move: Toxic Spikes|[of] p2a: Glimmora
|turn|9
|
|t:|1757899152
|move|p2a: Glimmora|Spiky Shield|p2a: Glimmora
|-singleturn|p2a: Glimmora|move: Protect
|move|p1a: Normal en vrai|Extreme Speed|p2a: Glimmora
|-activate|p2a: Glimmora|move: Protect
|-damage|p1a: Normal en vrai|11/100|[from] Spiky Shield|[of] p2a: Glimmora
|
|upkeep
|turn|10
|
|t:|1757899161
|move|p1a: Normal en vrai|Extreme Speed|p2a: Glimmora
|-resisted|p2a: Glimmora
|-damage|p2a: Glimmora|55/100
|-activate|p2a: Glimmora|ability: Toxic Debris
|-sidestart|p1: kaspairs|move: Toxic Spikes
|move|p2a: Glimmora|Mortal Spin|p1a: Normal en vrai
|-damage|p1a: Normal en vrai|3/100
|-status|p1a: Normal en vrai|psn
|-sideend|p2: ReaperOverwatch41|Stealth Rock|[from] move: Mortal Spin|[of] p2a: Glimmora
|
|-damage|p1a: Normal en vrai|0 fnt|[from] psn
|faint|p1a: Normal en vrai
|upkeep
|
|t:|1757899178
|switch|p1a: Ptite piece|Gholdengo|100/100
|-damage|p1a: Ptite piece|84/100|[from] Spikes
|turn|11
|
|t:|1757899184
|move|p2a: Glimmora|Spiky Shield|p2a: Glimmora
|-singleturn|p2a: Glimmora|move: Protect
|move|p1a: Ptite piece|Make It Rain|p2a: Glimmora
|-activate|p2a: Glimmora|move: Protect
|
|upkeep
|turn|12
|
|t:|1757899195
|move|p1a: Ptite piece|Make It Rain|p2a: Glimmora
|-supereffective|p2a: Glimmora
|-damage|p2a: Glimmora|0 fnt
|-unboost|p1a: Ptite piece|spa|1
|faint|p2a: Glimmora
|
|upkeep
|
|t:|1757899216
|switch|p2a: Ceruledge|Ceruledge, M, shiny|100/100
|turn|13
|
|t:|1757899220
|move|p1a: Ptite piece|Make It Rain|p2a: Ceruledge
|-resisted|p2a: Ceruledge
|-crit|p2a: Ceruledge
|-damage|p2a: Ceruledge|48/100
|-unboost|p1a: Ptite piece|spa|1
|move|p2a: Ceruledge|Poltergeist|p1a: Ptite piece
|-activate|p1a: Ptite piece|move: Poltergeist|Choice Scarf
|-supereffective|p1a: Ptite piece
|-damage|p1a: Ptite piece|0 fnt
|faint|p1a: Ptite piece
|
|upkeep
|
|t:|1757899232
|switch|p1a: Kwasp|Umbreon, F|94/100
|-damage|p1a: Kwasp|77/100|[from] Spikes
|-status|p1a: Kwasp|psn
|turn|14
|
|t:|1757899243
|switch|p2a: Iron Hands|Iron Hands|100/100
|-enditem|p2a: Iron Hands|Booster Energy
|-activate|p2a: Iron Hands|ability: Quark Drive|[fromitem]
|-start|p2a: Iron Hands|quarkdriveatk
|move|p1a: Kwasp|Thunder Wave|p2a: Iron Hands|[miss]
|-miss|p1a: Kwasp|p2a: Iron Hands
|
|-heal|p1a: Kwasp|83/100 psn|[from] item: Leftovers
|-damage|p1a: Kwasp|71/100 psn|[from] psn
|upkeep
|turn|15
|
|t:|1757899256
|move|p1a: Kwasp|Foul Play|p2a: Iron Hands
|-resisted|p2a: Iron Hands
|-damage|p2a: Iron Hands|83/100
|move|p2a: Iron Hands|Drain Punch|p1a: Kwasp
|-supereffective|p1a: Kwasp
|-damage|p1a: Kwasp|0 fnt
|-heal|p2a: Iron Hands|100/100|[from] drain|[of] p1a: Kwasp
|faint|p1a: Kwasp
|
|upkeep
|
|t:|1757899266
|switch|p1a: Fite-de-Ber|Iron Moth|100/100
|-damage|p1a: Fite-de-Ber|84/100|[from] Spikes
|-sideend|p1: kaspairs|move: Toxic Spikes|[of] p1a: Fite-de-Ber
|-enditem|p1a: Fite-de-Ber|Booster Energy
|-activate|p1a: Fite-de-Ber|ability: Quark Drive|[fromitem]
|-start|p1a: Fite-de-Ber|quarkdrivespe
|turn|16
|
|t:|1757899274
|move|p1a: Fite-de-Ber|Fiery Dance|p2a: Iron Hands
|-damage|p2a: Iron Hands|67/100
|-boost|p1a: Fite-de-Ber|spa|1
|move|p2a: Iron Hands|Supercell Slam|p1a: Fite-de-Ber
|-damage|p1a: Fite-de-Ber|0 fnt
|faint|p1a: Fite-de-Ber
|-end|p1a: Fite-de-Ber|Quark Drive|[silent]
|
|upkeep
|
|t:|1757899281
|switch|p1a: shakshak|Garchomp, M|100/100
|-damage|p1a: shakshak|84/100|[from] Spikes
|turn|17
|
|t:|1757899288
|move|p1a: shakshak|Earthquake|p2a: Iron Hands
|-supereffective|p2a: Iron Hands
|-damage|p2a: Iron Hands|0 fnt
|faint|p2a: Iron Hands
|-end|p2a: Iron Hands|Quark Drive|[silent]
|
|-heal|p1a: shakshak|90/100|[from] item: Leftovers
|upkeep
|
|t:|1757899297
|switch|p2a: Hatterene|Hatterene, F|100/100
|turn|18
|
|t:|1757899302
|move|p1a: shakshak|Scale Shot|p2a: Hatterene
|-immune|p2a: Hatterene
|move|p2a: Hatterene|Healing Wish|p2a: Hatterene
|faint|p2a: Hatterene
|
|-heal|p1a: shakshak|96/100|[from] item: Leftovers
|upkeep
|
|t:|1757899310
|switch|p2a: Ceruledge|Ceruledge, M, shiny|48/100
|-heal|p2a: Ceruledge|100/100|[from] move: Healing Wish
|turn|19
|
|t:|1757899315
|move|p1a: shakshak|Scale Shot|p2a: Ceruledge
|-damage|p2a: Ceruledge|81/100
|-ability|p2a: Ceruledge|Weak Armor|boost
|-unboost|p2a: Ceruledge|def|1
|-boost|p2a: Ceruledge|spe|2
|-damage|p2a: Ceruledge|51/100
|-ability|p2a: Ceruledge|Weak Armor|boost
|-unboost|p2a: Ceruledge|def|1
|-boost|p2a: Ceruledge|spe|2
|-hitcount|p2a: Ceruledge|2
|-unboost|p1a: shakshak|def|1
|-boost|p1a: shakshak|spe|1
|move|p2a: Ceruledge|Swords Dance|p2a: Ceruledge
|-boost|p2a: Ceruledge|atk|2
|
|-heal|p1a: shakshak|100/100|[from] item: Leftovers
|upkeep
|turn|20
|
|t:|1757899332
|move|p2a: Ceruledge|Poltergeist|p1a: shakshak
|-activate|p1a: shakshak|move: Poltergeist|Leftovers
|-damage|p1a: shakshak|0 fnt
|faint|p1a: shakshak
|
|win|ReaperOverwatch41
|raw|kaspairs's rating: 1119 &rarr; <strong>1093</strong><br />(-26 for losing)
|raw|ReaperOverwatch41's rating: 1101 &rarr; <strong>1127</strong><br />(+26 for winning)
|l|☆kaspairs
|player|p1|
