|j|☆Armed_L
|j|☆www24096
|t:|1757952036
|gametype|singles
|player|p1|Armed_L|red|1272
|player|p2|www24096|169|1335
|gen|9
|tier|[Gen 9] OU
|rated|
|rule|HP Percentage Mod: HP is shown in percentages
|rule|Endless Battle Clause: Forcing endless battles is banned
|rule|Species Clause: Limit one of each Pokémon
|rule|OHKO Clause: OHKO moves are banned
|rule|Evasion Items Clause: Evasion items are banned
|rule|Evasion Moves Clause: Evasion moves are banned
|rule|Evasion Abilities Clause: Evasion abilities are banned
|rule|Sleep Moves Clause: Sleep-inducing moves are banned
|clearpoke
|poke|p1|Cacturne, M|
|poke|p1|Garganacl, M|
|poke|p1|Gholdengo|
|poke|p1|Zamazenta-*|
|poke|p1|Hatterene, F|
|poke|p1|Great Tusk|
|poke|p2|Zapdos|
|poke|p2|Houndstone, F|
|poke|p2|Samurott-Hisui, F|
|poke|p2|Clodsire, F|
|poke|p2|Iron Crown|
|poke|p2|Darkrai|
|teampreview
|inactive|Battle timer is ON: inactive players will automatically lose when time's up. (requested by Armed_L)
|
|t:|1757952071
|teamsize|p1|6
|teamsize|p2|6
|start
|switch|p1a: Cacturne|Cacturne, M|100/100
|switch|p2a: Zapdos|Zapdos|100/100
|turn|1
|
|t:|1757952090
|switch|p1a: Garganacl|Garganacl, M|100/100
|move|p2a: Zapdos|Heat Wave|p1a: Garganacl
|-resisted|p1a: Garganacl
|-damage|p1a: Garganacl|90/100
|
|-heal|p1a: Garganacl|96/100|[from] item: Leftovers
|upkeep
|turn|2
|
|t:|1757952095
|move|p2a: Zapdos|U-turn|p1a: Garganacl
|-damage|p1a: Garganacl|88/100
|
|t:|1757952109
|switch|p2a: Houndstone|Houndstone, F|100/100|[from] U-turn
|move|p1a: Garganacl|Salt Cure|p2a: Houndstone
|-damage|p2a: Houndstone|90/100
|-start|p2a: Houndstone|Salt Cure
|
|-heal|p1a: Garganacl|94/100|[from] item: Leftovers
|-damage|p2a: Houndstone|78/100|[from] Salt Cure
|upkeep
|turn|3
|
|t:|1757952114
|move|p2a: Houndstone|Body Press|p1a: Garganacl
|-supereffective|p1a: Garganacl
|-damage|p1a: Garganacl|57/100
|move|p1a: Garganacl|Stealth Rock|p2a: Houndstone
|-sidestart|p2: www24096|move: Stealth Rock
|
|-heal|p1a: Garganacl|63/100|[from] item: Leftovers
|-damage|p2a: Houndstone|65/100|[from] Salt Cure
|upkeep
|turn|4
|
|t:|1757952122
|switch|p2a: Iron Crown|Iron Crown|100/100
|-damage|p2a: Iron Crown|94/100|[from] Stealth Rock
|move|p1a: Garganacl|Protect||[still]
|-fail|p1a: Garganacl
|
|-heal|p1a: Garganacl|70/100|[from] item: Leftovers
|upkeep
|turn|5
|
|t:|1757952129
|move|p1a: Garganacl|Protect|p1a: Garganacl
|-singleturn|p1a: Garganacl|Protect
|move|p2a: Iron Crown|Tachyon Cutter|p1a: Garganacl
|-activate|p1a: Garganacl|move: Protect
|
|-heal|p1a: Garganacl|76/100|[from] item: Leftovers
|upkeep
|turn|6
|
|t:|1757952134
|switch|p1a: Gholdengo|Gholdengo|100/100
|move|p2a: Iron Crown|Tachyon Cutter|p1a: Gholdengo
|-resisted|p1a: Gholdengo
|-damage|p1a: Gholdengo|82/100
|-resisted|p1a: Gholdengo
|-damage|p1a: Gholdengo|65/100
|-hitcount|p1a: Gholdengo|2
|
|upkeep
|turn|7
|
|t:|1757952145
|-end|p2a: Iron Crown|Quark Drive|[silent]
|switch|p2a: Clodsire|Clodsire, F|100/100
|move|p1a: Gholdengo|Make It Rain|p2a: Clodsire
|-damage|p2a: Clodsire|55/100
|-unboost|p1a: Gholdengo|spa|1
|
|upkeep
|turn|8
|inactive|www24096 has 120 seconds left.
|inactive|Armed_L has 120 seconds left.
|inactive|Armed_L has 90 seconds left.
|inactive|www24096 has 90 seconds left.
|
|t:|1757952236
|-terastallize|p1a: Gholdengo|Steel
|move|p1a: Gholdengo|Make It Rain|p2a: Clodsire
|-damage|p2a: Clodsire|16/100
|-unboost|p1a: Gholdengo|spa|1
|move|p2a: Clodsire|Stealth Rock|p1a: Gholdengo
|-sidestart|p1: Armed_L|move: Stealth Rock
|
|upkeep
|turn|9
|inactive|www24096 has 90 seconds left.
|
|t:|1757952250
|switch|p2a: Zapdos|Zapdos|100/100
|move|p1a: Gholdengo|Make It Rain|p2a: Zapdos
|-resisted|p2a: Zapdos
|-damage|p2a: Zapdos|72/100
|-unboost|p1a: Gholdengo|spa|1
|
|upkeep
|turn|10
|
|t:|1757952258
|switch|p1a: Cacturne|Cacturne, M|100/100
|-damage|p1a: Cacturne|88/100|[from] Stealth Rock
|move|p2a: Zapdos|U-turn|p1a: Cacturne
|-supereffective|p1a: Cacturne
|-damage|p1a: Cacturne|7/100
|inactive|www24096 has 90 seconds left.
|
|t:|1757952281
|switch|p2a: Samurott|Samurott-Hisui, F|100/100|[from] U-turn
|-damage|p2a: Samurott|88/100|[from] Stealth Rock
|
|upkeep
|turn|11
|
|t:|1757952291
|move|p1a: Cacturne|Sucker Punch|p2a: Samurott
|-resisted|p2a: Samurott
|-damage|p2a: Samurott|51/100
|move|p2a: Samurott|Ceaseless Edge|p1a: Cacturne
|-resisted|p1a: Cacturne
|-damage|p1a: Cacturne|0 fnt
|-sidestart|p1: Armed_L|Spikes
|faint|p1a: Cacturne
|
|upkeep
|
|t:|1757952294
|switch|p1a: Great Tusk|Great Tusk|100/100
|turn|12
|
|t:|1757952299
|switch|p2a: Houndstone|Houndstone, F|65/100
|move|p1a: Great Tusk|Rapid Spin|p2a: Houndstone
|-immune|p2a: Houndstone
|
|upkeep
|turn|13
|
|t:|1757952307
|move|p1a: Great Tusk|Knock Off|p2a: Houndstone
|-supereffective|p2a: Houndstone
|-damage|p2a: Houndstone|39/100
|-enditem|p2a: Houndstone|Heavy-Duty Boots|[from] move: Knock Off|[of] p1a: Great Tusk
|move|p2a: Houndstone|Body Press|p1a: Great Tusk
|-crit|p1a: Great Tusk
|-damage|p1a: Great Tusk|72/100
|
|upkeep
|turn|14
|inactive|Armed_L has 120 seconds left.
|
|t:|1757952321
|move|p1a: Great Tusk|Headlong Rush|p2a: Houndstone
|-damage|p2a: Houndstone|17/100
|-unboost|p1a: Great Tusk|def|1
|-unboost|p1a: Great Tusk|spd|1
|move|p2a: Houndstone|Rest|p2a: Houndstone
|-status|p2a: Houndstone|slp|[from] move: Rest
|-heal|p2a: Houndstone|100/100 slp|[silent]
|
|upkeep
|turn|15
|
|t:|1757952327
|-end|p1a: Great Tusk|Protosynthesis|[silent]
|switch|p1a: Gholdengo|Gholdengo, tera:Steel|65/100
|-damage|p1a: Gholdengo|59/100|[from] Stealth Rock
|-damage|p1a: Gholdengo|46/100|[from] Spikes
|cant|p2a: Houndstone|slp
|move|p2a: Houndstone|Sleep Talk|p2a: Houndstone
|move|p2a: Houndstone|Body Press|p1a: Gholdengo|[from] move: Sleep Talk
|-supereffective|p1a: Gholdengo
|-damage|p1a: Gholdengo|0 fnt
|faint|p1a: Gholdengo
|
|upkeep
|-message|Armed_L forfeited.
|
|win|www24096
|raw|Armed_L's rating: 1272 &rarr; <strong>1251</strong><br />(-21 for losing)
|raw|www24096's rating: 1335 &rarr; <strong>1351</strong><br />(+16 for winning)
|l|☆Armed_L
|player|p1|
|c|☆www24096|gg
|l|☆www24096
|player|p2|
