|j|☆firecharmander004
|j|☆prambebe
|t:|1757869649
|gametype|singles
|player|p1|firecharmander004|266|1291
|player|p2|prambebe|102|1262
|gen|9
|tier|[Gen 9] OU
|rated|
|rule|HP Percentage Mod: HP is shown in percentages
|rule|Endless Battle Clause: Forcing endless battles is banned
|rule|Species Clause: Limit one of each Pokémon
|rule|OHKO Clause: OHKO moves are banned
|rule|Evasion Items Clause: Evasion items are banned
|rule|Evasion Moves Clause: Evasion moves are banned
|rule|Evasion Abilities Clause: Evasion abilities are banned
|rule|Sleep Moves Clause: Sleep-inducing moves are banned
|clearpoke
|poke|p1|Arcanine-Hisui, F|
|poke|p1|Ogerpon-Wellspring, F|
|poke|p1|Zapdos|
|poke|p1|Iron Treads|
|poke|p1|Slowking-Galar, F|
|poke|p1|Meowscarada, F|
|poke|p2|Iron Valiant|
|poke|p2|Brambleghast, M|
|poke|p2|Ursaluna, F|
|poke|p2|Iron Moth|
|poke|p2|Alomomola, L99, F|
|poke|p2|Weezing-Galar, F|
|teampreview
|inactive|Battle timer is ON: inactive players will automatically lose when time's up. (requested by firecharmander004)
|inactive|firecharmander004 has 120 seconds left.
|
|t:|1757869681
|teamsize|p1|6
|teamsize|p2|6
|start
|switch|p1a: Iron Treads|Iron Treads|100/100
|switch|p2a: Ursaluna|Ursaluna, F|100/100
|turn|1
|inactive|prambebe has 120 seconds left.
|
|t:|1757869712
|-end|p1a: Iron Treads|Quark Drive|[silent]
|switch|p1a: Zapdos|Zapdos|100/100
|move|p2a: Ursaluna|Drain Punch|p1a: Zapdos
|-resisted|p1a: Zapdos
|-damage|p1a: Zapdos|89/100
|
|upkeep
|turn|2
|
|t:|1757869720
|move|p1a: Zapdos|Hurricane|p2a: Ursaluna
|-damage|p2a: Ursaluna|62/100
|move|p2a: Ursaluna|Ice Punch|p1a: Zapdos
|-supereffective|p1a: Zapdos
|-damage|p1a: Zapdos|39/100
|
|upkeep
|turn|3
|
|t:|1757869734
|switch|p1a: Ogerpon|Ogerpon-Wellspring, F|100/100
|switch|p2a: Brambleghast|Brambleghast, M|100/100
|
|upkeep
|turn|4
|
|t:|1757869743
|move|p1a: Ogerpon|Knock Off|p2a: Brambleghast
|-supereffective|p2a: Brambleghast
|-damage|p2a: Brambleghast|6/100
|-enditem|p2a: Brambleghast|Chesto Berry|[from] move: Knock Off|[of] p1a: Ogerpon
|move|p2a: Brambleghast|Poltergeist|p1a: Ogerpon
|-activate|p1a: Ogerpon|move: Poltergeist|Wellspring Mask
|-damage|p1a: Ogerpon|31/100
|
|upkeep
|turn|5
|
|t:|1757869753
|switch|p2a: Alomomola|Alomomola, L99, F|100/100
|move|p1a: Ogerpon|Knock Off|p2a: Alomomola
|-damage|p2a: Alomomola|78/100
|-damage|p1a: Ogerpon|15/100|[from] item: Rocky Helmet|[of] p2a: Alomomola
|-enditem|p2a: Alomomola|Rocky Helmet|[from] move: Knock Off|[of] p1a: Ogerpon
|
|upkeep
|turn|6
|
|t:|1757869763
|switch|p2a: Weezing|Weezing-Galar, F|100/100
|move|p1a: Ogerpon|Swords Dance|p1a: Ogerpon
|-boost|p1a: Ogerpon|atk|2
|
|upkeep
|turn|7
|
|t:|1757869767
|switch|p2a: Brambleghast|Brambleghast, M|6/100
|move|p1a: Ogerpon|Ivy Cudgel|p2a: Brambleghast|[anim] Ivy Cudgel Water
|-resisted|p2a: Brambleghast
|-damage|p2a: Brambleghast|0 fnt
|faint|p2a: Brambleghast
|
|upkeep
|
|t:|1757869768
|switch|p2a: Iron Valiant|Iron Valiant|100/100
|turn|8
|
|t:|1757869776
|switch|p1a: Slowking|Slowking-Galar, F|100/100
|move|p2a: Iron Valiant|Shadow Ball|p1a: Slowking
|-supereffective|p1a: Slowking
|-damage|p1a: Slowking|69/100
|
|upkeep
|turn|9
|
|t:|1757869780
|-end|p2a: Iron Valiant|Quark Drive|[silent]
|switch|p2a: Weezing|Weezing-Galar, F|100/100
|-prepare|p1a: Slowking|Chilly Reception|[premajor]
|move|p1a: Slowking|Chilly Reception|p1a: Slowking
|-weather|Snowscape
|
|t:|1757869797
|switch|p1a: Zapdos|Zapdos|39/100|[from] Chilly Reception
|
|-weather|Snowscape|[upkeep]
|upkeep
|turn|10
|inactive|prambebe has 120 seconds left.
|
|t:|1757869839
|move|p1a: Zapdos|Roost|p1a: Zapdos
|-heal|p1a: Zapdos|89/100
|-singleturn|p1a: Zapdos|move: Roost
|move|p2a: Weezing|Toxic Spikes|p1a: Zapdos
|-sidestart|p1: firecharmander004|move: Toxic Spikes
|
|-weather|Snowscape|[upkeep]
|upkeep
|turn|11
|
|t:|1757869846
|switch|p2a: Ursaluna|Ursaluna, F|62/100
|move|p1a: Zapdos|Volt Switch|p2a: Ursaluna
|-immune|p2a: Ursaluna
|
|-weather|Snowscape|[upkeep]
|upkeep
|turn|12
|inactive|prambebe has 120 seconds left.
|
|t:|1757869858
|move|p1a: Zapdos|Hurricane|p2a: Ursaluna
|-damage|p2a: Ursaluna|26/100
|move|p2a: Ursaluna|Ice Punch|p1a: Zapdos
|-supereffective|p1a: Zapdos
|-damage|p1a: Zapdos|43/100
|
|-weather|Snowscape|[upkeep]
|upkeep
|turn|13
|inactive|prambebe has 120 seconds left.
|
|t:|1757869864
|move|p1a: Zapdos|Hurricane|p2a: Ursaluna
|-damage|p2a: Ursaluna|0 fnt
|faint|p2a: Ursaluna
|
|-weather|none
|upkeep
|inactive|prambebe has 120 seconds left.
|
|t:|1757869871
|switch|p2a: Iron Moth|Iron Moth|100/100
|turn|14
|
|t:|1757869879
|switch|p1a: Ogerpon|Ogerpon-Wellspring, F|15/100
|-status|p1a: Ogerpon|psn
|move|p2a: Iron Moth|Fiery Dance|p1a: Ogerpon
|-damage|p1a: Ogerpon|0 fnt
|faint|p1a: Ogerpon
|
|upkeep
|
|t:|1757869884
|switch|p1a: Iron Treads|Iron Treads|100/100
|turn|15
|
|t:|1757869888
|-terastallize|p1a: Iron Treads|Ghost
|move|p2a: Iron Moth|Fiery Dance|p1a: Iron Treads
|-damage|p1a: Iron Treads|70/100
|move|p1a: Iron Treads|Rapid Spin|p2a: Iron Moth
|-damage|p2a: Iron Moth|82/100
|-boost|p1a: Iron Treads|spe|1
|-sideend|p1: firecharmander004|Toxic Spikes|[from] move: Rapid Spin|[of] p1a: Iron Treads
|
|-heal|p1a: Iron Treads|76/100|[from] item: Leftovers
|upkeep
|turn|16
|
|t:|1757869893
|-end|p2a: Iron Moth|Quark Drive|[silent]
|switch|p2a: Weezing|Weezing-Galar, F|100/100
|move|p1a: Iron Treads|Earthquake|p2a: Weezing
|-immune|p2a: Weezing|[from] ability: Levitate
|
|-heal|p1a: Iron Treads|82/100|[from] item: Leftovers
|upkeep
|turn|17
|
|t:|1757869899
|-end|p1a: Iron Treads|Quark Drive|[silent]
|switch|p1a: Zapdos|Zapdos|43/100
|move|p2a: Weezing|Toxic Spikes|p1a: Zapdos
|-sidestart|p1: firecharmander004|move: Toxic Spikes
|
|upkeep
|turn|18
|
|t:|1757869916
|move|p1a: Zapdos|Volt Switch|p2a: Weezing
|-damage|p2a: Weezing|60/100
|
|t:|1757869918
|switch|p1a: Slowking|Slowking-Galar, F|100/100|[from] Volt Switch
|-sideend|p1: firecharmander004|move: Toxic Spikes|[of] p1a: Slowking
|move|p2a: Weezing|Strange Steam|p1a: Slowking
|-resisted|p1a: Slowking
|-damage|p1a: Slowking|91/100
|
|upkeep
|turn|19
|
|t:|1757869921
|move|p2a: Weezing|Toxic Spikes|p1a: Slowking
|-sidestart|p1: firecharmander004|move: Toxic Spikes
|move|p1a: Slowking|Future Sight|p2a: Weezing
|-start|p1a: Slowking|move: Future Sight
|
|upkeep
|turn|20
|
|t:|1757869924
|switch|p2a: Alomomola|Alomomola, L99, F|100/100
|-prepare|p1a: Slowking|Chilly Reception|[premajor]
|move|p1a: Slowking|Chilly Reception|p1a: Slowking
|-weather|Snowscape
|
|t:|1757869926
|switch|p1a: Zapdos|Zapdos|43/100|[from] Chilly Reception
|
|-weather|Snowscape|[upkeep]
|upkeep
|turn|21
|
|t:|1757869946
|move|p1a: Zapdos|Roost|p1a: Zapdos
|-heal|p1a: Zapdos|93/100
|-singleturn|p1a: Zapdos|move: Roost
|move|p2a: Alomomola|Wish|p2a: Alomomola
|
|-weather|Snowscape|[upkeep]
|-end|p2a: Alomomola|move: Future Sight
|-damage|p2a: Alomomola|42/100
|upkeep
|turn|22
|
|t:|1757869960
|switch|p2a: Iron Moth|Iron Moth|82/100
|move|p1a: Zapdos|Volt Switch|p2a: Iron Moth
|-damage|p2a: Iron Moth|56/100
|
|t:|1757869963
|switch|p1a: Slowking|Slowking-Galar, F|100/100|[from] Volt Switch
|-sideend|p1: firecharmander004|move: Toxic Spikes|[of] p1a: Slowking
|
|-weather|Snowscape|[upkeep]
|-heal|p2a: Iron Moth|100/100|[from] move: Wish|[wisher] Alomomola
|upkeep
|turn|23
|
|t:|1757869966
|move|p2a: Iron Moth|U-turn|p1a: Slowking
|-damage|p1a: Slowking|90/100
|
|t:|1757869967
|-end|p2a: Iron Moth|Quark Drive|[silent]
|switch|p2a: Weezing|Weezing-Galar, F|60/100|[from] U-turn
|move|p1a: Slowking|Future Sight|p2a: Weezing
|-start|p1a: Slowking|move: Future Sight
|
|-weather|Snowscape|[upkeep]
|upkeep
|turn|24
|
|t:|1757869971
|move|p2a: Weezing|Toxic Spikes|p1a: Slowking
|-sidestart|p1: firecharmander004|move: Toxic Spikes
|-prepare|p1a: Slowking|Chilly Reception|[premajor]
|move|p1a: Slowking|Chilly Reception|p1a: Slowking
|
|t:|1757869972
|switch|p1a: Zapdos|Zapdos|93/100|[from] Chilly Reception
|
|-weather|none
|upkeep
|turn|25
|
|t:|1757869975
|move|p1a: Zapdos|Volt Switch|p2a: Weezing
|-damage|p2a: Weezing|21/100
|
|t:|1757869977
|switch|p1a: Slowking|Slowking-Galar, F|100/100|[from] Volt Switch
|-sideend|p1: firecharmander004|move: Toxic Spikes|[of] p1a: Slowking
|move|p2a: Weezing|Strange Steam|p1a: Slowking
|-resisted|p1a: Slowking
|-damage|p1a: Slowking|91/100
|
|-end|p2a: Weezing|move: Future Sight
|-supereffective|p2a: Weezing
|-damage|p2a: Weezing|0 fnt
|faint|p2a: Weezing
|upkeep
|
|t:|1757869981
|switch|p2a: Iron Valiant|Iron Valiant|100/100
|turn|26
|
|t:|1757869984
|move|p2a: Iron Valiant|Calm Mind|p2a: Iron Valiant
|-boost|p2a: Iron Valiant|spa|1
|-boost|p2a: Iron Valiant|spd|1
|move|p1a: Slowking|Future Sight|p2a: Iron Valiant
|-start|p1a: Slowking|move: Future Sight
|
|upkeep
|turn|27
|
|t:|1757869987
|move|p2a: Iron Valiant|Encore|p1a: Slowking
|-start|p1a: Slowking|Encore
|move|p1a: Slowking|Future Sight||[still]
|-fail|p1a: Slowking
|
|upkeep
|turn|28
|
|t:|1757870003
|switch|p1a: Iron Treads|Iron Treads, tera:Ghost|82/100
|-terastallize|p2a: Iron Valiant|Ghost
|move|p2a: Iron Valiant|Calm Mind|p2a: Iron Valiant
|-boost|p2a: Iron Valiant|spa|1
|-boost|p2a: Iron Valiant|spd|1
|
|-end|p2a: Iron Valiant|move: Future Sight
|-damage|p2a: Iron Valiant|64/100
|-heal|p1a: Iron Treads|88/100|[from] item: Leftovers
|upkeep
|turn|29
|
|t:|1757870011
|move|p2a: Iron Valiant|Shadow Ball|p1a: Iron Treads
|-supereffective|p1a: Iron Treads
|-damage|p1a: Iron Treads|0 fnt
|faint|p1a: Iron Treads
|-end|p1a: Iron Treads|Quark Drive|[silent]
|
|upkeep
|
|t:|1757870017
|switch|p1a: Meowscarada|Meowscarada, F, shiny|100/100
|turn|30
|
|t:|1757870019
|-end|p2a: Iron Valiant|Quark Drive|[silent]
|switch|p2a: Alomomola|Alomomola, L99, F|75/100
|move|p1a: Meowscarada|Knock Off|p2a: Alomomola
|-start|p1a: Meowscarada|typechange|Dark|[from] ability: Protean
|-damage|p2a: Alomomola|55/100
|
|upkeep
|turn|31
|
|t:|1757870023
|switch|p1a: Slowking|Slowking-Galar, F|100/100
|move|p2a: Alomomola|Tickle|p1a: Slowking
|-unboost|p1a: Slowking|atk|1
|-unboost|p1a: Slowking|def|1
|
|upkeep
|turn|32
|
|t:|1757870027
|move|p2a: Alomomola|Acrobatics|p1a: Slowking
|-damage|p1a: Slowking|66/100
|-prepare|p1a: Slowking|Chilly Reception|[premajor]
|move|p1a: Slowking|Chilly Reception|p1a: Slowking
|-weather|Snowscape
|-message|prambebe forfeited.
|
|win|firecharmander004
|raw|firecharmander004's rating: 1291 &rarr; <strong>1314</strong><br />(+23 for winning)
|raw|prambebe's rating: 1262 &rarr; <strong>1239</strong><br />(-23 for losing)
|l|☆prambebe
|player|p2|
