|j|☆thunderbug
|j|☆AjonymousNon
|t:|1757797678
|gametype|singles
|player|p1|thunderbug|bugsy|1701
|player|p2|AjonymousNon|workerice|1735
|gen|9
|tier|[Gen 9] OU
|rated|
|rule|HP Percentage Mod: HP is shown in percentages
|rule|Endless Battle Clause: Forcing endless battles is banned
|rule|Species Clause: Limit one of each Pokémon
|rule|OHKO Clause: OHKO moves are banned
|rule|Evasion Items Clause: Evasion items are banned
|rule|Evasion Moves Clause: Evasion moves are banned
|rule|Evasion Abilities Clause: Evasion abilities are banned
|rule|Sleep Moves Clause: Sleep-inducing moves are banned
|clearpoke
|poke|p1|Dragapult, M|
|poke|p1|Slowking-Galar, F|
|poke|p1|Kingambit, F|
|poke|p1|Landorus-Therian, M|
|poke|p1|Zamazenta-*|
|poke|p1|Zapdos|
|poke|p2|Great Tusk|
|poke|p2|Ogerpon-Cornerstone, F|
|poke|p2|Rillaboom, F|
|poke|p2|Tyranitar, M|
|poke|p2|Corviknight, M|
|poke|p2|Dragapult, F|
|teampreview
|inactive|Battle timer is ON: inactive players will automatically lose when time's up. (requested by AjonymousNon)
|j| Jey2
|j| Dragonlatios1
|
|t:|1757797707
|teamsize|p1|6
|teamsize|p2|6
|start
|switch|p1a: Kingambit|Kingambit, F|100/100
|switch|p2a: Rillaboom|Rillaboom, F|100/100
|-fieldstart|move: Grassy Terrain|[from] ability: Grassy Surge|[of] p2a: Rillaboom
|turn|1
|
|t:|1757797720
|-end|p1a: Kingambit|fallenundefined|[silent]
|switch|p1a: Landorus|Landorus-Therian, M|100/100
|-ability|p1a: Landorus|Intimidate|boost
|-unboost|p2a: Rillaboom|atk|1
|move|p2a: Rillaboom|Knock Off|p1a: Landorus
|-damage|p1a: Landorus|68/100
|-damage|p2a: Rillaboom|84/100|[from] item: Rocky Helmet|[of] p1a: Landorus
|-enditem|p1a: Landorus|Rocky Helmet|[from] move: Knock Off|[of] p2a: Rillaboom
|
|-heal|p2a: Rillaboom|90/100|[from] Grassy Terrain
|upkeep
|turn|2
|
|t:|1757797725
|switch|p2a: Dragapult|Dragapult, F|100/100
|move|p1a: Landorus|Stealth Rock|p2a: Dragapult
|-sidestart|p2: AjonymousNon|move: Stealth Rock
|
|upkeep
|turn|3
|
|t:|1757797737
|switch|p1a: Kingambit|Kingambit, F|100/100
|move|p2a: Dragapult|Substitute|p2a: Dragapult
|-start|p2a: Dragapult|Substitute
|-damage|p2a: Dragapult|76/100
|
|-heal|p2a: Dragapult|82/100|[from] Grassy Terrain
|-heal|p2a: Dragapult|88/100|[from] item: Leftovers
|upkeep
|turn|4
|
|t:|1757797745
|move|p2a: Dragapult|Will-O-Wisp|p1a: Kingambit
|-status|p1a: Kingambit|brn
|move|p1a: Kingambit|Kowtow Cleave|p2a: Dragapult
|-supereffective|p2a: Dragapult
|-end|p2a: Dragapult|Substitute
|
|-heal|p2a: Dragapult|94/100|[from] Grassy Terrain
|-heal|p2a: Dragapult|100/100|[from] item: Leftovers
|-damage|p1a: Kingambit|94/100 brn|[from] brn
|upkeep
|turn|5
|j| FaronAan
|
|t:|1757797750
|switch|p2a: Great Tusk|Great Tusk|100/100
|-damage|p2a: Great Tusk|98/100|[from] Stealth Rock
|move|p1a: Kingambit|Kowtow Cleave|p2a: Great Tusk
|-resisted|p2a: Great Tusk
|-damage|p2a: Great Tusk|90/100
|
|-heal|p2a: Great Tusk|96/100|[from] Grassy Terrain
|-heal|p1a: Kingambit|100/100 brn|[from] Grassy Terrain
|-damage|p1a: Kingambit|94/100 brn|[from] brn
|-fieldend|move: Grassy Terrain
|upkeep
|turn|6
|
|t:|1757797756
|-end|p1a: Kingambit|fallenundefined|[silent]
|switch|p1a: Zapdos|Zapdos|100/100
|move|p2a: Great Tusk|Rapid Spin|p1a: Zapdos
|-damage|p1a: Zapdos|79/100
|-boost|p2a: Great Tusk|spe|1
|-sideend|p2: AjonymousNon|Stealth Rock|[from] move: Rapid Spin|[of] p2a: Great Tusk
|
|upkeep
|turn|7
|
|t:|1757797760
|-end|p2a: Great Tusk|Protosynthesis|[silent]
|switch|p2a: Tyranitar|Tyranitar, M|100/100
|-weather|Sandstorm|[from] ability: Sand Stream|[of] p2a: Tyranitar
|move|p1a: Zapdos|Hurricane|p2a: Tyranitar
|-resisted|p2a: Tyranitar
|-damage|p2a: Tyranitar|89/100
|-start|p2a: Tyranitar|confusion
|
|-weather|Sandstorm|[upkeep]
|-damage|p1a: Zapdos|73/100|[from] Sandstorm
|-heal|p2a: Tyranitar|95/100|[from] item: Leftovers
|upkeep
|turn|8
|
|t:|1757797764
|move|p1a: Zapdos|Volt Switch|p2a: Tyranitar
|-damage|p2a: Tyranitar|81/100
|
|t:|1757797767
|switch|p1a: Landorus|Landorus-Therian, M|68/100|[from] Volt Switch
|-ability|p1a: Landorus|Intimidate|boost
|-unboost|p2a: Tyranitar|atk|1
|-activate|p2a: Tyranitar|confusion
|move|p2a: Tyranitar|Stealth Rock|p1a: Landorus
|-sidestart|p1: thunderbug|move: Stealth Rock
|
|-weather|Sandstorm|[upkeep]
|-heal|p2a: Tyranitar|87/100|[from] item: Leftovers
|upkeep
|turn|9
|
|t:|1757797770
|switch|p2a: Great Tusk|Great Tusk|96/100
|move|p1a: Landorus|Stealth Rock|p2a: Great Tusk
|-sidestart|p2: AjonymousNon|move: Stealth Rock
|
|-weather|Sandstorm|[upkeep]
|upkeep
|turn|10
|
|t:|1757797775
|move|p1a: Landorus|Earth Power|p2a: Great Tusk
|-damage|p2a: Great Tusk|73/100
|move|p2a: Great Tusk|Ice Spinner|p1a: Landorus
|-supereffective|p1a: Landorus
|-damage|p1a: Landorus|0 fnt
|faint|p1a: Landorus
|
|-weather|Sandstorm|[upkeep]
|upkeep
|
|t:|1757797780
|switch|p1a: Zapdos|Zapdos|73/100
|turn|11
|
|t:|1757797785
|move|p1a: Zapdos|Hurricane|p2a: Great Tusk
|-supereffective|p2a: Great Tusk
|-damage|p2a: Great Tusk|4/100
|-start|p2a: Great Tusk|confusion
|-activate|p2a: Great Tusk|confusion
|-damage|p2a: Great Tusk|0 fnt|[from] confusion
|faint|p2a: Great Tusk
|-end|p2a: Great Tusk|Protosynthesis|[silent]
|
|-weather|none
|upkeep
|l|☆AjonymousNon
|inactive|AjonymousNon disconnected and has a minute to reconnect!
|player|p2|
|l| Jey2
|j|☆AjonymousNon
|inactive|AjonymousNon reconnected and has 100 seconds left.
|player|p2|AjonymousNon|workerice|
|
|t:|1757797841
|switch|p2a: Ogerpon|Ogerpon-Cornerstone, F|100/100
|-damage|p2a: Ogerpon|88/100|[from] Stealth Rock
|turn|12
|j| Jey2
|inactive|thunderbug has 120 seconds left.
|
|t:|1757797874
|switch|p1a: Zamazenta|Zamazenta|100/100
|-ability|p1a: Zamazenta|Dauntless Shield|boost
|-boost|p1a: Zamazenta|def|1
|move|p2a: Ogerpon|Horn Leech|p1a: Zamazenta
|-damage|p1a: Zamazenta|71/100
|-heal|p2a: Ogerpon|100/100|[from] drain|[of] p1a: Zamazenta
|
|upkeep
|turn|13
|inactive|thunderbug has 120 seconds left.
|
|t:|1757797891
|switch|p2a: Corviknight|Corviknight, M|100/100
|-damage|p2a: Corviknight|88/100|[from] Stealth Rock
|-ability|p2a: Corviknight|Pressure
|move|p1a: Zamazenta|Close Combat|p2a: Corviknight
|-damage|p2a: Corviknight|53/100
|-unboost|p1a: Zamazenta|def|1
|-unboost|p1a: Zamazenta|spd|1
|-damage|p1a: Zamazenta|54/100|[from] item: Rocky Helmet|[of] p2a: Corviknight
|
|upkeep
|turn|14
|inactive|thunderbug has 120 seconds left.
|inactive|AjonymousNon has 120 seconds left.
|
|t:|1757797901
|switch|p1a: Zapdos|Zapdos|73/100
|move|p2a: Corviknight|Roost|p2a: Corviknight
|-heal|p2a: Corviknight|100/100
|-singleturn|p2a: Corviknight|move: Roost
|
|upkeep
|turn|15
|
|t:|1757797907
|move|p1a: Zapdos|Volt Switch|p2a: Corviknight
|-supereffective|p2a: Corviknight
|-damage|p2a: Corviknight|28/100
|
|t:|1757797911
|switch|p1a: Dragapult|Dragapult, M|100/100|[from] Volt Switch
|-damage|p1a: Dragapult|88/100|[from] Stealth Rock
|move|p2a: Corviknight|Roost|p2a: Corviknight
|-heal|p2a: Corviknight|78/100
|-singleturn|p2a: Corviknight|move: Roost
|
|upkeep
|turn|16
|
|t:|1757797915
|switch|p1a: Zapdos|Zapdos|73/100
|switch|p2a: Tyranitar|Tyranitar, M|87/100
|-damage|p2a: Tyranitar|75/100|[from] Stealth Rock
|-weather|Sandstorm|[from] ability: Sand Stream|[of] p2a: Tyranitar
|
|-weather|Sandstorm|[upkeep]
|-damage|p1a: Zapdos|67/100|[from] Sandstorm
|-heal|p2a: Tyranitar|81/100|[from] item: Leftovers
|upkeep
|turn|17
|
|t:|1757797919
|move|p1a: Zapdos|Volt Switch|p2a: Tyranitar
|-damage|p2a: Tyranitar|66/100
|
|t:|1757797923
|switch|p1a: Zamazenta|Zamazenta|54/100|[from] Volt Switch
|move|p2a: Tyranitar|Knock Off|p1a: Zamazenta
|-resisted|p1a: Zamazenta
|-damage|p1a: Zamazenta|34/100
|-enditem|p1a: Zamazenta|Heavy-Duty Boots|[from] move: Knock Off|[of] p2a: Tyranitar
|
|-weather|Sandstorm|[upkeep]
|-damage|p1a: Zamazenta|28/100|[from] Sandstorm
|-heal|p2a: Tyranitar|72/100|[from] item: Leftovers
|upkeep
|turn|18
|
|t:|1757797936
|switch|p1a: Zapdos|Zapdos|67/100
|switch|p2a: Dragapult|Dragapult, F|100/100
|-damage|p2a: Dragapult|88/100|[from] Stealth Rock
|
|-weather|Sandstorm|[upkeep]
|-damage|p2a: Dragapult|82/100|[from] Sandstorm
|-damage|p1a: Zapdos|60/100|[from] Sandstorm
|-heal|p2a: Dragapult|88/100|[from] item: Leftovers
|upkeep
|turn|19
|
|t:|1757797940
|move|p2a: Dragapult|Substitute|p2a: Dragapult
|-start|p2a: Dragapult|Substitute
|-damage|p2a: Dragapult|63/100
|move|p1a: Zapdos|Hurricane|p2a: Dragapult
|-end|p2a: Dragapult|Substitute
|
|-weather|Sandstorm|[upkeep]
|-damage|p2a: Dragapult|57/100|[from] Sandstorm
|-damage|p1a: Zapdos|54/100|[from] Sandstorm
|-heal|p2a: Dragapult|63/100|[from] item: Leftovers
|upkeep
|turn|20
|
|t:|1757797949
|move|p2a: Dragapult|Substitute|p2a: Dragapult
|-start|p2a: Dragapult|Substitute
|-damage|p2a: Dragapult|38/100
|move|p1a: Zapdos|Hurricane|p2a: Dragapult
|-end|p2a: Dragapult|Substitute
|
|-weather|none
|-heal|p2a: Dragapult|44/100|[from] item: Leftovers
|upkeep
|turn|21
|
|t:|1757797955
|switch|p1a: Kingambit|Kingambit, F|94/100 brn
|-damage|p1a: Kingambit|88/100 brn|[from] Stealth Rock
|-activate|p1a: Kingambit|ability: Supreme Overlord
|-start|p1a: Kingambit|fallen1|[silent]
|move|p2a: Dragapult|Substitute|p2a: Dragapult
|-start|p2a: Dragapult|Substitute
|-damage|p2a: Dragapult|20/100
|
|-heal|p2a: Dragapult|26/100|[from] item: Leftovers
|-damage|p1a: Kingambit|82/100 brn|[from] brn
|upkeep
|turn|22
|
|t:|1757797966
|move|p2a: Dragapult|Hex|p1a: Kingambit
|-resisted|p1a: Kingambit
|-damage|p1a: Kingambit|62/100 brn
|move|p1a: Kingambit|Kowtow Cleave|p2a: Dragapult
|-supereffective|p2a: Dragapult
|-end|p2a: Dragapult|Substitute
|
|-heal|p2a: Dragapult|32/100|[from] item: Leftovers
|-damage|p1a: Kingambit|56/100 brn|[from] brn
|upkeep
|turn|23
|
|t:|1757797975
|switch|p2a: Corviknight|Corviknight, M|78/100
|-damage|p2a: Corviknight|66/100|[from] Stealth Rock
|-ability|p2a: Corviknight|Pressure
|move|p1a: Kingambit|Kowtow Cleave|p2a: Corviknight
|-damage|p2a: Corviknight|49/100
|-damage|p1a: Kingambit|40/100 brn|[from] item: Rocky Helmet|[of] p2a: Corviknight
|
|-damage|p1a: Kingambit|34/100 brn|[from] brn
|upkeep
|turn|24
|
|t:|1757797989
|-end|p1a: Kingambit|fallen1|[silent]
|switch|p1a: Zapdos|Zapdos|54/100
|move|p2a: Corviknight|U-turn|p1a: Zapdos
|-resisted|p1a: Zapdos
|-damage|p1a: Zapdos|46/100
|-status|p2a: Corviknight|par|[from] ability: Static|[of] p1a: Zapdos
|
|t:|1757797991
|switch|p2a: Ogerpon|Ogerpon-Cornerstone, F|100/100|[from] U-turn
|-damage|p2a: Ogerpon|88/100|[from] Stealth Rock
|
|upkeep
|turn|25
|
|t:|1757798006
|switch|p1a: Slowking|Slowking-Galar, F|100/100
|move|p2a: Ogerpon|Ivy Cudgel|p1a: Slowking|[anim] Ivy Cudgel Rock
|-crit|p1a: Slowking
|-damage|p1a: Slowking|4/100
|
|upkeep
|turn|26
|
|t:|1757798010
|move|p2a: Ogerpon|Horn Leech|p1a: Slowking
|-resisted|p1a: Slowking
|-damage|p1a: Slowking|0 fnt
|-heal|p2a: Ogerpon|91/100|[from] drain|[of] p1a: Slowking
|faint|p1a: Slowking
|
|upkeep
|
|t:|1757798029
|switch|p1a: Dragapult|Dragapult, M|88/100
|-damage|p1a: Dragapult|76/100|[from] Stealth Rock
|turn|27
|
|t:|1757798042
|switch|p2a: Corviknight|Corviknight, M|49/100 par
|-damage|p2a: Corviknight|36/100 par|[from] Stealth Rock
|-ability|p2a: Corviknight|Pressure
|-terastallize|p1a: Dragapult|Dragon
|move|p1a: Dragapult|Dragon Darts|p2a: Corviknight
|-resisted|p2a: Corviknight
|-damage|p2a: Corviknight|19/100 par
|-anim|p1a: Dragapult|Dragon Darts|p2a: Corviknight
|-resisted|p2a: Corviknight
|-damage|p2a: Corviknight|2/100 par
|
|upkeep
|turn|28
|
|t:|1757798044
|move|p1a: Dragapult|Dragon Darts|p2a: Corviknight
|-resisted|p2a: Corviknight
|-damage|p2a: Corviknight|0 fnt
|faint|p2a: Corviknight
|
|upkeep
|
|t:|1757798049
|switch|p2a: Tyranitar|Tyranitar, M|72/100
|-damage|p2a: Tyranitar|60/100|[from] Stealth Rock
|-weather|Sandstorm|[from] ability: Sand Stream|[of] p2a: Tyranitar
|turn|29
|j| RagingBoltLover
|
|t:|1757798052
|move|p1a: Dragapult|Dragon Darts|p2a: Tyranitar
|-damage|p2a: Tyranitar|13/100
|-anim|p1a: Dragapult|Dragon Darts|p2a: Tyranitar
|-damage|p2a: Tyranitar|0 fnt
|faint|p2a: Tyranitar
|
|-weather|Sandstorm|[upkeep]
|-damage|p1a: Dragapult|70/100|[from] Sandstorm
|upkeep
|
|t:|1757798057
|switch|p2a: Dragapult|Dragapult, F|32/100
|-damage|p2a: Dragapult|20/100|[from] Stealth Rock
|turn|30
|
|t:|1757798076
|switch|p1a: Zapdos|Zapdos|46/100
|move|p2a: Dragapult|Dragon Darts|p1a: Zapdos
|-damage|p1a: Zapdos|20/100
|-anim|p2a: Dragapult|Dragon Darts|p1a: Zapdos
|-damage|p1a: Zapdos|0 fnt
|faint|p1a: Zapdos
|
|-weather|Sandstorm|[upkeep]
|-damage|p2a: Dragapult|13/100|[from] Sandstorm
|-heal|p2a: Dragapult|20/100|[from] item: Leftovers
|upkeep
|
|t:|1757798079
|switch|p1a: Kingambit|Kingambit, F|34/100 brn
|-damage|p1a: Kingambit|28/100 brn|[from] Stealth Rock
|-activate|p1a: Kingambit|ability: Supreme Overlord
|-start|p1a: Kingambit|fallen3|[silent]
|turn|31
|
|t:|1757798099
|switch|p2a: Rillaboom|Rillaboom, F|90/100
|-damage|p2a: Rillaboom|78/100|[from] Stealth Rock
|-fieldstart|move: Grassy Terrain|[from] ability: Grassy Surge|[of] p2a: Rillaboom
|move|p1a: Kingambit|Iron Head|p2a: Rillaboom
|-damage|p2a: Rillaboom|43/100
|
|-weather|Sandstorm|[upkeep]
|-damage|p2a: Rillaboom|37/100|[from] Sandstorm
|-heal|p2a: Rillaboom|43/100|[from] Grassy Terrain
|-heal|p1a: Kingambit|34/100 brn|[from] Grassy Terrain
|-damage|p1a: Kingambit|28/100 brn|[from] brn
|upkeep
|turn|32
|
|t:|1757798117
|-end|p1a: Kingambit|fallen3|[silent]
|switch|p1a: Zamazenta|Zamazenta|28/100
|-damage|p1a: Zamazenta|22/100|[from] Stealth Rock
|move|p2a: Rillaboom|Grassy Glide|p1a: Zamazenta
|-damage|p1a: Zamazenta|0 fnt
|faint|p1a: Zamazenta
|
|-weather|Sandstorm|[upkeep]
|-damage|p2a: Rillaboom|37/100|[from] Sandstorm
|-heal|p2a: Rillaboom|43/100|[from] Grassy Terrain
|upkeep
|
|t:|1757798120
|switch|p1a: Dragapult|Dragapult, M, tera:Dragon|70/100
|-damage|p1a: Dragapult|58/100|[from] Stealth Rock
|turn|33
|
|t:|1757798141
|switch|p2a: Dragapult|Dragapult, F|20/100
|-damage|p2a: Dragapult|7/100|[from] Stealth Rock
|move|p1a: Dragapult|Dragon Darts|p2a: Dragapult
|-supereffective|p2a: Dragapult
|-damage|p2a: Dragapult|0 fnt
|faint|p2a: Dragapult
|
|-weather|none
|-heal|p1a: Dragapult|64/100|[from] Grassy Terrain
|upkeep
|
|t:|1757798143
|switch|p2a: Ogerpon|Ogerpon-Cornerstone, F|91/100
|-damage|p2a: Ogerpon|78/100|[from] Stealth Rock
|turn|34
|
|t:|1757798150
|-terastallize|p2a: Ogerpon|Rock
|detailschange|p2a: Ogerpon|Ogerpon-Cornerstone-Tera, F, tera:Rock
|-ability|p2a: Ogerpon|Embody Aspect (Cornerstone)|boost
|-boost|p2a: Ogerpon|def|1
|move|p1a: Dragapult|Dragon Darts|p2a: Ogerpon
|-damage|p2a: Ogerpon|27/100
|-anim|p1a: Dragapult|Dragon Darts|p2a: Ogerpon
|-damage|p2a: Ogerpon|0 fnt
|faint|p2a: Ogerpon
|detailschange|p2: Ogerpon|Ogerpon-Cornerstone, F|[silent]
|
|-heal|p1a: Dragapult|70/100|[from] Grassy Terrain
|upkeep
|c|☆AjonymousNon|gg
|-message|AjonymousNon forfeited.
|
|win|thunderbug
|raw|thunderbug's rating: 1701 &rarr; <strong>1723</strong><br />(+22 for winning)
|raw|AjonymousNon's rating: 1735 &rarr; <strong>1713</strong><br />(-22 for losing)
|l|☆AjonymousNon
|player|p2|
|c|☆thunderbug|gg
|l|☆thunderbug
|player|p1|
|l| Jey2
|l| RagingBoltLover
