|j|☆jayjay4621
|j|☆fregene97
|t:|1757939298
|gametype|singles
|player|p1|jayjay4621|skier|1293
|player|p2|fregene97|benga|1290
|gen|9
|tier|[Gen 9] OU
|rated|
|rule|HP Percentage Mod: HP is shown in percentages
|rule|Endless Battle Clause: Forcing endless battles is banned
|rule|Species Clause: Limit one of each Pokémon
|rule|OHKO Clause: OHKO moves are banned
|rule|Evasion Items Clause: Evasion items are banned
|rule|Evasion Moves Clause: Evasion moves are banned
|rule|Evasion Abilities Clause: Evasion abilities are banned
|rule|Sleep Moves Clause: Sleep-inducing moves are banned
|clearpoke
|poke|p1|Gholdengo|
|poke|p1|Landorus-Therian, M|
|poke|p1|Great Tusk|
|poke|p1|Clodsire, F|
|poke|p1|Alomomola, M|
|poke|p1|Thundurus-Therian, M|
|poke|p2|Feraligatr, F|
|poke|p2|Raging Bolt|
|poke|p2|Iron Valiant|
|poke|p2|Torterra, M|
|poke|p2|Ceruledge, M|
|poke|p2|Iron Boulder|
|teampreview
|inactive|Battle timer is ON: inactive players will automatically lose when time's up. (requested by jayjay4621)
|l|☆fregene97
|inactive|fregene97 disconnected and has a minute to reconnect!
|player|p2|
|c|☆jayjay4621|glhf
|j|☆fregene97
|inactive|fregene97 reconnected and has 145 seconds left.
|player|p2|fregene97|benga|
|
|t:|1757939306
|teamsize|p1|6
|teamsize|p2|6
|start
|switch|p1a: VGC domination|Landorus-Therian, M|100/100
|switch|p2a: Feraligatr|Feraligatr, F, shiny|100/100
|-ability|p1a: VGC domination|Intimidate|boost
|-unboost|p2a: Feraligatr|atk|1
|turn|1
|
|t:|1757939313
|move|p1a: VGC domination|Stealth Rock|p2a: Feraligatr
|-sidestart|p2: fregene97|move: Stealth Rock
|move|p2a: Feraligatr|Dragon Dance|p2a: Feraligatr
|-boost|p2a: Feraligatr|atk|1
|-boost|p2a: Feraligatr|spe|1
|
|upkeep
|turn|2
|
|t:|1757939323
|switch|p1a: aquire sire|Clodsire, F|100/100
|move|p2a: Feraligatr|Dragon Dance|p2a: Feraligatr
|-boost|p2a: Feraligatr|atk|1
|-boost|p2a: Feraligatr|spe|1
|
|upkeep
|turn|3
|
|t:|1757939332
|move|p2a: Feraligatr|Ice Punch|p1a: aquire sire
|-supereffective|p1a: aquire sire
|-damage|p1a: aquire sire|0 fnt
|faint|p1a: aquire sire
|
|upkeep
|
|t:|1757939337
|switch|p1a: wishhhhhhh|Alomomola, M|100/100
|turn|4
|
|t:|1757939342
|move|p2a: Feraligatr|Dragon Dance|p2a: Feraligatr
|-boost|p2a: Feraligatr|atk|1
|-boost|p2a: Feraligatr|spe|1
|move|p1a: wishhhhhhh|Scald|p2a: Feraligatr
|-resisted|p2a: Feraligatr
|-damage|p2a: Feraligatr|92/100
|
|upkeep
|turn|5
|
|t:|1757939347
|-terastallize|p2a: Feraligatr|Dragon
|move|p2a: Feraligatr|Outrage|p1a: wishhhhhhh
|-damage|p1a: wishhhhhhh|20/100
|-damage|p2a: Feraligatr|75/100|[from] item: Rocky Helmet|[of] p1a: wishhhhhhh
|-damage|p2a: Feraligatr|65/100|[from] item: Life Orb
|move|p1a: wishhhhhhh|Scald|p2a: Feraligatr
|-resisted|p2a: Feraligatr
|-damage|p2a: Feraligatr|57/100
|
|upkeep
|turn|6
|
|t:|1757939357
|move|p1a: wishhhhhhh|Protect|p1a: wishhhhhhh
|-singleturn|p1a: wishhhhhhh|Protect
|move|p2a: Feraligatr|Outrage|p1a: wishhhhhhh|[from] lockedmove
|-activate|p1a: wishhhhhhh|move: Protect
|
|upkeep
|turn|7
|
|t:|1757939367
|switch|p1a: VGC domination|Landorus-Therian, M|100/100
|-ability|p1a: VGC domination|Intimidate|boost
|-unboost|p2a: Feraligatr|atk|1
|move|p2a: Feraligatr|Outrage|p1a: VGC domination
|-damage|p1a: VGC domination|0 fnt
|-damage|p2a: Feraligatr|40/100|[from] item: Rocky Helmet|[of] p1a: VGC domination
|faint|p1a: VGC domination
|-damage|p2a: Feraligatr|30/100|[from] item: Life Orb
|
|upkeep
|
|t:|1757939369
|switch|p1a: wishhhhhhh|Alomomola, M|53/100
|turn|8
|
|t:|1757939379
|move|p1a: wishhhhhhh|Protect|p1a: wishhhhhhh
|-singleturn|p1a: wishhhhhhh|Protect
|move|p2a: Feraligatr|Outrage|p1a: wishhhhhhh|[from] lockedmove
|-activate|p1a: wishhhhhhh|move: Protect
|-start|p2a: Feraligatr|confusion|[fatigue]
|
|upkeep
|turn|9
|
|t:|1757939395
|-activate|p2a: Feraligatr|confusion
|-damage|p2a: Feraligatr|9/100|[from] confusion
|move|p1a: wishhhhhhh|Scald|p2a: Feraligatr
|-resisted|p2a: Feraligatr
|-damage|p2a: Feraligatr|0 fnt
|faint|p2a: Feraligatr
|
|upkeep
|
|t:|1757939400
|switch|p2a: Torterra|Torterra, M|100/100
|-damage|p2a: Torterra|94/100|[from] Stealth Rock
|turn|10
|
|t:|1757939413
|switch|p1a: man|Thundurus-Therian, M, shiny|100/100
|move|p2a: Torterra|Shell Smash|p2a: Torterra
|-unboost|p2a: Torterra|def|1
|-unboost|p2a: Torterra|spd|1
|-boost|p2a: Torterra|atk|2
|-boost|p2a: Torterra|spa|2
|-boost|p2a: Torterra|spe|2
|
|upkeep
|turn|11
|
|t:|1757939429
|-terastallize|p1a: man|Ice
|move|p2a: Torterra|Rock Blast|p1a: man
|-supereffective|p1a: man
|-damage|p1a: man|47/100
|-supereffective|p1a: man
|-damage|p1a: man|0 fnt
|faint|p1a: man
|-hitcount|p1: man|2
|
|upkeep
|-message|jayjay4621 forfeited.
|
|win|fregene97
|raw|jayjay4621's rating: 1293 &rarr; <strong>1268</strong><br />(-25 for losing)
|raw|fregene97's rating: 1290 &rarr; <strong>1315</strong><br />(+25 for winning)
|l|☆jayjay4621
|player|p1|
|l|☆fregene97
|player|p2|
