|j|☆Lesqueegee
|j|☆fei2
|t:|1757805092
|gametype|singles
|player|p1|Lesqueegee|bianca|1433
|player|p2|fei2|170|1475
|gen|9
|tier|[Gen 9] OU
|rated|
|rule|HP Percentage Mod: HP is shown in percentages
|rule|Endless Battle Clause: Forcing endless battles is banned
|rule|Species Clause: Limit one of each Pokémon
|rule|OHKO Clause: OHKO moves are banned
|rule|Evasion Items Clause: Evasion items are banned
|rule|Evasion Moves Clause: Evasion moves are banned
|rule|Evasion Abilities Clause: Evasion abilities are banned
|rule|Sleep Moves Clause: Sleep-inducing moves are banned
|clearpoke
|poke|p1|Great Tusk|
|poke|p1|Heatran, M|
|poke|p1|Weavile, M|
|poke|p1|Primarina, M|
|poke|p1|Ogerpon, F|
|poke|p1|Pecharunt|
|poke|p2|Dragonite, F|
|poke|p2|Great Tusk|
|poke|p2|Cinderace, M|
|poke|p2|Kingambit, F|
|poke|p2|Iron Valiant|
|poke|p2|Gholdengo|
|teampreview
|inactive|Battle timer is ON: inactive players will automatically lose when time's up. (requested by Lesqueegee)
|
|t:|1757805118
|teamsize|p1|6
|teamsize|p2|6
|start
|switch|p1a: Celestine|Primarina, M, shiny|100/100
|switch|p2a: Cinderace|Cinderace, M|100/100
|turn|1
|
|t:|1757805138
|move|p2a: Cinderace|U-turn|p1a: Celestine
|-start|p2a: Cinderace|typechange|Bug|[from] ability: Libero
|-resisted|p1a: Celestine
|-damage|p1a: Celestine|80/100
|
|t:|1757805144
|switch|p2a: Gholdengo|Gholdengo|100/100|[from] U-turn
|-item|p2a: Gholdengo|Air Balloon
|move|p1a: Celestine|Flip Turn|p2a: Gholdengo
|-damage|p2a: Gholdengo|90/100
|-enditem|p2a: Gholdengo|Air Balloon
|
|t:|1757805152
|switch|p1a: Chaos|Heatran, M, shiny|100/100|[from] Flip Turn
|-item|p1a: Chaos|Air Balloon
|
|upkeep
|turn|2
|
|t:|1757805168
|switch|p2a: Cinderace|Cinderace, M|100/100
|move|p1a: Chaos|Magma Storm|p2a: Cinderace
|-resisted|p2a: Cinderace
|-damage|p2a: Cinderace|65/100
|-activate|p2a: Cinderace|move: Magma Storm|[of] p1a: Chaos
|
|-damage|p2a: Cinderace|52/100|[from] move: Magma Storm|[partiallytrapped]
|upkeep
|turn|3
|
|t:|1757805177
|switch|p1a: Overseer|Pecharunt|100/100
|move|p2a: Cinderace|U-turn|p1a: Overseer
|-start|p2a: Cinderace|typechange|Bug|[from] ability: Libero
|-resisted|p1a: Overseer
|-damage|p1a: Overseer|97/100
|-damage|p2a: Cinderace|36/100|[from] item: Rocky Helmet|[of] p1a: Overseer
|
|t:|1757805181
|switch|p2a: Kingambit|Kingambit, F|100/100|[from] U-turn
|
|upkeep
|turn|4
|
|t:|1757805188
|move|p1a: Overseer|Parting Shot|p2a: Kingambit
|-unboost|p2a: Kingambit|atk|1
|-ability|p2a: Kingambit|Defiant|boost
|-boost|p2a: Kingambit|atk|2
|-unboost|p2a: Kingambit|spa|1
|-ability|p2a: Kingambit|Defiant|boost
|-boost|p2a: Kingambit|atk|2
|inactive|Lesqueegee has 120 seconds left.
|
|t:|1757805218
|switch|p1a: Chaos|Heatran, M, shiny|100/100|[from] Parting Shot
|-item|p1a: Chaos|Air Balloon
|move|p2a: Kingambit|Kowtow Cleave|p1a: Chaos
|-damage|p1a: Chaos|0 fnt
|-enditem|p1a: Chaos|Air Balloon
|faint|p1a: Chaos
|
|upkeep
|
|t:|1757805220
|switch|p1a: Behemoth|Great Tusk, shiny|100/100
|turn|5
|
|t:|1757805226
|switch|p2a: Great Tusk|Great Tusk|100/100
|move|p1a: Behemoth|Close Combat|p2a: Great Tusk
|-damage|p2a: Great Tusk|52/100
|-unboost|p1a: Behemoth|def|1
|-unboost|p1a: Behemoth|spd|1
|-damage|p1a: Behemoth|84/100|[from] item: Rocky Helmet|[of] p2a: Great Tusk
|
|upkeep
|turn|6
|
|t:|1757805237
|-end|p1a: Behemoth|Protosynthesis|[silent]
|switch|p1a: Anonymous|Ogerpon, F|100/100
|move|p2a: Great Tusk|Ice Spinner|p1a: Anonymous
|-supereffective|p1a: Anonymous
|-damage|p1a: Anonymous|28/100
|
|upkeep
|turn|7
|
|t:|1757805244
|-end|p2a: Great Tusk|Protosynthesis|[silent]
|switch|p2a: Gholdengo|Gholdengo|90/100
|move|p1a: Anonymous|U-turn|p2a: Gholdengo
|-resisted|p2a: Gholdengo
|-damage|p2a: Gholdengo|85/100
|
|t:|1757805250
|switch|p1a: Behemoth|Great Tusk, shiny|84/100|[from] U-turn
|
|upkeep
|turn|8
|
|t:|1757805254
|switch|p2a: Great Tusk|Great Tusk|52/100
|move|p1a: Behemoth|Headlong Rush|p2a: Great Tusk
|-damage|p2a: Great Tusk|6/100
|-unboost|p1a: Behemoth|def|1
|-unboost|p1a: Behemoth|spd|1
|-damage|p1a: Behemoth|68/100|[from] item: Rocky Helmet|[of] p2a: Great Tusk
|
|upkeep
|turn|9
|
|t:|1757805257
|move|p1a: Behemoth|Headlong Rush|p2a: Great Tusk
|-damage|p2a: Great Tusk|0 fnt
|-unboost|p1a: Behemoth|def|1
|-unboost|p1a: Behemoth|spd|1
|-damage|p1a: Behemoth|51/100|[from] item: Rocky Helmet|[of] p2a: Great Tusk
|faint|p2a: Great Tusk
|-end|p2a: Great Tusk|Protosynthesis|[silent]
|
|upkeep
|
|t:|1757805285
|switch|p2a: Iron Valiant|Iron Valiant|100/100
|-enditem|p2a: Iron Valiant|Booster Energy
|-activate|p2a: Iron Valiant|ability: Quark Drive|[fromitem]
|-start|p2a: Iron Valiant|quarkdrivespe
|turn|10
|
|t:|1757805298
|-end|p1a: Behemoth|Protosynthesis|[silent]
|switch|p1a: Celestine|Primarina, M, shiny|80/100
|move|p2a: Iron Valiant|Moonblast|p1a: Celestine
|-damage|p1a: Celestine|57/100
|
|upkeep
|turn|11
|
|t:|1757805307
|-end|p2a: Iron Valiant|Quark Drive|[silent]
|switch|p2a: Gholdengo|Gholdengo|85/100
|move|p1a: Celestine|Psychic Noise|p2a: Gholdengo
|-damage|p2a: Gholdengo|42/100
|-start|p2a: Gholdengo|move: Heal Block
|
|upkeep
|turn|12
|
|t:|1757805311
|move|p2a: Gholdengo|Make It Rain|p1a: Celestine
|-damage|p1a: Celestine|28/100
|-unboost|p2a: Gholdengo|spa|1
|move|p1a: Celestine|Psychic Noise|p2a: Gholdengo
|-damage|p2a: Gholdengo|0 fnt
|faint|p2a: Gholdengo
|
|upkeep
|
|t:|1757805315
|switch|p2a: Iron Valiant|Iron Valiant|100/100
|turn|13
|
|t:|1757805334
|-terastallize|p2a: Iron Valiant|Steel
|move|p2a: Iron Valiant|Moonblast|p1a: Celestine
|-damage|p1a: Celestine|4/100
|move|p1a: Celestine|Psychic Noise|p2a: Iron Valiant
|-damage|p2a: Iron Valiant|12/100
|-start|p2a: Iron Valiant|move: Heal Block
|
|upkeep
|turn|14
|
|t:|1757805346
|move|p2a: Iron Valiant|Moonblast|p1a: Celestine
|-damage|p1a: Celestine|0 fnt
|faint|p1a: Celestine
|
|-end|p2a: Iron Valiant|move: Heal Block
|upkeep
|inactive|Lesqueegee has 120 seconds left.
|
|t:|1757805382
|switch|p1a: Bandit|Weavile, M, shiny|100/100
|-ability|p1a: Bandit|Pressure
|turn|15
|
|t:|1757805390
|-end|p2a: Iron Valiant|Quark Drive|[silent]
|switch|p2a: Kingambit|Kingambit, F|100/100
|move|p1a: Bandit|Low Kick|p2a: Kingambit
|-supereffective|p2a: Kingambit
|-damage|p2a: Kingambit|0 fnt
|faint|p2a: Kingambit
|
|upkeep
|
|t:|1757805396
|switch|p2a: Dragonite|Dragonite, F|100/100
|turn|16
|
|t:|1757805399
|switch|p1a: Overseer|Pecharunt|97/100
|move|p2a: Dragonite|Dragon Dance|p2a: Dragonite
|-boost|p2a: Dragonite|atk|1
|-boost|p2a: Dragonite|spe|1
|
|upkeep
|turn|17
|
|t:|1757805407
|-terastallize|p1a: Overseer|Ghost
|move|p2a: Dragonite|Dragon Dance|p2a: Dragonite
|-boost|p2a: Dragonite|atk|1
|-boost|p2a: Dragonite|spe|1
|move|p1a: Overseer|Malignant Chain|p2a: Dragonite
|-damage|p2a: Dragonite|86/100
|-status|p2a: Dragonite|tox
|-start|p2a: Dragonite|confusion|[from] ability: Poison Puppeteer|[of] p1a: Overseer
|
|-damage|p2a: Dragonite|79/100 tox|[from] psn
|upkeep
|turn|18
|-message|fei2 forfeited.
|
|win|Lesqueegee
|raw|Lesqueegee's rating: 1433 &rarr; <strong>1455</strong><br />(+22 for winning)
|raw|fei2's rating: 1475 &rarr; <strong>1453</strong><br />(-22 for losing)
|l|☆fei2
|player|p2|
|l|☆Lesqueegee
|player|p1|
|j|☆Lesqueegee
|player|p1|Lesqueegee|bianca|
