|j|☆ayayaphone
|j|☆glastrier#1
|t:|1757841929
|gametype|singles
|player|p1|ayayaphone|1|1276
|player|p2|glastrier#1|170|1285
|gen|9
|tier|[Gen 9] OU
|rated|
|rule|HP Percentage Mod: HP is shown in percentages
|rule|Endless Battle Clause: Forcing endless battles is banned
|rule|Species Clause: Limit one of each Pokémon
|rule|OHKO Clause: OHKO moves are banned
|rule|Evasion Items Clause: Evasion items are banned
|rule|Evasion Moves Clause: Evasion moves are banned
|rule|Evasion Abilities Clause: Evasion abilities are banned
|rule|Sleep Moves Clause: Sleep-inducing moves are banned
|clearpoke
|poke|p1|Pelipper, F|
|poke|p1|Raging Bolt|
|poke|p1|Landorus-Therian, M|
|poke|p1|Tentacruel, M|
|poke|p1|Overqwil, F|
|poke|p1|Scizor, F|
|poke|p2|Dragapult, M|
|poke|p2|Glastrier|
|poke|p2|Tinkaton, F|
|poke|p2|Ting-Lu|
|poke|p2|Iron Hands|
|poke|p2|Moltres|
|teampreview
|inactive|Battle timer is ON: inactive players will automatically lose when time's up. (requested by ayayaphone)
|
|t:|1757841944
|teamsize|p1|6
|teamsize|p2|6
|start
|switch|p1a: Overqwil|Overqwil, F|100/100
|switch|p2a: Iron Hands|Iron Hands|100/100
|turn|1
|
|t:|1757841950
|switch|p1a: Landorus|Landorus-Therian, M|100/100
|-ability|p1a: Landorus|Intimidate|boost
|-unboost|p2a: Iron Hands|atk|1
|-end|p2a: Iron Hands|Quark Drive|[silent]
|switch|p2a: Ting-Lu|Ting-Lu|100/100
|-ability|p2a: Ting-Lu|Vessel of Ruin
|
|upkeep
|turn|2
|
|t:|1757841955
|move|p1a: Landorus|U-turn|p2a: Ting-Lu
|-supereffective|p2a: Ting-Lu
|-damage|p2a: Ting-Lu|77/100
|
|t:|1757841962
|switch|p1a: Scizor|Scizor, F|100/100|[from] U-turn
|move|p2a: Ting-Lu|Spikes|p1a: Scizor
|-sidestart|p1: ayayaphone|Spikes
|
|-heal|p2a: Ting-Lu|83/100|[from] item: Leftovers
|upkeep
|turn|3
|
|t:|1757841966
|move|p1a: Scizor|U-turn|p2a: Ting-Lu
|-supereffective|p2a: Ting-Lu
|-damage|p2a: Ting-Lu|42/100
|
|t:|1757841969
|switch|p1a: Pelipper|Pelipper, F|100/100|[from] U-turn
|-weather|RainDance|[from] ability: Drizzle|[of] p1a: Pelipper
|move|p2a: Ting-Lu|Spikes|p1a: Pelipper
|-sidestart|p1: ayayaphone|Spikes
|
|-weather|RainDance|[upkeep]
|-heal|p2a: Ting-Lu|48/100|[from] item: Leftovers
|upkeep
|turn|4
|
|t:|1757841972
|move|p1a: Pelipper|Knock Off|p2a: Ting-Lu
|-resisted|p2a: Ting-Lu
|-damage|p2a: Ting-Lu|45/100
|-enditem|p2a: Ting-Lu|Leftovers|[from] move: Knock Off|[of] p1a: Pelipper
|move|p2a: Ting-Lu|Spikes|p1a: Pelipper
|-sidestart|p1: ayayaphone|Spikes
|
|-weather|RainDance|[upkeep]
|upkeep
|turn|5
|
|t:|1757841976
|move|p1a: Pelipper|U-turn|p2a: Ting-Lu
|-supereffective|p2a: Ting-Lu
|-damage|p2a: Ting-Lu|34/100
|
|t:|1757841980
|switch|p1a: Scizor|Scizor, F|100/100|[from] U-turn
|-damage|p1a: Scizor|75/100|[from] Spikes
|move|p2a: Ting-Lu|Whirlwind|p1a: Scizor
|drag|p1a: Landorus|Landorus-Therian, M|100/100
|-ability|p1a: Landorus|Intimidate|boost
|-unboost|p2a: Ting-Lu|atk|1
|
|-weather|RainDance|[upkeep]
|upkeep
|turn|6
|
|t:|1757841985
|move|p1a: Landorus|U-turn|p2a: Ting-Lu
|-supereffective|p2a: Ting-Lu
|-damage|p2a: Ting-Lu|11/100
|
|t:|1757841992
|switch|p1a: Tentacruel|Tentacruel, M|100/100|[from] U-turn
|-damage|p1a: Tentacruel|75/100|[from] Spikes
|move|p2a: Ting-Lu|Whirlwind|p1a: Tentacruel
|drag|p1a: Pelipper|Pelipper, F|100/100
|
|-weather|RainDance|[upkeep]
|upkeep
|turn|7
|
|t:|1757841999
|move|p1a: Pelipper|U-turn|p2a: Ting-Lu
|-supereffective|p2a: Ting-Lu
|-damage|p2a: Ting-Lu|0 fnt
|faint|p2a: Ting-Lu
|
|t:|1757842007
|switch|p1a: Tentacruel|Tentacruel, M|75/100|[from] U-turn
|-damage|p1a: Tentacruel|50/100|[from] Spikes
|
|-weather|RainDance|[upkeep]
|-heal|p1a: Tentacruel|57/100|[from] ability: Rain Dish
|-heal|p1a: Tentacruel|63/100|[from] item: Black Sludge
|upkeep
|
|t:|1757842017
|switch|p2a: Iron Hands|Iron Hands|100/100
|turn|8
|
|t:|1757842021
|move|p1a: Tentacruel|Protect|p1a: Tentacruel
|-singleturn|p1a: Tentacruel|Protect
|move|p2a: Iron Hands|Swords Dance|p2a: Iron Hands
|-boost|p2a: Iron Hands|atk|2
|
|-weather|RainDance|[upkeep]
|-heal|p1a: Tentacruel|69/100|[from] ability: Rain Dish
|-heal|p1a: Tentacruel|75/100|[from] item: Black Sludge
|upkeep
|turn|9
|
|t:|1757842024
|move|p1a: Tentacruel|Rapid Spin|p2a: Iron Hands
|-damage|p2a: Iron Hands|95/100
|-boost|p1a: Tentacruel|spe|1
|-sideend|p1: ayayaphone|Spikes|[from] move: Rapid Spin|[of] p1a: Tentacruel
|move|p2a: Iron Hands|Thunder Punch|p1a: Tentacruel
|-supereffective|p1a: Tentacruel
|-damage|p1a: Tentacruel|0 fnt
|faint|p1a: Tentacruel
|
|-weather|RainDance|[upkeep]
|upkeep
|
|t:|1757842028
|switch|p1a: Landorus|Landorus-Therian, M|100/100
|-ability|p1a: Landorus|Intimidate|boost
|-unboost|p2a: Iron Hands|atk|1
|turn|10
|
|t:|1757842032
|move|p1a: Landorus|Sandsear Storm|p2a: Iron Hands
|-supereffective|p2a: Iron Hands
|-damage|p2a: Iron Hands|0 fnt
|faint|p2a: Iron Hands
|-end|p2a: Iron Hands|Quark Drive|[silent]
|
|-weather|none
|upkeep
|
|t:|1757842038
|switch|p2a: Glastrier|Glastrier|100/100
|turn|11
|
|t:|1757842042
|move|p1a: Landorus|Sandsear Storm|p2a: Glastrier|[miss]
|-miss|p1a: Landorus|p2a: Glastrier
|move|p2a: Glastrier|Icicle Crash|p1a: Landorus
|-supereffective|p1a: Landorus
|-damage|p1a: Landorus|0 fnt
|faint|p1a: Landorus
|-ability|p2a: Glastrier|Chilling Neigh|boost
|-boost|p2a: Glastrier|atk|1
|
|upkeep
|
|t:|1757842051
|switch|p1a: Pelipper|Pelipper, F|100/100
|-weather|RainDance|[from] ability: Drizzle|[of] p1a: Pelipper
|turn|12
|
|t:|1757842054
|move|p1a: Pelipper|Hurricane|p2a: Glastrier
|-damage|p2a: Glastrier|70/100
|-start|p2a: Glastrier|confusion
|-activate|p2a: Glastrier|confusion
|move|p2a: Glastrier|Icicle Crash|p1a: Pelipper
|-damage|p1a: Pelipper|35/100
|
|-weather|RainDance|[upkeep]
|upkeep
|turn|13
|
|t:|1757842062
|move|p1a: Pelipper|Knock Off|p2a: Glastrier
|-damage|p2a: Glastrier|61/100
|-enditem|p2a: Glastrier|Heavy-Duty Boots|[from] move: Knock Off|[of] p1a: Pelipper
|-activate|p2a: Glastrier|confusion
|-damage|p2a: Glastrier|42/100|[from] confusion
|
|-weather|RainDance|[upkeep]
|upkeep
|turn|14
|
|t:|1757842067
|move|p1a: Pelipper|Roost|p1a: Pelipper
|-heal|p1a: Pelipper|85/100
|-singleturn|p1a: Pelipper|move: Roost
|-activate|p2a: Glastrier|confusion
|move|p2a: Glastrier|Icicle Crash|p1a: Pelipper
|-resisted|p1a: Pelipper
|-damage|p1a: Pelipper|55/100
|
|-weather|RainDance|[upkeep]
|upkeep
|turn|15
|
|t:|1757842074
|move|p1a: Pelipper|Hurricane|p2a: Glastrier
|-damage|p2a: Glastrier|11/100
|-end|p2a: Glastrier|confusion
|move|p2a: Glastrier|Swords Dance|p2a: Glastrier
|-boost|p2a: Glastrier|atk|2
|
|-weather|RainDance|[upkeep]
|upkeep
|turn|16
|
|t:|1757842080
|move|p1a: Pelipper|Hurricane|p2a: Glastrier
|-damage|p2a: Glastrier|0 fnt
|faint|p2a: Glastrier
|
|-weather|RainDance|[upkeep]
|upkeep
|
|t:|1757842086
|switch|p2a: Dragapult|Dragapult, M|100/100
|turn|17
|
|t:|1757842091
|switch|p1a: Overqwil|Overqwil, F|100/100
|move|p2a: Dragapult|Draco Meteor|p1a: Overqwil
|-damage|p1a: Overqwil|24/100
|-unboost|p2a: Dragapult|spa|2
|
|-weather|RainDance|[upkeep]
|upkeep
|turn|18
|
|t:|1757842097
|move|p1a: Overqwil|Liquidation|p2a: Dragapult
|-resisted|p2a: Dragapult
|-damage|p2a: Dragapult|64/100
|-unboost|p2a: Dragapult|def|1
|-damage|p1a: Overqwil|14/100|[from] item: Life Orb
|move|p2a: Dragapult|U-turn|p1a: Overqwil
|-damage|p1a: Overqwil|0 fnt
|faint|p1a: Overqwil
|
|t:|1757842105
|switch|p2a: Tinkaton|Tinkaton, F|100/100|[from] U-turn
|-item|p2a: Tinkaton|Air Balloon
|
|-weather|RainDance|[upkeep]
|upkeep
|
|t:|1757842112
|switch|p1a: Raging Bolt|Raging Bolt|100/100
|turn|19
|inactive|glastrier#1 has 120 seconds left.
|
|t:|1757842144
|-terastallize|p1a: Raging Bolt|Electric
|move|p2a: Tinkaton|Gigaton Hammer|p1a: Raging Bolt
|-resisted|p1a: Raging Bolt
|-damage|p1a: Raging Bolt|83/100
|move|p1a: Raging Bolt|Zap Cannon|p2a: Tinkaton
|-damage|p2a: Tinkaton|21/100
|-status|p2a: Tinkaton|par
|-enditem|p2a: Tinkaton|Air Balloon
|
|-weather|none
|upkeep
|turn|20
|inactive|glastrier#1 has 120 seconds left.
|
|t:|1757842164
|-end|p1a: Raging Bolt|Protosynthesis|[silent]
|switch|p1a: Pelipper|Pelipper, F|55/100
|-weather|RainDance|[from] ability: Drizzle|[of] p1a: Pelipper
|move|p2a: Tinkaton|Encore||[still]
|-fail|p2a: Tinkaton
|
|-weather|RainDance|[upkeep]
|upkeep
|turn|21
|
|t:|1757842173
|move|p2a: Tinkaton|Knock Off|p1a: Pelipper
|-crit|p1a: Pelipper
|-damage|p1a: Pelipper|34/100
|-enditem|p1a: Pelipper|Damp Rock|[from] move: Knock Off|[of] p2a: Tinkaton
|move|p1a: Pelipper|Hurricane|p2a: Tinkaton
|-resisted|p2a: Tinkaton
|-damage|p2a: Tinkaton|5/100 par
|
|-weather|RainDance|[upkeep]
|upkeep
|turn|22
|
|t:|1757842179
|move|p2a: Tinkaton|Stealth Rock|p1a: Pelipper
|-sidestart|p1: ayayaphone|move: Stealth Rock
|move|p1a: Pelipper|Hurricane|p2a: Tinkaton
|-resisted|p2a: Tinkaton
|-damage|p2a: Tinkaton|0 fnt
|faint|p2a: Tinkaton
|
|-weather|RainDance|[upkeep]
|upkeep
|
|t:|1757842184
|switch|p2a: Dragapult|Dragapult, M|64/100
|turn|23
|
|t:|1757842189
|move|p2a: Dragapult|Hex|p1a: Pelipper
|-damage|p1a: Pelipper|0 fnt
|faint|p1a: Pelipper
|
|-weather|RainDance|[upkeep]
|upkeep
|
|t:|1757842194
|switch|p1a: Raging Bolt|Raging Bolt, tera:Electric|83/100
|-damage|p1a: Raging Bolt|70/100|[from] Stealth Rock
|turn|24
|
|t:|1757842199
|-terastallize|p2a: Dragapult|Fairy
|move|p2a: Dragapult|Draco Meteor|p1a: Raging Bolt
|-damage|p1a: Raging Bolt|17/100
|-unboost|p2a: Dragapult|spa|2
|move|p1a: Raging Bolt|Zap Cannon|p2a: Dragapult
|-damage|p2a: Dragapult|0 fnt
|faint|p2a: Dragapult
|
|-weather|RainDance|[upkeep]
|upkeep
|
|t:|1757842209
|switch|p2a: Moltres|Moltres|100/100
|turn|25
|
|t:|1757842215
|move|p2a: Moltres|Flamethrower|p1a: Raging Bolt
|-damage|p1a: Raging Bolt|2/100
|move|p1a: Raging Bolt|Thunder|p2a: Moltres
|-supereffective|p2a: Moltres
|-damage|p2a: Moltres|0 fnt
|faint|p2a: Moltres
|
|win|ayayaphone
|raw|ayayaphone's rating: 1276 &rarr; <strong>1302</strong><br />(+26 for winning)
|raw|glastrier#1's rating: 1285 &rarr; <strong>1259</strong><br />(-26 for losing)
|l|☆glastrier#1
|player|p2|
|l|☆ayayaphone
|player|p1|
