|j|☆Naz-sama
|j|☆A1Randy
|t:|1757918237
|gametype|singles
|player|p1|Naz-sama|lady|1587
|player|p2|A1Randy|burglar|1580
|gen|9
|tier|[Gen 9] OU
|rated|
|rule|HP Percentage Mod: HP is shown in percentages
|rule|Endless Battle Clause: Forcing endless battles is banned
|rule|Species Clause: Limit one of each Pokémon
|rule|OHKO Clause: OHKO moves are banned
|rule|Evasion Items Clause: Evasion items are banned
|rule|Evasion Moves Clause: Evasion moves are banned
|rule|Evasion Abilities Clause: Evasion abilities are banned
|rule|Sleep Moves Clause: Sleep-inducing moves are banned
|clearpoke
|poke|p1|Pelipper, F|
|poke|p1|Iron Treads|
|poke|p1|Hatterene, F|
|poke|p1|Toxicroak, F|
|poke|p1|Barraskewda, F|
|poke|p1|Talonflame, F|
|poke|p2|Iron Crown|
|poke|p2|Kyurem|
|poke|p2|Dragonite, F|
|poke|p2|Kingambit, F|
|poke|p2|Iron Valiant|
|poke|p2|Hoopa-Unbound|
|teampreview
|inactive|Battle timer is ON: inactive players will automatically lose when time's up. (requested by Naz-sama)
|j| MarshEiEi
|inactive|Naz-sama has 120 seconds left.
|
|t:|1757918271
|teamsize|p1|6
|teamsize|p2|6
|start
|switch|p1a: Pelipper|Pelipper, F|100/100
|switch|p2a: Iron Valiant|Iron Valiant, shiny|100/100
|-weather|RainDance|[from] ability: Drizzle|[of] p1a: Pelipper
|turn|1
|
|t:|1757918284
|switch|p1a: Hatterene|Hatterene, F|100/100
|move|p2a: Iron Valiant|Thunderbolt|p1a: Hatterene
|-damage|p1a: Hatterene|56/100
|-enditem|p1a: Hatterene|Eject Button
|-damage|p2a: Iron Valiant|91/100|[from] item: Life Orb
|
|t:|1757918301
|switch|p1a: Barraskewda|Barraskewda, F|100/100
|
|-weather|RainDance|[upkeep]
|upkeep
|turn|2
|
|t:|1757918306
|move|p2a: Iron Valiant|Vacuum Wave|p1a: Barraskewda
|-damage|p1a: Barraskewda|42/100
|-damage|p2a: Iron Valiant|81/100|[from] item: Life Orb
|move|p1a: Barraskewda|Flip Turn|p2a: Iron Valiant
|-damage|p2a: Iron Valiant|0 fnt
|faint|p2a: Iron Valiant
|-end|p2a: Iron Valiant|Quark Drive|[silent]
|
|t:|1757918317
|switch|p1a: Talonflame|Talonflame, F|100/100|[from] Flip Turn
|
|-weather|RainDance|[upkeep]
|upkeep
|
|t:|1757918335
|switch|p2a: Dragonite|Dragonite, F|100/100
|turn|3
|
|t:|1757918364
|move|p1a: Talonflame|U-turn|p2a: Dragonite
|-resisted|p2a: Dragonite
|-damage|p2a: Dragonite|97/100
|inactive|Naz-sama has 120 seconds left.
|j| wgw2333
|
|t:|1757918392
|switch|p1a: Toxicroak|Toxicroak, F|100/100|[from] U-turn
|move|p2a: Dragonite|Scale Shot|p1a: Toxicroak
|-damage|p1a: Toxicroak|87/100
|-damage|p1a: Toxicroak|74/100
|-damage|p1a: Toxicroak|62/100
|-damage|p1a: Toxicroak|48/100
|-damage|p1a: Toxicroak|35/100
|-hitcount|p1a: Toxicroak|5
|-unboost|p2a: Dragonite|def|1
|-boost|p2a: Dragonite|spe|1
|
|-weather|RainDance|[upkeep]
|-heal|p1a: Toxicroak|48/100|[from] ability: Dry Skin
|upkeep
|turn|4
|l| MarshEiEi
|inactive|Naz-sama has 90 seconds left.
|
|t:|1757918422
|-terastallize|p2a: Dragonite|Normal
|move|p2a: Dragonite|Extreme Speed|p1a: Toxicroak
|-damage|p1a: Toxicroak|8/100
|-damage|p2a: Dragonite|80/100|[from] item: Rocky Helmet|[of] p1a: Toxicroak
|move|p1a: Toxicroak|Knock Off|p2a: Dragonite
|-damage|p2a: Dragonite|45/100
|-enditem|p2a: Dragonite|Loaded Dice|[from] move: Knock Off|[of] p1a: Toxicroak
|
|-weather|RainDance|[upkeep]
|-heal|p1a: Toxicroak|21/100|[from] ability: Dry Skin
|upkeep
|turn|5
|inactive|Naz-sama has 90 seconds left.
|
|t:|1757918442
|move|p2a: Dragonite|Extreme Speed|p1a: Toxicroak
|-damage|p1a: Toxicroak|0 fnt
|-damage|p2a: Dragonite|28/100|[from] item: Rocky Helmet|[of] p1a: Toxicroak
|faint|p1a: Toxicroak
|
|-weather|RainDance|[upkeep]
|upkeep
|
|t:|1757918453
|switch|p1a: Talonflame|Talonflame, F|100/100
|turn|6
|
|t:|1757918460
|switch|p2a: Iron Crown|Iron Crown|100/100
|move|p1a: Talonflame|Hurricane|p2a: Iron Crown
|-resisted|p2a: Iron Crown
|-damage|p2a: Iron Crown|70/100
|-start|p2a: Iron Crown|confusion
|
|-weather|RainDance|[upkeep]
|upkeep
|turn|7
|
|t:|1757918480
|switch|p1a: Iron Treads|Iron Treads|100/100
|-activate|p2a: Iron Crown|confusion
|move|p2a: Iron Crown|Volt Switch|p1a: Iron Treads
|-immune|p1a: Iron Treads
|
|-weather|RainDance|[upkeep]
|upkeep
|turn|8
|
|t:|1757918493
|-end|p2a: Iron Crown|Quark Drive|[silent]
|switch|p2a: Kyurem|Kyurem|100/100
|-ability|p2a: Kyurem|Pressure
|move|p1a: Iron Treads|Stealth Rock|p2a: Kyurem
|-sidestart|p2: A1Randy|move: Stealth Rock
|
|-weather|none
|upkeep
|turn|9
|
|t:|1757918500
|move|p2a: Kyurem|Dragon Dance|p2a: Kyurem
|-boost|p2a: Kyurem|atk|1
|-boost|p2a: Kyurem|spe|1
|move|p1a: Iron Treads|Volt Switch|p2a: Kyurem
|-resisted|p2a: Kyurem
|-damage|p2a: Kyurem|95/100
|
|t:|1757918512
|-end|p1a: Iron Treads|Quark Drive|[silent]
|switch|p1a: Pelipper|Pelipper, F|100/100|[from] Volt Switch
|-weather|RainDance|[from] ability: Drizzle|[of] p1a: Pelipper
|
|-weather|RainDance|[upkeep]
|upkeep
|turn|10
|
|t:|1757918520
|switch|p1a: Hatterene|Hatterene, F|56/100
|move|p2a: Kyurem|Icicle Spear|p1a: Hatterene
|-damage|p1a: Hatterene|37/100
|-damage|p1a: Hatterene|17/100
|-damage|p1a: Hatterene|0 fnt
|faint|p1a: Hatterene
|-hitcount|p1: Hatterene|3
|
|-weather|RainDance|[upkeep]
|upkeep
|inactive|Naz-sama has 60 seconds left.
|
|t:|1757918561
|switch|p1a: Barraskewda|Barraskewda, F|42/100
|turn|11
|
|t:|1757918569
|move|p1a: Barraskewda|Close Combat|p2a: Kyurem
|-supereffective|p2a: Kyurem
|-damage|p2a: Kyurem|0 fnt
|-unboost|p1a: Barraskewda|def|1
|-unboost|p1a: Barraskewda|spd|1
|faint|p2a: Kyurem
|
|-weather|RainDance|[upkeep]
|upkeep
|
|t:|1757918578
|switch|p2a: Dragonite|Dragonite, F, tera:Normal|28/100
|-damage|p2a: Dragonite|16/100|[from] Stealth Rock
|turn|12
|
|t:|1757918594
|switch|p1a: Iron Treads|Iron Treads|100/100
|move|p2a: Dragonite|Scale Shot|p1a: Iron Treads
|-resisted|p1a: Iron Treads
|-damage|p1a: Iron Treads|95/100
|-resisted|p1a: Iron Treads
|-damage|p1a: Iron Treads|89/100
|-resisted|p1a: Iron Treads
|-damage|p1a: Iron Treads|84/100
|-resisted|p1a: Iron Treads
|-damage|p1a: Iron Treads|78/100
|-hitcount|p1a: Iron Treads|4
|-unboost|p2a: Dragonite|def|1
|-boost|p2a: Dragonite|spe|1
|
|-weather|RainDance|[upkeep]
|-heal|p1a: Iron Treads|84/100|[from] item: Leftovers
|upkeep
|turn|13
|
|t:|1757918601
|move|p2a: Dragonite|Earthquake|p1a: Iron Treads
|-supereffective|p1a: Iron Treads
|-damage|p1a: Iron Treads|25/100
|move|p1a: Iron Treads|Rapid Spin|p2a: Dragonite
|-damage|p2a: Dragonite|0 fnt
|-boost|p1a: Iron Treads|spe|1
|faint|p2a: Dragonite
|
|-weather|RainDance|[upkeep]
|-heal|p1a: Iron Treads|31/100|[from] item: Leftovers
|upkeep
|
|t:|1757918614
|switch|p2a: Kingambit|Kingambit, F|100/100
|-damage|p2a: Kingambit|94/100|[from] Stealth Rock
|-activate|p2a: Kingambit|ability: Supreme Overlord
|-start|p2a: Kingambit|fallen3|[silent]
|turn|14
|inactive|Naz-sama has 60 seconds left.
|
|t:|1757918625
|move|p2a: Kingambit|Sucker Punch||[still]
|-fail|p2a: Kingambit
|move|p1a: Iron Treads|Stealth Rock||[still]
|-fail|p1a: Iron Treads
|
|-weather|RainDance|[upkeep]
|-heal|p1a: Iron Treads|37/100|[from] item: Leftovers
|upkeep
|turn|15
|inactive|Naz-sama has 60 seconds left.
|
|t:|1757918637
|move|p2a: Kingambit|Sucker Punch|p1a: Iron Treads
|-damage|p1a: Iron Treads|0 fnt
|faint|p1a: Iron Treads
|-end|p1a: Iron Treads|Quark Drive|[silent]
|
|-weather|RainDance|[upkeep]
|upkeep
|
|t:|1757918662
|switch|p1a: Pelipper|Pelipper, F|100/100
|turn|16
|
|t:|1757918678
|move|p2a: Kingambit|Kowtow Cleave|p1a: Pelipper
|-damage|p1a: Pelipper|32/100
|move|p1a: Pelipper|Surf|p2a: Kingambit
|-damage|p2a: Kingambit|47/100
|
|-weather|none
|upkeep
|turn|17
|inactive|Naz-sama has 30 seconds left.
|
|t:|1757918699
|move|p2a: Kingambit|Kowtow Cleave|p1a: Pelipper
|-damage|p1a: Pelipper|0 fnt
|faint|p1a: Pelipper
|
|upkeep
|inactive|Naz-sama has 30 seconds left this turn.
|
|t:|1757918709
|switch|p1a: Talonflame|Talonflame, F|100/100
|turn|18
|
|t:|1757918713
|move|p2a: Kingambit|Sucker Punch|p1a: Talonflame
|-damage|p1a: Talonflame|15/100
|move|p1a: Talonflame|Overheat|p2a: Kingambit
|-supereffective|p2a: Kingambit
|-damage|p2a: Kingambit|0 fnt
|-unboost|p1a: Talonflame|spa|2
|faint|p2a: Kingambit
|-end|p2a: Kingambit|fallen3|[silent]
|
|upkeep
|
|t:|1757918721
|switch|p2a: Iron Crown|Iron Crown|70/100
|-damage|p2a: Iron Crown|63/100|[from] Stealth Rock
|turn|19
|
|t:|1757918739
|move|p2a: Iron Crown|Psychic|p1a: Talonflame
|-damage|p1a: Talonflame|0 fnt
|faint|p1a: Talonflame
|
|upkeep
|
|t:|1757918748
|switch|p1a: Barraskewda|Barraskewda, F|42/100
|turn|20
|
|t:|1757918751
|-terastallize|p1a: Barraskewda|Water
|move|p2a: Iron Crown|Psychic|p1a: Barraskewda
|-damage|p1a: Barraskewda|0 fnt
|faint|p1a: Barraskewda
|
|win|A1Randy
|raw|Naz-sama's rating: 1587 &rarr; <strong>1567</strong><br />(-20 for losing)
|raw|A1Randy's rating: 1580 &rarr; <strong>1600</strong><br />(+20 for winning)
|l|☆Naz-sama
|player|p1|
|l|☆A1Randy
|player|p2|
