|j|☆NotClevey
|j|☆LonelySxNner
|t:|1757901753
|gametype|singles
|player|p1|NotClevey|pryce|1463
|player|p2|LonelySxNner|266|1435
|gen|9
|tier|[Gen 9] OU
|rated|
|rule|HP Percentage Mod: HP is shown in percentages
|rule|Endless Battle Clause: Forcing endless battles is banned
|rule|Species Clause: Limit one of each Pokémon
|rule|OHKO Clause: OHKO moves are banned
|rule|Evasion Items Clause: Evasion items are banned
|rule|Evasion Moves Clause: Evasion moves are banned
|rule|Evasion Abilities Clause: Evasion abilities are banned
|rule|Sleep Moves Clause: Sleep-inducing moves are banned
|clearpoke
|poke|p1|Walking Wake|
|poke|p1|Sandy Shocks|
|poke|p1|Torkoal, M|
|poke|p1|Dragonite, F|
|poke|p1|Corviknight, F|
|poke|p1|Alomomola, F|
|poke|p2|Meloetta|
|poke|p2|Ogerpon, F|
|poke|p2|Ceruledge, F|
|poke|p2|Grimmsnarl, M|
|poke|p2|Greninja-*, M|
|poke|p2|Hoopa-Unbound|
|teampreview
|inactive|Battle timer is ON: inactive players will automatically lose when time's up. (requested by NotClevey)
|
|t:|1757901780
|teamsize|p1|6
|teamsize|p2|6
|start
|switch|p1a: 钢骑士|Corviknight, F, shiny|100/100
|switch|p2a: Hoopa|Hoopa-Unbound|100/100
|turn|1
|l|☆NotClevey
|inactive|NotClevey disconnected and has a minute to reconnect!
|player|p1|
|j|☆NotClevey
|inactive|NotClevey reconnected and has 150 seconds left.
|player|p1|NotClevey|pryce|
|
|t:|1757901787
|move|p2a: Hoopa|Thunderbolt|p1a: 钢骑士
|-supereffective|p1a: 钢骑士
|-damage|p1a: 钢骑士|21/100
|-status|p1a: 钢骑士|par
|move|p1a: 钢骑士|U-turn|p2a: Hoopa
|-supereffective|p2a: Hoopa
|-damage|p2a: Hoopa|6/100
|
|t:|1757901794
|switch|p1a: 储水硬接流星群|Walking Wake|100/100|[from] U-turn
|
|upkeep
|turn|2
|
|t:|1757901799
|move|p1a: 储水硬接流星群|Flip Turn|p2a: Hoopa
|-damage|p2a: Hoopa|0 fnt
|faint|p2a: Hoopa
|
|t:|1757901802
|-end|p1a: 储水硬接流星群|Protosynthesis|[silent]
|switch|p1a: Groudon.|Torkoal, M|100/100|[from] Flip Turn
|-weather|SunnyDay|[from] ability: Drought|[of] p1a: Groudon.
|
|-weather|SunnyDay|[upkeep]
|upkeep
|
|t:|1757901808
|switch|p2a: Best girl|Meloetta, shiny|100/100
|turn|3
|
|t:|1757901819
|move|p2a: Best girl|Relic Song|p1a: Groudon.
|-damage|p1a: Groudon.|32/100
|-formechange|p2a: Best girl|Meloetta-Pirouette|[msg]
|-enditem|p2a: Best girl|Throat Spray
|-boost|p2a: Best girl|spa|1|[from] item: Throat Spray
|move|p1a: Groudon.|Weather Ball|p2a: Best girl
|-damage|p2a: Best girl|23/100
|
|-weather|SunnyDay|[upkeep]
|upkeep
|turn|4
|
|t:|1757901832
|switch|p1a: PinklePinkle|Alomomola, F|100/100
|move|p2a: Best girl|Hyper Voice|p1a: PinklePinkle
|-damage|p1a: PinklePinkle|70/100
|
|-weather|SunnyDay|[upkeep]
|upkeep
|turn|5
|
|t:|1757901838
|move|p2a: Best girl|Close Combat|p1a: PinklePinkle
|-damage|p1a: PinklePinkle|41/100
|-unboost|p2a: Best girl|def|1
|-unboost|p2a: Best girl|spd|1
|move|p1a: PinklePinkle|Flip Turn|p2a: Best girl
|-damage|p2a: Best girl|10/100
|
|t:|1757901848
|switch|p1a: 储水硬接流星群|Walking Wake|100/100|[from] Flip Turn
|-activate|p1a: 储水硬接流星群|ability: Protosynthesis
|-start|p1a: 储水硬接流星群|protosynthesisspe
|
|-weather|SunnyDay|[upkeep]
|upkeep
|turn|6
|
|t:|1757901853
|move|p1a: 储水硬接流星群|Hydro Steam|p2a: Best girl
|-damage|p2a: Best girl|0 fnt
|faint|p2a: Best girl
|
|-weather|SunnyDay|[upkeep]
|upkeep
|
|t:|1757901856
|switch|p2a: Grimmsnarl|Grimmsnarl, M|100/100
|turn|7
|
|t:|1757901868
|-end|p1a: 储水硬接流星群|Protosynthesis|[silent]
|switch|p1a: 地鸣雷震寒意生|Sandy Shocks, shiny|100/100
|-activate|p1a: 地鸣雷震寒意生|ability: Protosynthesis
|-start|p1a: 地鸣雷震寒意生|protosynthesisspa
|move|p2a: Grimmsnarl|Light Screen|p2a: Grimmsnarl
|-sidestart|p2: LonelySxNner|move: Light Screen
|
|-weather|SunnyDay|[upkeep]
|upkeep
|turn|8
|
|t:|1757901878
|move|p2a: Grimmsnarl|Parting Shot|p1a: 地鸣雷震寒意生
|-unboost|p1a: 地鸣雷震寒意生|atk|1
|-unboost|p1a: 地鸣雷震寒意生|spa|1
|
|t:|1757901880
|switch|p2a: Ogerpon|Ogerpon, F|100/100|[from] Parting Shot
|move|p1a: 地鸣雷震寒意生|Volt Switch|p2a: Ogerpon
|-resisted|p2a: Ogerpon
|-damage|p2a: Ogerpon|91/100
|
|t:|1757901887
|-end|p1a: 地鸣雷震寒意生|Protosynthesis|[silent]
|switch|p1a: 钢骑士|Corviknight, F, shiny|21/100 par|[from] Volt Switch
|
|-weather|SunnyDay|[upkeep]
|upkeep
|turn|9
|
|t:|1757901893
|switch|p2a: Ceruledge|Ceruledge, F|100/100
|move|p1a: 钢骑士|Roost|p1a: 钢骑士
|-heal|p1a: 钢骑士|71/100 par
|-singleturn|p1a: 钢骑士|move: Roost
|
|-weather|none
|upkeep
|turn|10
|
|t:|1757901913
|switch|p1a: PinklePinkle|Alomomola, F|74/100
|move|p2a: Ceruledge|Swords Dance|p2a: Ceruledge
|-boost|p2a: Ceruledge|atk|2
|
|upkeep
|turn|11
|
|t:|1757901922
|move|p2a: Ceruledge|Swords Dance|p2a: Ceruledge
|-boost|p2a: Ceruledge|atk|2
|move|p1a: PinklePinkle|Icy Wind|p2a: Ceruledge
|-resisted|p2a: Ceruledge
|-damage|p2a: Ceruledge|99/100
|-unboost|p2a: Ceruledge|spe|1
|
|upkeep
|turn|12
|
|t:|1757901932
|move|p2a: Ceruledge|Bitter Blade|p1a: PinklePinkle
|-resisted|p1a: PinklePinkle
|-damage|p1a: PinklePinkle|30/100
|-heal|p2a: Ceruledge|100/100|[from] drain|[of] p1a: PinklePinkle
|move|p1a: PinklePinkle|Flip Turn|p2a: Ceruledge
|-supereffective|p2a: Ceruledge
|-damage|p2a: Ceruledge|55/100
|-ability|p2a: Ceruledge|Weak Armor|boost
|-unboost|p2a: Ceruledge|def|1
|-boost|p2a: Ceruledge|spe|2
|-enditem|p2a: Ceruledge|Weakness Policy
|-boost|p2a: Ceruledge|atk|2|[from] item: Weakness Policy
|-boost|p2a: Ceruledge|spa|2|[from] item: Weakness Policy
|
|t:|1757901946
|switch|p1a: 地鸣雷震寒意生|Sandy Shocks, shiny|100/100|[from] Flip Turn
|
|upkeep
|turn|13
|
|t:|1757901962
|move|p1a: 地鸣雷震寒意生|Earth Power|p2a: Ceruledge
|-supereffective|p2a: Ceruledge
|-damage|p2a: Ceruledge|0 fnt
|faint|p2a: Ceruledge
|
|upkeep
|
|t:|1757901967
|switch|p2a: Greninja|Greninja, M|100/100
|turn|14
|
|t:|1757901975
|-end|p1a: 地鸣雷震寒意生|Protosynthesis|[silent]
|switch|p1a: PinklePinkle|Alomomola, F|63/100
|move|p2a: Greninja|Dark Pulse|p1a: PinklePinkle
|-damage|p1a: PinklePinkle|28/100
|
|-sideend|p2: LonelySxNner|move: Light Screen
|upkeep
|turn|15
|
|t:|1757901982
|switch|p1a: Groudon.|Torkoal, M|32/100
|-weather|SunnyDay|[from] ability: Drought|[of] p1a: Groudon.
|move|p2a: Greninja|Dark Pulse|p1a: Groudon.
|-damage|p1a: Groudon.|0 fnt
|faint|p1a: Groudon.
|-ability|p2a: Greninja|Battle Bond|boost
|-boost|p2a: Greninja|atk|1
|-boost|p2a: Greninja|spa|1
|-boost|p2a: Greninja|spe|1
|-activate|p2a: Greninja|ability: Battle Bond
|
|-weather|SunnyDay|[upkeep]
|upkeep
|
|t:|1757901991
|switch|p1a: 储水硬接流星群|Walking Wake|100/100
|-activate|p1a: 储水硬接流星群|ability: Protosynthesis
|-start|p1a: 储水硬接流星群|protosynthesisspe
|turn|16
|
|t:|1757901995
|move|p1a: 储水硬接流星群|Draco Meteor|p2a: Greninja
|-damage|p2a: Greninja|0 fnt
|-unboost|p1a: 储水硬接流星群|spa|2
|faint|p2a: Greninja
|
|-weather|SunnyDay|[upkeep]
|upkeep
|
|t:|1757902000
|switch|p2a: Grimmsnarl|Grimmsnarl, M|100/100
|turn|17
|
|t:|1757902006
|-end|p1a: 储水硬接流星群|Protosynthesis|[silent]
|switch|p1a: 钢骑士|Corviknight, F, shiny|71/100 par
|move|p2a: Grimmsnarl|Light Screen|p2a: Grimmsnarl
|-sidestart|p2: LonelySxNner|move: Light Screen
|
|-weather|SunnyDay|[upkeep]
|upkeep
|turn|18
|
|t:|1757902012
|move|p2a: Grimmsnarl|Taunt|p1a: 钢骑士
|-start|p1a: 钢骑士|move: Taunt
|cant|p1a: 钢骑士|move: Taunt|Defog
|
|-weather|SunnyDay|[upkeep]
|upkeep
|turn|19
|
|t:|1757902016
|move|p2a: Grimmsnarl|Reflect|p2a: Grimmsnarl
|-sidestart|p2: LonelySxNner|Reflect
|cant|p1a: 钢骑士|par
|
|-weather|SunnyDay|[upkeep]
|upkeep
|turn|20
|
|t:|1757902021
|move|p2a: Grimmsnarl|Light Screen||[still]
|-fail|p2a: Grimmsnarl
|move|p1a: 钢骑士|Brave Bird|p2a: Grimmsnarl
|-damage|p2a: Grimmsnarl|81/100
|-damage|p1a: 钢骑士|65/100 par|[from] Recoil
|
|-weather|SunnyDay|[upkeep]
|-end|p1a: 钢骑士|move: Taunt
|upkeep
|turn|21
|
|t:|1757902027
|move|p2a: Grimmsnarl|Taunt|p1a: 钢骑士
|-start|p1a: 钢骑士|move: Taunt
|move|p1a: 钢骑士|U-turn|p2a: Grimmsnarl
|-crit|p2a: Grimmsnarl
|-damage|p2a: Grimmsnarl|57/100
|
|t:|1757902033
|switch|p1a: PinklePinkle|Alomomola, F|61/100|[from] U-turn
|
|-weather|SunnyDay|[upkeep]
|upkeep
|turn|22
|
|t:|1757902037
|move|p2a: Grimmsnarl|Parting Shot|p1a: PinklePinkle
|-unboost|p1a: PinklePinkle|atk|1
|-unboost|p1a: PinklePinkle|spa|1
|
|t:|1757902039
|switch|p2a: Ogerpon|Ogerpon, F|91/100|[from] Parting Shot
|move|p1a: PinklePinkle|Flip Turn|p2a: Ogerpon
|-resisted|p2a: Ogerpon
|-damage|p2a: Ogerpon|89/100
|
|t:|1757902045
|switch|p1a: 钢骑士|Corviknight, F, shiny|65/100 par|[from] Flip Turn
|
|-weather|none
|upkeep
|turn|23
|
|t:|1757902051
|move|p2a: Ogerpon|Swords Dance|p2a: Ogerpon
|-boost|p2a: Ogerpon|atk|2
|move|p1a: 钢骑士|Defog|p2a: Ogerpon
|-unboost|p2a: Ogerpon|evasion|1
|-ability|p2a: Ogerpon|Defiant|boost
|-boost|p2a: Ogerpon|atk|2
|-sideend|p2: LonelySxNner|Reflect
|-sideend|p2: LonelySxNner|move: Light Screen
|
|upkeep
|turn|24
|
|t:|1757902057
|move|p2a: Ogerpon|Ivy Cudgel|p1a: 钢骑士
|-resisted|p1a: 钢骑士
|-damage|p1a: 钢骑士|34/100 par
|move|p1a: 钢骑士|U-turn|p2a: Ogerpon
|-supereffective|p2a: Ogerpon
|-damage|p2a: Ogerpon|54/100
|
|t:|1757902066
|switch|p1a: PinklePinkle|Alomomola, F|94/100|[from] U-turn
|
|upkeep
|turn|25
|
|t:|1757902070
|-terastallize|p1a: PinklePinkle|Dragon
|move|p2a: Ogerpon|Ivy Cudgel|p1a: PinklePinkle
|-resisted|p1a: PinklePinkle
|-damage|p1a: PinklePinkle|53/100
|move|p1a: PinklePinkle|Icy Wind|p2a: Ogerpon
|-supereffective|p2a: Ogerpon
|-damage|p2a: Ogerpon|39/100
|-unboost|p2a: Ogerpon|spe|1
|-ability|p2a: Ogerpon|Defiant|boost
|-boost|p2a: Ogerpon|atk|2
|
|upkeep
|turn|26
|
|t:|1757902080
|-terastallize|p2a: Ogerpon|Grass
|detailschange|p2a: Ogerpon|Ogerpon-Teal-Tera, F, tera:Grass
|-ability|p2a: Ogerpon|Embody Aspect (Teal)|boost
|-boost|p2a: Ogerpon|spe|1
|move|p2a: Ogerpon|Ivy Cudgel|p1a: PinklePinkle
|-resisted|p1a: PinklePinkle
|-damage|p1a: PinklePinkle|0 fnt
|faint|p1a: PinklePinkle
|
|upkeep
|
|t:|1757902098
|switch|p1a: 地鸣雷震寒意生|Sandy Shocks, shiny|100/100
|turn|27
|
|t:|1757902111
|move|p1a: 地鸣雷震寒意生|Volt Switch|p2a: Ogerpon
|-resisted|p2a: Ogerpon
|-damage|p2a: Ogerpon|17/100
|
|t:|1757902114
|-end|p1a: 地鸣雷震寒意生|Protosynthesis|[silent]
|switch|p1a: 钢骑士|Corviknight, F, shiny|34/100 par|[from] Volt Switch
|move|p2a: Ogerpon|Ivy Cudgel|p1a: 钢骑士
|-resisted|p1a: 钢骑士
|-damage|p1a: 钢骑士|0 fnt
|faint|p1a: 钢骑士
|
|upkeep
|-message|LonelySxNner forfeited.
|
|win|NotClevey
|raw|NotClevey's rating: 1463 &rarr; <strong>1481</strong><br />(+18 for winning)
|raw|LonelySxNner's rating: 1435 &rarr; <strong>1417</strong><br />(-18 for losing)
|l|☆LonelySxNner
|player|p2|
|l|☆NotClevey
|player|p1|
