|j|☆Markuna15
|j|☆Pkcoach
|t:|1757953821
|gametype|singles
|player|p1|Markuna15|169|1229
|player|p2|Pkcoach|mira|1192
|gen|9
|tier|[Gen 9] OU
|rated|
|rule|HP Percentage Mod: HP is shown in percentages
|rule|Endless Battle Clause: Forcing endless battles is banned
|rule|Species Clause: Limit one of each Pokémon
|rule|OHKO Clause: OHKO moves are banned
|rule|Evasion Items Clause: Evasion items are banned
|rule|Evasion Moves Clause: Evasion moves are banned
|rule|Evasion Abilities Clause: Evasion abilities are banned
|rule|Sleep Moves Clause: Sleep-inducing moves are banned
|clearpoke
|poke|p1|Oinkologne, M|
|poke|p1|Latios, M|
|poke|p1|Cinderace, M|
|poke|p1|Primarina, M|
|poke|p1|Gliscor, F|
|poke|p1|Iron Valiant|
|poke|p2|Lokix, M|
|poke|p2|Corviknight, M|
|poke|p2|Grimmsnarl, M|
|poke|p2|Landorus-Therian, M|
|poke|p2|Rotom-Wash|
|poke|p2|Slowking-Galar, M|
|teampreview
|inactive|Battle timer is ON: inactive players will automatically lose when time's up. (requested by Pkcoach)
|
|t:|1757953834
|teamsize|p1|6
|teamsize|p2|6
|start
|switch|p1a: Iron Valiant|Iron Valiant|100/100
|switch|p2a: Rotom|Rotom-Wash, shiny|100/100
|-enditem|p1a: Iron Valiant|Booster Energy
|-activate|p1a: Iron Valiant|ability: Quark Drive|[fromitem]
|-start|p1a: Iron Valiant|quarkdrivespe
|turn|1
|
|t:|1757953842
|move|p1a: Iron Valiant|Knock Off|p2a: Rotom
|-damage|p2a: Rotom|53/100
|-enditem|p2a: Rotom|Choice Scarf|[from] move: Knock Off|[of] p1a: Iron Valiant
|move|p2a: Rotom|Hydro Pump|p1a: Iron Valiant
|-damage|p1a: Iron Valiant|0 fnt
|faint|p1a: Iron Valiant
|-end|p1a: Iron Valiant|Quark Drive|[silent]
|
|upkeep
|
|t:|1757953852
|switch|p1a: Latios|Latios, M|100/100
|turn|2
|
|t:|1757953857
|switch|p2a: Grimmsnarl|Grimmsnarl, M|100/100
|move|p1a: Latios|Luster Purge|p2a: Grimmsnarl
|-immune|p2a: Grimmsnarl
|
|upkeep
|turn|3
|
|t:|1757953863
|switch|p1a: Gliscor|Gliscor, F|100/100
|move|p2a: Grimmsnarl|Light Screen|p2a: Grimmsnarl
|-sidestart|p2: Pkcoach|move: Light Screen
|
|-status|p1a: Gliscor|tox|[from] item: Toxic Orb
|upkeep
|turn|4
|
|t:|1757953871
|move|p2a: Grimmsnarl|Reflect|p2a: Grimmsnarl
|-sidestart|p2: Pkcoach|Reflect
|move|p1a: Gliscor|Stealth Rock|p2a: Grimmsnarl
|-sidestart|p2: Pkcoach|move: Stealth Rock
|
|upkeep
|turn|5
|
|t:|1757953876
|move|p2a: Grimmsnarl|Parting Shot|p1a: Gliscor
|-unboost|p1a: Gliscor|atk|1
|-unboost|p1a: Gliscor|spa|1
|
|t:|1757953879
|switch|p2a: Corviknight|Corviknight, M, shiny|100/100|[from] Parting Shot
|-damage|p2a: Corviknight|88/100|[from] Stealth Rock
|move|p1a: Gliscor|Toxic|p2a: Corviknight
|-immune|p2a: Corviknight
|
|upkeep
|turn|6
|
|t:|1757953888
|move|p1a: Gliscor|Protect|p1a: Gliscor
|-singleturn|p1a: Gliscor|Protect
|move|p2a: Corviknight|Defog|p1a: Gliscor
|-activate|p1a: Gliscor|move: Protect
|
|upkeep
|turn|7
|
|t:|1757953898
|move|p1a: Gliscor|Stealth Rock||[still]
|-fail|p1a: Gliscor
|move|p2a: Corviknight|Defog|p1a: Gliscor
|-unboost|p1a: Gliscor|evasion|1
|-sideend|p2: Pkcoach|Stealth Rock|[from] move: Defog|[of] p2a: Corviknight
|
|upkeep
|turn|8
|
|t:|1757953905
|switch|p2a: Rotom|Rotom-Wash, shiny|53/100
|move|p1a: Gliscor|Stealth Rock|p2a: Rotom
|-sidestart|p2: Pkcoach|move: Stealth Rock
|
|upkeep
|turn|9
|
|t:|1757953912
|switch|p1a: Primarina|Primarina, M|100/100
|move|p2a: Rotom|Hydro Pump|p1a: Primarina
|-resisted|p1a: Primarina
|-damage|p1a: Primarina|86/100
|
|upkeep
|turn|10
|
|t:|1757953918
|move|p2a: Rotom|Volt Switch|p1a: Primarina
|-supereffective|p1a: Primarina
|-damage|p1a: Primarina|50/100
|
|t:|1757953922
|switch|p2a: Slowking|Slowking-Galar, M, shiny|100/100|[from] Volt Switch
|-damage|p2a: Slowking|88/100|[from] Stealth Rock
|move|p1a: Primarina|Draining Kiss|p2a: Slowking
|-resisted|p2a: Slowking
|-damage|p2a: Slowking|84/100
|-heal|p1a: Primarina|53/100|[from] drain|[of] p2a: Slowking
|
|-sideend|p2: Pkcoach|move: Light Screen
|upkeep
|turn|11
|
|t:|1757953937
|-terastallize|p2a: Slowking|Psychic
|move|p1a: Primarina|Hyper Voice|p2a: Slowking
|-damage|p2a: Slowking|58/100
|move|p2a: Slowking|Future Sight|p1a: Primarina
|-start|p2a: Slowking|move: Future Sight
|
|-sideend|p2: Pkcoach|Reflect
|upkeep
|turn|12
|
|t:|1757953946
|move|p1a: Primarina|Draining Kiss|p2a: Slowking
|-damage|p2a: Slowking|41/100
|-heal|p1a: Primarina|67/100|[from] drain|[of] p2a: Slowking
|move|p2a: Slowking|Acid Spray|p1a: Primarina
|-supereffective|p1a: Primarina
|-damage|p1a: Primarina|45/100
|-unboost|p1a: Primarina|spd|2
|
|upkeep
|turn|13
|
|t:|1757953957
|switch|p1a: Gliscor|Gliscor, F|100/100 tox
|move|p2a: Slowking|Acid Spray|p1a: Gliscor
|-resisted|p1a: Gliscor
|-damage|p1a: Gliscor|89/100 tox
|-unboost|p1a: Gliscor|spd|2
|
|-end|p1a: Gliscor|move: Future Sight
|-damage|p1a: Gliscor|0 fnt
|faint|p1a: Gliscor
|upkeep
|
|t:|1757953971
|switch|p1a: Primarina|Primarina, M|45/100
|turn|14
|
|t:|1757953975
|move|p1a: Primarina|Draining Kiss|p2a: Slowking
|-damage|p2a: Slowking|25/100
|-heal|p1a: Primarina|58/100|[from] drain|[of] p2a: Slowking
|move|p2a: Slowking|Future Sight|p1a: Primarina
|-start|p2a: Slowking|move: Future Sight
|
|upkeep
|turn|15
|
|t:|1757953983
|switch|p2a: Corviknight|Corviknight, M, shiny|88/100
|-damage|p2a: Corviknight|75/100|[from] Stealth Rock
|move|p1a: Primarina|Draining Kiss|p2a: Corviknight
|-resisted|p2a: Corviknight
|-damage|p2a: Corviknight|62/100
|-heal|p1a: Primarina|69/100|[from] drain|[of] p2a: Corviknight
|-damage|p1a: Primarina|53/100|[from] item: Rocky Helmet|[of] p2a: Corviknight
|
|upkeep
|turn|16
|
|t:|1757953993
|switch|p1a: Latios|Latios, M|100/100
|move|p2a: Corviknight|Defog|p1a: Latios
|-unboost|p1a: Latios|evasion|1
|-sideend|p2: Pkcoach|Stealth Rock|[from] move: Defog|[of] p2a: Corviknight
|
|-end|p1a: Latios|move: Future Sight
|-resisted|p1a: Latios
|-damage|p1a: Latios|61/100
|upkeep
|turn|17
|
|t:|1757954003
|switch|p2a: Grimmsnarl|Grimmsnarl, M|100/100
|move|p1a: Latios|Thunderbolt|p2a: Grimmsnarl
|-damage|p2a: Grimmsnarl|59/100
|
|upkeep
|turn|18
|
|t:|1757954010
|move|p2a: Grimmsnarl|Light Screen|p2a: Grimmsnarl
|-sidestart|p2: Pkcoach|move: Light Screen
|move|p1a: Latios|Thunderbolt|p2a: Grimmsnarl
|-damage|p2a: Grimmsnarl|39/100
|
|upkeep
|turn|19
|
|t:|1757954015
|move|p2a: Grimmsnarl|Reflect|p2a: Grimmsnarl
|-sidestart|p2: Pkcoach|Reflect
|move|p1a: Latios|Thunderbolt|p2a: Grimmsnarl
|-damage|p2a: Grimmsnarl|21/100
|
|upkeep
|turn|20
|
|t:|1757954021
|switch|p1a: Primarina|Primarina, M|53/100
|move|p2a: Grimmsnarl|Parting Shot|p1a: Primarina
|-unboost|p1a: Primarina|atk|1
|-unboost|p1a: Primarina|spa|1
|
|t:|1757954027
|switch|p2a: Rotom|Rotom-Wash, shiny|53/100|[from] Parting Shot
|
|upkeep
|turn|21
|
|t:|1757954031
|move|p2a: Rotom|Volt Switch|p1a: Primarina
|-supereffective|p1a: Primarina
|-damage|p1a: Primarina|16/100
|
|t:|1757954040
|switch|p2a: Corviknight|Corviknight, M, shiny|62/100|[from] Volt Switch
|move|p1a: Primarina|Draining Kiss|p2a: Corviknight
|-resisted|p2a: Corviknight
|-damage|p2a: Corviknight|57/100
|-heal|p1a: Primarina|20/100|[from] drain|[of] p2a: Corviknight
|-damage|p1a: Primarina|3/100|[from] item: Rocky Helmet|[of] p2a: Corviknight
|
|upkeep
|turn|22
|
|t:|1757954050
|switch|p1a: Latios|Latios, M|61/100
|move|p2a: Corviknight|Body Press|p1a: Latios
|-resisted|p1a: Latios
|-damage|p1a: Latios|41/100
|
|upkeep
|turn|23
|
|t:|1757954058
|switch|p2a: Grimmsnarl|Grimmsnarl, M|21/100
|move|p1a: Latios|Flip Turn|p2a: Grimmsnarl
|-damage|p2a: Grimmsnarl|16/100
|
|t:|1757954064
|switch|p1a: Oinkologne|Oinkologne, M|100/100|[from] Flip Turn
|
|upkeep
|turn|24
|
|t:|1757954070
|move|p2a: Grimmsnarl|Parting Shot|p1a: Oinkologne
|-unboost|p1a: Oinkologne|atk|1
|-unboost|p1a: Oinkologne|spa|1
|
|t:|1757954076
|switch|p2a: LANDO|Landorus-Therian, M, shiny|100/100|[from] Parting Shot
|-ability|p2a: LANDO|Intimidate|boost
|-unboost|p1a: Oinkologne|atk|1
|move|p1a: Oinkologne|Stuff Cheeks|p1a: Oinkologne
|-boost|p1a: Oinkologne|def|2
|-enditem|p1a: Oinkologne|Aguav Berry|[eat]
|
|upkeep
|turn|25
|
|t:|1757954087
|move|p2a: LANDO|U-turn|p1a: Oinkologne
|-damage|p1a: Oinkologne|90/100
|
|t:|1757954090
|switch|p2a: Slowking|Slowking-Galar, M, shiny, tera:Psychic|58/100|[from] U-turn
|move|p1a: Oinkologne|Body Press|p2a: Slowking
|-resisted|p2a: Slowking
|-damage|p2a: Slowking|47/100
|
|-sideend|p2: Pkcoach|move: Light Screen
|upkeep
|turn|26
|
|t:|1757954099
|move|p1a: Oinkologne|Stomping Tantrum|p2a: Slowking
|-damage|p2a: Slowking|43/100
|move|p2a: Slowking|Future Sight|p1a: Oinkologne
|-start|p2a: Slowking|move: Future Sight
|
|-sideend|p2: Pkcoach|Reflect
|upkeep
|turn|27
|-message|Markuna15 forfeited.
|
|win|Pkcoach
|raw|Markuna15's rating: 1229 &rarr; <strong>1201</strong><br />(-28 for losing)
|raw|Pkcoach's rating: 1192 &rarr; <strong>1220</strong><br />(+28 for winning)
|l|☆Markuna15
|player|p1|
|l|☆Pkcoach
|player|p2|
