|j|☆mister_ttar
|j|‽ayerbe
|t:|1757952278
|gametype|singles
|player|p1|mister_ttar|101|1583
|player|p2|ayerbe|blackbelt-gen4dp|1567
|gen|9
|tier|[Gen 9] OU
|rated|
|rule|HP Percentage Mod: HP is shown in percentages
|rule|Endless Battle Clause: Forcing endless battles is banned
|rule|Species Clause: Limit one of each Pokémon
|rule|OHKO Clause: OHKO moves are banned
|rule|Evasion Items Clause: Evasion items are banned
|rule|Evasion Moves Clause: Evasion moves are banned
|rule|Evasion Abilities Clause: Evasion abilities are banned
|rule|Sleep Moves Clause: Sleep-inducing moves are banned
|clearpoke
|poke|p1|Flamigo, F|
|poke|p1|Ting-Lu|
|poke|p1|Gholdengo|
|poke|p1|Dragapult, M|
|poke|p1|Kyurem|
|poke|p1|Great Tusk|
|poke|p2|Scizor, M|
|poke|p2|Garganacl, M|
|poke|p2|Great Tusk|
|poke|p2|Raging Bolt|
|poke|p2|Ting-Lu|
|poke|p2|Gholdengo|
|teampreview
|inactive|Battle timer is ON: inactive players will automatically lose when time's up. (requested by ayerbe)
|
|t:|1757952287
|teamsize|p1|6
|teamsize|p2|6
|start
|switch|p1a: Great Tusk|Great Tusk|100/100
|switch|p2a: Scizor|Scizor, M|100/100
|turn|1
|
|t:|1757952289
|move|p1a: Great Tusk|Knock Off|p2a: Scizor
|-damage|p2a: Scizor|72/100
|-enditem|p2a: Scizor|Expert Belt|[from] move: Knock Off|[of] p1a: Great Tusk
|move|p2a: Scizor|Dual Wingbeat|p1a: Great Tusk|[miss]
|-miss|p2a: Scizor|p1a: Great Tusk
|
|upkeep
|turn|2
|inactive|mister_ttar has 120 seconds left.
|inactive|mister_ttar has 90 seconds left.
|
|t:|1757952361
|move|p1a: Great Tusk|Headlong Rush|p2a: Scizor
|-damage|p2a: Scizor|18/100
|-unboost|p1a: Great Tusk|def|1
|-unboost|p1a: Great Tusk|spd|1
|move|p2a: Scizor|Dual Wingbeat|p1a: Great Tusk
|-supereffective|p1a: Great Tusk
|-damage|p1a: Great Tusk|60/100
|-damage|p2a: Scizor|1/100|[from] item: Rocky Helmet|[of] p1a: Great Tusk
|-supereffective|p1a: Great Tusk
|-damage|p1a: Great Tusk|19/100
|-damage|p2a: Scizor|0 fnt|[from] item: Rocky Helmet|[of] p1a: Great Tusk
|faint|p2a: Scizor
|-hitcount|p1a: Great Tusk|2
|
|upkeep
|
|t:|1757952372
|switch|p2a: Gholdengo|Gholdengo|100/100
|turn|3
|inactive|mister_ttar has 90 seconds left.
|
|t:|1757952377
|-end|p1a: Great Tusk|Protosynthesis|[silent]
|switch|p1a: Ting-Lu|Ting-Lu|100/100
|-ability|p1a: Ting-Lu|Vessel of Ruin
|move|p2a: Gholdengo|Shadow Ball|p1a: Ting-Lu
|-resisted|p1a: Ting-Lu
|-damage|p1a: Ting-Lu|92/100
|-unboost|p1a: Ting-Lu|spd|1
|
|-heal|p1a: Ting-Lu|98/100|[from] item: Leftovers
|upkeep
|turn|4
|
|t:|1757952384
|switch|p2a: Ting-Lu|Ting-Lu|100/100
|-ability|p2a: Ting-Lu|Vessel of Ruin
|move|p1a: Ting-Lu|Spikes|p2a: Ting-Lu
|-sidestart|p2: ayerbe|Spikes
|
|-heal|p1a: Ting-Lu|100/100|[from] item: Leftovers
|upkeep
|turn|5
|
|t:|1757952387
|switch|p1a: Kyurem|Kyurem|100/100
|-ability|p1a: Kyurem|Pressure
|move|p2a: Ting-Lu|Stealth Rock|p1a: Kyurem
|-sidestart|p1: mister_ttar|move: Stealth Rock
|
|upkeep
|turn|6
|
|t:|1757952393
|move|p1a: Kyurem|Dragon Dance|p1a: Kyurem
|-boost|p1a: Kyurem|atk|1
|-boost|p1a: Kyurem|spe|1
|move|p2a: Ting-Lu|Spikes|p1a: Kyurem
|-sidestart|p1: mister_ttar|Spikes
|
|upkeep
|turn|7
|
|t:|1757952395
|move|p1a: Kyurem|Icicle Spear|p2a: Ting-Lu
|-supereffective|p2a: Ting-Lu
|-damage|p2a: Ting-Lu|81/100
|-supereffective|p2a: Ting-Lu
|-damage|p2a: Ting-Lu|59/100
|-supereffective|p2a: Ting-Lu
|-damage|p2a: Ting-Lu|36/100
|-supereffective|p2a: Ting-Lu
|-damage|p2a: Ting-Lu|16/100
|-hitcount|p2a: Ting-Lu|4
|move|p2a: Ting-Lu|Whirlwind|p1a: Kyurem
|drag|p1a: Dragapult|Dragapult, M|100/100
|
|-heal|p2a: Ting-Lu|22/100|[from] item: Leftovers
|upkeep
|turn|8
|
|t:|1757952405
|move|p1a: Dragapult|Dragon Darts|p2a: Ting-Lu
|-damage|p2a: Ting-Lu|11/100
|-anim|p1a: Dragapult|Dragon Darts|p2a: Ting-Lu
|-damage|p2a: Ting-Lu|0 fnt
|faint|p2a: Ting-Lu
|
|upkeep
|
|t:|1757952412
|switch|p2a: Garganacl|Garganacl, M|100/100
|-damage|p2a: Garganacl|88/100|[from] Spikes
|turn|9
|
|t:|1757952420
|move|p1a: Dragapult|Dragon Darts|p2a: Garganacl
|-damage|p2a: Garganacl|77/100
|-anim|p1a: Dragapult|Dragon Darts|p2a: Garganacl
|-damage|p2a: Garganacl|66/100
|move|p2a: Garganacl|Salt Cure|p1a: Dragapult
|-damage|p1a: Dragapult|82/100
|-start|p1a: Dragapult|Salt Cure
|
|-heal|p2a: Garganacl|72/100|[from] item: Leftovers
|-damage|p1a: Dragapult|70/100|[from] Salt Cure
|upkeep
|turn|10
|
|t:|1757952422
|move|p1a: Dragapult|U-turn|p2a: Garganacl
|-damage|p2a: Garganacl|62/100
|
|t:|1757952426
|switch|p1a: Ting-Lu|Ting-Lu|100/100|[from] U-turn
|-damage|p1a: Ting-Lu|94/100|[from] Stealth Rock
|-damage|p1a: Ting-Lu|82/100|[from] Spikes
|-ability|p1a: Ting-Lu|Vessel of Ruin
|move|p2a: Garganacl|Curse|p2a: Garganacl
|-unboost|p2a: Garganacl|spe|1
|-boost|p2a: Garganacl|atk|1
|-boost|p2a: Garganacl|def|1
|
|-heal|p1a: Ting-Lu|88/100|[from] item: Leftovers
|-heal|p2a: Garganacl|68/100|[from] item: Leftovers
|upkeep
|turn|11
|
|t:|1757952429
|move|p1a: Ting-Lu|Spikes|p2a: Garganacl
|-sidestart|p2: ayerbe|Spikes
|move|p2a: Garganacl|Salt Cure|p1a: Ting-Lu
|-resisted|p1a: Ting-Lu
|-damage|p1a: Ting-Lu|83/100
|-start|p1a: Ting-Lu|Salt Cure
|
|-heal|p1a: Ting-Lu|89/100|[from] item: Leftovers
|-heal|p2a: Garganacl|74/100|[from] item: Leftovers
|-damage|p1a: Ting-Lu|76/100|[from] Salt Cure
|upkeep
|turn|12
|
|t:|1757952439
|move|p2a: Garganacl|Salt Cure|p1a: Ting-Lu
|-resisted|p1a: Ting-Lu
|-damage|p1a: Ting-Lu|71/100
|move|p1a: Ting-Lu|Whirlwind|p2a: Garganacl
|drag|p2a: Raging Bolt|Raging Bolt|100/100
|-damage|p2a: Raging Bolt|84/100|[from] Spikes
|
|-heal|p1a: Ting-Lu|77/100|[from] item: Leftovers
|-damage|p1a: Ting-Lu|64/100|[from] Salt Cure
|upkeep
|turn|13
|
|t:|1757952442
|move|p2a: Raging Bolt|Dragon Pulse|p1a: Ting-Lu
|-crit|p1a: Ting-Lu
|-damage|p1a: Ting-Lu|31/100
|move|p1a: Ting-Lu|Spikes|p2a: Raging Bolt
|-sidestart|p2: ayerbe|Spikes
|
|-heal|p1a: Ting-Lu|37/100|[from] item: Leftovers
|-damage|p1a: Ting-Lu|25/100|[from] Salt Cure
|upkeep
|turn|14
|
|t:|1757952447
|-end|p2a: Raging Bolt|Protosynthesis|[silent]
|switch|p2a: Great Tusk|Great Tusk|100/100
|move|p1a: Ting-Lu|Earthquake|p2a: Great Tusk
|-damage|p2a: Great Tusk|79/100
|
|-heal|p1a: Ting-Lu|31/100|[from] item: Leftovers
|-damage|p1a: Ting-Lu|18/100|[from] Salt Cure
|upkeep
|turn|15
|
|t:|1757952453
|switch|p1a: Gholdengo|Gholdengo|100/100
|-damage|p1a: Gholdengo|94/100|[from] Stealth Rock
|-item|p1a: Gholdengo|Air Balloon
|move|p2a: Great Tusk|Knock Off|p1a: Gholdengo
|-supereffective|p1a: Gholdengo
|-damage|p1a: Gholdengo|35/100
|-enditem|p1a: Gholdengo|Air Balloon
|
|upkeep
|turn|16
|
|t:|1757952456
|move|p2a: Great Tusk|Headlong Rush|p1a: Gholdengo
|-supereffective|p1a: Gholdengo
|-crit|p1a: Gholdengo
|-damage|p1a: Gholdengo|0 fnt
|-unboost|p2a: Great Tusk|def|1
|-unboost|p2a: Great Tusk|spd|1
|faint|p1a: Gholdengo
|
|upkeep
|
|t:|1757952460
|switch|p1a: Dragapult|Dragapult, M|70/100
|turn|17
|
|t:|1757952464
|-end|p2a: Great Tusk|Protosynthesis|[silent]
|switch|p2a: Garganacl|Garganacl, M|74/100
|-damage|p2a: Garganacl|49/100|[from] Spikes
|move|p1a: Dragapult|Hex|p2a: Garganacl
|-damage|p2a: Garganacl|36/100
|
|-heal|p2a: Garganacl|42/100|[from] item: Leftovers
|upkeep
|turn|18
|
|t:|1757952467
|move|p1a: Dragapult|U-turn|p2a: Garganacl
|-damage|p2a: Garganacl|31/100
|
|t:|1757952479
|switch|p1a: Great Tusk|Great Tusk|19/100|[from] U-turn
|-damage|p1a: Great Tusk|16/100|[from] Stealth Rock
|-damage|p1a: Great Tusk|3/100|[from] Spikes
|move|p2a: Garganacl|Recover|p2a: Garganacl
|-heal|p2a: Garganacl|81/100
|
|-heal|p2a: Garganacl|88/100|[from] item: Leftovers
|upkeep
|turn|19
|
|t:|1757952486
|-terastallize|p2a: Garganacl|Ghost
|move|p1a: Great Tusk|Headlong Rush|p2a: Garganacl
|-damage|p2a: Garganacl|59/100
|-unboost|p1a: Great Tusk|def|1
|-unboost|p1a: Great Tusk|spd|1
|move|p2a: Garganacl|Salt Cure|p1a: Great Tusk
|-resisted|p1a: Great Tusk
|-damage|p1a: Great Tusk|0 fnt
|faint|p1a: Great Tusk
|-end|p1a: Great Tusk|Protosynthesis|[silent]
|
|-heal|p2a: Garganacl|65/100|[from] item: Leftovers
|upkeep
|
|t:|1757952504
|switch|p1a: Dragapult|Dragapult, M|70/100
|turn|20
|
|t:|1757952508
|move|p1a: Dragapult|Hex|p2a: Garganacl
|-supereffective|p2a: Garganacl
|-damage|p2a: Garganacl|40/100
|move|p2a: Garganacl|Salt Cure|p1a: Dragapult
|-damage|p1a: Dragapult|53/100
|-start|p1a: Dragapult|Salt Cure
|
|-heal|p2a: Garganacl|46/100|[from] item: Leftovers
|-damage|p1a: Dragapult|40/100|[from] Salt Cure
|upkeep
|turn|21
|
|t:|1757952512
|move|p1a: Dragapult|U-turn|p2a: Garganacl
|-resisted|p2a: Garganacl
|-damage|p2a: Garganacl|41/100
|
|t:|1757952514
|switch|p1a: Kyurem|Kyurem|100/100|[from] U-turn
|-damage|p1a: Kyurem|76/100|[from] Stealth Rock
|-damage|p1a: Kyurem|63/100|[from] Spikes
|-ability|p1a: Kyurem|Pressure
|move|p2a: Garganacl|Recover|p2a: Garganacl
|-heal|p2a: Garganacl|91/100
|
|-heal|p2a: Garganacl|97/100|[from] item: Leftovers
|upkeep
|turn|22
|
|t:|1757952519
|move|p1a: Kyurem|Icicle Spear|p2a: Garganacl
|-crit|p2a: Garganacl
|-damage|p2a: Garganacl|87/100
|-damage|p2a: Garganacl|80/100
|-damage|p2a: Garganacl|73/100
|-damage|p2a: Garganacl|66/100
|-damage|p2a: Garganacl|59/100
|-hitcount|p2a: Garganacl|5
|move|p2a: Garganacl|Salt Cure|p1a: Kyurem
|-supereffective|p1a: Kyurem
|-damage|p1a: Kyurem|36/100
|-start|p1a: Kyurem|Salt Cure
|
|-heal|p2a: Garganacl|65/100|[from] item: Leftovers
|-damage|p1a: Kyurem|24/100|[from] Salt Cure
|upkeep
|turn|23
|
|t:|1757952526
|move|p1a: Kyurem|Dragon Dance|p1a: Kyurem
|-boost|p1a: Kyurem|atk|1
|-boost|p1a: Kyurem|spe|1
|move|p2a: Garganacl|Recover|p2a: Garganacl
|-heal|p2a: Garganacl|100/100
|
|-damage|p1a: Kyurem|11/100|[from] Salt Cure
|upkeep
|turn|24
|
|t:|1757952529
|move|p1a: Kyurem|Icicle Spear|p2a: Garganacl
|-damage|p2a: Garganacl|91/100
|-damage|p2a: Garganacl|80/100
|-damage|p2a: Garganacl|71/100
|-damage|p2a: Garganacl|61/100
|-damage|p2a: Garganacl|51/100
|-hitcount|p2a: Garganacl|5
|move|p2a: Garganacl|Salt Cure|p1a: Kyurem
|-supereffective|p1a: Kyurem
|-damage|p1a: Kyurem|0 fnt
|faint|p1a: Kyurem
|
|-heal|p2a: Garganacl|58/100|[from] item: Leftovers
|upkeep
|
|t:|1757952532
|switch|p1a: Flamigo|Flamigo, F|100/100
|-damage|p1a: Flamigo|88/100|[from] Stealth Rock
|turn|25
|
|t:|1757952538
|-terastallize|p1a: Flamigo|Fighting
|move|p1a: Flamigo|Close Combat|p2a: Garganacl
|-damage|p2a: Garganacl|21/100
|-unboost|p1a: Flamigo|def|1
|-unboost|p1a: Flamigo|spd|1
|move|p2a: Garganacl|Salt Cure|p1a: Flamigo
|-resisted|p1a: Flamigo
|-damage|p1a: Flamigo|73/100
|-start|p1a: Flamigo|Salt Cure
|
|-heal|p2a: Garganacl|27/100|[from] item: Leftovers
|-damage|p1a: Flamigo|60/100|[from] Salt Cure
|upkeep
|turn|26
|
|t:|1757952544
|move|p1a: Flamigo|Close Combat|p2a: Garganacl
|-damage|p2a: Garganacl|0 fnt
|-unboost|p1a: Flamigo|def|1
|-unboost|p1a: Flamigo|spd|1
|faint|p2a: Garganacl
|
|-damage|p1a: Flamigo|48/100|[from] Salt Cure
|upkeep
|
|t:|1757952546
|switch|p2a: Great Tusk|Great Tusk|79/100
|turn|27
|
|t:|1757952550
|move|p1a: Flamigo|Close Combat|p2a: Great Tusk
|-damage|p2a: Great Tusk|33/100
|-unboost|p1a: Flamigo|def|1
|-unboost|p1a: Flamigo|spd|1
|move|p2a: Great Tusk|Rapid Spin|p1a: Flamigo
|-damage|p1a: Flamigo|0 fnt
|-boost|p2a: Great Tusk|spe|1
|-sideend|p2: ayerbe|Spikes|[from] move: Rapid Spin|[of] p2a: Great Tusk
|faint|p1a: Flamigo
|
|upkeep
|-message|mister_ttar forfeited.
|
|win|ayerbe
|raw|mister_ttar's rating: 1583 &rarr; <strong>1562</strong><br />(-21 for losing)
|raw|ayerbe's rating: 1567 &rarr; <strong>1588</strong><br />(+21 for winning)
|l|☆mister_ttar
|player|p1|
|l|‽ayerbe
|player|p2|
