|j|‽Morthill
|j|☆Apolo_17
|t:|1757875679
|gametype|singles
|player|p1|Morthill|265|1218
|player|p2|Apolo_17|bellelba|1186
|gen|9
|tier|[Gen 9] OU
|rated|
|rule|HP Percentage Mod: HP is shown in percentages
|rule|Endless Battle Clause: Forcing endless battles is banned
|rule|Species Clause: Limit one of each Pokémon
|rule|OHKO Clause: OHKO moves are banned
|rule|Evasion Items Clause: Evasion items are banned
|rule|Evasion Moves Clause: Evasion moves are banned
|rule|Evasion Abilities Clause: Evasion abilities are banned
|rule|Sleep Moves Clause: Sleep-inducing moves are banned
|clearpoke
|poke|p1|Cloyster, M|
|poke|p1|Slowking-Galar, M|
|poke|p1|Hoopa-Unbound|
|poke|p1|Avalugg-Hisui, M|
|poke|p1|Ninetales-Alola, M|
|poke|p1|Cetitan, M|
|poke|p2|Malamar, F|
|poke|p2|Mimikyu, F|
|poke|p2|Glastrier|
|poke|p2|Slowking-Galar, F|
|poke|p2|Great Tusk|
|poke|p2|Garchomp, F|
|teampreview
|inactive|Battle timer is ON: inactive players will automatically lose when time's up. (requested by Morthill)
|
|t:|1757875689
|teamsize|p1|6
|teamsize|p2|6
|start
|switch|p1a: Slowking|Slowking-Galar, M|100/100
|switch|p2a: Glastrier|Glastrier|100/100
|turn|1
|
|t:|1757875695
|move|p2a: Glastrier|Crunch|p1a: Slowking
|-supereffective|p1a: Slowking
|-damage|p1a: Slowking|31/100
|move|p1a: Slowking|Flamethrower|p2a: Glastrier
|-supereffective|p2a: Glastrier
|-damage|p2a: Glastrier|56/100
|-status|p2a: Glastrier|brn
|
|-damage|p2a: Glastrier|50/100 brn|[from] brn
|upkeep
|turn|2
|
|t:|1757875705
|switch|p1a: Avalugg|Avalugg-Hisui, M, shiny|100/100
|move|p2a: Glastrier|Crunch|p1a: Avalugg
|-damage|p1a: Avalugg|93/100
|-unboost|p1a: Avalugg|def|1
|-damage|p2a: Glastrier|34/100 brn|[from] item: Rocky Helmet|[of] p1a: Avalugg
|
|-damage|p2a: Glastrier|27/100 brn|[from] brn
|upkeep
|turn|3
|
|t:|1757875716
|move|p1a: Avalugg|Iron Defense|p1a: Avalugg
|-boost|p1a: Avalugg|def|2
|move|p2a: Glastrier|Close Combat|p1a: Avalugg
|-supereffective|p1a: Avalugg
|-damage|p1a: Avalugg|60/100
|-unboost|p2a: Glastrier|def|1
|-unboost|p2a: Glastrier|spd|1
|-damage|p2a: Glastrier|11/100 brn|[from] item: Rocky Helmet|[of] p1a: Avalugg
|
|-damage|p2a: Glastrier|5/100 brn|[from] brn
|upkeep
|turn|4
|
|t:|1757875735
|move|p1a: Avalugg|Iron Defense|p1a: Avalugg
|-boost|p1a: Avalugg|def|2
|move|p2a: Glastrier|Close Combat|p1a: Avalugg
|-supereffective|p1a: Avalugg
|-damage|p1a: Avalugg|41/100
|-unboost|p2a: Glastrier|def|1
|-unboost|p2a: Glastrier|spd|1
|-damage|p2a: Glastrier|0 fnt|[from] item: Rocky Helmet|[of] p1a: Avalugg
|faint|p2a: Glastrier
|
|upkeep
|
|t:|1757875738
|switch|p2a: Malamar|Malamar, F|100/100
|turn|5
|
|t:|1757875747
|move|p2a: Malamar|Superpower|p1a: Avalugg
|-supereffective|p1a: Avalugg
|-damage|p1a: Avalugg|12/100
|-boost|p2a: Malamar|atk|1
|-boost|p2a: Malamar|def|1
|-damage|p2a: Malamar|84/100|[from] item: Rocky Helmet|[of] p1a: Avalugg
|move|p1a: Avalugg|Body Press|p2a: Malamar
|-damage|p2a: Malamar|24/100
|
|-heal|p2a: Malamar|30/100|[from] item: Leftovers
|upkeep
|turn|6
|
|t:|1757875758
|move|p2a: Malamar|Superpower|p1a: Avalugg
|-supereffective|p1a: Avalugg
|-damage|p1a: Avalugg|0 fnt
|-boost|p2a: Malamar|atk|1
|-boost|p2a: Malamar|def|1
|-damage|p2a: Malamar|14/100|[from] item: Rocky Helmet|[of] p1a: Avalugg
|faint|p1a: Avalugg
|
|-heal|p2a: Malamar|20/100|[from] item: Leftovers
|upkeep
|
|t:|1757875768
|switch|p1a: Ninetales|Ninetales-Alola, M, shiny|100/100
|-weather|Snowscape|[from] ability: Snow Warning|[of] p1a: Ninetales
|turn|7
|
|t:|1757875772
|move|p1a: Ninetales|Aurora Veil|p1a: Ninetales
|-sidestart|p1: Morthill|move: Aurora Veil
|move|p2a: Malamar|Rest|p2a: Malamar
|-status|p2a: Malamar|slp|[from] move: Rest
|-heal|p2a: Malamar|100/100 slp|[silent]
|
|-weather|Snowscape|[upkeep]
|upkeep
|turn|8
|
|t:|1757875785
|switch|p1a: Cetitan|Cetitan, M, shiny|100/100
|cant|p2a: Malamar|slp
|move|p2a: Malamar|Sleep Talk|p2a: Malamar
|move|p2a: Malamar|Knock Off|p1a: Cetitan|[from] move: Sleep Talk
|-damage|p1a: Cetitan|75/100
|-enditem|p1a: Cetitan|Sitrus Berry|[from] move: Knock Off|[of] p2a: Malamar
|
|-weather|Snowscape|[upkeep]
|upkeep
|turn|9
|
|t:|1757875797
|move|p1a: Cetitan|Belly Drum|p1a: Cetitan
|-damage|p1a: Cetitan|25/100
|-setboost|p1a: Cetitan|atk|6|[from] move: Belly Drum
|cant|p2a: Malamar|slp
|move|p2a: Malamar|Sleep Talk|p2a: Malamar
|move|p2a: Malamar|Knock Off|p1a: Cetitan|[from] move: Sleep Talk
|-damage|p1a: Cetitan|8/100
|
|-weather|Snowscape|[upkeep]
|upkeep
|turn|10
|
|t:|1757875804
|move|p1a: Cetitan|Icicle Spear|p2a: Malamar
|-damage|p2a: Malamar|80/100 slp
|-damage|p2a: Malamar|61/100 slp
|-hitcount|p2a: Malamar|2
|-curestatus|p2a: Malamar|slp|[msg]
|move|p2a: Malamar|Sleep Talk||[still]
|-fail|p2a: Malamar
|
|-weather|Snowscape|[upkeep]
|-heal|p2a: Malamar|67/100|[from] item: Leftovers
|upkeep
|turn|11
|
|t:|1757875812
|move|p1a: Cetitan|Icicle Spear|p2a: Malamar
|-damage|p2a: Malamar|48/100
|-damage|p2a: Malamar|28/100
|-hitcount|p2a: Malamar|2
|move|p2a: Malamar|Superpower|p1a: Cetitan
|-supereffective|p1a: Cetitan
|-damage|p1a: Cetitan|0 fnt
|-boost|p2a: Malamar|atk|1
|-boost|p2a: Malamar|def|1
|faint|p1a: Cetitan
|
|-weather|none
|-heal|p2a: Malamar|34/100|[from] item: Leftovers
|upkeep
|
|t:|1757875823
|switch|p1a: Cloyster|Cloyster, M, shiny|100/100
|turn|12
|
|t:|1757875827
|move|p1a: Cloyster|Icicle Spear|p2a: Malamar
|-damage|p2a: Malamar|28/100
|-damage|p2a: Malamar|22/100
|-damage|p2a: Malamar|17/100
|-damage|p2a: Malamar|11/100
|-damage|p2a: Malamar|6/100
|-hitcount|p2a: Malamar|5
|-damage|p1a: Cloyster|91/100|[from] item: Life Orb
|move|p2a: Malamar|Rest|p2a: Malamar
|-status|p2a: Malamar|slp|[from] move: Rest
|-heal|p2a: Malamar|100/100 slp|[silent]
|
|upkeep
|turn|13
|
|t:|1757875836
|move|p1a: Cloyster|Shell Smash|p1a: Cloyster
|-unboost|p1a: Cloyster|def|1
|-unboost|p1a: Cloyster|spd|1
|-boost|p1a: Cloyster|atk|2
|-boost|p1a: Cloyster|spa|2
|-boost|p1a: Cloyster|spe|2
|cant|p2a: Malamar|slp
|move|p2a: Malamar|Sleep Talk|p2a: Malamar
|move|p2a: Malamar|Rest||[from] move: Sleep Talk|[still]
|-fail|p2a: Malamar
|
|upkeep
|turn|14
|
|t:|1757875846
|move|p1a: Cloyster|Icicle Spear|p2a: Malamar
|-damage|p2a: Malamar|88/100 slp
|-crit|p2a: Malamar
|-damage|p2a: Malamar|47/100 slp
|-damage|p2a: Malamar|34/100 slp
|-damage|p2a: Malamar|23/100 slp
|-damage|p2a: Malamar|11/100 slp
|-hitcount|p2a: Malamar|5
|-damage|p1a: Cloyster|81/100|[from] item: Life Orb
|cant|p2a: Malamar|slp
|move|p2a: Malamar|Sleep Talk|p2a: Malamar
|move|p2a: Malamar|Rest||[from] move: Sleep Talk|[still]
|-fail|p2a: Malamar
|
|-heal|p2a: Malamar|17/100 slp|[from] item: Leftovers
|-sideend|p1: Morthill|move: Aurora Veil
|upkeep
|turn|15
|
|t:|1757875850
|move|p1a: Cloyster|Icicle Spear|p2a: Malamar
|-crit|p2a: Malamar
|-damage|p2a: Malamar|0 fnt
|faint|p2a: Malamar
|-hitcount|p2: Malamar|1
|-damage|p1a: Cloyster|71/100|[from] item: Life Orb
|
|upkeep
|
|t:|1757875855
|switch|p2a: Mimikyu|Mimikyu, F|100/100
|turn|16
|
|t:|1757875859
|move|p1a: Cloyster|Icicle Spear|p2a: Mimikyu
|-activate|p2a: Mimikyu|ability: Disguise
|-damage|p2a: Mimikyu|100/100
|detailschange|p2a: Mimikyu|Mimikyu-Busted, F
|-damage|p2a: Mimikyu|88/100|[from] pokemon: Mimikyu-Busted
|-damage|p2a: Mimikyu|48/100
|-damage|p2a: Mimikyu|9/100
|-damage|p2a: Mimikyu|0 fnt
|faint|p2a: Mimikyu
|-hitcount|p2: Mimikyu|4
|-damage|p1a: Cloyster|61/100|[from] item: Life Orb
|
|upkeep
|
|t:|1757875865
|switch|p2a: Slowking|Slowking-Galar, F|100/100
|turn|17
|
|t:|1757875870
|-terastallize|p1a: Cloyster|Ground
|move|p1a: Cloyster|Drill Run|p2a: Slowking
|-supereffective|p2a: Slowking
|-damage|p2a: Slowking|0 fnt
|faint|p2a: Slowking
|-damage|p1a: Cloyster|51/100|[from] item: Life Orb
|
|upkeep
|
|t:|1757875875
|switch|p2a: Great Tusk|Great Tusk|100/100
|-enditem|p2a: Great Tusk|Booster Energy
|-activate|p2a: Great Tusk|ability: Protosynthesis|[fromitem]
|-start|p2a: Great Tusk|protosynthesisatk
|turn|18
|
|t:|1757875879
|move|p1a: Cloyster|Icicle Spear|p2a: Great Tusk
|-supereffective|p2a: Great Tusk
|-damage|p2a: Great Tusk|61/100
|-supereffective|p2a: Great Tusk
|-damage|p2a: Great Tusk|21/100
|-supereffective|p2a: Great Tusk
|-damage|p2a: Great Tusk|0 fnt
|faint|p2a: Great Tusk
|-end|p2a: Great Tusk|Protosynthesis|[silent]
|-hitcount|p2: Great Tusk|3
|-damage|p1a: Cloyster|41/100|[from] item: Life Orb
|
|upkeep
|
|t:|1757875881
|switch|p2a: Garchomp|Garchomp, F|100/100
|turn|19
|
|t:|1757875884
|move|p1a: Cloyster|Icicle Spear|p2a: Garchomp
|-supereffective|p2a: Garchomp
|-crit|p2a: Garchomp
|-damage|p2a: Garchomp|0 fnt
|faint|p2a: Garchomp
|-hitcount|p2: Garchomp|1
|-damage|p1a: Cloyster|31/100|[from] item: Life Orb
|
|win|Morthill
|raw|Morthill's rating: 1218 &rarr; <strong>1241</strong><br />(+23 for winning)
|raw|Apolo_17's rating: 1186 &rarr; <strong>1163</strong><br />(-23 for losing)
|l|‽Morthill
|player|p1|
|l|☆Apolo_17
|player|p2|
