|j|☆Albertsux2007
|j|☆Mr.X&Y97
|t:|1757907649
|gametype|singles
|player|p1|Albertsux2007|camper|1487
|player|p2|Mr.X&Y97|ingo|1587
|gen|9
|tier|[Gen 9] OU
|rated|
|rule|HP Percentage Mod: HP is shown in percentages
|rule|Endless Battle Clause: Forcing endless battles is banned
|rule|Species Clause: Limit one of each Pokémon
|rule|OHKO Clause: OHKO moves are banned
|rule|Evasion Items Clause: Evasion items are banned
|rule|Evasion Moves Clause: Evasion moves are banned
|rule|Evasion Abilities Clause: Evasion abilities are banned
|rule|Sleep Moves Clause: Sleep-inducing moves are banned
|clearpoke
|poke|p1|Kingambit, F|
|poke|p1|Great Tusk|
|poke|p1|Cinderace, M|
|poke|p1|Corviknight, F|
|poke|p1|Kyurem|
|poke|p1|Slowking-Galar, M|
|poke|p2|Samurott-Hisui, M|
|poke|p2|Gholdengo|
|poke|p2|Great Tusk|
|poke|p2|Raging Bolt|
|poke|p2|Dragonite, F|
|poke|p2|Kingambit, M|
|teampreview
|inactive|Battle timer is ON: inactive players will automatically lose when time's up. (requested by Mr.X&Y97)
|
|t:|1757907656
|teamsize|p1|6
|teamsize|p2|6
|start
|switch|p1a: Cinderace|Cinderace, M|100/100
|switch|p2a: Samurott|Samurott-Hisui, M|100/100
|turn|1
|
|t:|1757907664
|switch|p1a: Corviknight|Corviknight, F|100/100
|-ability|p1a: Corviknight|Pressure
|move|p2a: Samurott|Razor Shell|p1a: Corviknight
|-damage|p1a: Corviknight|72/100
|-unboost|p1a: Corviknight|def|1
|-damage|p2a: Samurott|84/100|[from] item: Rocky Helmet|[of] p1a: Corviknight
|
|upkeep
|turn|2
|
|t:|1757907673
|move|p2a: Samurott|Razor Shell|p1a: Corviknight
|-damage|p1a: Corviknight|25/100
|-unboost|p1a: Corviknight|def|1
|-damage|p2a: Samurott|67/100|[from] item: Rocky Helmet|[of] p1a: Corviknight
|move|p1a: Corviknight|U-turn|p2a: Samurott
|-supereffective|p2a: Samurott
|-damage|p2a: Samurott|33/100
|
|t:|1757907687
|switch|p1a: Kyurem|Kyurem|100/100|[from] U-turn
|-ability|p1a: Kyurem|Pressure
|
|upkeep
|turn|3
|
|t:|1757907693
|switch|p2a: Gholdengo|Gholdengo|100/100
|-item|p2a: Gholdengo|Air Balloon
|move|p1a: Kyurem|Freeze-Dry|p2a: Gholdengo
|-resisted|p2a: Gholdengo
|-damage|p2a: Gholdengo|73/100
|-enditem|p2a: Gholdengo|Air Balloon
|
|upkeep
|turn|4
|
|t:|1757907703
|switch|p1a: Cinderace|Cinderace, M|100/100
|move|p2a: Gholdengo|Thunder Wave|p1a: Cinderace
|-status|p1a: Cinderace|par
|
|upkeep
|turn|5
|
|t:|1757907716
|switch|p2a: Raging Bolt|Raging Bolt|100/100
|-enditem|p2a: Raging Bolt|Booster Energy
|-activate|p2a: Raging Bolt|ability: Protosynthesis|[fromitem]
|-start|p2a: Raging Bolt|protosynthesisspa
|move|p1a: Cinderace|U-turn|p2a: Raging Bolt
|-damage|p2a: Raging Bolt|82/100
|
|t:|1757907723
|switch|p1a: Great Tusk|Great Tusk|100/100|[from] U-turn
|
|upkeep
|turn|6
|
|t:|1757907741
|move|p2a: Raging Bolt|Dragon Pulse|p1a: Great Tusk
|-damage|p1a: Great Tusk|38/100
|move|p1a: Great Tusk|Earthquake|p2a: Raging Bolt
|-supereffective|p2a: Raging Bolt
|-damage|p2a: Raging Bolt|4/100
|
|-heal|p1a: Great Tusk|44/100|[from] item: Leftovers
|upkeep
|turn|7
|
|t:|1757907756
|move|p2a: Raging Bolt|Dragon Pulse|p1a: Great Tusk
|-damage|p1a: Great Tusk|0 fnt
|faint|p1a: Great Tusk
|-end|p1a: Great Tusk|Protosynthesis|[silent]
|
|upkeep
|
|t:|1757907758
|switch|p1a: Kingambit|Kingambit, F|100/100
|-activate|p1a: Kingambit|ability: Supreme Overlord
|-start|p1a: Kingambit|fallen1|[silent]
|turn|8
|
|t:|1757907760
|move|p1a: Kingambit|Sucker Punch|p2a: Raging Bolt
|-damage|p2a: Raging Bolt|0 fnt
|faint|p2a: Raging Bolt
|-end|p2a: Raging Bolt|Protosynthesis|[silent]
|
|upkeep
|
|t:|1757907766
|switch|p2a: Great Tusk|Great Tusk|100/100
|turn|9
|
|t:|1757907775
|-end|p1a: Kingambit|fallen1|[silent]
|switch|p1a: Corviknight|Corviknight, F|25/100
|-ability|p1a: Corviknight|Pressure
|move|p2a: Great Tusk|Rapid Spin|p1a: Corviknight
|-resisted|p1a: Corviknight
|-damage|p1a: Corviknight|20/100
|-boost|p2a: Great Tusk|spe|1
|-damage|p2a: Great Tusk|84/100|[from] item: Rocky Helmet|[of] p1a: Corviknight
|
|upkeep
|turn|10
|
|t:|1757907782
|move|p2a: Great Tusk|Knock Off|p1a: Corviknight
|-damage|p1a: Corviknight|3/100
|-damage|p2a: Great Tusk|67/100|[from] item: Rocky Helmet|[of] p1a: Corviknight
|-enditem|p1a: Corviknight|Rocky Helmet|[from] move: Knock Off|[of] p2a: Great Tusk
|move|p1a: Corviknight|Roost|p1a: Corviknight
|-heal|p1a: Corviknight|53/100
|-singleturn|p1a: Corviknight|move: Roost
|
|upkeep
|turn|11
|
|t:|1757907785
|move|p2a: Great Tusk|Stealth Rock|p1a: Corviknight
|-sidestart|p1: Albertsux2007|move: Stealth Rock
|move|p1a: Corviknight|Roost|p1a: Corviknight
|-heal|p1a: Corviknight|100/100
|-singleturn|p1a: Corviknight|move: Roost
|
|upkeep
|turn|12
|
|t:|1757907794
|-end|p2a: Great Tusk|Protosynthesis|[silent]
|switch|p2a: Gholdengo|Gholdengo|73/100
|move|p1a: Corviknight|Body Press|p2a: Gholdengo
|-immune|p2a: Gholdengo
|
|upkeep
|turn|13
|
|t:|1757907796
|move|p2a: Gholdengo|Thunder Wave|p1a: Corviknight
|-status|p1a: Corviknight|par
|move|p1a: Corviknight|U-turn|p2a: Gholdengo
|-resisted|p2a: Gholdengo
|-damage|p2a: Gholdengo|70/100
|
|t:|1757907800
|switch|p1a: Kyurem|Kyurem|100/100|[from] U-turn
|-damage|p1a: Kyurem|76/100|[from] Stealth Rock
|-ability|p1a: Kyurem|Pressure
|
|upkeep
|turn|14
|
|t:|1757907804
|-terastallize|p2a: Gholdengo|Fairy
|move|p1a: Kyurem|Earth Power|p2a: Gholdengo
|-damage|p2a: Gholdengo|17/100
|move|p2a: Gholdengo|Make It Rain|p1a: Kyurem
|-supereffective|p1a: Kyurem
|-damage|p1a: Kyurem|0 fnt
|-unboost|p2a: Gholdengo|spa|1
|faint|p1a: Kyurem
|
|upkeep
|
|t:|1757907821
|switch|p1a: Slowking|Slowking-Galar, M|100/100
|turn|15
|
|t:|1757907841
|switch|p2a: Great Tusk|Great Tusk|67/100
|-prepare|p1a: Slowking|Chilly Reception|[premajor]
|move|p1a: Slowking|Chilly Reception|p1a: Slowking
|-weather|Snowscape
|
|t:|1757907844
|switch|p1a: Corviknight|Corviknight, F|100/100 par|[from] Chilly Reception
|-damage|p1a: Corviknight|88/100 par|[from] Stealth Rock
|-ability|p1a: Corviknight|Pressure
|
|-weather|Snowscape|[upkeep]
|upkeep
|turn|16
|
|t:|1757907847
|-end|p2a: Great Tusk|Protosynthesis|[silent]
|switch|p2a: Gholdengo|Gholdengo, tera:Fairy|17/100
|move|p1a: Corviknight|U-turn|p2a: Gholdengo
|-resisted|p2a: Gholdengo
|-damage|p2a: Gholdengo|12/100
|
|t:|1757907851
|switch|p1a: Kingambit|Kingambit, F|100/100|[from] U-turn
|-damage|p1a: Kingambit|94/100|[from] Stealth Rock
|-activate|p1a: Kingambit|ability: Supreme Overlord
|-start|p1a: Kingambit|fallen2|[silent]
|
|-weather|Snowscape|[upkeep]
|-heal|p1a: Kingambit|100/100|[from] item: Leftovers
|upkeep
|turn|17
|
|t:|1757907853
|move|p2a: Gholdengo|Thunder Wave|p1a: Kingambit
|-status|p1a: Kingambit|par
|move|p1a: Kingambit|Swords Dance|p1a: Kingambit
|-boost|p1a: Kingambit|atk|2
|
|-weather|Snowscape|[upkeep]
|upkeep
|turn|18
|
|t:|1757907863
|move|p2a: Gholdengo|Hex|p1a: Kingambit
|-resisted|p1a: Kingambit
|-damage|p1a: Kingambit|73/100 par
|move|p1a: Kingambit|Swords Dance|p1a: Kingambit
|-boost|p1a: Kingambit|atk|2
|
|-weather|Snowscape|[upkeep]
|-heal|p1a: Kingambit|79/100 par|[from] item: Leftovers
|upkeep
|turn|19
|
|t:|1757907891
|switch|p2a: Great Tusk|Great Tusk|67/100
|move|p1a: Kingambit|Sucker Punch||[still]
|-fail|p1a: Kingambit
|
|-weather|none
|-heal|p1a: Kingambit|85/100 par|[from] item: Leftovers
|upkeep
|turn|20
|
|t:|1757907896
|-terastallize|p1a: Kingambit|Fairy
|move|p2a: Great Tusk|Headlong Rush|p1a: Kingambit
|-damage|p1a: Kingambit|45/100 par
|-unboost|p2a: Great Tusk|def|1
|-unboost|p2a: Great Tusk|spd|1
|move|p1a: Kingambit|Iron Head|p2a: Great Tusk
|-damage|p2a: Great Tusk|0 fnt
|faint|p2a: Great Tusk
|-end|p2a: Great Tusk|Protosynthesis|[silent]
|
|-heal|p1a: Kingambit|51/100 par|[from] item: Leftovers
|upkeep
|
|t:|1757907902
|switch|p2a: Kingambit|Kingambit, M|100/100
|-activate|p2a: Kingambit|ability: Supreme Overlord
|-start|p2a: Kingambit|fallen2|[silent]
|turn|21
|
|t:|1757907907
|-end|p2a: Kingambit|fallen2|[silent]
|switch|p2a: Gholdengo|Gholdengo, tera:Fairy|12/100
|move|p1a: Kingambit|Sucker Punch||[still]
|-fail|p1a: Kingambit
|
|-heal|p1a: Kingambit|57/100 par|[from] item: Leftovers
|upkeep
|turn|22
|
|t:|1757907913
|move|p1a: Kingambit|Sucker Punch||[still]
|-fail|p1a: Kingambit
|move|p2a: Gholdengo|Recover|p2a: Gholdengo
|-heal|p2a: Gholdengo|62/100
|
|-heal|p1a: Kingambit|63/100 par|[from] item: Leftovers
|upkeep
|turn|23
|
|t:|1757907918
|move|p2a: Gholdengo|Hex|p1a: Kingambit
|-damage|p1a: Kingambit|3/100 par
|move|p1a: Kingambit|Iron Head|p2a: Gholdengo
|-supereffective|p2a: Gholdengo
|-damage|p2a: Gholdengo|0 fnt
|faint|p2a: Gholdengo
|
|-heal|p1a: Kingambit|9/100 par|[from] item: Leftovers
|upkeep
|
|t:|1757907921
|switch|p2a: Dragonite|Dragonite, F|100/100
|turn|24
|
|t:|1757907930
|move|p2a: Dragonite|Dragon Dance|p2a: Dragonite
|-boost|p2a: Dragonite|atk|1
|-boost|p2a: Dragonite|spe|1
|move|p1a: Kingambit|Kowtow Cleave|p2a: Dragonite
|-damage|p2a: Dragonite|0 fnt
|faint|p2a: Dragonite
|
|-heal|p1a: Kingambit|15/100 par|[from] item: Leftovers
|upkeep
|
|t:|1757907934
|switch|p2a: Samurott|Samurott-Hisui, M|33/100
|turn|25
|
|t:|1757907937
|move|p1a: Kingambit|Sucker Punch|p2a: Samurott
|-resisted|p2a: Samurott
|-damage|p2a: Samurott|0 fnt
|faint|p2a: Samurott
|
|-heal|p1a: Kingambit|22/100 par|[from] item: Leftovers
|upkeep
|
|t:|1757907939
|switch|p2a: Kingambit|Kingambit, M|100/100
|-activate|p2a: Kingambit|ability: Supreme Overlord
|-start|p2a: Kingambit|fallen5|[silent]
|turn|26
|
|t:|1757907954
|move|p2a: Kingambit|Swords Dance|p2a: Kingambit
|-boost|p2a: Kingambit|atk|2
|cant|p1a: Kingambit|par
|
|-heal|p1a: Kingambit|28/100 par|[from] item: Leftovers
|upkeep
|turn|27
|
|t:|1757907959
|move|p2a: Kingambit|Iron Head|p1a: Kingambit
|-supereffective|p1a: Kingambit
|-damage|p1a: Kingambit|0 fnt
|faint|p1a: Kingambit
|-end|p1a: Kingambit|fallen2|[silent]
|
|upkeep
|
|t:|1757907963
|switch|p1a: Cinderace|Cinderace, M|100/100 par
|turn|28
|
|t:|1757907966
|move|p2a: Kingambit|Kowtow Cleave|p1a: Cinderace
|-damage|p1a: Cinderace|0 fnt
|faint|p1a: Cinderace
|
|upkeep
|
|t:|1757907975
|switch|p1a: Corviknight|Corviknight, F|88/100 par
|-damage|p1a: Corviknight|75/100 par|[from] Stealth Rock
|-ability|p1a: Corviknight|Pressure
|turn|29
|
|t:|1757907978
|move|p2a: Kingambit|Kowtow Cleave|p1a: Corviknight
|-damage|p1a: Corviknight|0 fnt
|faint|p1a: Corviknight
|
|upkeep
|
|t:|1757907980
|switch|p1a: Slowking|Slowking-Galar, M|100/100
|turn|30
|
|t:|1757907982
|move|p2a: Kingambit|Kowtow Cleave|p1a: Slowking
|-supereffective|p1a: Slowking
|-damage|p1a: Slowking|0 fnt
|faint|p1a: Slowking
|
|win|Mr.X&Y97
|raw|Albertsux2007's rating: 1487 &rarr; <strong>1473</strong><br />(-14 for losing)
|raw|Mr.X&amp;Y97's rating: 1587 &rarr; <strong>1601</strong><br />(+14 for winning)
|l|☆Albertsux2007
|player|p1|
