|j|‽ltx nemosse
|j|☆StarCalyrex
|inactive|Battle timer is ON: inactive players will automatically lose when time's up.
|t:|1757952713
|gametype|singles
|player|p1|ltx nemosse|#teamballo2025|
|player|p2|StarCalyrex|hilbert-wonderlauncher|
|gen|9
|tier|[Gen 9] OU
|rated|Tournament battle
|rule|HP Percentage Mod: HP is shown in percentages
|rule|Endless Battle Clause: Forcing endless battles is banned
|rule|Species Clause: Limit one of each Pokémon
|rule|OHKO Clause: OHKO moves are banned
|rule|Evasion Items Clause: Evasion items are banned
|rule|Evasion Moves Clause: Evasion moves are banned
|rule|Evasion Abilities Clause: Evasion abilities are banned
|rule|Sleep Moves Clause: Sleep-inducing moves are banned
|clearpoke
|poke|p1|Garganacl, F|
|poke|p1|Great Tusk|
|poke|p1|Ogerpon-Wellspring, F|
|poke|p1|Dragonite, M|
|poke|p1|Darkrai|
|poke|p1|Moltres|
|poke|p2|Araquanid, F|
|poke|p2|Iron Treads|
|poke|p2|Cinderace, M|
|poke|p2|Kingambit, F|
|poke|p2|Pecharunt|
|poke|p2|Dragonite, F|
|teampreview
|j|*Lady Monita ☀
|j| BB-8-NU
|inactive|StarCalyrex also wants the timer to be on.
|j| TRNM
|j|+Taka
|j| pbjojo
|j| MyPokemonRBad12
|c|☆StarCalyrex|hf
|inactive|StarCalyrex has 120 seconds left.
|j| Jouos
|j|%JoelMasterX
|j| ThisSimFuckinSucks
|
|t:|1757952752
|teamsize|p1|6
|teamsize|p2|6
|start
|switch|p1a: Ogerpon|Ogerpon-Wellspring, F|100/100
|switch|p2a: Araquanid|Araquanid, F, shiny|100/100
|turn|1
|
|t:|1757952760
|move|p1a: Ogerpon|Swords Dance|p1a: Ogerpon
|-boost|p1a: Ogerpon|atk|2
|move|p2a: Araquanid|Sticky Web|p1a: Ogerpon
|-sidestart|p1: ltx nemosse|move: Sticky Web
|
|upkeep
|turn|2
|
|t:|1757952763
|move|p1a: Ogerpon|Encore|p2a: Araquanid
|-start|p2a: Araquanid|Encore
|-enditem|p2a: Araquanid|Mental Herb
|-end|p2a: Araquanid|Encore
|move|p2a: Araquanid|Lunge|p1a: Ogerpon
|-supereffective|p1a: Ogerpon
|-damage|p1a: Ogerpon|42/100
|-unboost|p1a: Ogerpon|atk|1
|
|upkeep
|turn|3
|c|☆StarCalyrex|nuh uh
|
|t:|1757952772
|move|p1a: Ogerpon|Horn Leech|p2a: Araquanid
|-damage|p2a: Araquanid|46/100
|-heal|p1a: Ogerpon|73/100|[from] drain|[of] p2a: Araquanid
|move|p2a: Araquanid|Lunge|p1a: Ogerpon
|-supereffective|p1a: Ogerpon
|-damage|p1a: Ogerpon|16/100
|-unboost|p1a: Ogerpon|atk|1
|
|upkeep
|turn|4
|
|t:|1757952782
|move|p1a: Ogerpon|Horn Leech|p2a: Araquanid
|-damage|p2a: Araquanid|15/100
|-heal|p1a: Ogerpon|34/100|[from] drain|[of] p2a: Araquanid
|move|p2a: Araquanid|Lunge|p1a: Ogerpon
|-supereffective|p1a: Ogerpon
|-damage|p1a: Ogerpon|0 fnt
|faint|p1a: Ogerpon
|
|upkeep
|
|t:|1757952787
|switch|p1a: Great Tusk|Great Tusk|100/100
|turn|5
|
|t:|1757952792
|switch|p2a: Pecharunt|Pecharunt|100/100
|-item|p2a: Pecharunt|Air Balloon
|move|p1a: Great Tusk|Headlong Rush|p2a: Pecharunt
|-immune|p2a: Pecharunt
|
|upkeep
|turn|6
|
|t:|1757952798
|-end|p1a: Great Tusk|Protosynthesis|[silent]
|switch|p1a: Garganacl|Garganacl, F|100/100
|-activate|p1a: Garganacl|move: Sticky Web
|-unboost|p1a: Garganacl|spe|1
|move|p2a: Pecharunt|Nasty Plot|p2a: Pecharunt
|-boost|p2a: Pecharunt|spa|2
|
|upkeep
|turn|7
|c|☆StarCalyrex|not this guy
|c|☆StarCalyrex|sob
|
|t:|1757952808
|-terastallize|p2a: Pecharunt|Fighting
|move|p2a: Pecharunt|Tera Blast|p1a: Garganacl|[anim] Tera Blast Fighting
|-supereffective|p1a: Garganacl
|-damage|p1a: Garganacl|20/100
|move|p1a: Garganacl|Salt Cure|p2a: Pecharunt
|-resisted|p2a: Pecharunt
|-damage|p2a: Pecharunt|95/100
|-start|p2a: Pecharunt|Salt Cure
|-enditem|p2a: Pecharunt|Air Balloon
|
|-heal|p1a: Garganacl|26/100|[from] item: Leftovers
|-damage|p2a: Pecharunt|83/100|[from] Salt Cure
|upkeep
|turn|8
|j| Gabrielbatatao
|
|t:|1757952815
|move|p1a: Garganacl|Protect|p1a: Garganacl
|-singleturn|p1a: Garganacl|Protect
|move|p2a: Pecharunt|Nasty Plot|p2a: Pecharunt
|-boost|p2a: Pecharunt|spa|2
|
|-heal|p1a: Garganacl|33/100|[from] item: Leftovers
|-damage|p2a: Pecharunt|71/100|[from] Salt Cure
|upkeep
|turn|9
|
|t:|1757952820
|move|p1a: Garganacl|Protect|p1a: Garganacl
|-singleturn|p1a: Garganacl|Protect
|move|p2a: Pecharunt|Malignant Chain|p1a: Garganacl
|-activate|p1a: Garganacl|move: Protect
|
|-heal|p1a: Garganacl|39/100|[from] item: Leftovers
|-damage|p2a: Pecharunt|59/100|[from] Salt Cure
|upkeep
|turn|10
|j| Etjx
|
|t:|1757952825
|move|p2a: Pecharunt|Malignant Chain|p1a: Garganacl
|-resisted|p1a: Garganacl
|-damage|p1a: Garganacl|1/100
|move|p1a: Garganacl|Stealth Rock|p2a: Pecharunt
|-sidestart|p2: StarCalyrex|move: Stealth Rock
|
|-heal|p1a: Garganacl|7/100|[from] item: Leftovers
|-damage|p2a: Pecharunt|46/100|[from] Salt Cure
|upkeep
|turn|11
|c|☆StarCalyrex|ah
|c|☆StarCalyrex|thats
|c|☆StarCalyrex|bad
|
|t:|1757952832
|move|p2a: Pecharunt|Malignant Chain|p1a: Garganacl
|-resisted|p1a: Garganacl
|-damage|p1a: Garganacl|0 fnt
|faint|p1a: Garganacl
|
|-damage|p2a: Pecharunt|34/100|[from] Salt Cure
|upkeep
|
|t:|1757952843
|switch|p1a: Darkrai|Darkrai|100/100
|-activate|p1a: Darkrai|move: Sticky Web
|-unboost|p1a: Darkrai|spe|1
|turn|12
|l| Gabrielbatatao
|
|t:|1757952847
|move|p1a: Darkrai|Sludge Bomb|p2a: Pecharunt
|-damage|p2a: Pecharunt|0 fnt
|faint|p2a: Pecharunt
|
|upkeep
|c| ThisSimFuckinSucks|skill based double protect and 1 hp survival amirite
|j| Gabrielbatatao
|
|t:|1757952861
|switch|p2a: Iron Treads|Iron Treads|100/100
|-damage|p2a: Iron Treads|97/100|[from] Stealth Rock
|-enditem|p2a: Iron Treads|Booster Energy
|-activate|p2a: Iron Treads|ability: Quark Drive|[fromitem]
|-start|p2a: Iron Treads|quarkdriveatk
|turn|13
|
|t:|1757952866
|switch|p1a: Great Tusk|Great Tusk|100/100
|move|p2a: Iron Treads|Supercell Slam|p1a: Great Tusk
|-immune|p1a: Great Tusk
|-damage|p2a: Iron Treads|48/100|[from] supercellslam
|
|upkeep
|turn|14
|l| Gabrielbatatao
|c|☆StarCalyrex|frick
|c|☆StarCalyrex|ing
|c|☆StarCalyrex|dog
|c|☆StarCalyrex|darn
|j| GavilarKholin
|
|t:|1757952876
|move|p2a: Iron Treads|Rapid Spin|p1a: Great Tusk
|-damage|p1a: Great Tusk|87/100
|-boost|p2a: Iron Treads|spe|1
|-sideend|p2: StarCalyrex|Stealth Rock|[from] move: Rapid Spin|[of] p2a: Iron Treads
|move|p1a: Great Tusk|Rapid Spin|p2a: Iron Treads
|-resisted|p2a: Iron Treads
|-damage|p2a: Iron Treads|41/100
|-boost|p1a: Great Tusk|spe|1
|-sideend|p1: ltx nemosse|Sticky Web|[from] move: Rapid Spin|[of] p1a: Great Tusk
|
|upkeep
|turn|15
|j| CakeyShowdown
|
|t:|1757952881
|-end|p1a: Great Tusk|Protosynthesis|[silent]
|switch|p1a: Moltres|Moltres|100/100
|move|p2a: Iron Treads|Iron Head|p1a: Moltres
|-resisted|p1a: Moltres
|-damage|p1a: Moltres|80/100
|-status|p2a: Iron Treads|brn|[from] ability: Flame Body|[of] p1a: Moltres
|
|-damage|p2a: Iron Treads|34/100 brn|[from] brn
|upkeep
|turn|16
|c| CakeyShowdown|whoo go starcalyrex
|c|☆StarCalyrex|ah
|c|☆StarCalyrex|ok
|
|t:|1757952891
|move|p2a: Iron Treads|Supercell Slam|p1a: Moltres
|-supereffective|p1a: Moltres
|-damage|p1a: Moltres|50/100
|move|p1a: Moltres|Flamethrower|p2a: Iron Treads
|-supereffective|p2a: Iron Treads
|-damage|p2a: Iron Treads|0 fnt
|faint|p2a: Iron Treads
|-end|p2a: Iron Treads|Quark Drive|[silent]
|
|upkeep
|c| CakeyShowdown|uh
|c| CakeyShowdown|youre not really
|inactive|StarCalyrex has 120 seconds left.
|
|t:|1757952922
|switch|p2a: Dragonite|Dragonite, F|100/100
|turn|17
|
|t:|1757952925
|move|p2a: Dragonite|Dragon Dance|p2a: Dragonite
|-boost|p2a: Dragonite|atk|1
|-boost|p2a: Dragonite|spe|1
|move|p1a: Moltres|Will-O-Wisp|p2a: Dragonite
|-status|p2a: Dragonite|brn
|-enditem|p2a: Dragonite|Lum Berry|[eat]
|-curestatus|p2a: Dragonite|brn|[msg]
|
|upkeep
|turn|18
|
|t:|1757952931
|move|p1a: Moltres|Will-O-Wisp|p2a: Dragonite
|-status|p2a: Dragonite|brn
|move|p2a: Dragonite|Dragon Tail|p1a: Moltres
|-damage|p1a: Moltres|31/100
|drag|p1a: Dragonite|Dragonite, M|100/100
|
|-damage|p2a: Dragonite|94/100 brn|[from] brn
|upkeep
|turn|19
|j| Gabrielbatatao
|
|t:|1757952939
|switch|p1a: Moltres|Moltres|31/100
|move|p2a: Dragonite|Ice Spinner|p1a: Moltres
|-damage|p1a: Moltres|14/100
|
|-damage|p2a: Dragonite|88/100 brn|[from] brn
|upkeep
|turn|20
|l| GavilarKholin
|
|t:|1757952946
|move|p2a: Dragonite|Ice Spinner|p1a: Moltres
|-damage|p1a: Moltres|0 fnt
|faint|p1a: Moltres
|
|-damage|p2a: Dragonite|82/100 brn|[from] brn
|upkeep
|
|t:|1757952951
|switch|p1a: Darkrai|Darkrai|100/100
|turn|21
|
|t:|1757952955
|switch|p2a: Kingambit|Kingambit, F|100/100
|-activate|p2a: Kingambit|ability: Supreme Overlord
|-start|p2a: Kingambit|fallen2|[silent]
|move|p1a: Darkrai|Ice Beam|p2a: Kingambit
|-resisted|p2a: Kingambit
|-damage|p2a: Kingambit|81/100
|
|upkeep
|turn|22
|
|t:|1757952960
|switch|p1a: Great Tusk|Great Tusk|87/100
|move|p2a: Kingambit|Iron Head|p1a: Great Tusk
|-damage|p1a: Great Tusk|53/100
|
|upkeep
|turn|23
|
|t:|1757952967
|-end|p2a: Kingambit|fallen2|[silent]
|switch|p2a: Araquanid|Araquanid, F, shiny|15/100
|move|p1a: Great Tusk|Close Combat|p2a: Araquanid
|-resisted|p2a: Araquanid
|-damage|p2a: Araquanid|0 fnt
|-unboost|p1a: Great Tusk|def|1
|-unboost|p1a: Great Tusk|spd|1
|faint|p2a: Araquanid
|
|upkeep
|c| CakeyShowdown|dont fail me star calyrex
|c|☆StarCalyrex|ill try
|c|☆StarCalyrex|cakey
|c| CakeyShowdown|you better
|
|t:|1757952988
|switch|p2a: Cinderace|Cinderace, M|100/100
|turn|24
|
|t:|1757952993
|move|p2a: Cinderace|Pyro Ball|p1a: Great Tusk
|-damage|p1a: Great Tusk|0 fnt
|faint|p1a: Great Tusk
|-end|p1a: Great Tusk|Protosynthesis|[silent]
|
|upkeep
|
|t:|1757952995
|switch|p1a: Darkrai|Darkrai|100/100
|turn|25
|
|t:|1757953001
|switch|p2a: Kingambit|Kingambit, F|81/100
|-activate|p2a: Kingambit|ability: Supreme Overlord
|-start|p2a: Kingambit|fallen3|[silent]
|move|p1a: Darkrai|Dark Pulse|p2a: Kingambit
|-resisted|p2a: Kingambit
|-damage|p2a: Kingambit|58/100
|
|upkeep
|turn|26
|c| CakeyShowdown|YUHH
|
|t:|1757953005
|switch|p1a: Dragonite|Dragonite, M|100/100
|move|p2a: Kingambit|Iron Head|p1a: Dragonite
|-damage|p1a: Dragonite|68/100
|
|upkeep
|turn|27
|
|t:|1757953010
|move|p1a: Dragonite|Roost|p1a: Dragonite
|-heal|p1a: Dragonite|100/100
|-singleturn|p1a: Dragonite|move: Roost
|move|p2a: Kingambit|Kowtow Cleave|p1a: Dragonite
|-damage|p1a: Dragonite|58/100
|
|upkeep
|turn|28
|c| CakeyShowdown|GO STAR
|
|t:|1757953018
|move|p2a: Kingambit|Sucker Punch||[still]
|-fail|p2a: Kingambit
|move|p1a: Dragonite|Roost|p1a: Dragonite
|-heal|p1a: Dragonite|100/100
|-singleturn|p1a: Dragonite|move: Roost
|
|upkeep
|turn|29
|j| greninjaydavid45
|
|t:|1757953021
|move|p1a: Dragonite|Earthquake|p2a: Kingambit
|-supereffective|p2a: Kingambit
|-damage|p2a: Kingambit|0 fnt
|faint|p2a: Kingambit
|-end|p2a: Kingambit|fallen3|[silent]
|
|upkeep
|c| CakeyShowdown|man...
|c|☆StarCalyrex|i fricked up
|
|t:|1757953027
|switch|p2a: Dragonite|Dragonite, F|82/100 brn
|turn|30
|c|☆StarCalyrex|yeah
|c| CakeyShowdown|SIGHHH
|c| CakeyShowdown|SIGHHGHGHGHG
|
|t:|1757953033
|-terastallize|p1a: Dragonite|Normal
|move|p1a: Dragonite|Extreme Speed|p2a: Dragonite
|-damage|p2a: Dragonite|33/100 brn
|move|p2a: Dragonite|Ice Spinner|p1a: Dragonite
|-damage|p1a: Dragonite|92/100
|
|-damage|p2a: Dragonite|27/100 brn|[from] brn
|upkeep
|turn|31
|
|t:|1757953036
|move|p1a: Dragonite|Extreme Speed|p2a: Dragonite
|-damage|p2a: Dragonite|0 fnt
|faint|p2a: Dragonite
|
|upkeep
|
|t:|1757953038
|switch|p2a: Cinderace|Cinderace, M|100/100
|turn|32
|c| CakeyShowdown|i still believe in u
|c| CakeyShowdown|I STILL
|c| CakeyShowdown|BELIEVE IN U
|
|t:|1757953049
|move|p1a: Dragonite|Extreme Speed|p2a: Cinderace
|-damage|p2a: Cinderace|29/100
|move|p2a: Cinderace|Pyro Ball|p1a: Dragonite|[miss]
|-miss|p2a: Cinderace|p1a: Dragonite
|
|upkeep
|turn|33
|j| hunternoooob
|c| CakeyShowdown|uh
|c| MyPokemonRBad12|nice
|l|+Taka
|
|t:|1757953059
|move|p1a: Dragonite|Extreme Speed|p2a: Cinderace
|-damage|p2a: Cinderace|0 fnt
|faint|p2a: Cinderace
|
|win|ltx nemosse
|n|‽ltx nemosse|ltxnemosse
|n|☆StarCalyrex|starcalyrex
|n|*Lady Monita ☀|ladymonita
|n| BB-8-NU|bb8nu
|n| TRNM|trnm
|n| pbjojo|pbjojo
|n| MyPokemonRBad12|mypokemonrbad12
|n| Jouos|jouos
|n| JoelMasterX|joelmasterx
|n| ThisSimFuckinSucks|thissimfuckinsucks
|n| Etjx|etjx
|n| CakeyShowdown|cakeyshowdown
|n| Gabrielbatatao|gabrielbatatao
|n| greninjaydavid45|greninjaydavid45
|n| hunternoooob|hunternoooob
|l|*Lady Monita ☀
