|j|☆Rectilineo ☆
|j|☆Bruh Facts
|t:|1757872831
|gametype|singles
|player|p1|Rectilineo ☆|roxie|1417
|player|p2|Bruh Facts|miku-fire|1482
|gen|9
|tier|[Gen 9] OU
|rated|
|rule|HP Percentage Mod: HP is shown in percentages
|rule|Endless Battle Clause: Forcing endless battles is banned
|rule|Species Clause: Limit one of each Pokémon
|rule|OHKO Clause: OHKO moves are banned
|rule|Evasion Items Clause: Evasion items are banned
|rule|Evasion Moves Clause: Evasion moves are banned
|rule|Evasion Abilities Clause: Evasion abilities are banned
|rule|Sleep Moves Clause: Sleep-inducing moves are banned
|clearpoke
|poke|p1|Landorus-Therian, M|
|poke|p1|Samurott-Hisui, F|
|poke|p1|Gholdengo|
|poke|p1|Thundurus-Therian, M|
|poke|p1|Scizor, F|
|poke|p1|Zamazenta-*|
|poke|p2|Weavile, F|
|poke|p2|Pecharunt|
|poke|p2|Ting-Lu|
|poke|p2|Tinkaton, F|
|poke|p2|Keldeo-Resolute|
|poke|p2|Dragonite, F|
|teampreview
|inactive|Battle timer is ON: inactive players will automatically lose when time's up. (requested by Rectilineo ☆)
|
|t:|1757872842
|teamsize|p1|6
|teamsize|p2|6
|start
|switch|p1a: Scizor|Scizor, F|100/100
|switch|p2a: Tinkaton|Tinkaton, F|100/100
|-ability|p2a: Tinkaton|Mold Breaker
|-item|p2a: Tinkaton|Air Balloon
|turn|1
|
|t:|1757872851
|move|p2a: Tinkaton|Stealth Rock|p1a: Scizor
|-sidestart|p1: Rectilineo ☆|move: Stealth Rock
|move|p1a: Scizor|U-turn|p2a: Tinkaton
|-resisted|p2a: Tinkaton
|-damage|p2a: Tinkaton|90/100
|-enditem|p2a: Tinkaton|Air Balloon
|inactive|Rectilineo ☆ has 120 seconds left.
|inactive|Rectilineo ☆ has 90 seconds left.
|
|t:|1757872937
|switch|p1a: Landorus|Landorus-Therian, M|100/100|[from] U-turn
|-damage|p1a: Landorus|88/100|[from] Stealth Rock
|-ability|p1a: Landorus|Intimidate|boost
|-unboost|p2a: Tinkaton|atk|1
|
|upkeep
|turn|2
|inactive|Rectilineo ☆ has 60 seconds left.
|inactive|Bruh Facts has 120 seconds left.
|inactive|Rectilineo ☆ has 30 seconds left.
|inactive|Bruh Facts has 90 seconds left.
|
|t:|1757873005
|switch|p2a: Ting-Lu|Ting-Lu|100/100
|-ability|p2a: Ting-Lu|Vessel of Ruin
|move|p1a: Landorus|Earthquake|p2a: Ting-Lu
|-damage|p2a: Ting-Lu|78/100
|
|upkeep
|turn|3
|inactive|Bruh Facts has 90 seconds left.
|
|t:|1757873012
|move|p1a: Landorus|Taunt|p2a: Ting-Lu
|-start|p2a: Ting-Lu|move: Taunt
|cant|p2a: Ting-Lu|move: Taunt|Spikes
|
|upkeep
|turn|4
|
|t:|1757873017
|move|p1a: Landorus|Stealth Rock|p2a: Ting-Lu
|-sidestart|p2: Bruh Facts|move: Stealth Rock
|move|p2a: Ting-Lu|Ruination|p1a: Landorus
|-damage|p1a: Landorus|44/100
|
|upkeep
|turn|5
|
|t:|1757873025
|move|p1a: Landorus|Earthquake|p2a: Ting-Lu
|-damage|p2a: Ting-Lu|56/100
|move|p2a: Ting-Lu|Ruination|p1a: Landorus
|-damage|p1a: Landorus|23/100
|
|-end|p2a: Ting-Lu|move: Taunt
|upkeep
|turn|6
|
|t:|1757873036
|move|p1a: Landorus|Taunt|p2a: Ting-Lu
|-start|p2a: Ting-Lu|move: Taunt
|move|p2a: Ting-Lu|Ruination|p1a: Landorus
|-damage|p1a: Landorus|12/100
|
|upkeep
|turn|7
|inactive|Rectilineo ☆ has 60 seconds left.
|
|t:|1757873046
|move|p1a: Landorus|Earthquake|p2a: Ting-Lu
|-damage|p2a: Ting-Lu|34/100
|move|p2a: Ting-Lu|Ruination|p1a: Landorus
|-damage|p1a: Landorus|6/100
|
|upkeep
|turn|8
|inactive|Rectilineo ☆ has 60 seconds left.
|
|t:|1757873052
|switch|p2a: Dragonite|Dragonite, F|100/100
|move|p1a: Landorus|Earthquake|p2a: Dragonite
|-immune|p2a: Dragonite
|
|upkeep
|turn|9
|inactive|Bruh Facts has 120 seconds left.
|
|t:|1757873062
|move|p2a: Dragonite|Extreme Speed|p1a: Landorus
|-damage|p1a: Landorus|0 fnt
|-damage|p2a: Dragonite|84/100|[from] item: Rocky Helmet|[of] p1a: Landorus
|faint|p1a: Landorus
|
|upkeep
|inactive|Rectilineo ☆ has 60 seconds left.
|
|t:|1757873083
|switch|p1a: Samurott|Samurott-Hisui, F|100/100
|turn|10
|
|t:|1757873095
|move|p1a: Samurott|Ceaseless Edge|p2a: Dragonite
|-damage|p2a: Dragonite|29/100
|-sidestart|p2: Bruh Facts|Spikes
|move|p2a: Dragonite|Roost|p2a: Dragonite
|-heal|p2a: Dragonite|79/100
|-singleturn|p2a: Dragonite|move: Roost
|
|upkeep
|turn|11
|
|t:|1757873106
|move|p2a: Dragonite|Extreme Speed|p1a: Samurott
|-damage|p1a: Samurott|60/100
|move|p1a: Samurott|Ceaseless Edge|p2a: Dragonite
|-damage|p2a: Dragonite|29/100
|-sidestart|p2: Bruh Facts|Spikes
|
|upkeep
|turn|12
|
|t:|1757873112
|-terastallize|p2a: Dragonite|Normal
|move|p2a: Dragonite|Extreme Speed|p1a: Samurott
|-damage|p1a: Samurott|4/100
|move|p1a: Samurott|Knock Off|p2a: Dragonite
|-damage|p2a: Dragonite|0 fnt
|-enditem|p2a: Dragonite|Heavy-Duty Boots|[from] move: Knock Off|[of] p1a: Samurott
|faint|p2a: Dragonite
|
|upkeep
|
|t:|1757873118
|switch|p2a: Keldeo|Keldeo-Resolute|100/100
|turn|13
|
|t:|1757873132
|move|p2a: Keldeo|Flip Turn|p1a: Samurott
|-resisted|p1a: Samurott
|-damage|p1a: Samurott|0 fnt
|faint|p1a: Samurott
|
|t:|1757873151
|switch|p2a: Pecharunt|Pecharunt|100/100|[from] Flip Turn
|
|upkeep
|
|t:|1757873155
|switch|p1a: Thundurus|Thundurus-Therian, M|100/100
|turn|14
|inactive|Rectilineo ☆ has 90 seconds left.
|
|t:|1757873163
|move|p1a: Thundurus|Knock Off|p2a: Pecharunt
|-supereffective|p2a: Pecharunt
|-crit|p2a: Pecharunt
|-damage|p2a: Pecharunt|72/100
|-enditem|p2a: Pecharunt|Heavy-Duty Boots|[from] move: Knock Off|[of] p1a: Thundurus
|move|p2a: Pecharunt|Parting Shot|p1a: Thundurus
|-unboost|p1a: Thundurus|atk|1
|-unboost|p1a: Thundurus|spa|1
|
|t:|1757873166
|switch|p2a: Weavile|Weavile, F|100/100|[from] Parting Shot
|-ability|p2a: Weavile|Pressure
|
|upkeep
|turn|15
|
|t:|1757873172
|switch|p1a: Zamazenta|Zamazenta|100/100
|-damage|p1a: Zamazenta|94/100|[from] Stealth Rock
|-ability|p1a: Zamazenta|Dauntless Shield|boost
|-boost|p1a: Zamazenta|def|1
|move|p2a: Weavile|Swords Dance|p2a: Weavile
|-boost|p2a: Weavile|atk|2
|
|-heal|p1a: Zamazenta|100/100|[from] item: Leftovers
|upkeep
|turn|16
|
|t:|1757873178
|switch|p2a: Pecharunt|Pecharunt|72/100
|-damage|p2a: Pecharunt|60/100|[from] Stealth Rock
|-damage|p2a: Pecharunt|43/100|[from] Spikes
|move|p1a: Zamazenta|Roar|p2a: Pecharunt
|drag|p2a: Keldeo|Keldeo-Resolute|100/100
|
|upkeep
|turn|17
|
|t:|1757873189
|move|p1a: Zamazenta|Iron Defense|p1a: Zamazenta
|-boost|p1a: Zamazenta|def|2
|move|p2a: Keldeo|Hydro Pump|p1a: Zamazenta
|-damage|p1a: Zamazenta|49/100
|
|-heal|p1a: Zamazenta|55/100|[from] item: Leftovers
|upkeep
|turn|18
|
|t:|1757873204
|move|p1a: Zamazenta|Body Press|p2a: Keldeo
|-damage|p2a: Keldeo|0 fnt
|faint|p2a: Keldeo
|
|-heal|p1a: Zamazenta|61/100|[from] item: Leftovers
|upkeep
|
|t:|1757873212
|switch|p2a: Tinkaton|Tinkaton, F|90/100
|-damage|p2a: Tinkaton|84/100|[from] Stealth Rock
|-damage|p2a: Tinkaton|67/100|[from] Spikes
|-ability|p2a: Tinkaton|Mold Breaker
|turn|19
|
|t:|1757873216
|move|p1a: Zamazenta|Body Press|p2a: Tinkaton
|-damage|p2a: Tinkaton|0 fnt
|faint|p2a: Tinkaton
|
|-heal|p1a: Zamazenta|67/100|[from] item: Leftovers
|upkeep
|
|t:|1757873219
|switch|p2a: Ting-Lu|Ting-Lu|34/100
|-damage|p2a: Ting-Lu|28/100|[from] Stealth Rock
|-damage|p2a: Ting-Lu|11/100|[from] Spikes
|-ability|p2a: Ting-Lu|Vessel of Ruin
|turn|20
|c|☆Rectilineo ☆|gg
|
|t:|1757873225
|move|p1a: Zamazenta|Body Press|p2a: Ting-Lu
|-supereffective|p2a: Ting-Lu
|-damage|p2a: Ting-Lu|0 fnt
|-damage|p1a: Zamazenta|50/100|[from] item: Rocky Helmet|[of] p2a: Ting-Lu
|faint|p2a: Ting-Lu
|
|-heal|p1a: Zamazenta|57/100|[from] item: Leftovers
|upkeep
|
|t:|1757873228
|switch|p2a: Pecharunt|Pecharunt|43/100
|-damage|p2a: Pecharunt|31/100|[from] Stealth Rock
|-damage|p2a: Pecharunt|14/100|[from] Spikes
|turn|21
|
|t:|1757873230
|move|p1a: Zamazenta|Crunch|p2a: Pecharunt
|-supereffective|p2a: Pecharunt
|-damage|p2a: Pecharunt|0 fnt
|faint|p2a: Pecharunt
|
|-heal|p1a: Zamazenta|63/100|[from] item: Leftovers
|upkeep
|
|t:|1757873233
|switch|p2a: Weavile|Weavile, F|100/100
|-ability|p2a: Weavile|Pressure
|turn|22
|c|☆Rectilineo ☆|no tera
|
|t:|1757873238
|move|p1a: Zamazenta|Body Press|p2a: Weavile
|-supereffective|p2a: Weavile
|-damage|p2a: Weavile|0 fnt
|faint|p2a: Weavile
|
|win|Rectilineo ☆
|raw|Rectilineo ☆'s rating: 1417 &rarr; <strong>1441</strong><br />(+24 for winning)
|raw|Bruh Facts's rating: 1482 &rarr; <strong>1458</strong><br />(-24 for losing)
|l|☆Bruh Facts
|player|p2|
