|j|☆color dog
|j|☆Legiondegalakrond
|t:|1757875466
|gametype|singles
|player|p1|color dog|ghetsis|1168
|player|p2|Legiondegalakrond|rood|1139
|gen|9
|tier|[Gen 9] OU
|rated|
|rule|HP Percentage Mod: HP is shown in percentages
|rule|Endless Battle Clause: Forcing endless battles is banned
|rule|Species Clause: Limit one of each Pokémon
|rule|OHKO Clause: OHKO moves are banned
|rule|Evasion Items Clause: Evasion items are banned
|rule|Evasion Moves Clause: Evasion moves are banned
|rule|Evasion Abilities Clause: Evasion abilities are banned
|rule|Sleep Moves Clause: Sleep-inducing moves are banned
|clearpoke
|poke|p1|Scizor, M|
|poke|p1|Great Tusk|
|poke|p1|Samurott-Hisui, M|
|poke|p1|Landorus-Therian, M|
|poke|p1|Raging Bolt|
|poke|p1|Gholdengo|
|poke|p2|Klawf, M|
|poke|p2|Bombirdier, M|
|poke|p2|Orthworm, M|
|poke|p2|Iron Treads|
|poke|p2|Great Tusk|
|poke|p2|Tatsugiri-Droopy, M|
|teampreview
|
|t:|1757875473
|teamsize|p1|6
|teamsize|p2|6
|start
|switch|p1a: Samurott|Samurott-Hisui, M|100/100
|switch|p2a: Orthworm|Orthworm, M|100/100
|turn|1
|c|☆Legiondegalakrond|Hello
|
|t:|1757875494
|move|p1a: Samurott|Flip Turn|p2a: Orthworm
|-damage|p2a: Orthworm|85/100
|
|t:|1757875501
|switch|p1a: Gholdengo|Gholdengo|100/100|[from] Flip Turn
|move|p2a: Orthworm|Stealth Rock|p1a: Gholdengo
|-sidestart|p1: color dog|move: Stealth Rock
|
|upkeep
|turn|2
|
|t:|1757875506
|move|p1a: Gholdengo|Thunder Wave|p2a: Orthworm
|-status|p2a: Orthworm|par
|move|p2a: Orthworm|Spikes|p1a: Gholdengo
|-sidestart|p1: color dog|Spikes
|
|upkeep
|turn|3
|
|t:|1757875509
|move|p1a: Gholdengo|Hex|p2a: Orthworm
|-damage|p2a: Orthworm|0 fnt
|faint|p2a: Orthworm
|
|upkeep
|
|t:|1757875516
|switch|p2a: Bombirdier|Bombirdier, M|100/100
|turn|4
|
|t:|1757875524
|move|p2a: Bombirdier|Knock Off|p1a: Gholdengo
|-supereffective|p1a: Gholdengo
|-damage|p1a: Gholdengo|41/100
|-enditem|p1a: Gholdengo|Leftovers|[from] move: Knock Off|[of] p2a: Bombirdier
|move|p1a: Gholdengo|Thunder Wave|p2a: Bombirdier|[miss]
|-miss|p1a: Gholdengo|p2a: Bombirdier
|
|upkeep
|turn|5
|
|t:|1757875532
|move|p2a: Bombirdier|Parting Shot|p1a: Gholdengo
|-immune|p1a: Gholdengo|[from] ability: Good as Gold
|move|p1a: Gholdengo|Recover|p1a: Gholdengo
|-heal|p1a: Gholdengo|91/100
|
|upkeep
|turn|6
|
|t:|1757875540
|switch|p2a: Iron Treads|Iron Treads|100/100
|move|p1a: Gholdengo|Thunder Wave|p2a: Iron Treads
|-immune|p2a: Iron Treads
|
|upkeep
|turn|7
|
|t:|1757875549
|switch|p1a: Landorus|Landorus-Therian, M|100/100
|-damage|p1a: Landorus|88/100|[from] Stealth Rock
|-ability|p1a: Landorus|Intimidate|boost
|-unboost|p2a: Iron Treads|atk|1
|move|p2a: Iron Treads|Earthquake|p1a: Landorus
|-immune|p1a: Landorus
|
|upkeep
|turn|8
|
|t:|1757875565
|move|p2a: Iron Treads|Ice Spinner|p1a: Landorus
|-supereffective|p1a: Landorus
|-damage|p1a: Landorus|27/100
|-damage|p2a: Iron Treads|84/100|[from] item: Rocky Helmet|[of] p1a: Landorus
|move|p1a: Landorus|U-turn|p2a: Iron Treads
|-resisted|p2a: Iron Treads
|-damage|p2a: Iron Treads|73/100
|inactive|Battle timer is ON: inactive players will automatically lose when time's up. (requested by Legiondegalakrond)
|
|t:|1757875593
|switch|p1a: Samurott|Samurott-Hisui, M|100/100|[from] U-turn
|-damage|p1a: Samurott|88/100|[from] Stealth Rock
|-damage|p1a: Samurott|76/100|[from] Spikes
|
|upkeep
|turn|9
|
|t:|1757875597
|move|p1a: Samurott|Flip Turn|p2a: Iron Treads
|-supereffective|p2a: Iron Treads
|-damage|p2a: Iron Treads|25/100
|
|t:|1757875601
|switch|p1a: Landorus|Landorus-Therian, M|27/100|[from] Flip Turn
|-damage|p1a: Landorus|15/100|[from] Stealth Rock
|-ability|p1a: Landorus|Intimidate|boost
|-unboost|p2a: Iron Treads|atk|1
|move|p2a: Iron Treads|Megahorn|p1a: Landorus
|-resisted|p1a: Landorus
|-damage|p1a: Landorus|7/100
|-damage|p2a: Iron Treads|8/100|[from] item: Rocky Helmet|[of] p1a: Landorus
|
|upkeep
|turn|10
|
|t:|1757875618
|move|p2a: Iron Treads|Ice Spinner|p1a: Landorus
|-supereffective|p1a: Landorus
|-damage|p1a: Landorus|0 fnt
|-damage|p2a: Iron Treads|0 fnt|[from] item: Rocky Helmet|[of] p1a: Landorus
|faint|p1a: Landorus
|faint|p2a: Iron Treads
|-end|p2a: Iron Treads|Quark Drive|[silent]
|
|upkeep
|
|t:|1757875626
|switch|p2a: Roicrabe|Klawf, M|100/100
|switch|p1a: Great Tusk|Great Tusk|100/100
|turn|11
|
|t:|1757875634
|move|p1a: Great Tusk|Rapid Spin|p2a: Roicrabe
|-resisted|p2a: Roicrabe
|-damage|p2a: Roicrabe|93/100
|-boost|p1a: Great Tusk|spe|1
|-sideend|p1: color dog|Spikes|[from] move: Rapid Spin|[of] p1a: Great Tusk
|-sideend|p1: color dog|Stealth Rock|[from] move: Rapid Spin|[of] p1a: Great Tusk
|move|p2a: Roicrabe|Swords Dance|p2a: Roicrabe
|-boost|p2a: Roicrabe|atk|2
|
|upkeep
|turn|12
|
|t:|1757875641
|move|p1a: Great Tusk|Headlong Rush|p2a: Roicrabe
|-supereffective|p2a: Roicrabe
|-damage|p2a: Roicrabe|0 fnt
|-unboost|p1a: Great Tusk|def|1
|-unboost|p1a: Great Tusk|spd|1
|faint|p2a: Roicrabe
|
|upkeep
|
|t:|1757875649
|switch|p2a: Shari|Tatsugiri-Droopy, M|100/100
|turn|13
|
|t:|1757875660
|move|p1a: Great Tusk|Headlong Rush|p2a: Shari
|-damage|p2a: Shari|8/100
|-unboost|p1a: Great Tusk|def|1
|-unboost|p1a: Great Tusk|spd|1
|move|p2a: Shari|Hydro Pump|p1a: Great Tusk
|-supereffective|p1a: Great Tusk
|-damage|p1a: Great Tusk|0 fnt
|faint|p1a: Great Tusk
|-end|p1a: Great Tusk|Protosynthesis|[silent]
|
|upkeep
|
|t:|1757875671
|switch|p1a: Samurott|Samurott-Hisui, M|76/100
|turn|14
|
|t:|1757875676
|switch|p2a: Bombirdier|Bombirdier, M|100/100
|move|p1a: Samurott|Ceaseless Edge|p2a: Bombirdier
|-resisted|p2a: Bombirdier
|-damage|p2a: Bombirdier|71/100
|-sidestart|p2: Legiondegalakrond|Spikes
|
|-heal|p2a: Bombirdier|77/100|[from] item: Leftovers
|upkeep
|turn|15
|
|t:|1757875689
|switch|p1a: Gholdengo|Gholdengo|91/100
|move|p2a: Bombirdier|Brave Bird|p1a: Gholdengo
|-resisted|p1a: Gholdengo
|-damage|p1a: Gholdengo|71/100
|-damage|p2a: Bombirdier|68/100|[from] Recoil
|
|-heal|p2a: Bombirdier|75/100|[from] item: Leftovers
|upkeep
|turn|16
|
|t:|1757875693
|move|p2a: Bombirdier|Knock Off|p1a: Gholdengo
|-supereffective|p1a: Gholdengo
|-damage|p1a: Gholdengo|27/100
|move|p1a: Gholdengo|Thunder Wave|p2a: Bombirdier
|-status|p2a: Bombirdier|par
|
|-heal|p2a: Bombirdier|81/100 par|[from] item: Leftovers
|upkeep
|turn|17
|
|t:|1757875699
|move|p1a: Gholdengo|Recover|p1a: Gholdengo
|-heal|p1a: Gholdengo|77/100
|move|p2a: Bombirdier|Knock Off|p1a: Gholdengo
|-supereffective|p1a: Gholdengo
|-damage|p1a: Gholdengo|36/100
|
|-heal|p2a: Bombirdier|87/100 par|[from] item: Leftovers
|upkeep
|turn|18
|
|t:|1757875712
|move|p1a: Gholdengo|Recover|p1a: Gholdengo
|-heal|p1a: Gholdengo|86/100
|cant|p2a: Bombirdier|par
|
|-heal|p2a: Bombirdier|93/100 par|[from] item: Leftovers
|upkeep
|turn|19
|
|t:|1757875719
|move|p1a: Gholdengo|Make It Rain|p2a: Bombirdier
|-damage|p2a: Bombirdier|17/100 par
|-unboost|p1a: Gholdengo|spa|1
|cant|p2a: Bombirdier|par
|
|-heal|p2a: Bombirdier|23/100 par|[from] item: Leftovers
|upkeep
|turn|20
|
|t:|1757875731
|move|p1a: Gholdengo|Make It Rain|p2a: Bombirdier
|-damage|p2a: Bombirdier|0 fnt
|-unboost|p1a: Gholdengo|spa|1
|faint|p2a: Bombirdier
|
|upkeep
|
|t:|1757875735
|switch|p2a: Shari|Tatsugiri-Droopy, M|8/100
|-damage|p2a: Shari|0 fnt|[from] Spikes
|faint|p2a: Shari
|
|t:|1757875736
|switch|p2a: Great Tusk|Great Tusk|100/100
|-damage|p2a: Great Tusk|88/100|[from] Spikes
|-enditem|p2a: Great Tusk|Booster Energy
|-activate|p2a: Great Tusk|ability: Protosynthesis|[fromitem]
|-start|p2a: Great Tusk|protosynthesisatk
|turn|21
|
|t:|1757875748
|move|p2a: Great Tusk|Earthquake|p1a: Gholdengo
|-supereffective|p1a: Gholdengo
|-damage|p1a: Gholdengo|0 fnt
|faint|p1a: Gholdengo
|
|upkeep
|
|t:|1757875758
|switch|p1a: Samurott|Samurott-Hisui, M|76/100
|turn|22
|
|t:|1757875762
|-terastallize|p1a: Samurott|Water
|move|p1a: Samurott|Razor Shell|p2a: Great Tusk
|-supereffective|p2a: Great Tusk
|-damage|p2a: Great Tusk|0 fnt
|faint|p2a: Great Tusk
|-end|p2a: Great Tusk|Protosynthesis|[silent]
|
|win|color dog
|raw|color dog's rating: 1168 &rarr; <strong>1191</strong><br />(+23 for winning)
|raw|Legiondegalakrond's rating: 1139 &rarr; <strong>1116</strong><br />(-23 for losing)
|l|☆Legiondegalakrond
|player|p2|
|l|☆color dog
|player|p1|
