|j|☆top 500 mainstay
|j|‽theonlydork
|t:|1757907200
|gametype|singles
|player|p1|top 500 mainstay|266|1536
|player|p2|theonlydork|101|1558
|gen|9
|tier|[Gen 9] OU
|rated|
|rule|HP Percentage Mod: HP is shown in percentages
|rule|Endless Battle Clause: Forcing endless battles is banned
|rule|Species Clause: Limit one of each Pokémon
|rule|OHKO Clause: OHKO moves are banned
|rule|Evasion Items Clause: Evasion items are banned
|rule|Evasion Moves Clause: Evasion moves are banned
|rule|Evasion Abilities Clause: Evasion abilities are banned
|rule|Sleep Moves Clause: Sleep-inducing moves are banned
|clearpoke
|poke|p1|Iron Crown|
|poke|p1|Deoxys-Speed|
|poke|p1|Rillaboom, M|
|poke|p1|Hawlucha, M|
|poke|p1|Raging Bolt|
|poke|p1|Kingambit, F|
|poke|p2|Mamoswine, M|
|poke|p2|Glimmora, M|
|poke|p2|Iron Crown|
|poke|p2|Zamazenta-*|
|poke|p2|Sinistcha|
|poke|p2|Samurott-Hisui, M|
|teampreview
|inactive|Battle timer is ON: inactive players will automatically lose when time's up. (requested by top 500 mainstay)
|
|t:|1757907231
|teamsize|p1|6
|teamsize|p2|6
|start
|switch|p1a: Deoxys|Deoxys-Speed|100/100
|switch|p2a: Iron Crown|Iron Crown|100/100
|-ability|p1a: Deoxys|Pressure
|turn|1
|inactive|top 500 mainstay has 120 seconds left.
|
|t:|1757907267
|move|p1a: Deoxys|Stealth Rock|p2a: Iron Crown
|-sidestart|p2: theonlydork|move: Stealth Rock
|move|p2a: Iron Crown|Tachyon Cutter|p1a: Deoxys
|-damage|p1a: Deoxys|59/100
|-damage|p1a: Deoxys|12/100
|-hitcount|p1a: Deoxys|2
|
|upkeep
|turn|2
|
|t:|1757907290
|move|p1a: Deoxys|Spikes|p2a: Iron Crown
|-sidestart|p2: theonlydork|Spikes
|move|p2a: Iron Crown|Tachyon Cutter|p1a: Deoxys
|-damage|p1a: Deoxys|0 fnt
|faint|p1a: Deoxys
|-hitcount|p1: Deoxys|1
|
|upkeep
|inactive|top 500 mainstay has 120 seconds left.
|
|t:|1757907302
|switch|p1a: Iron Crown|Iron Crown|100/100
|-enditem|p1a: Iron Crown|Booster Energy
|-activate|p1a: Iron Crown|ability: Quark Drive|[fromitem]
|-start|p1a: Iron Crown|quarkdrivespe
|turn|3
|
|t:|1757907313
|-end|p2a: Iron Crown|Quark Drive|[silent]
|switch|p2a: Sinistcha|Sinistcha, shiny|100/100
|move|p1a: Iron Crown|Calm Mind|p1a: Iron Crown
|-boost|p1a: Iron Crown|spa|1
|-boost|p1a: Iron Crown|spd|1
|
|upkeep
|turn|4
|
|t:|1757907336
|move|p1a: Iron Crown|Calm Mind|p1a: Iron Crown
|-boost|p1a: Iron Crown|spa|1
|-boost|p1a: Iron Crown|spd|1
|move|p2a: Sinistcha|Calm Mind|p2a: Sinistcha
|-boost|p2a: Sinistcha|spa|1
|-boost|p2a: Sinistcha|spd|1
|
|upkeep
|turn|5
|
|t:|1757907342
|move|p1a: Iron Crown|Calm Mind|p1a: Iron Crown
|-boost|p1a: Iron Crown|spa|1
|-boost|p1a: Iron Crown|spd|1
|move|p2a: Sinistcha|Strength Sap|p1a: Iron Crown
|-unboost|p1a: Iron Crown|atk|1
|
|upkeep
|turn|6
|
|t:|1757907345
|move|p1a: Iron Crown|Calm Mind|p1a: Iron Crown
|-boost|p1a: Iron Crown|spa|1
|-boost|p1a: Iron Crown|spd|1
|move|p2a: Sinistcha|Calm Mind|p2a: Sinistcha
|-boost|p2a: Sinistcha|spa|1
|-boost|p2a: Sinistcha|spd|1
|
|upkeep
|turn|7
|
|t:|1757907367
|move|p1a: Iron Crown|Psyshock|p2a: Sinistcha
|-damage|p2a: Sinistcha|22/100
|move|p2a: Sinistcha|Shadow Ball|p1a: Iron Crown
|-supereffective|p1a: Iron Crown
|-damage|p1a: Iron Crown|56/100
|
|upkeep
|turn|8
|
|t:|1757907373
|move|p1a: Iron Crown|Tachyon Cutter|p2a: Sinistcha
|-damage|p2a: Sinistcha|0 fnt
|faint|p2a: Sinistcha
|-hitcount|p2: Sinistcha|1
|
|upkeep
|
|t:|1757907376
|switch|p2a: Samurott|Samurott-Hisui, M, shiny|100/100
|-damage|p2a: Samurott|88/100|[from] Stealth Rock
|-damage|p2a: Samurott|76/100|[from] Spikes
|turn|9
|
|t:|1757907393
|-terastallize|p1a: Iron Crown|Fighting
|move|p2a: Samurott|Sucker Punch|p1a: Iron Crown
|-resisted|p1a: Iron Crown
|-damage|p1a: Iron Crown|35/100
|move|p1a: Iron Crown|Tachyon Cutter|p2a: Samurott
|-resisted|p2a: Samurott
|-damage|p2a: Samurott|18/100
|-resisted|p2a: Samurott
|-damage|p2a: Samurott|0 fnt
|faint|p2a: Samurott
|-hitcount|p2: Samurott|2
|
|upkeep
|
|t:|1757907408
|switch|p2a: Iron Crown|Iron Crown|100/100
|-damage|p2a: Iron Crown|94/100|[from] Stealth Rock
|-damage|p2a: Iron Crown|82/100|[from] Spikes
|turn|10
|
|t:|1757907414
|move|p1a: Iron Crown|Focus Blast|p2a: Iron Crown
|-damage|p2a: Iron Crown|0 fnt
|faint|p2a: Iron Crown
|-end|p2a: Iron Crown|Quark Drive|[silent]
|
|upkeep
|
|t:|1757907418
|switch|p2a: Mamoswine|Mamoswine, M, shiny|100/100
|-damage|p2a: Mamoswine|88/100|[from] Stealth Rock
|-damage|p2a: Mamoswine|76/100|[from] Spikes
|turn|11
|
|t:|1757907445
|move|p2a: Mamoswine|Ice Shard|p1a: Iron Crown
|-damage|p1a: Iron Crown|3/100
|move|p1a: Iron Crown|Tachyon Cutter|p2a: Mamoswine
|-supereffective|p2a: Mamoswine
|-damage|p2a: Mamoswine|0 fnt
|faint|p2a: Mamoswine
|-hitcount|p2: Mamoswine|1
|
|upkeep
|-message|theonlydork forfeited.
|
|win|top 500 mainstay
|raw|top 500 mainstay's rating: 1536 &rarr; <strong>1557</strong><br />(+21 for winning)
|raw|theonlydork's rating: 1558 &rarr; <strong>1537</strong><br />(-21 for losing)
|l|‽theonlydork
|player|p2|
|l|☆top 500 mainstay
|player|p1|
