|j|☆chairn't
|j|☆ZroHdog
|t:|1757814147
|gametype|singles
|player|p1|chairn't|miku-fairy|1261
|player|p2|ZroHdog|wattson|1261
|gen|9
|tier|[Gen 9] OU
|rated|
|rule|HP Percentage Mod: HP is shown in percentages
|rule|Endless Battle Clause: Forcing endless battles is banned
|rule|Species Clause: Limit one of each Pokémon
|rule|OHKO Clause: OHKO moves are banned
|rule|Evasion Items Clause: Evasion items are banned
|rule|Evasion Moves Clause: Evasion moves are banned
|rule|Evasion Abilities Clause: Evasion abilities are banned
|rule|Sleep Moves Clause: Sleep-inducing moves are banned
|clearpoke
|poke|p1|Decidueye-Hisui, F|
|poke|p1|Alomomola, F|
|poke|p1|Darkrai|
|poke|p1|Dragapult, F|
|poke|p1|Great Tusk|
|poke|p1|Deoxys-Defense|
|poke|p2|Braviary-Hisui, M|
|poke|p2|Zapdos-Galar|
|poke|p2|Talonflame, F|
|poke|p2|Moltres-Galar|
|poke|p2|Articuno, L50|
|poke|p2|Staraptor, F|
|teampreview
|inactive|Battle timer is ON: inactive players will automatically lose when time's up. (requested by chairn't)
|
|t:|1757814162
|teamsize|p1|6
|teamsize|p2|6
|start
|switch|p1a: Darkrai|Darkrai|100/100
|switch|p2a: Staraptor|Staraptor, F|100/100
|turn|1
|
|t:|1757814182
|switch|p1a: Deoxys|Deoxys-Defense|100/100
|-ability|p1a: Deoxys|Pressure
|move|p2a: Staraptor|Brave Bird|p1a: Deoxys
|-damage|p1a: Deoxys|53/100
|-damage|p2a: Staraptor|85/100|[from] Recoil
|
|upkeep
|turn|2
|
|t:|1757814192
|move|p2a: Staraptor|Brave Bird|p1a: Deoxys
|-damage|p1a: Deoxys|5/100
|-damage|p2a: Staraptor|70/100|[from] Recoil
|move|p1a: Deoxys|Recover|p1a: Deoxys
|-heal|p1a: Deoxys|55/100
|
|upkeep
|turn|3
|
|t:|1757814202
|switch|p2a: Moltres|Moltres-Galar|100/100
|move|p1a: Deoxys|Recover|p1a: Deoxys
|-heal|p1a: Deoxys|100/100
|
|upkeep
|turn|4
|
|t:|1757814219
|move|p2a: Moltres|Nasty Plot|p2a: Moltres
|-boost|p2a: Moltres|spa|2
|move|p1a: Deoxys|Stealth Rock|p2a: Moltres
|-sidestart|p2: ZroHdog|move: Stealth Rock
|
|upkeep
|turn|5
|
|t:|1757814233
|switch|p1a: Darkrai|Darkrai|100/100
|move|p2a: Moltres|Fiery Wrath|p1a: Darkrai
|-resisted|p1a: Darkrai
|-damage|p1a: Darkrai|49/100
|
|upkeep
|turn|6
|
|t:|1757814243
|move|p1a: Darkrai|Ice Beam|p2a: Moltres
|-supereffective|p2a: Moltres
|-damage|p2a: Moltres|46/100
|-enditem|p2a: Moltres|Weakness Policy
|-boost|p2a: Moltres|atk|2|[from] item: Weakness Policy
|-boost|p2a: Moltres|spa|2|[from] item: Weakness Policy
|-ability|p2a: Moltres|Berserk|boost
|-boost|p2a: Moltres|spa|1
|move|p2a: Moltres|Fiery Wrath|p1a: Darkrai
|-resisted|p1a: Darkrai
|-damage|p1a: Darkrai|0 fnt
|faint|p1a: Darkrai
|
|upkeep
|
|t:|1757814256
|switch|p1a: Dragapult|Dragapult, F|100/100
|turn|7
|
|t:|1757814261
|move|p1a: Dragapult|Dragon Darts|p2a: Moltres
|-damage|p2a: Moltres|19/100
|-anim|p1a: Dragapult|Dragon Darts|p2a: Moltres
|-damage|p2a: Moltres|0 fnt
|faint|p2a: Moltres
|
|upkeep
|
|t:|1757814276
|switch|p2a: Staraptor|Staraptor, F|70/100
|-damage|p2a: Staraptor|45/100|[from] Stealth Rock
|turn|8
|
|t:|1757814284
|switch|p1a: Alomomola|Alomomola, F|100/100
|move|p2a: Staraptor|Brave Bird|p1a: Alomomola
|-damage|p1a: Alomomola|60/100
|-damage|p2a: Staraptor|22/100|[from] Recoil
|
|upkeep
|turn|9
|
|t:|1757814292
|move|p2a: Staraptor|Brave Bird|p1a: Alomomola
|-damage|p1a: Alomomola|21/100
|-damage|p2a: Staraptor|0 fnt|[from] Recoil
|faint|p2a: Staraptor
|move|p1a: Alomomola|Flip Turn|p2: Staraptor|[notarget]
|-fail|p1a: Alomomola
|
|upkeep
|
|t:|1757814301
|switch|p2a: Braviary|Braviary-Hisui, M|100/100
|-damage|p2a: Braviary|76/100|[from] Stealth Rock
|turn|10
|
|t:|1757814310
|switch|p1a: Deoxys|Deoxys-Defense|100/100
|-ability|p1a: Deoxys|Pressure
|move|p2a: Braviary|Esper Wing|p1a: Deoxys
|-resisted|p1a: Deoxys
|-damage|p1a: Deoxys|70/100
|-boost|p2a: Braviary|spe|1
|-damage|p2a: Braviary|66/100|[from] item: Life Orb
|
|upkeep
|turn|11
|
|t:|1757814323
|move|p2a: Braviary|Roost|p2a: Braviary
|-heal|p2a: Braviary|100/100
|-singleturn|p2a: Braviary|move: Roost
|move|p1a: Deoxys|Night Shade|p2a: Braviary
|-damage|p2a: Braviary|73/100
|
|upkeep
|turn|12
|
|t:|1757814334
|move|p2a: Braviary|Calm Mind|p2a: Braviary
|-boost|p2a: Braviary|spa|1
|-boost|p2a: Braviary|spd|1
|move|p1a: Deoxys|Night Shade|p2a: Braviary
|-damage|p2a: Braviary|45/100
|
|upkeep
|turn|13
|
|t:|1757814342
|move|p2a: Braviary|Roost|p2a: Braviary
|-heal|p2a: Braviary|95/100
|-singleturn|p2a: Braviary|move: Roost
|move|p1a: Deoxys|Night Shade|p2a: Braviary
|-damage|p2a: Braviary|68/100
|
|upkeep
|turn|14
|
|t:|1757814353
|switch|p1a: Dragapult|Dragapult, F|100/100
|move|p2a: Braviary|Esper Wing|p1a: Dragapult
|-crit|p1a: Dragapult
|-damage|p1a: Dragapult|0 fnt
|-boost|p2a: Braviary|spe|1
|faint|p1a: Dragapult
|-damage|p2a: Braviary|58/100|[from] item: Life Orb
|
|upkeep
|
|t:|1757814364
|switch|p1a: Decidueye|Decidueye-Hisui, F|100/100
|turn|15
|
|t:|1757814369
|-terastallize|p1a: Decidueye|Grass
|move|p2a: Braviary|Esper Wing|p1a: Decidueye
|-damage|p1a: Decidueye|20/100
|-boost|p2a: Braviary|spe|1
|-damage|p2a: Braviary|48/100|[from] item: Life Orb
|move|p1a: Decidueye|Knock Off|p2a: Braviary
|-supereffective|p2a: Braviary
|-damage|p2a: Braviary|0 fnt
|-enditem|p2a: Braviary|Life Orb|[from] move: Knock Off|[of] p1a: Decidueye
|faint|p2a: Braviary
|
|upkeep
|
|t:|1757814382
|switch|p2a: Talonflame|Talonflame, F|100/100
|-damage|p2a: Talonflame|50/100|[from] Stealth Rock
|turn|16
|
|t:|1757814389
|move|p2a: Talonflame|Dual Wingbeat|p1a: Decidueye
|-supereffective|p1a: Decidueye
|-damage|p1a: Decidueye|0 fnt
|faint|p1a: Decidueye
|-hitcount|p1: Decidueye|1
|
|upkeep
|
|t:|1757814396
|switch|p1a: Alomomola|Alomomola, F|54/100
|turn|17
|
|t:|1757814404
|switch|p2a: Articuno|Articuno, L50|100/100
|-damage|p2a: Articuno|51/100|[from] Stealth Rock
|-ability|p2a: Articuno|Pressure
|move|p1a: Alomomola|Wish|p1a: Alomomola
|
|upkeep
|turn|18
|
|t:|1757814423
|move|p1a: Alomomola|Flip Turn|p2a: Articuno
|-damage|p2a: Articuno|0 fnt
|faint|p2a: Articuno
|inactive|chairn't has 120 seconds left.
|
|t:|1757814445
|switch|p1a: Deoxys|Deoxys-Defense|70/100|[from] Flip Turn
|-ability|p1a: Deoxys|Pressure
|
|-heal|p1a: Deoxys|100/100|[from] move: Wish|[wisher] Alomomola
|upkeep
|
|t:|1757814454
|switch|p2a: Zapdos|Zapdos-Galar|100/100
|-damage|p2a: Zapdos|88/100|[from] Stealth Rock
|turn|19
|
|t:|1757814467
|-terastallize|p2a: Zapdos|Steel
|move|p2a: Zapdos|Bulk Up|p2a: Zapdos
|-boost|p2a: Zapdos|atk|1
|-boost|p2a: Zapdos|def|1
|move|p1a: Deoxys|Recover||[still]
|-fail|p1a: Deoxys|heal
|
|-heal|p2a: Zapdos|94/100|[from] item: Leftovers
|upkeep
|turn|20
|
|t:|1757814485
|switch|p1a: Alomomola|Alomomola, F|87/100
|move|p2a: Zapdos|Bulk Up|p2a: Zapdos
|-boost|p2a: Zapdos|atk|1
|-boost|p2a: Zapdos|def|1
|
|-heal|p2a: Zapdos|100/100|[from] item: Leftovers
|upkeep
|turn|21
|
|t:|1757814498
|move|p2a: Zapdos|Bulk Up|p2a: Zapdos
|-boost|p2a: Zapdos|atk|1
|-boost|p2a: Zapdos|def|1
|move|p1a: Alomomola|Scald|p2a: Zapdos
|-damage|p2a: Zapdos|83/100
|-status|p2a: Zapdos|brn
|
|-heal|p2a: Zapdos|90/100 brn|[from] item: Leftovers
|-damage|p2a: Zapdos|83/100 brn|[from] brn
|upkeep
|turn|22
|
|t:|1757814509
|move|p2a: Zapdos|Bulk Up|p2a: Zapdos
|-boost|p2a: Zapdos|atk|1
|-boost|p2a: Zapdos|def|1
|move|p1a: Alomomola|Scald|p2a: Zapdos
|-damage|p2a: Zapdos|69/100 brn
|
|-heal|p2a: Zapdos|75/100 brn|[from] item: Leftovers
|-damage|p2a: Zapdos|69/100 brn|[from] brn
|upkeep
|turn|23
|
|t:|1757814520
|move|p2a: Zapdos|Bulk Up|p2a: Zapdos
|-boost|p2a: Zapdos|atk|1
|-boost|p2a: Zapdos|def|1
|move|p1a: Alomomola|Flip Turn|p2a: Zapdos
|-damage|p2a: Zapdos|63/100 brn
|
|t:|1757814522
|switch|p1a: Great Tusk|Great Tusk|100/100|[from] Flip Turn
|
|-heal|p2a: Zapdos|69/100 brn|[from] item: Leftovers
|-damage|p2a: Zapdos|63/100 brn|[from] brn
|upkeep
|turn|24
|
|t:|1757814535
|move|p2a: Zapdos|Dual Wingbeat|p1a: Great Tusk
|-supereffective|p1a: Great Tusk
|-damage|p1a: Great Tusk|53/100
|-supereffective|p1a: Great Tusk
|-damage|p1a: Great Tusk|0 fnt
|faint|p1a: Great Tusk
|-end|p1a: Great Tusk|Protosynthesis|[silent]
|-hitcount|p1: Great Tusk|2
|
|-heal|p2a: Zapdos|69/100 brn|[from] item: Leftovers
|-damage|p2a: Zapdos|63/100 brn|[from] brn
|upkeep
|
|t:|1757814540
|switch|p1a: Deoxys|Deoxys-Defense|100/100
|-ability|p1a: Deoxys|Pressure
|turn|25
|
|t:|1757814555
|move|p2a: Zapdos|Dual Wingbeat|p1a: Deoxys
|-damage|p1a: Deoxys|78/100
|-damage|p1a: Deoxys|56/100
|-hitcount|p1a: Deoxys|2
|move|p1a: Deoxys|Night Shade|p2a: Zapdos
|-damage|p2a: Zapdos|32/100 brn
|
|-heal|p2a: Zapdos|38/100 brn|[from] item: Leftovers
|-damage|p2a: Zapdos|32/100 brn|[from] brn
|upkeep
|turn|26
|
|t:|1757814567
|move|p2a: Zapdos|Dual Wingbeat|p1a: Deoxys
|-damage|p1a: Deoxys|33/100
|-damage|p1a: Deoxys|8/100
|-hitcount|p1a: Deoxys|2
|move|p1a: Deoxys|Recover|p1a: Deoxys
|-heal|p1a: Deoxys|58/100
|
|-heal|p2a: Zapdos|38/100 brn|[from] item: Leftovers
|-damage|p2a: Zapdos|32/100 brn|[from] brn
|upkeep
|turn|27
|
|t:|1757814577
|move|p2a: Zapdos|Dual Wingbeat|p1a: Deoxys
|-damage|p1a: Deoxys|33/100
|-damage|p1a: Deoxys|11/100
|-hitcount|p1a: Deoxys|2
|move|p1a: Deoxys|Recover|p1a: Deoxys
|-heal|p1a: Deoxys|61/100
|
|-heal|p2a: Zapdos|38/100 brn|[from] item: Leftovers
|-damage|p2a: Zapdos|32/100 brn|[from] brn
|upkeep
|turn|28
|
|t:|1757814588
|move|p2a: Zapdos|Dual Wingbeat|p1a: Deoxys
|-damage|p1a: Deoxys|39/100
|-damage|p1a: Deoxys|14/100
|-hitcount|p1a: Deoxys|2
|move|p1a: Deoxys|Night Shade|p2a: Zapdos
|-damage|p2a: Zapdos|0 fnt
|faint|p2a: Zapdos
|
|upkeep
|-message|ZroHdog forfeited.
|
|win|chairn't
|raw|chairn&apos;t's rating: 1261 &rarr; <strong>1286</strong><br />(+25 for winning)
|raw|ZroHdog's rating: 1261 &rarr; <strong>1236</strong><br />(-25 for losing)
|l|☆ZroHdog
|player|p2|
|l|☆chairn't
|player|p1|
