|j|☆prakshep
|j|☆Devrai
|t:|1757945793
|gametype|singles
|player|p1|prakshep|nate|1395
|player|p2|Devrai|zinnia|1416
|gen|9
|tier|[Gen 9] OU
|rated|
|rule|HP Percentage Mod: HP is shown in percentages
|rule|Endless Battle Clause: Forcing endless battles is banned
|rule|Species Clause: Limit one of each Pokémon
|rule|OHKO Clause: OHKO moves are banned
|rule|Evasion Items Clause: Evasion items are banned
|rule|Evasion Moves Clause: Evasion moves are banned
|rule|Evasion Abilities Clause: Evasion abilities are banned
|rule|Sleep Moves Clause: Sleep-inducing moves are banned
|clearpoke
|poke|p1|Torterra, M|
|poke|p1|Polteageist-Antique|
|poke|p1|Quaquaval, M|
|poke|p1|Maushold-Four|
|poke|p1|Iron Valiant|
|poke|p1|Cinderace, M|
|poke|p2|Araquanid, M|
|poke|p2|Skeledirge, F|
|poke|p2|Enamorus, F|
|poke|p2|Iron Treads|
|poke|p2|Latios, M|
|poke|p2|Raichu, F|
|teampreview
|inactive|Battle timer is ON: inactive players will automatically lose when time's up. (requested by prakshep)
|
|t:|1757945800
|teamsize|p1|6
|teamsize|p2|6
|start
|switch|p1a: Quaquaval|Quaquaval, M|100/100
|switch|p2a: Bubble Buddy|Araquanid, M, shiny|100/100
|turn|1
|
|t:|1757945804
|move|p1a: Quaquaval|Aqua Step|p2a: Bubble Buddy
|-resisted|p2a: Bubble Buddy
|-damage|p2a: Bubble Buddy|84/100
|-boost|p1a: Quaquaval|spe|1
|move|p2a: Bubble Buddy|Chilling Water|p1a: Quaquaval
|-resisted|p1a: Quaquaval
|-damage|p1a: Quaquaval|92/100
|-unboost|p1a: Quaquaval|atk|1
|
|-heal|p2a: Bubble Buddy|90/100|[from] item: Leftovers
|upkeep
|turn|2
|
|t:|1757945814
|switch|p1a: Torterra|Torterra, M|100/100
|move|p2a: Bubble Buddy|Chilling Water|p1a: Torterra
|-damage|p1a: Torterra|77/100
|-unboost|p1a: Torterra|atk|1
|
|-heal|p2a: Bubble Buddy|97/100|[from] item: Leftovers
|upkeep
|turn|3
|
|t:|1757945818
|move|p1a: Torterra|Shell Smash|p1a: Torterra
|-unboost|p1a: Torterra|def|1
|-unboost|p1a: Torterra|spd|1
|-boost|p1a: Torterra|atk|2
|-boost|p1a: Torterra|spa|2
|-boost|p1a: Torterra|spe|2
|move|p2a: Bubble Buddy|Liquidation|p1a: Torterra
|-damage|p1a: Torterra|10/100
|
|-heal|p2a: Bubble Buddy|100/100|[from] item: Leftovers
|upkeep
|turn|4
|
|t:|1757945835
|move|p1a: Torterra|Rock Blast|p2a: Bubble Buddy
|-supereffective|p2a: Bubble Buddy
|-damage|p2a: Bubble Buddy|79/100
|-supereffective|p2a: Bubble Buddy
|-damage|p2a: Bubble Buddy|59/100
|-supereffective|p2a: Bubble Buddy
|-damage|p2a: Bubble Buddy|40/100
|-supereffective|p2a: Bubble Buddy
|-damage|p2a: Bubble Buddy|22/100
|-hitcount|p2a: Bubble Buddy|4
|move|p2a: Bubble Buddy|Liquidation|p1a: Torterra
|-damage|p1a: Torterra|0 fnt
|faint|p1a: Torterra
|
|-heal|p2a: Bubble Buddy|28/100|[from] item: Leftovers
|upkeep
|c|☆Devrai|Waow
|
|t:|1757945845
|switch|p1a: Cinderace|Cinderace, M|100/100
|turn|5
|
|t:|1757945847
|move|p1a: Cinderace|Pyro Ball|p2a: Bubble Buddy
|-damage|p2a: Bubble Buddy|6/100
|move|p2a: Bubble Buddy|Liquidation|p1a: Cinderace
|-supereffective|p1a: Cinderace
|-damage|p1a: Cinderace|0 fnt
|faint|p1a: Cinderace
|
|-heal|p2a: Bubble Buddy|12/100|[from] item: Leftovers
|upkeep
|
|t:|1757945851
|switch|p1a: Quaquaval|Quaquaval, M|92/100
|turn|6
|c|☆Devrai|Waow
|
|t:|1757945862
|move|p1a: Quaquaval|Brave Bird|p2a: Bubble Buddy
|-supereffective|p2a: Bubble Buddy
|-damage|p2a: Bubble Buddy|0 fnt
|faint|p2a: Bubble Buddy
|-ability|p1a: Quaquaval|Moxie|boost
|-boost|p1a: Quaquaval|atk|1
|-damage|p1a: Quaquaval|87/100|[from] Recoil
|
|upkeep
|
|t:|1757945868
|switch|p2a: Mistress|Enamorus, F, shiny|100/100
|turn|7
|
|t:|1757945879
|-terastallize|p2a: Mistress|Stellar
|move|p2a: Mistress|Tera Blast|p1a: Quaquaval|[anim] Tera Blast Stellar
|-damage|p1a: Quaquaval|54/100
|-boost|p2a: Mistress|atk|1
|-boost|p2a: Mistress|spa|1
|move|p1a: Quaquaval|Aqua Step|p2a: Mistress
|-damage|p2a: Mistress|0 fnt
|-boost|p1a: Quaquaval|spe|1
|faint|p2a: Mistress
|-ability|p1a: Quaquaval|Moxie|boost
|-boost|p1a: Quaquaval|atk|1
|
|upkeep
|
|t:|1757945887
|switch|p2a: King Gator|Skeledirge, F, shiny|100/100
|turn|8
|
|t:|1757945889
|move|p1a: Quaquaval|Aqua Step|p2a: King Gator
|-supereffective|p2a: King Gator
|-damage|p2a: King Gator|29/100
|-boost|p1a: Quaquaval|spe|1
|move|p2a: King Gator|Will-O-Wisp|p1a: Quaquaval
|-status|p1a: Quaquaval|brn
|
|-heal|p2a: King Gator|35/100|[from] item: Leftovers
|-damage|p1a: Quaquaval|48/100 brn|[from] brn
|upkeep
|turn|9
|
|t:|1757945892
|switch|p2a: Treadmill|Iron Treads, shiny|100/100
|move|p1a: Quaquaval|Aqua Step|p2a: Treadmill
|-supereffective|p2a: Treadmill
|-damage|p2a: Treadmill|28/100
|-boost|p1a: Quaquaval|spe|1
|
|-damage|p1a: Quaquaval|42/100 brn|[from] brn
|upkeep
|turn|10
|
|t:|1757945894
|-end|p2a: Treadmill|Quark Drive|[silent]
|switch|p2a: Jet Lag|Latios, M, shiny|100/100
|move|p1a: Quaquaval|Aqua Step|p2a: Jet Lag
|-resisted|p2a: Jet Lag
|-damage|p2a: Jet Lag|73/100
|-boost|p1a: Quaquaval|spe|1
|
|-damage|p1a: Quaquaval|36/100 brn|[from] brn
|upkeep
|turn|11
|l|☆prakshep
|inactive|prakshep disconnected and has a minute to reconnect!
|player|p1|
|j|☆prakshep
|inactive|prakshep reconnected and has 130 seconds left.
|player|p1|prakshep|nate|
|
|t:|1757945920
|move|p1a: Quaquaval|Triple Axel|p2a: Jet Lag
|-supereffective|p2a: Jet Lag
|-damage|p2a: Jet Lag|52/100
|-hitcount|p2a: Jet Lag|1
|move|p2a: Jet Lag|Luster Purge|p1a: Quaquaval
|-supereffective|p1a: Quaquaval
|-damage|p1a: Quaquaval|0 fnt
|faint|p1a: Quaquaval
|
|upkeep
|
|t:|1757945927
|switch|p1a: Iron Valiant|Iron Valiant|100/100
|-enditem|p1a: Iron Valiant|Booster Energy
|-activate|p1a: Iron Valiant|ability: Quark Drive|[fromitem]
|-start|p1a: Iron Valiant|quarkdrivespe
|turn|12
|
|t:|1757945931
|move|p1a: Iron Valiant|Spirit Break|p2a: Jet Lag
|-supereffective|p2a: Jet Lag
|-damage|p2a: Jet Lag|0 fnt
|faint|p2a: Jet Lag
|
|upkeep
|
|t:|1757945936
|switch|p2a: Ampere|Raichu, F|100/100
|turn|13
|
|t:|1757945943
|move|p1a: Iron Valiant|Swords Dance|p1a: Iron Valiant
|-boost|p1a: Iron Valiant|atk|2
|move|p2a: Ampere|Alluring Voice|p1a: Iron Valiant
|-supereffective|p1a: Iron Valiant
|-damage|p1a: Iron Valiant|0 fnt
|faint|p1a: Iron Valiant
|-end|p1a: Iron Valiant|Quark Drive|[silent]
|-damage|p2a: Ampere|91/100|[from] item: Life Orb
|
|upkeep
|
|t:|1757945949
|switch|p1a: Polteageist|Polteageist-Antique|100/100
|turn|14
|
|t:|1757945951
|move|p2a: Ampere|Thunderbolt|p1a: Polteageist
|-damage|p1a: Polteageist|49/100
|-damage|p2a: Ampere|81/100|[from] item: Life Orb
|move|p1a: Polteageist|Shell Smash|p1a: Polteageist
|-unboost|p1a: Polteageist|def|1
|-unboost|p1a: Polteageist|spd|1
|-boost|p1a: Polteageist|atk|2
|-boost|p1a: Polteageist|spa|2
|-boost|p1a: Polteageist|spe|2
|
|upkeep
|turn|15
|
|t:|1757945961
|move|p1a: Polteageist|Stored Power|p2a: Ampere
|-crit|p2a: Ampere
|-damage|p2a: Ampere|0 fnt
|faint|p2a: Ampere
|
|upkeep
|
|t:|1757945963
|switch|p2a: King Gator|Skeledirge, F, shiny|35/100
|turn|16
|
|t:|1757945965
|move|p1a: Polteageist|Shadow Ball|p2a: King Gator
|-supereffective|p2a: King Gator
|-damage|p2a: King Gator|0 fnt
|faint|p2a: King Gator
|
|upkeep
|c|☆Devrai|Waow
|-message|Devrai forfeited.
|
|win|prakshep
|raw|prakshep's rating: 1395 &rarr; <strong>1416</strong><br />(+21 for winning)
|raw|Devrai's rating: 1416 &rarr; <strong>1395</strong><br />(-21 for losing)
|l|☆Devrai
|player|p2|
|l|☆prakshep
|player|p1|
