|j|☆henry_mercury
|j|☆la3yat 45
|t:|1757859456
|gametype|singles
|player|p1|henry_mercury|emmet|1187
|player|p2|la3yat 45|lucas|1184
|gen|9
|tier|[Gen 9] OU
|rated|
|rule|HP Percentage Mod: HP is shown in percentages
|rule|Endless Battle Clause: Forcing endless battles is banned
|rule|Species Clause: Limit one of each Pokémon
|rule|OHKO Clause: OHKO moves are banned
|rule|Evasion Items Clause: Evasion items are banned
|rule|Evasion Moves Clause: Evasion moves are banned
|rule|Evasion Abilities Clause: Evasion abilities are banned
|rule|Sleep Moves Clause: Sleep-inducing moves are banned
|clearpoke
|poke|p1|Garchomp, M|
|poke|p1|Corviknight, F|
|poke|p1|Clefable, M|
|poke|p1|Armarouge, F|
|poke|p1|Dragapult, M|
|poke|p1|Toxapex, M|
|poke|p2|Greninja-*, M|
|poke|p2|Infernape, F|
|poke|p2|Munkidori, M|
|poke|p2|Rotom-Mow|
|poke|p2|Iron Boulder|
|poke|p2|Zarude|
|teampreview
|
|t:|1757859470
|teamsize|p1|6
|teamsize|p2|6
|start
|switch|p1a: Corviknight|Corviknight, F|100/100
|switch|p2a: Zarude|Zarude|100/100
|turn|1
|
|t:|1757859480
|switch|p2a: Infernape|Infernape, F|100/100
|move|p1a: Corviknight|U-turn|p2a: Infernape
|-resisted|p2a: Infernape
|-damage|p2a: Infernape|95/100
|
|t:|1757859491
|switch|p1a: Toxapex|Toxapex, M|100/100|[from] U-turn
|
|upkeep
|turn|2
|
|t:|1757859497
|switch|p2a: Munkidori|Munkidori, M|100/100
|move|p1a: Toxapex|Chilling Water|p2a: Munkidori
|-damage|p2a: Munkidori|87/100
|-unboost|p2a: Munkidori|atk|1
|
|upkeep
|turn|3
|
|t:|1757859511
|switch|p1a: Corviknight|Corviknight, F|100/100
|move|p2a: Munkidori|Psyshock|p1a: Corviknight
|-resisted|p1a: Corviknight
|-damage|p1a: Corviknight|86/100
|
|-heal|p1a: Corviknight|93/100|[from] item: Leftovers
|upkeep
|turn|4
|
|t:|1757859538
|switch|p2a: Infernape|Infernape, F|95/100
|move|p1a: Corviknight|U-turn|p2a: Infernape
|-resisted|p2a: Infernape
|-damage|p2a: Infernape|90/100
|
|t:|1757859545
|switch|p1a: Clefable|Clefable, M|100/100|[from] U-turn
|
|upkeep
|turn|5
|
|t:|1757859552
|switch|p2a: Munkidori|Munkidori, M|87/100
|move|p1a: Clefable|Thunder Wave|p2a: Munkidori
|-status|p2a: Munkidori|par
|
|upkeep
|turn|6
|
|t:|1757859566
|switch|p1a: Corviknight|Corviknight, F|93/100
|cant|p2a: Munkidori|par
|
|-heal|p1a: Corviknight|99/100|[from] item: Leftovers
|upkeep
|turn|7
|
|t:|1757859576
|switch|p2a: Infernape|Infernape, F|90/100
|move|p1a: Corviknight|Brave Bird|p2a: Infernape
|-supereffective|p2a: Infernape
|-damage|p2a: Infernape|0 fnt
|faint|p2a: Infernape
|-damage|p1a: Corviknight|77/100|[from] Recoil
|
|-heal|p1a: Corviknight|83/100|[from] item: Leftovers
|upkeep
|
|t:|1757859588
|switch|p2a: Rotom|Rotom-Mow|100/100
|turn|8
|
|t:|1757859597
|switch|p1a: Garchomp|Garchomp, M|100/100
|move|p2a: Rotom|Volt Switch|p1a: Garchomp
|-immune|p1a: Garchomp
|
|upkeep
|turn|9
|
|t:|1757859615
|switch|p2a: Zarude|Zarude|100/100
|move|p1a: Garchomp|Fire Fang|p2a: Zarude
|-supereffective|p2a: Zarude
|-damage|p2a: Zarude|72/100
|-damage|p1a: Garchomp|84/100|[from] item: Rocky Helmet|[of] p2a: Zarude
|
|-heal|p1a: Garchomp|90/100|[from] item: Leftovers
|upkeep
|turn|10
|
|t:|1757859631
|switch|p1a: Corviknight|Corviknight, F|83/100
|-terastallize|p2a: Zarude|Fairy
|move|p2a: Zarude|Power Whip|p1a: Corviknight
|-resisted|p1a: Corviknight
|-damage|p1a: Corviknight|74/100
|
|-heal|p1a: Corviknight|80/100|[from] item: Leftovers
|upkeep
|turn|11
|
|t:|1757859645
|switch|p2a: Rotom|Rotom-Mow|100/100
|move|p1a: Corviknight|Roost|p1a: Corviknight
|-heal|p1a: Corviknight|100/100
|-singleturn|p1a: Corviknight|move: Roost
|
|upkeep
|turn|12
|
|t:|1757859658
|switch|p1a: Garchomp|Garchomp, M|90/100
|move|p2a: Rotom|Discharge|p1a: Garchomp
|-immune|p1a: Garchomp
|
|-heal|p1a: Garchomp|96/100|[from] item: Leftovers
|upkeep
|turn|13
|
|t:|1757859666
|switch|p2a: Zarude|Zarude, tera:Fairy|72/100
|move|p1a: Garchomp|Stealth Rock|p2a: Zarude
|-sidestart|p2: la3yat 45|move: Stealth Rock
|
|-heal|p1a: Garchomp|100/100|[from] item: Leftovers
|upkeep
|turn|14
|
|t:|1757859678
|switch|p1a: Toxapex|Toxapex, M|100/100
|move|p2a: Zarude|Knock Off|p1a: Toxapex
|-damage|p1a: Toxapex|72/100
|-enditem|p1a: Toxapex|Black Sludge|[from] move: Knock Off|[of] p2a: Zarude
|
|upkeep
|turn|15
|
|t:|1757859690
|switch|p1a: Corviknight|Corviknight, F|100/100
|move|p2a: Zarude|U-turn|p1a: Corviknight
|-resisted|p1a: Corviknight
|-damage|p1a: Corviknight|97/100
|
|t:|1757859695
|switch|p2a: Rotom|Rotom-Mow|100/100|[from] U-turn
|-damage|p2a: Rotom|88/100|[from] Stealth Rock
|
|-heal|p1a: Corviknight|100/100|[from] item: Leftovers
|upkeep
|turn|16
|
|t:|1757859703
|move|p2a: Rotom|Leaf Storm|p1a: Corviknight
|-resisted|p1a: Corviknight
|-damage|p1a: Corviknight|88/100
|-unboost|p2a: Rotom|spa|2
|move|p1a: Corviknight|U-turn|p2a: Rotom
|-supereffective|p2a: Rotom
|-damage|p2a: Rotom|50/100
|inactive|Battle timer is ON: inactive players will automatically lose when time's up. (requested by la3yat 45)
|
|t:|1757859730
|switch|p1a: Toxapex|Toxapex, M|100/100|[from] U-turn
|
|upkeep
|turn|17
|
|t:|1757859749
|switch|p2a: Munkidori|Munkidori, M|87/100 par
|move|p1a: Toxapex|Chilling Water|p2a: Munkidori
|-damage|p2a: Munkidori|76/100 par
|-unboost|p2a: Munkidori|atk|1
|
|upkeep
|turn|18
|
|t:|1757859758
|switch|p1a: Corviknight|Corviknight, F|88/100
|move|p2a: Munkidori|Psyshock|p1a: Corviknight
|-resisted|p1a: Corviknight
|-damage|p1a: Corviknight|73/100
|
|-heal|p1a: Corviknight|79/100|[from] item: Leftovers
|upkeep
|turn|19
|
|t:|1757859777
|switch|p2a: Rotom|Rotom-Mow|50/100
|-damage|p2a: Rotom|38/100|[from] Stealth Rock
|move|p1a: Corviknight|U-turn|p2a: Rotom
|-supereffective|p2a: Rotom
|-damage|p2a: Rotom|1/100
|
|t:|1757859796
|switch|p1a: Clefable|Clefable, M|100/100|[from] U-turn
|
|upkeep
|turn|20
|
|t:|1757859803
|move|p2a: Rotom|Thunder Wave|p1a: Clefable|[miss]
|-miss|p2a: Rotom|p1a: Clefable
|move|p1a: Clefable|Flamethrower|p2a: Rotom
|-supereffective|p2a: Rotom
|-damage|p2a: Rotom|0 fnt
|faint|p2a: Rotom
|
|upkeep
|
|t:|1757859807
|switch|p2a: Munkidori|Munkidori, M|76/100 par
|turn|21
|
|t:|1757859824
|switch|p1a: Corviknight|Corviknight, F|79/100
|move|p2a: Munkidori|Sludge Bomb|p1a: Corviknight
|-immune|p1a: Corviknight
|
|-heal|p1a: Corviknight|86/100|[from] item: Leftovers
|upkeep
|turn|22
|
|t:|1757859834
|switch|p2a: Iron Boulder|Iron Boulder|100/100
|-damage|p2a: Iron Boulder|88/100|[from] Stealth Rock
|-enditem|p2a: Iron Boulder|Booster Energy
|-activate|p2a: Iron Boulder|ability: Quark Drive|[fromitem]
|-start|p2a: Iron Boulder|quarkdriveatk
|move|p1a: Corviknight|U-turn|p2a: Iron Boulder
|-supereffective|p2a: Iron Boulder
|-damage|p2a: Iron Boulder|50/100
|
|t:|1757859847
|switch|p1a: Toxapex|Toxapex, M|100/100|[from] U-turn
|
|upkeep
|turn|23
|
|t:|1757859853
|move|p2a: Iron Boulder|Zen Headbutt|p1a: Toxapex
|-supereffective|p1a: Toxapex
|-damage|p1a: Toxapex|29/100
|cant|p1a: Toxapex|flinch
|
|upkeep
|turn|24
|
|t:|1757859864
|switch|p1a: Corviknight|Corviknight, F|86/100
|move|p2a: Iron Boulder|Zen Headbutt|p1a: Corviknight
|-resisted|p1a: Corviknight
|-damage|p1a: Corviknight|67/100
|
|-heal|p1a: Corviknight|74/100|[from] item: Leftovers
|upkeep
|turn|25
|
|t:|1757859879
|move|p2a: Iron Boulder|Mighty Cleave|p1a: Corviknight
|-damage|p1a: Corviknight|31/100
|move|p1a: Corviknight|U-turn|p2a: Iron Boulder
|-supereffective|p2a: Iron Boulder
|-damage|p2a: Iron Boulder|16/100
|
|t:|1757859884
|switch|p1a: Dragapult|Dragapult, M|100/100|[from] U-turn
|
|upkeep
|turn|26
|
|t:|1757859894
|move|p1a: Dragapult|Phantom Force||[still]
|-prepare|p1a: Dragapult|Phantom Force
|move|p2a: Iron Boulder|Mighty Cleave|p1a: Dragapult|[miss]
|-miss|p2a: Iron Boulder|p1a: Dragapult
|
|upkeep
|turn|27
|
|t:|1757859901
|-end|p2a: Iron Boulder|Quark Drive|[silent]
|switch|p2a: Zarude|Zarude, tera:Fairy|72/100
|-damage|p2a: Zarude|59/100|[from] Stealth Rock
|move|p1a: Dragapult|Phantom Force|p2a: Zarude|[from] lockedmove
|-damage|p2a: Zarude|19/100
|-damage|p1a: Dragapult|84/100|[from] item: Rocky Helmet|[of] p2a: Zarude
|-damage|p1a: Dragapult|74/100|[from] item: Life Orb
|
|upkeep
|turn|28
|
|t:|1757859920
|move|p1a: Dragapult|U-turn|p2a: Zarude
|-resisted|p2a: Zarude
|-damage|p2a: Zarude|8/100
|-damage|p1a: Dragapult|58/100|[from] item: Rocky Helmet|[of] p2a: Zarude
|-damage|p1a: Dragapult|48/100|[from] item: Life Orb
|
|t:|1757859939
|switch|p1a: Toxapex|Toxapex, M|62/100|[from] U-turn
|move|p2a: Zarude|Jungle Healing|p2a: Zarude
|-heal|p2a: Zarude|33/100
|
|upkeep
|turn|29
|
|t:|1757859949
|move|p2a: Zarude|U-turn|p1a: Toxapex
|-resisted|p1a: Toxapex
|-damage|p1a: Toxapex|55/100
|
|t:|1757859954
|switch|p2a: Munkidori|Munkidori, M|76/100 par|[from] U-turn
|move|p1a: Toxapex|Chilling Water|p2a: Munkidori
|-damage|p2a: Munkidori|62/100 par
|-unboost|p2a: Munkidori|atk|1
|
|upkeep
|turn|30
|
|t:|1757859962
|switch|p1a: Corviknight|Corviknight, F|31/100
|move|p2a: Munkidori|Psyshock|p1a: Corviknight
|-resisted|p1a: Corviknight
|-damage|p1a: Corviknight|17/100
|
|-heal|p1a: Corviknight|24/100|[from] item: Leftovers
|upkeep
|turn|31
|
|t:|1757859971
|move|p1a: Corviknight|Roost|p1a: Corviknight
|-heal|p1a: Corviknight|74/100
|-singleturn|p1a: Corviknight|move: Roost
|move|p2a: Munkidori|Focus Blast|p1a: Corviknight
|-supereffective|p1a: Corviknight
|-damage|p1a: Corviknight|0 fnt
|faint|p1a: Corviknight
|
|upkeep
|
|t:|1757859989
|switch|p1a: Garchomp|Garchomp, M|100/100
|turn|32
|
|t:|1757860001
|switch|p2a: Zarude|Zarude, tera:Fairy|33/100
|-damage|p2a: Zarude|21/100|[from] Stealth Rock
|move|p1a: Garchomp|Earthquake|p2a: Zarude
|-damage|p2a: Zarude|0 fnt
|faint|p2a: Zarude
|
|upkeep
|
|t:|1757860010
|switch|p2a: Greninja|Greninja, M|100/100
|-damage|p2a: Greninja|88/100|[from] Stealth Rock
|turn|33
|
|t:|1757860024
|switch|p1a: Clefable|Clefable, M|100/100
|move|p2a: Greninja|Ice Beam|p1a: Clefable
|-crit|p1a: Clefable
|-damage|p1a: Clefable|52/100
|-damage|p2a: Greninja|78/100|[from] item: Life Orb
|
|-heal|p1a: Clefable|58/100|[from] item: Leftovers
|upkeep
|turn|34
|
|t:|1757860039
|switch|p2a: Munkidori|Munkidori, M|62/100 par
|move|p1a: Clefable|Thunder Wave|p2a: Munkidori
|-fail|p2a: Munkidori|par
|
|-heal|p1a: Clefable|64/100|[from] item: Leftovers
|upkeep
|turn|35
|
|t:|1757860047
|switch|p1a: Toxapex|Toxapex, M|88/100
|move|p2a: Munkidori|Sludge Bomb|p1a: Toxapex
|-resisted|p1a: Toxapex
|-damage|p1a: Toxapex|67/100
|
|upkeep
|turn|36
|
|t:|1757860053
|move|p2a: Munkidori|Psyshock|p1a: Toxapex
|-supereffective|p1a: Toxapex
|-damage|p1a: Toxapex|15/100
|move|p1a: Toxapex|Recover|p1a: Toxapex
|-heal|p1a: Toxapex|65/100
|
|upkeep
|turn|37
|
|t:|1757860059
|move|p2a: Munkidori|Psyshock|p1a: Toxapex
|-supereffective|p1a: Toxapex
|-crit|p1a: Toxapex
|-damage|p1a: Toxapex|0 fnt
|faint|p1a: Toxapex
|
|upkeep
|
|t:|1757860067
|switch|p1a: Armarouge|Armarouge, F|100/100
|turn|38
|
|t:|1757860075
|switch|p2a: Greninja|Greninja, M|78/100
|-damage|p2a: Greninja|66/100|[from] Stealth Rock
|move|p1a: Armarouge|Psychic|p2a: Greninja
|-immune|p2a: Greninja
|
|upkeep
|turn|39
|
|t:|1757860083
|switch|p1a: Clefable|Clefable, M|64/100
|move|p2a: Greninja|Dark Pulse|p1a: Clefable
|-resisted|p1a: Clefable
|-damage|p1a: Clefable|41/100
|-damage|p2a: Greninja|56/100|[from] item: Life Orb
|
|-heal|p1a: Clefable|47/100|[from] item: Leftovers
|upkeep
|turn|40
|
|t:|1757860100
|-terastallize|p1a: Clefable|Steel
|move|p2a: Greninja|Ice Beam|p1a: Clefable
|-resisted|p1a: Clefable
|-damage|p1a: Clefable|32/100
|-damage|p2a: Greninja|47/100|[from] item: Life Orb
|move|p1a: Clefable|Moonblast|p2a: Greninja
|-supereffective|p2a: Greninja
|-damage|p2a: Greninja|0 fnt
|faint|p2a: Greninja
|
|-heal|p1a: Clefable|38/100|[from] item: Leftovers
|upkeep
|
|t:|1757860118
|switch|p2a: Iron Boulder|Iron Boulder|16/100
|-damage|p2a: Iron Boulder|4/100|[from] Stealth Rock
|turn|41
|
|t:|1757860123
|move|p2a: Iron Boulder|Earthquake|p1a: Clefable
|-supereffective|p1a: Clefable
|-damage|p1a: Clefable|0 fnt
|faint|p1a: Clefable
|
|upkeep
|
|t:|1757860127
|switch|p1a: Dragapult|Dragapult, M|48/100
|turn|42
|
|t:|1757860140
|move|p1a: Dragapult|Substitute|p1a: Dragapult
|-start|p1a: Dragapult|Substitute
|-damage|p1a: Dragapult|23/100
|move|p2a: Iron Boulder|Mighty Cleave|p1a: Dragapult
|-end|p1a: Dragapult|Substitute
|
|upkeep
|turn|43
|
|t:|1757860152
|move|p1a: Dragapult|Dragon Darts|p2a: Iron Boulder
|-damage|p2a: Iron Boulder|0 fnt
|faint|p2a: Iron Boulder
|-end|p2a: Iron Boulder|Quark Drive|[silent]
|-damage|p1a: Dragapult|13/100|[from] item: Life Orb
|
|upkeep
|
|t:|1757860155
|switch|p2a: Munkidori|Munkidori, M|62/100 par
|turn|44
|
|t:|1757860160
|move|p1a: Dragapult|Phantom Force||[still]
|-prepare|p1a: Dragapult|Phantom Force
|move|p2a: Munkidori|Sludge Bomb|p1a: Dragapult|[miss]
|-miss|p2a: Munkidori|p1a: Dragapult
|
|upkeep
|turn|45
|
|t:|1757860165
|move|p1a: Dragapult|Phantom Force|p2a: Munkidori|[from] lockedmove
|-supereffective|p2a: Munkidori
|-damage|p2a: Munkidori|0 fnt
|faint|p2a: Munkidori
|-damage|p1a: Dragapult|4/100|[from] item: Life Orb
|
|win|henry_mercury
|raw|henry_mercury's rating: 1187 &rarr; <strong>1212</strong><br />(+25 for winning)
|raw|la3yat 45's rating: 1184 &rarr; <strong>1159</strong><br />(-25 for losing)
|l|☆henry_mercury
|player|p1|
