|j|☆StarCalyrex
|j|☆Taka
|inactive|Battle timer is ON: inactive players will automatically lose when time's up.
|t:|1757951452
|gametype|singles
|player|p1|StarCalyrex|hilbert-wonderlauncher|
|player|p2|Taka|#scl5gible|
|gen|9
|tier|[Gen 9] OU
|rated|Tournament battle
|rule|HP Percentage Mod: HP is shown in percentages
|rule|Endless Battle Clause: Forcing endless battles is banned
|rule|Species Clause: Limit one of each Pokémon
|rule|OHKO Clause: OHKO moves are banned
|rule|Evasion Items Clause: Evasion items are banned
|rule|Evasion Moves Clause: Evasion moves are banned
|rule|Evasion Abilities Clause: Evasion abilities are banned
|rule|Sleep Moves Clause: Sleep-inducing moves are banned
|clearpoke
|poke|p1|Araquanid, F|
|poke|p1|Iron Treads|
|poke|p1|Cinderace, M|
|poke|p1|Kingambit, F|
|poke|p1|Pecharunt|
|poke|p1|Dragonite, F|
|poke|p2|Dragapult, F|
|poke|p2|Landorus-Therian, M|
|poke|p2|Darkrai|
|poke|p2|Dragonite, F|
|poke|p2|Hatterene, F|
|poke|p2|Scizor, M|
|teampreview
|j|*Lady Monita ☀
|inactive|Taka also wants the timer to be on.
|inactive|StarCalyrex also wants the timer to be on.
|c|☆StarCalyrex|hf
|c|☆Taka|hf
|
|t:|1757951472
|teamsize|p1|6
|teamsize|p2|6
|start
|switch|p1a: Araquanid|Araquanid, F, shiny|100/100
|switch|p2a: Dragapult|Dragapult, F|100/100
|turn|1
|
|t:|1757951479
|move|p2a: Dragapult|U-turn|p1a: Araquanid
|-damage|p1a: Araquanid|86/100
|
|t:|1757951481
|switch|p2a: Hatterene|Hatterene, F|100/100|[from] U-turn
|move|p1a: Araquanid|Liquidation|p2a: Hatterene
|-damage|p2a: Hatterene|53/100
|
|upkeep
|turn|2
|
|t:|1757951485
|move|p1a: Araquanid|Liquidation|p2a: Hatterene
|-damage|p2a: Hatterene|1/100
|move|p2a: Hatterene|Psyshock|p1a: Araquanid
|-damage|p1a: Araquanid|52/100
|
|upkeep
|turn|3
|
|t:|1757951490
|move|p1a: Araquanid|Sticky Web|p2a: Hatterene
|move|p2a: Hatterene|Sticky Web|p1a: Araquanid|[from] ability: Magic Bounce
|-sidestart|p1: StarCalyrex|move: Sticky Web
|move|p2a: Hatterene|Psyshock|p1a: Araquanid
|-damage|p1a: Araquanid|16/100
|
|upkeep
|turn|4
|
|t:|1757951492
|move|p1a: Araquanid|Liquidation|p2a: Hatterene
|-damage|p2a: Hatterene|0 fnt
|faint|p2a: Hatterene
|
|upkeep
|
|t:|1757951496
|switch|p2a: Dragapult|Dragapult, F|100/100
|turn|5
|c|☆StarCalyrex|i needa retire
|
|t:|1757951501
|move|p2a: Dragapult|Dragon Darts|p1a: Araquanid
|-damage|p1a: Araquanid|0 fnt
|faint|p1a: Araquanid
|
|upkeep
|
|t:|1757951516
|switch|p1a: Kingambit|Kingambit, F|100/100
|-activate|p1a: Kingambit|move: Sticky Web
|-unboost|p1a: Kingambit|spe|1
|-activate|p1a: Kingambit|ability: Supreme Overlord
|-start|p1a: Kingambit|fallen1|[silent]
|turn|6
|
|t:|1757951519
|move|p2a: Dragapult|Will-O-Wisp|p1a: Kingambit|[miss]
|-miss|p2a: Dragapult|p1a: Kingambit
|move|p1a: Kingambit|Iron Head|p2a: Dragapult
|-damage|p2a: Dragapult|28/100
|
|upkeep
|turn|7
|c|☆StarCalyrex|mg
|c|☆StarCalyrex|mb*
|
|t:|1757951527
|switch|p2a: Scizor|Scizor, M|100/100
|-end|p1a: Kingambit|fallen1|[silent]
|switch|p1a: Cinderace|Cinderace, M|100/100
|-activate|p1a: Cinderace|move: Sticky Web
|-unboost|p1a: Cinderace|spe|1
|
|upkeep
|turn|8
|
|t:|1757951534
|move|p1a: Cinderace|Pyro Ball|p2a: Scizor
|-supereffective|p2a: Scizor
|-damage|p2a: Scizor|0 fnt
|faint|p2a: Scizor
|
|upkeep
|
|t:|1757951540
|switch|p2a: Dragapult|Dragapult, F|28/100
|turn|9
|
|t:|1757951543
|move|p1a: Cinderace|Sucker Punch|p2a: Dragapult
|-supereffective|p2a: Dragapult
|-crit|p2a: Dragapult
|-damage|p2a: Dragapult|0 fnt
|faint|p2a: Dragapult
|
|upkeep
|
|t:|1757951546
|switch|p2a: Dragonite|Dragonite, F|100/100
|turn|10
|
|t:|1757951553
|switch|p1a: Pecharunt|Pecharunt|100/100
|-item|p1a: Pecharunt|Air Balloon
|move|p2a: Dragonite|Dragon Dance|p2a: Dragonite
|-boost|p2a: Dragonite|atk|1
|-boost|p2a: Dragonite|spe|1
|
|upkeep
|turn|11
|
|t:|1757951562
|move|p2a: Dragonite|Dragon Dance|p2a: Dragonite
|-boost|p2a: Dragonite|atk|1
|-boost|p2a: Dragonite|spe|1
|move|p1a: Pecharunt|Nasty Plot|p1a: Pecharunt
|-boost|p1a: Pecharunt|spa|2
|
|upkeep
|turn|12
|
|t:|1757951565
|move|p2a: Dragonite|Encore|p1a: Pecharunt
|-start|p1a: Pecharunt|Encore
|move|p1a: Pecharunt|Nasty Plot|p1a: Pecharunt
|-boost|p1a: Pecharunt|spa|2
|
|upkeep
|turn|13
|
|t:|1757951569
|switch|p1a: Dragonite|Dragonite, F|100/100
|move|p2a: Dragonite|Dragon Dance|p2a: Dragonite
|-boost|p2a: Dragonite|atk|1
|-boost|p2a: Dragonite|spe|1
|
|upkeep
|turn|14
|
|t:|1757951579
|-terastallize|p2a: Dragonite|Flying
|-terastallize|p1a: Dragonite|Ground
|move|p2a: Dragonite|Tera Blast|p1a: Dragonite|[anim] Tera Blast Flying
|-damage|p1a: Dragonite|30/100
|move|p1a: Dragonite|Dragon Tail|p2a: Dragonite
|-damage|p2a: Dragonite|84/100
|drag|p2a: Darkrai|Darkrai|100/100
|
|upkeep
|turn|15
|
|t:|1757951589
|move|p2a: Darkrai|Dark Pulse|p1a: Dragonite
|-damage|p1a: Dragonite|0 fnt
|faint|p1a: Dragonite
|
|upkeep
|
|t:|1757951594
|switch|p1a: Iron Treads|Iron Treads|100/100
|-activate|p1a: Iron Treads|move: Sticky Web
|-unboost|p1a: Iron Treads|spe|1
|-enditem|p1a: Iron Treads|Booster Energy
|-activate|p1a: Iron Treads|ability: Quark Drive|[fromitem]
|-start|p1a: Iron Treads|quarkdriveatk
|turn|16
|
|t:|1757951596
|move|p2a: Darkrai|Dark Pulse|p1a: Iron Treads
|-damage|p1a: Iron Treads|38/100
|move|p1a: Iron Treads|Rapid Spin|p2a: Darkrai
|-damage|p2a: Darkrai|70/100
|-boost|p1a: Iron Treads|spe|1
|-sideend|p1: StarCalyrex|Sticky Web|[from] move: Rapid Spin|[of] p1a: Iron Treads
|
|-heal|p2a: Darkrai|76/100|[from] item: Leftovers
|upkeep
|turn|17
|
|t:|1757951602
|move|p2a: Darkrai|Dark Pulse|p1a: Iron Treads
|-damage|p1a: Iron Treads|0 fnt
|faint|p1a: Iron Treads
|-end|p1a: Iron Treads|Quark Drive|[silent]
|
|-heal|p2a: Darkrai|82/100|[from] item: Leftovers
|upkeep
|
|t:|1757951628
|switch|p1a: Cinderace|Cinderace, M|100/100
|turn|18
|
|t:|1757951632
|switch|p2a: Landorus|Landorus-Therian, M|100/100
|-ability|p2a: Landorus|Intimidate|boost
|-unboost|p1a: Cinderace|atk|1
|move|p1a: Cinderace|Pyro Ball|p2a: Landorus
|-damage|p2a: Landorus|55/100
|
|upkeep
|turn|19
|j| BLUNDER POLlCY
|
|t:|1757951641
|move|p2a: Landorus|U-turn|p1a: Cinderace
|-resisted|p1a: Cinderace
|-damage|p1a: Cinderace|82/100
|
|t:|1757951643
|switch|p2a: Darkrai|Darkrai|82/100|[from] U-turn
|move|p1a: Cinderace|Swords Dance|p1a: Cinderace
|-boost|p1a: Cinderace|atk|2
|
|-heal|p2a: Darkrai|88/100|[from] item: Leftovers
|upkeep
|turn|20
|c|☆StarCalyrex|;)
|
|t:|1757951648
|move|p2a: Darkrai|Dark Pulse|p1a: Cinderace
|-damage|p1a: Cinderace|20/100
|move|p1a: Cinderace|Pyro Ball|p2a: Darkrai
|-damage|p2a: Darkrai|0 fnt
|faint|p2a: Darkrai
|
|upkeep
|
|t:|1757951653
|switch|p2a: Landorus|Landorus-Therian, M|55/100
|-ability|p2a: Landorus|Intimidate|boost
|-unboost|p1a: Cinderace|atk|1
|turn|21
|
|t:|1757951661
|switch|p1a: Pecharunt|Pecharunt|100/100
|-item|p1a: Pecharunt|Air Balloon
|move|p2a: Landorus|Earthquake|p1a: Pecharunt
|-immune|p1a: Pecharunt
|
|upkeep
|turn|22
|
|t:|1757951669
|switch|p2a: Dragonite|Dragonite, F, tera:Flying|84/100
|move|p1a: Pecharunt|Nasty Plot|p1a: Pecharunt
|-boost|p1a: Pecharunt|spa|2
|
|-heal|p2a: Dragonite|90/100|[from] item: Leftovers
|upkeep
|turn|23
|
|t:|1757951672
|move|p1a: Pecharunt|Malignant Chain|p2a: Dragonite
|-damage|p2a: Dragonite|24/100
|move|p2a: Dragonite|Encore|p1a: Pecharunt
|-start|p1a: Pecharunt|Encore
|
|-heal|p2a: Dragonite|30/100|[from] item: Leftovers
|upkeep
|turn|24
|
|t:|1757951676
|move|p1a: Pecharunt|Malignant Chain|p2a: Dragonite
|-damage|p2a: Dragonite|0 fnt
|faint|p2a: Dragonite
|
|upkeep
|-message|Taka forfeited.
|
|win|StarCalyrex
|n|☆StarCalyrex|starcalyrex
|n|☆Taka|taka
|n|*Lady Monita ☀|ladymonita
|n| BLUNDER POLlCY|blunderpollcy
|l|*Lady Monita ☀
|l|☆Taka
|player|p2|
|l|☆StarCalyrex
|player|p1|
|j|☆StarCalyrex
|player|p1|StarCalyrex|hilbert-wonderlauncher|
