|j|☆redkaa
|j|☆leezee-yy
|t:|1757923428
|gametype|singles
|player|p1|redkaa|265|1582
|player|p2|leezee-yy|steven|1561
|gen|9
|tier|[Gen 9] OU
|rated|
|rule|HP Percentage Mod: HP is shown in percentages
|rule|Endless Battle Clause: Forcing endless battles is banned
|rule|Species Clause: Limit one of each Pokémon
|rule|OHKO Clause: OHKO moves are banned
|rule|Evasion Items Clause: Evasion items are banned
|rule|Evasion Moves Clause: Evasion moves are banned
|rule|Evasion Abilities Clause: Evasion abilities are banned
|rule|Sleep Moves Clause: Sleep-inducing moves are banned
|clearpoke
|poke|p1|Dragapult, F|
|poke|p1|Pelipper, F|
|poke|p1|Rotom-Wash|
|poke|p1|Great Tusk|
|poke|p1|Slowking-Galar, F|
|poke|p1|Iron Valiant|
|poke|p2|Zapdos|
|poke|p2|Gengar, M|
|poke|p2|Metagross|
|poke|p2|Conkeldurr, M|
|poke|p2|Meowscarada, M|
|poke|p2|Zamazenta-*|
|teampreview
|inactive|Battle timer is ON: inactive players will automatically lose when time's up. (requested by leezee-yy)
|j| oozoingreeper
|
|t:|1757923458
|teamsize|p1|6
|teamsize|p2|6
|start
|switch|p1a: Rotom|Rotom-Wash|100/100
|switch|p2a: Zamazenta|Zamazenta|100/100
|-ability|p2a: Zamazenta|Dauntless Shield|boost
|-boost|p2a: Zamazenta|def|1
|turn|1
|j| wgw2333
|
|t:|1757923471
|move|p2a: Zamazenta|Close Combat|p1a: Rotom
|-damage|p1a: Rotom|55/100
|-unboost|p2a: Zamazenta|def|1
|-unboost|p2a: Zamazenta|spd|1
|move|p1a: Rotom|Will-O-Wisp|p2a: Zamazenta
|-status|p2a: Zamazenta|brn
|
|-heal|p1a: Rotom|61/100|[from] item: Leftovers
|-damage|p2a: Zamazenta|94/100 brn|[from] brn
|upkeep
|turn|2
|
|t:|1757923476
|move|p2a: Zamazenta|Close Combat|p1a: Rotom
|-damage|p1a: Rotom|39/100
|-unboost|p2a: Zamazenta|def|1
|-unboost|p2a: Zamazenta|spd|1
|move|p1a: Rotom|Pain Split|p2a: Zamazenta
|-sethp|p2a: Zamazenta|64/100 brn|[from] move: Pain Split|[silent]
|-sethp|p1a: Rotom|74/100|[from] move: Pain Split
|
|-heal|p1a: Rotom|80/100|[from] item: Leftovers
|-damage|p2a: Zamazenta|58/100 brn|[from] brn
|upkeep
|turn|3
|
|t:|1757923480
|move|p2a: Zamazenta|Close Combat|p1a: Rotom
|-damage|p1a: Rotom|59/100
|-unboost|p2a: Zamazenta|def|1
|-unboost|p2a: Zamazenta|spd|1
|move|p1a: Rotom|Volt Switch|p2a: Zamazenta
|-damage|p2a: Zamazenta|23/100 brn
|
|t:|1757923484
|switch|p1a: Great Tusk|Great Tusk|100/100|[from] Volt Switch
|
|-damage|p2a: Zamazenta|17/100 brn|[from] brn
|upkeep
|turn|4
|
|t:|1757923487
|switch|p2a: Conkeldurr|Conkeldurr, M|100/100
|move|p1a: Great Tusk|Stealth Rock|p2a: Conkeldurr
|-sidestart|p2: leezee-yy|move: Stealth Rock
|
|upkeep
|turn|5
|
|t:|1757923500
|-end|p1a: Great Tusk|Protosynthesis|[silent]
|switch|p1a: Pelipper|Pelipper, F|100/100
|-weather|RainDance|[from] ability: Drizzle|[of] p1a: Pelipper
|move|p2a: Conkeldurr|Ice Punch|p1a: Pelipper
|-damage|p1a: Pelipper|45/100
|
|-weather|RainDance|[upkeep]
|upkeep
|turn|6
|
|t:|1757923510
|switch|p2a: Zamazenta|Zamazenta|17/100 brn
|-damage|p2a: Zamazenta|11/100 brn|[from] Stealth Rock
|move|p1a: Pelipper|Hurricane|p2a: Zamazenta
|-supereffective|p2a: Zamazenta
|-damage|p2a: Zamazenta|0 fnt
|faint|p2a: Zamazenta
|
|-weather|RainDance|[upkeep]
|upkeep
|
|t:|1757923516
|switch|p2a: Meowscarada|Meowscarada, M|100/100
|-damage|p2a: Meowscarada|88/100|[from] Stealth Rock
|turn|7
|
|t:|1757923528
|switch|p1a: Great Tusk|Great Tusk|100/100
|move|p2a: Meowscarada|Knock Off|p1a: Great Tusk
|-start|p2a: Meowscarada|typechange|Dark|[from] ability: Protean
|-resisted|p1a: Great Tusk
|-damage|p1a: Great Tusk|79/100
|-enditem|p1a: Great Tusk|Leftovers|[from] move: Knock Off|[of] p2a: Meowscarada
|
|-weather|RainDance|[upkeep]
|upkeep
|turn|8
|
|t:|1757923537
|switch|p2a: Zapdos|Zapdos|100/100
|-damage|p2a: Zapdos|75/100|[from] Stealth Rock
|move|p1a: Great Tusk|Ice Spinner|p2a: Zapdos
|-supereffective|p2a: Zapdos
|-damage|p2a: Zapdos|43/100
|-damage|p1a: Great Tusk|62/100|[from] item: Rocky Helmet|[of] p2a: Zapdos
|-status|p1a: Great Tusk|par|[from] ability: Static|[of] p2a: Zapdos
|
|-weather|RainDance|[upkeep]
|upkeep
|turn|9
|
|t:|1757923545
|-end|p1a: Great Tusk|Protosynthesis|[silent]
|switch|p1a: Dragapult|Dragapult, F|100/100
|move|p2a: Zapdos|U-turn|p1a: Dragapult
|-resisted|p1a: Dragapult
|-damage|p1a: Dragapult|89/100
|
|t:|1757923557
|switch|p2a: Conkeldurr|Conkeldurr, M|100/100|[from] U-turn
|-damage|p2a: Conkeldurr|94/100|[from] Stealth Rock
|
|-weather|none
|-heal|p2a: Conkeldurr|100/100|[from] item: Leftovers
|upkeep
|turn|10
|
|t:|1757923578
|move|p1a: Dragapult|U-turn|p2a: Conkeldurr
|-resisted|p2a: Conkeldurr
|-damage|p2a: Conkeldurr|86/100
|
|t:|1757923581
|switch|p1a: Slowking|Slowking-Galar, F|100/100|[from] U-turn
|move|p2a: Conkeldurr|Defog|p1a: Slowking
|-unboost|p1a: Slowking|evasion|1
|-sideend|p2: leezee-yy|Stealth Rock|[from] move: Defog|[of] p2a: Conkeldurr
|
|-heal|p2a: Conkeldurr|92/100|[from] item: Leftovers
|upkeep
|turn|11
|
|t:|1757923592
|switch|p2a: Zapdos|Zapdos|43/100
|-prepare|p1a: Slowking|Chilly Reception|[premajor]
|move|p1a: Slowking|Chilly Reception|p1a: Slowking
|-weather|Snowscape
|
|t:|1757923596
|switch|p1a: Dragapult|Dragapult, F|89/100|[from] Chilly Reception
|
|-weather|Snowscape|[upkeep]
|upkeep
|turn|12
|
|t:|1757923602
|move|p1a: Dragapult|Dragon Darts|p2a: Zapdos
|-damage|p2a: Zapdos|16/100
|-anim|p1a: Dragapult|Dragon Darts|p2a: Zapdos
|-damage|p2a: Zapdos|0 fnt
|faint|p2a: Zapdos
|
|-weather|Snowscape|[upkeep]
|upkeep
|
|t:|1757923607
|switch|p2a: Metagross|Metagross|100/100
|turn|13
|
|t:|1757923620
|switch|p1a: Slowking|Slowking-Galar, F|100/100
|move|p2a: Metagross|Psychic Fangs|p1a: Slowking
|-damage|p1a: Slowking|45/100
|
|-weather|Snowscape|[upkeep]
|upkeep
|turn|14
|
|t:|1757923630
|move|p2a: Metagross|Knock Off|p1a: Slowking
|-supereffective|p1a: Slowking
|-damage|p1a: Slowking|0 fnt
|-enditem|p1a: Slowking|Heavy-Duty Boots|[from] move: Knock Off|[of] p2a: Metagross
|faint|p1a: Slowking
|
|-weather|Snowscape|[upkeep]
|upkeep
|
|t:|1757923635
|switch|p1a: Iron Valiant|Iron Valiant|100/100
|-enditem|p1a: Iron Valiant|Booster Energy
|-activate|p1a: Iron Valiant|ability: Quark Drive|[fromitem]
|-start|p1a: Iron Valiant|quarkdrivespe
|turn|15
|
|t:|1757923641
|move|p1a: Iron Valiant|Encore|p2a: Metagross
|-start|p2a: Metagross|Encore
|move|p2a: Metagross|Knock Off|p1a: Iron Valiant
|-resisted|p1a: Iron Valiant
|-damage|p1a: Iron Valiant|92/100
|
|-weather|none
|upkeep
|turn|16
|
|t:|1757923646
|switch|p2a: Gengar|Gengar, M|100/100
|move|p1a: Iron Valiant|Calm Mind|p1a: Iron Valiant
|-boost|p1a: Iron Valiant|spa|1
|-boost|p1a: Iron Valiant|spd|1
|
|upkeep
|turn|17
|
|t:|1757923652
|-terastallize|p1a: Iron Valiant|Ghost
|move|p1a: Iron Valiant|Shadow Ball|p2a: Gengar
|-supereffective|p2a: Gengar
|-enditem|p2a: Gengar|Focus Sash
|-damage|p2a: Gengar|1/100
|move|p2a: Gengar|Sludge Bomb|p1a: Iron Valiant
|-resisted|p1a: Iron Valiant
|-damage|p1a: Iron Valiant|61/100
|
|upkeep
|turn|18
|
|t:|1757923673
|-terastallize|p2a: Gengar|Normal
|move|p1a: Iron Valiant|Shadow Ball|p2a: Gengar
|-immune|p2a: Gengar
|move|p2a: Gengar|Shadow Ball|p1a: Iron Valiant
|-supereffective|p1a: Iron Valiant
|-damage|p1a: Iron Valiant|0 fnt
|faint|p1a: Iron Valiant
|-end|p1a: Iron Valiant|Quark Drive|[silent]
|
|upkeep
|c|☆redkaa|lmao
|
|t:|1757923679
|switch|p1a: Dragapult|Dragapult, F|89/100
|turn|19
|
|t:|1757923691
|switch|p2a: Conkeldurr|Conkeldurr, M|92/100
|move|p1a: Dragapult|U-turn|p2a: Conkeldurr
|-resisted|p2a: Conkeldurr
|-damage|p2a: Conkeldurr|78/100
|c|☆redkaa|that is a sick tera
|
|t:|1757923696
|switch|p1a: Pelipper|Pelipper, F|45/100|[from] U-turn
|-weather|RainDance|[from] ability: Drizzle|[of] p1a: Pelipper
|
|-weather|RainDance|[upkeep]
|-heal|p2a: Conkeldurr|84/100|[from] item: Leftovers
|upkeep
|turn|20
|
|t:|1757923702
|switch|p2a: Metagross|Metagross|100/100
|move|p1a: Pelipper|Hurricane|p2a: Metagross
|-resisted|p2a: Metagross
|-damage|p2a: Metagross|64/100
|-start|p2a: Metagross|confusion
|
|-weather|RainDance|[upkeep]
|-heal|p2a: Metagross|70/100|[from] item: Leftovers
|upkeep
|turn|21
|
|t:|1757923706
|switch|p1a: Rotom|Rotom-Wash|59/100
|-activate|p2a: Metagross|confusion
|-damage|p2a: Metagross|58/100|[from] confusion
|
|-weather|RainDance|[upkeep]
|-heal|p1a: Rotom|65/100|[from] item: Leftovers
|-heal|p2a: Metagross|64/100|[from] item: Leftovers
|upkeep
|turn|22
|
|t:|1757923711
|switch|p2a: Gengar|Gengar, M, tera:Normal|1/100
|move|p1a: Rotom|Hydro Pump|p2a: Gengar
|-damage|p2a: Gengar|0 fnt
|-start|p1a: Rotom|Disable|Hydro Pump|[from] ability: Cursed Body|[of] p2a: Gengar
|faint|p2a: Gengar
|
|-weather|RainDance|[upkeep]
|-heal|p1a: Rotom|72/100|[from] item: Leftovers
|upkeep
|
|t:|1757923716
|switch|p2a: Meowscarada|Meowscarada, M|88/100
|turn|23
|
|t:|1757923723
|switch|p1a: Great Tusk|Great Tusk|62/100 par
|move|p2a: Meowscarada|Flower Trick|p1a: Great Tusk
|-start|p2a: Meowscarada|typechange|Grass|[from] ability: Protean
|-supereffective|p1a: Great Tusk
|-crit|p1a: Great Tusk
|-damage|p1a: Great Tusk|0 fnt
|faint|p1a: Great Tusk
|-end|p1a: Great Tusk|Protosynthesis|[silent]
|
|-weather|none
|upkeep
|
|t:|1757923728
|switch|p1a: Dragapult|Dragapult, F|89/100
|turn|24
|
|t:|1757923734
|switch|p2a: Metagross|Metagross|64/100
|move|p1a: Dragapult|U-turn|p2a: Metagross
|-damage|p2a: Metagross|40/100
|
|t:|1757923737
|switch|p1a: Rotom|Rotom-Wash|72/100|[from] U-turn
|
|-heal|p1a: Rotom|78/100|[from] item: Leftovers
|-heal|p2a: Metagross|46/100|[from] item: Leftovers
|upkeep
|turn|25
|
|t:|1757923743
|move|p1a: Rotom|Volt Switch|p2a: Metagross
|-damage|p2a: Metagross|18/100
|
|t:|1757923745
|switch|p1a: Pelipper|Pelipper, F|45/100|[from] Volt Switch
|-weather|RainDance|[from] ability: Drizzle|[of] p1a: Pelipper
|move|p2a: Metagross|Knock Off|p1a: Pelipper
|-damage|p1a: Pelipper|0 fnt
|-enditem|p1a: Pelipper|Choice Specs|[from] move: Knock Off|[of] p2a: Metagross
|faint|p1a: Pelipper
|
|-weather|RainDance|[upkeep]
|-heal|p2a: Metagross|24/100|[from] item: Leftovers
|upkeep
|
|t:|1757923748
|switch|p1a: Rotom|Rotom-Wash|78/100
|turn|26
|
|t:|1757923762
|move|p1a: Rotom|Volt Switch|p2a: Metagross
|-damage|p2a: Metagross|0 fnt
|faint|p2a: Metagross
|
|t:|1757923764
|switch|p1a: Dragapult|Dragapult, F|89/100|[from] Volt Switch
|
|-weather|RainDance|[upkeep]
|upkeep
|
|t:|1757923770
|switch|p2a: Conkeldurr|Conkeldurr, M|84/100
|turn|27
|
|t:|1757923776
|move|p1a: Dragapult|U-turn|p2a: Conkeldurr
|-resisted|p2a: Conkeldurr
|-damage|p2a: Conkeldurr|68/100
|
|t:|1757923778
|switch|p1a: Rotom|Rotom-Wash|78/100|[from] U-turn
|move|p2a: Conkeldurr|Ice Punch|p1a: Rotom
|-resisted|p1a: Rotom
|-damage|p1a: Rotom|63/100
|
|-weather|RainDance|[upkeep]
|-heal|p1a: Rotom|70/100|[from] item: Leftovers
|-heal|p2a: Conkeldurr|74/100|[from] item: Leftovers
|upkeep
|turn|28
|
|t:|1757923783
|move|p2a: Conkeldurr|Mach Punch|p1a: Rotom
|-damage|p1a: Rotom|50/100
|move|p1a: Rotom|Hydro Pump|p2a: Conkeldurr
|-damage|p2a: Conkeldurr|0 fnt
|faint|p2a: Conkeldurr
|
|-weather|RainDance|[upkeep]
|-heal|p1a: Rotom|57/100|[from] item: Leftovers
|upkeep
|
|t:|1757923786
|switch|p2a: Meowscarada|Meowscarada, M|88/100
|turn|29
|
|t:|1757923790
|move|p2a: Meowscarada|Flower Trick|p1a: Rotom
|-start|p2a: Meowscarada|typechange|Grass|[from] ability: Protean
|-supereffective|p1a: Rotom
|-crit|p1a: Rotom
|-damage|p1a: Rotom|0 fnt
|faint|p1a: Rotom
|
|-weather|none
|upkeep
|
|t:|1757923792
|switch|p1a: Dragapult|Dragapult, F|89/100
|turn|30
|
|t:|1757923794
|move|p1a: Dragapult|U-turn|p2a: Meowscarada
|-supereffective|p2a: Meowscarada
|-damage|p2a: Meowscarada|0 fnt
|faint|p2a: Meowscarada
|
|win|redkaa
|raw|redkaa's rating: 1582 &rarr; <strong>1601</strong><br />(+19 for winning)
|raw|leezee-yy's rating: 1561 &rarr; <strong>1542</strong><br />(-19 for losing)
|l|☆leezee-yy
|player|p2|
|l|☆redkaa
|player|p1|
|l| oozoingreeper
