|j|☆Gregory Mirabella
|j|☆sigmaligma69
|t:|1757796861
|gametype|singles
|player|p1|Gregory Mirabella|lusamine-nihilego|1285
|player|p2|sigmaligma69|2|1327
|gen|9
|tier|[Gen 9] OU
|rated|
|rule|HP Percentage Mod: HP is shown in percentages
|rule|Endless Battle Clause: Forcing endless battles is banned
|rule|Species Clause: Limit one of each Pokémon
|rule|OHKO Clause: OHKO moves are banned
|rule|Evasion Items Clause: Evasion items are banned
|rule|Evasion Moves Clause: Evasion moves are banned
|rule|Evasion Abilities Clause: Evasion abilities are banned
|rule|Sleep Moves Clause: Sleep-inducing moves are banned
|clearpoke
|poke|p1|Great Tusk|
|poke|p1|Scizor, F|
|poke|p1|Zapdos|
|poke|p1|Darkrai|
|poke|p1|Alomomola, F|
|poke|p1|Slowking-Galar, M|
|poke|p2|Slowking-Galar, F|
|poke|p2|Pecharunt|
|poke|p2|Iron Valiant|
|poke|p2|Great Tusk|
|poke|p2|Samurott-Hisui, M|
|poke|p2|Meowscarada, F|
|teampreview
|c|☆Gregory Mirabella|Glhf
|inactive|Battle timer is ON: inactive players will automatically lose when time's up. (requested by sigmaligma69)
|
|t:|1757796882
|teamsize|p1|6
|teamsize|p2|6
|start
|switch|p1a: Zapdos|Zapdos|100/100
|switch|p2a: Slowking|Slowking-Galar, F|100/100
|turn|1
|
|t:|1757796891
|move|p1a: Zapdos|Volt Switch|p2a: Slowking
|-damage|p2a: Slowking|78/100
|
|t:|1757796894
|switch|p1a: Scizor|Scizor, F|100/100|[from] Volt Switch
|move|p2a: Slowking|Future Sight|p1a: Scizor
|-start|p2a: Slowking|move: Future Sight
|
|upkeep
|turn|2
|
|t:|1757796916
|switch|p2a: Great Tusk|Great Tusk|100/100
|-enditem|p2a: Great Tusk|Booster Energy
|-activate|p2a: Great Tusk|ability: Protosynthesis|[fromitem]
|-start|p2a: Great Tusk|protosynthesisspe
|move|p1a: Scizor|Knock Off|p2a: Great Tusk
|-resisted|p2a: Great Tusk
|-damage|p2a: Great Tusk|93/100
|
|upkeep
|turn|3
|
|t:|1757796929
|switch|p1a: Alomomola|Alomomola, F, shiny|100/100
|move|p2a: Great Tusk|Stealth Rock|p1a: Alomomola
|-sidestart|p1: Gregory Mirabella|move: Stealth Rock
|
|-end|p1a: Alomomola|move: Future Sight
|-damage|p1a: Alomomola|49/100
|upkeep
|turn|4
|
|t:|1757796955
|-end|p2a: Great Tusk|Protosynthesis|[silent]
|switch|p2a: Samurott|Samurott-Hisui, M|100/100
|move|p1a: Alomomola|Scald|p2a: Samurott
|-resisted|p2a: Samurott
|-damage|p2a: Samurott|91/100
|
|upkeep
|turn|5
|
|t:|1757796962
|switch|p1a: Zapdos|Zapdos|100/100
|move|p2a: Samurott|Ceaseless Edge|p1a: Zapdos|[miss]
|-miss|p2a: Samurott|p1a: Zapdos
|
|upkeep
|turn|6
|
|t:|1757796975
|switch|p1a: Darkrai|Darkrai|100/100
|-terastallize|p2a: Samurott|Ground
|move|p2a: Samurott|Ceaseless Edge|p1a: Darkrai
|-resisted|p1a: Darkrai
|-damage|p1a: Darkrai|69/100
|-sidestart|p1: Gregory Mirabella|Spikes
|
|upkeep
|turn|7
|
|t:|1757796988
|move|p1a: Darkrai|Knock Off|p2a: Samurott
|-damage|p2a: Samurott|55/100
|-enditem|p2a: Samurott|Heavy-Duty Boots|[from] move: Knock Off|[of] p1a: Darkrai
|move|p2a: Samurott|Razor Shell|p1a: Darkrai
|-damage|p1a: Darkrai|6/100
|-unboost|p1a: Darkrai|def|1
|
|upkeep
|turn|8
|
|t:|1757796997
|move|p2a: Samurott|Aqua Jet|p1a: Darkrai
|-crit|p1a: Darkrai
|-damage|p1a: Darkrai|0 fnt
|faint|p1a: Darkrai
|
|upkeep
|c|☆Gregory Mirabella|I didn't think you'd stay in
|
|t:|1757797007
|switch|p1a: Alomomola|Alomomola, F, shiny|82/100
|turn|9
|
|t:|1757797016
|move|p2a: Samurott|Knock Off|p1a: Alomomola
|-damage|p1a: Alomomola|59/100
|-enditem|p1a: Alomomola|Heavy-Duty Boots|[from] move: Knock Off|[of] p2a: Samurott
|move|p1a: Alomomola|Scald|p2a: Samurott
|-supereffective|p2a: Samurott
|-damage|p2a: Samurott|14/100
|
|upkeep
|turn|10
|
|t:|1757797025
|move|p2a: Samurott|Ceaseless Edge|p1a: Alomomola
|-damage|p1a: Alomomola|35/100
|-sidestart|p1: Gregory Mirabella|Spikes
|move|p1a: Alomomola|Flip Turn|p2a: Samurott
|-supereffective|p2a: Samurott
|-damage|p2a: Samurott|0 fnt
|faint|p2a: Samurott
|
|t:|1757797036
|switch|p1a: Slowking|Slowking-Galar, M|100/100|[from] Flip Turn
|
|upkeep
|
|t:|1757797042
|switch|p2a: Meowscarada|Meowscarada, F|100/100
|turn|11
|
|t:|1757797053
|switch|p1a: Zapdos|Zapdos|100/100
|move|p2a: Meowscarada|Knock Off|p1a: Zapdos
|-start|p2a: Meowscarada|typechange|Dark|[from] ability: Protean
|-damage|p1a: Zapdos|23/100
|-enditem|p1a: Zapdos|Heavy-Duty Boots|[from] move: Knock Off|[of] p2a: Meowscarada
|
|upkeep
|turn|12
|
|t:|1757797066
|switch|p1a: Great Tusk|Great Tusk|100/100
|move|p2a: Meowscarada|Knock Off|p1a: Great Tusk
|-resisted|p1a: Great Tusk
|-damage|p1a: Great Tusk|75/100
|-enditem|p1a: Great Tusk|Heavy-Duty Boots|[from] move: Knock Off|[of] p2a: Meowscarada
|
|upkeep
|turn|13
|
|t:|1757797074
|switch|p2a: Pecharunt|Pecharunt|100/100
|-end|p1a: Great Tusk|Protosynthesis|[silent]
|switch|p1a: Slowking|Slowking-Galar, M|100/100
|
|upkeep
|turn|14
|
|t:|1757797085
|move|p2a: Pecharunt|Parting Shot|p1a: Slowking
|-unboost|p1a: Slowking|atk|1
|-unboost|p1a: Slowking|spa|1
|
|t:|1757797088
|switch|p2a: Meowscarada|Meowscarada, F|100/100|[from] Parting Shot
|-prepare|p1a: Slowking|Chilly Reception|[premajor]
|move|p1a: Slowking|Chilly Reception|p1a: Slowking
|-weather|Snowscape
|
|t:|1757797096
|switch|p1a: Scizor|Scizor, F|100/100|[from] Chilly Reception
|
|-weather|Snowscape|[upkeep]
|upkeep
|turn|15
|
|t:|1757797106
|move|p1a: Scizor|Bullet Punch|p2a: Meowscarada
|-damage|p2a: Meowscarada|54/100
|move|p2a: Meowscarada|Knock Off|p1a: Scizor
|-start|p2a: Meowscarada|typechange|Dark|[from] ability: Protean
|-damage|p1a: Scizor|17/100
|-enditem|p1a: Scizor|Heavy-Duty Boots|[from] move: Knock Off|[of] p2a: Meowscarada
|
|-weather|Snowscape|[upkeep]
|upkeep
|turn|16
|c|☆Gregory Mirabella|I should've used cc
|-message|Gregory Mirabella forfeited.
|
|win|sigmaligma69
|raw|Gregory Mirabella's rating: 1285 &rarr; <strong>1263</strong><br />(-22 for losing)
|raw|sigmaligma69's rating: 1327 &rarr; <strong>1345</strong><br />(+18 for winning)
|c|☆Gregory Mirabella|Gg
|c|☆Gregory Mirabella|Wp
|c|☆Gregory Mirabella|Nice team
|c|☆sigmaligma69|Thxxx
|c|☆sigmaligma69|Made it myself
|c|☆Gregory Mirabella|I made mine too
|l|☆sigmaligma69
|player|p2|
|c|☆Gregory Mirabella|Ofc mine sucks though
