|badge|p1|bronze|gen9randombattle|100-6
|uhtml|medal-msg|<div class="broadcast-blue">Curious what those medals under the avatar are? PS now has Ladder Seasons! For more information, check out the <a href="https://www.smogon.com/forums/threads/3740067/">thread on Smogon.</a></div>
|j|☆234567891d
|j|☆Albertsux2007
|t:|1757831181
|gametype|singles
|player|p1|234567891d|n|1429
|player|p2|Albertsux2007|camper|1470
|gen|9
|tier|[Gen 9] OU
|rated|
|rule|HP Percentage Mod: HP is shown in percentages
|rule|Endless Battle Clause: Forcing endless battles is banned
|rule|Species Clause: Limit one of each Pokémon
|rule|OHKO Clause: OHKO moves are banned
|rule|Evasion Items Clause: Evasion items are banned
|rule|Evasion Moves Clause: Evasion moves are banned
|rule|Evasion Abilities Clause: Evasion abilities are banned
|rule|Sleep Moves Clause: Sleep-inducing moves are banned
|clearpoke
|poke|p1|Weezing-Galar, F|
|poke|p1|Ting-Lu|
|poke|p1|Slowking-Galar, F|
|poke|p1|Meowscarada, F|
|poke|p1|Scizor, F|
|poke|p1|Iron Crown|
|poke|p2|Gardevoir, M|
|poke|p2|Ogerpon-Wellspring, F|
|poke|p2|Glimmora, F|
|poke|p2|Gliscor, M|
|poke|p2|Zamazenta-*|
|poke|p2|Dragonite, M|
|teampreview
|
|t:|1757831186
|teamsize|p1|6
|teamsize|p2|6
|start
|switch|p1a: Iron Crown|Iron Crown|100/100
|switch|p2a: Gliscor|Gliscor, M|100/100
|turn|1
|
|t:|1757831193
|move|p1a: Iron Crown|Tachyon Cutter|p2a: Gliscor
|-damage|p2a: Gliscor|69/100
|-damage|p2a: Gliscor|39/100
|-hitcount|p2a: Gliscor|2
|move|p2a: Gliscor|Stealth Rock|p1a: Iron Crown
|-sidestart|p1: 234567891d|move: Stealth Rock
|
|-status|p2a: Gliscor|tox|[from] item: Toxic Orb
|upkeep
|turn|2
|
|t:|1757831200
|-end|p1a: Iron Crown|Quark Drive|[silent]
|switch|p1a: Ting-Lu|Ting-Lu|100/100
|-damage|p1a: Ting-Lu|94/100|[from] Stealth Rock
|-ability|p1a: Ting-Lu|Vessel of Ruin
|move|p2a: Gliscor|Protect||[still]
|-fail|p2a: Gliscor
|
|-heal|p1a: Ting-Lu|100/100|[from] item: Leftovers
|-heal|p2a: Gliscor|51/100 tox|[from] ability: Poison Heal
|upkeep
|turn|3
|
|t:|1757831219
|move|p2a: Gliscor|Knock Off|p1a: Ting-Lu
|-resisted|p1a: Ting-Lu
|-damage|p1a: Ting-Lu|95/100
|-enditem|p1a: Ting-Lu|Leftovers|[from] move: Knock Off|[of] p2a: Gliscor
|move|p1a: Ting-Lu|Spikes|p2a: Gliscor
|-sidestart|p2: Albertsux2007|Spikes
|
|-heal|p2a: Gliscor|64/100 tox|[from] ability: Poison Heal
|upkeep
|turn|4
|
|t:|1757831224
|move|p2a: Gliscor|Toxic|p1a: Ting-Lu
|-status|p1a: Ting-Lu|tox
|move|p1a: Ting-Lu|Whirlwind|p2a: Gliscor
|drag|p2a: Ogerpon|Ogerpon-Wellspring, F|100/100
|-damage|p2a: Ogerpon|88/100|[from] Spikes
|
|-damage|p1a: Ting-Lu|89/100 tox|[from] psn
|upkeep
|turn|5
|
|t:|1757831234
|switch|p1a: Weezing|Weezing-Galar, F|100/100
|-ability|p1a: Weezing|Neutralizing Gas
|move|p2a: Ogerpon|Ivy Cudgel|p1a: Weezing|[anim] Ivy Cudgel Water
|-damage|p1a: Weezing|65/100
|
|upkeep
|turn|6
|
|t:|1757831242
|switch|p2a: Glimmora|Glimmora, F|100/100
|-damage|p2a: Glimmora|88/100|[from] Spikes
|move|p1a: Weezing|Toxic|p2a: Glimmora
|-immune|p2a: Glimmora
|
|upkeep
|turn|7
|
|t:|1757831245
|-end|p1a: Weezing|ability: Neutralizing Gas
|switch|p1a: Iron Crown|Iron Crown|100/100
|-damage|p1a: Iron Crown|94/100|[from] Stealth Rock
|move|p2a: Glimmora|Meteor Beam||[still]
|-prepare|p2a: Glimmora|Meteor Beam
|-boost|p2a: Glimmora|spa|1
|-enditem|p2a: Glimmora|Power Herb
|-anim|p2a: Glimmora|Meteor Beam|p1a: Iron Crown
|-resisted|p1a: Iron Crown
|-damage|p1a: Iron Crown|46/100
|
|upkeep
|turn|8
|
|t:|1757831256
|switch|p2a: Dragonite|Dragonite, M|100/100
|move|p1a: Iron Crown|Tachyon Cutter|p2a: Dragonite
|-damage|p2a: Dragonite|82/100
|-damage|p2a: Dragonite|44/100
|-hitcount|p2a: Dragonite|2
|
|upkeep
|turn|9
|
|t:|1757831279
|move|p1a: Iron Crown|Tachyon Cutter|p2a: Dragonite
|-damage|p2a: Dragonite|7/100
|-damage|p2a: Dragonite|0 fnt
|faint|p2a: Dragonite
|-hitcount|p2: Dragonite|2
|
|upkeep
|
|t:|1757831281
|switch|p2a: Gliscor|Gliscor, M|64/100 tox
|turn|10
|
|t:|1757831284
|-end|p1a: Iron Crown|Quark Drive|[silent]
|switch|p1a: Weezing|Weezing-Galar, F|65/100
|-ability|p1a: Weezing|Neutralizing Gas
|move|p2a: Gliscor|Protect||[still]
|-fail|p2a: Gliscor
|
|-damage|p2a: Gliscor|57/100 tox|[from] psn
|upkeep
|turn|11
|
|t:|1757831299
|move|p2a: Gliscor|Protect|p2a: Gliscor
|-singleturn|p2a: Gliscor|Protect
|move|p1a: Weezing|Strange Steam|p2a: Gliscor
|-activate|p2a: Gliscor|move: Protect
|
|-damage|p2a: Gliscor|45/100 tox|[from] psn
|upkeep
|turn|12
|
|t:|1757831304
|move|p2a: Gliscor|Knock Off|p1a: Weezing
|-resisted|p1a: Weezing
|-crit|p1a: Weezing
|-damage|p1a: Weezing|55/100
|-enditem|p1a: Weezing|Heavy-Duty Boots|[from] move: Knock Off|[of] p2a: Gliscor
|move|p1a: Weezing|Strange Steam|p2a: Gliscor
|-damage|p2a: Gliscor|23/100 tox
|
|-damage|p2a: Gliscor|4/100 tox|[from] psn
|upkeep
|turn|13
|
|t:|1757831312
|switch|p2a: Glimmora|Glimmora, F|88/100
|-damage|p2a: Glimmora|76/100|[from] Spikes
|move|p1a: Weezing|Toxic|p2a: Glimmora
|-immune|p2a: Glimmora
|
|upkeep
|turn|14
|
|t:|1757831318
|move|p2a: Glimmora|Spikes|p1a: Weezing
|-sidestart|p1: 234567891d|Spikes
|move|p1a: Weezing|Pain Split|p2a: Glimmora
|-sethp|p2a: Glimmora|68/100|[from] move: Pain Split|[silent]
|-sethp|p1a: Weezing|62/100|[from] move: Pain Split
|
|upkeep
|turn|15
|
|t:|1757831329
|move|p2a: Glimmora|Earth Power|p1a: Weezing
|-supereffective|p1a: Weezing
|-damage|p1a: Weezing|0 fnt
|faint|p1a: Weezing
|-end|p1a: Weezing|ability: Neutralizing Gas
|
|upkeep
|
|t:|1757831333
|switch|p1a: Iron Crown|Iron Crown|46/100
|-damage|p1a: Iron Crown|39/100|[from] Stealth Rock
|-damage|p1a: Iron Crown|27/100|[from] Spikes
|turn|16
|
|t:|1757831363
|switch|p2a: Gliscor|Gliscor, M|4/100 tox
|move|p1a: Iron Crown|Tachyon Cutter|p2a: Gliscor
|-damage|p2a: Gliscor|0 fnt
|faint|p2a: Gliscor
|-hitcount|p2: Gliscor|1
|
|upkeep
|
|t:|1757831366
|switch|p2a: Gardevoir|Gardevoir, M|100/100
|-damage|p2a: Gardevoir|88/100|[from] Spikes
|turn|17
|
|t:|1757831373
|-end|p1a: Iron Crown|Quark Drive|[silent]
|switch|p1a: Slowking|Slowking-Galar, F|100/100
|-ability|p2a: Gardevoir|Regenerator|Trace|[from] ability: Trace|[of] p1a: Slowking
|-terastallize|p2a: Gardevoir|Fire
|move|p2a: Gardevoir|Tera Blast|p1a: Slowking|[anim] Tera Blast Fire
|-damage|p1a: Slowking|76/100
|
|upkeep
|turn|18
|inactive|Battle timer is ON: inactive players will automatically lose when time's up. (requested by Albertsux2007)
|
|t:|1757831377
|switch|p2a: Glimmora|Glimmora, F|68/100
|-damage|p2a: Glimmora|55/100|[from] Spikes
|-prepare|p1a: Slowking|Chilly Reception|[premajor]
|move|p1a: Slowking|Chilly Reception|p1a: Slowking
|-weather|Snowscape
|
|t:|1757831383
|switch|p1a: Iron Crown|Iron Crown|27/100|[from] Chilly Reception
|-damage|p1a: Iron Crown|21/100|[from] Stealth Rock
|-damage|p1a: Iron Crown|8/100|[from] Spikes
|
|-weather|Snowscape|[upkeep]
|upkeep
|turn|19
|
|t:|1757831391
|switch|p2a: Ogerpon|Ogerpon-Wellspring, F|88/100
|-damage|p2a: Ogerpon|76/100|[from] Spikes
|move|p1a: Iron Crown|Psyshock|p2a: Ogerpon
|-damage|p2a: Ogerpon|0 fnt
|faint|p2a: Ogerpon
|
|-weather|Snowscape|[upkeep]
|upkeep
|
|t:|1757831397
|switch|p2a: Gardevoir|Gardevoir, M, tera:Fire|100/100
|-damage|p2a: Gardevoir|88/100|[from] Spikes
|turn|20
|
|t:|1757831401
|move|p2a: Gardevoir|Psychic|p1a: Iron Crown
|-resisted|p1a: Iron Crown
|-damage|p1a: Iron Crown|0 fnt
|faint|p1a: Iron Crown
|-end|p1a: Iron Crown|Quark Drive|[silent]
|
|-weather|Snowscape|[upkeep]
|upkeep
|
|t:|1757831410
|switch|p1a: Ting-Lu|Ting-Lu|89/100 tox
|-ability|p2a: Gardevoir|Vessel of Ruin|Trace|[from] ability: Trace|[of] p1a: Ting-Lu
|-ability|p2a: Gardevoir|Vessel of Ruin
|-damage|p1a: Ting-Lu|83/100 tox|[from] Stealth Rock
|-damage|p1a: Ting-Lu|70/100 tox|[from] Spikes
|-ability|p1a: Ting-Lu|Vessel of Ruin
|turn|21
|
|t:|1757831414
|switch|p2a: Zamazenta|Zamazenta|100/100
|-damage|p2a: Zamazenta|88/100|[from] Spikes
|-ability|p2a: Zamazenta|Dauntless Shield|boost
|-boost|p2a: Zamazenta|def|1
|move|p1a: Ting-Lu|Spikes|p2a: Zamazenta
|-sidestart|p2: Albertsux2007|Spikes
|
|-weather|Snowscape|[upkeep]
|-damage|p1a: Ting-Lu|64/100 tox|[from] psn
|upkeep
|turn|22
|
|t:|1757831423
|move|p2a: Zamazenta|Close Combat|p1a: Ting-Lu
|-supereffective|p1a: Ting-Lu
|-damage|p1a: Ting-Lu|4/100 tox
|-unboost|p2a: Zamazenta|def|1
|-unboost|p2a: Zamazenta|spd|1
|move|p1a: Ting-Lu|Whirlwind|p2a: Zamazenta
|drag|p2a: Glimmora|Glimmora, F|55/100
|-damage|p2a: Glimmora|39/100|[from] Spikes
|
|-weather|none
|-damage|p1a: Ting-Lu|0 fnt|[from] psn
|faint|p1a: Ting-Lu
|upkeep
|
|t:|1757831429
|switch|p1a: Scizor|Scizor, F|100/100
|-damage|p1a: Scizor|88/100|[from] Stealth Rock
|-damage|p1a: Scizor|76/100|[from] Spikes
|turn|23
|
|t:|1757831441
|-terastallize|p1a: Scizor|Steel
|move|p1a: Scizor|Bullet Punch|p2a: Glimmora
|-supereffective|p2a: Glimmora
|-damage|p2a: Glimmora|0 fnt
|-activate|p2a: Glimmora|ability: Toxic Debris
|-sidestart|p1: 234567891d|move: Toxic Spikes
|faint|p2a: Glimmora
|
|upkeep
|
|t:|1757831454
|switch|p2a: Zamazenta|Zamazenta|88/100
|-damage|p2a: Zamazenta|72/100|[from] Spikes
|turn|24
|
|t:|1757831458
|switch|p1a: Slowking|Slowking-Galar, F|100/100
|-sideend|p1: 234567891d|move: Toxic Spikes|[of] p1a: Slowking
|move|p2a: Zamazenta|Close Combat|p1a: Slowking
|-resisted|p1a: Slowking
|-damage|p1a: Slowking|86/100
|-unboost|p2a: Zamazenta|def|1
|-unboost|p2a: Zamazenta|spd|1
|
|upkeep
|turn|25
|
|t:|1757831461
|move|p2a: Zamazenta|Crunch|p1a: Slowking
|-supereffective|p1a: Slowking
|-damage|p1a: Slowking|28/100
|-prepare|p1a: Slowking|Chilly Reception|[premajor]
|move|p1a: Slowking|Chilly Reception|p1a: Slowking
|-weather|Snowscape
|
|t:|1757831466
|switch|p1a: Scizor|Scizor, F, tera:Steel|76/100|[from] Chilly Reception
|-damage|p1a: Scizor|70/100|[from] Stealth Rock
|-damage|p1a: Scizor|58/100|[from] Spikes
|
|-weather|Snowscape|[upkeep]
|upkeep
|turn|26
|
|t:|1757831484
|switch|p2a: Gardevoir|Gardevoir, M, tera:Fire|88/100
|-damage|p2a: Gardevoir|72/100|[from] Spikes
|-ability|p2a: Gardevoir|Technician|Trace|[from] ability: Trace|[of] p1a: Scizor
|move|p1a: Scizor|Bullet Punch|p2a: Gardevoir
|-resisted|p2a: Gardevoir
|-damage|p2a: Gardevoir|14/100
|
|-weather|Snowscape|[upkeep]
|upkeep
|turn|27
|
|t:|1757831489
|move|p1a: Scizor|Bullet Punch|p2a: Gardevoir
|-resisted|p2a: Gardevoir
|-damage|p2a: Gardevoir|0 fnt
|faint|p2a: Gardevoir
|
|-weather|Snowscape|[upkeep]
|upkeep
|
|t:|1757831490
|switch|p2a: Zamazenta|Zamazenta|72/100
|-damage|p2a: Zamazenta|55/100|[from] Spikes
|turn|28
|
|t:|1757831501
|move|p1a: Scizor|Bullet Punch|p2a: Zamazenta
|-damage|p2a: Zamazenta|0 fnt
|faint|p2a: Zamazenta
|
|win|234567891d
|raw|234567891d's rating: 1429 &rarr; <strong>1452</strong><br />(+23 for winning)
|raw|Albertsux2007's rating: 1489 &rarr; <strong>1466</strong><br />(-23 for losing)
|c|☆234567891d|gg
|l|☆Albertsux2007
|player|p2|
|l|☆234567891d
|player|p1|
