|j|☆kemariekiller
|j|☆TheTheyThemler
|t:|1757812256
|gametype|singles
|player|p1|kemariekiller|acetrainer-gen4|1065
|player|p2|TheTheyThemler|n|1093
|gen|9
|tier|[Gen 9] OU
|rated|
|rule|HP Percentage Mod: HP is shown in percentages
|rule|Endless Battle Clause: Forcing endless battles is banned
|rule|Species Clause: Limit one of each Pokémon
|rule|OHKO Clause: OHKO moves are banned
|rule|Evasion Items Clause: Evasion items are banned
|rule|Evasion Moves Clause: Evasion moves are banned
|rule|Evasion Abilities Clause: Evasion abilities are banned
|rule|Sleep Moves Clause: Sleep-inducing moves are banned
|clearpoke
|poke|p1|Pikachu, F|
|poke|p1|Porygon2|
|poke|p1|Krookodile, M|
|poke|p1|Slowbro, F|
|poke|p1|Infernape, M|
|poke|p1|Araquanid, M|
|poke|p2|Charjabug, F|
|poke|p2|Ceruledge, F|
|poke|p2|Gholdengo|
|poke|p2|Umbreon, F|
|poke|p2|Great Tusk|
|poke|p2|Kyurem|
|teampreview
|
|t:|1757812292
|teamsize|p1|6
|teamsize|p2|6
|start
|switch|p1a: Araquanid|Araquanid, M|100/100
|switch|p2a: 🚍|Charjabug, F, shiny|100/100
|turn|1
|
|t:|1757812304
|move|p1a: Araquanid|Infestation|p2a: 🚍
|-damage|p2a: 🚍|96/100
|-activate|p2a: 🚍|move: Infestation|[of] p1a: Araquanid
|move|p2a: 🚍|Thunder Wave|p1a: Araquanid
|-status|p1a: Araquanid|par
|
|-damage|p2a: 🚍|84/100|[from] move: Infestation|[partiallytrapped]
|upkeep
|turn|2
|
|t:|1757812313
|move|p2a: 🚍|Sticky Web|p1a: Araquanid
|-sidestart|p1: kemariekiller|move: Sticky Web
|move|p1a: Araquanid|Sticky Web|p2a: 🚍
|-sidestart|p2: TheTheyThemler|move: Sticky Web
|
|-damage|p2a: 🚍|72/100|[from] move: Infestation|[partiallytrapped]
|upkeep
|turn|3
|
|t:|1757812321
|move|p2a: 🚍|Volt Switch|p1a: Araquanid
|-supereffective|p1a: Araquanid
|-damage|p1a: Araquanid|76/100 par
|
|t:|1757812326
|switch|p2a: 🐘|Great Tusk, shiny|100/100|[from] Volt Switch
|-activate|p2a: 🐘|move: Sticky Web
|-unboost|p2a: 🐘|spe|1
|cant|p1a: Araquanid|par
|
|-heal|p1a: Araquanid|82/100 par|[from] item: Leftovers
|upkeep
|turn|4
|
|t:|1757812347
|move|p2a: 🐘|Rapid Spin|p1a: Araquanid
|-damage|p1a: Araquanid|69/100 par
|-boost|p2a: 🐘|spe|1
|-sideend|p2: TheTheyThemler|Sticky Web|[from] move: Rapid Spin|[of] p2a: 🐘
|move|p1a: Araquanid|Infestation|p2a: 🐘
|-resisted|p2a: 🐘
|-damage|p2a: 🐘|98/100
|-activate|p2a: 🐘|move: Infestation|[of] p1a: Araquanid
|
|-heal|p2a: 🐘|100/100|[from] item: Leftovers
|-heal|p1a: Araquanid|75/100 par|[from] item: Leftovers
|-damage|p2a: 🐘|88/100|[from] move: Infestation|[partiallytrapped]
|upkeep
|turn|5
|
|t:|1757812360
|move|p2a: 🐘|Knock Off|p1a: Araquanid
|-damage|p1a: Araquanid|45/100 par
|-enditem|p1a: Araquanid|Leftovers|[from] move: Knock Off|[of] p2a: 🐘
|move|p1a: Araquanid|Body Slam|p2a: 🐘
|-damage|p2a: 🐘|78/100
|
|-heal|p2a: 🐘|84/100|[from] item: Leftovers
|-damage|p2a: 🐘|72/100|[from] move: Infestation|[partiallytrapped]
|upkeep
|turn|6
|
|t:|1757812376
|switch|p1a: Slowbro|Slowbro, F|100/100
|-activate|p1a: Slowbro|move: Sticky Web
|-unboost|p1a: Slowbro|spe|1
|move|p2a: 🐘|Stealth Rock|p1a: Slowbro
|-sidestart|p1: kemariekiller|move: Stealth Rock
|
|-heal|p2a: 🐘|78/100|[from] item: Leftovers
|-end|p2a: 🐘|Infestation|[partiallytrapped]|[silent]
|upkeep
|turn|7
|
|t:|1757812387
|move|p2a: 🐘|Knock Off|p1a: Slowbro
|-supereffective|p1a: Slowbro
|-damage|p1a: Slowbro|63/100
|-enditem|p1a: Slowbro|Leftovers|[from] move: Knock Off|[of] p2a: 🐘
|move|p1a: Slowbro|Future Sight|p2a: 🐘
|-start|p1a: Slowbro|move: Future Sight
|
|-heal|p2a: 🐘|84/100|[from] item: Leftovers
|upkeep
|turn|8
|inactive|Battle timer is ON: inactive players will automatically lose when time's up. (requested by TheTheyThemler)
|inactive|kemariekiller has 120 seconds left.
|inactive|kemariekiller has 90 seconds left.
|inactive|kemariekiller has 60 seconds left.
|inactive|kemariekiller has 30 seconds left.
|inactive|kemariekiller has 20 seconds left.
|inactive|kemariekiller has 15 seconds left.
|inactive|kemariekiller has 10 seconds left.
|inactive|kemariekiller has 5 seconds left.
|-message|kemariekiller lost due to inactivity.
|
|win|TheTheyThemler
|raw|kemariekiller's rating: 1065 &rarr; <strong>1047</strong><br />(-18 for losing)
|raw|TheTheyThemler's rating: 1093 &rarr; <strong>1117</strong><br />(+24 for winning)
|l|☆kemariekiller
|player|p1|
|l|☆TheTheyThemler
|player|p2|
