|j|☆oldBank
|j|☆mighelycodyy
|t:|1757869240
|gametype|singles
|player|p1|oldBank|265|1076
|player|p2|mighelycodyy|n|1110
|gen|9
|tier|[Gen 9] OU
|rated|
|rule|HP Percentage Mod: HP is shown in percentages
|rule|Endless Battle Clause: Forcing endless battles is banned
|rule|Species Clause: Limit one of each Pokémon
|rule|OHKO Clause: OHKO moves are banned
|rule|Evasion Items Clause: Evasion items are banned
|rule|Evasion Moves Clause: Evasion moves are banned
|rule|Evasion Abilities Clause: Evasion abilities are banned
|rule|Sleep Moves Clause: Sleep-inducing moves are banned
|clearpoke
|poke|p1|Ursaluna, F|
|poke|p1|Landorus-Therian, M|
|poke|p1|Tornadus, M|
|poke|p1|Tyranitar, M|
|poke|p1|Iron Moth|
|poke|p1|Keldeo-Resolute|
|poke|p2|Quaquaval, M|
|poke|p2|Gardevoir, F|
|poke|p2|Zoroark, F|
|poke|p2|Luxray, F|
|poke|p2|Braviary, M|
|poke|p2|Salazzle, F|
|teampreview
|
|t:|1757869249
|teamsize|p1|6
|teamsize|p2|6
|start
|switch|p1a: Ursaluna|Ursaluna, F, shiny|100/100
|switch|p2a: Braviary|Braviary, M|100/100
|turn|1
|inactive|Battle timer is ON: inactive players will automatically lose when time's up. (requested by mighelycodyy)
|
|t:|1757869261
|move|p2a: Braviary|Close Combat|p1a: Ursaluna
|-supereffective|p1a: Ursaluna
|-damage|p1a: Ursaluna|38/100
|-unboost|p2a: Braviary|def|1
|-unboost|p2a: Braviary|spd|1
|move|p1a: Ursaluna|Cross Chop|p2a: Braviary
|-crit|p2a: Braviary
|-damage|p2a: Braviary|6/100
|-enditem|p2a: Braviary|Sitrus Berry|[eat]
|-heal|p2a: Braviary|31/100|[from] item: Sitrus Berry
|
|-status|p1a: Ursaluna|brn|[from] item: Flame Orb
|upkeep
|turn|2
|
|t:|1757869275
|move|p2a: Braviary|Body Slam|p1a: Ursaluna
|-damage|p1a: Ursaluna|3/100 brn
|move|p1a: Ursaluna|Cross Chop|p2a: Braviary
|-damage|p2a: Braviary|0 fnt
|faint|p2a: Braviary
|
|-damage|p1a: Ursaluna|0 fnt|[from] brn
|faint|p1a: Ursaluna
|upkeep
|
|t:|1757869284
|switch|p2a: Gardevoir|Gardevoir, F|100/100
|switch|p1a: Keldeo|Keldeo-Resolute|100/100
|-ability|p2a: Gardevoir|Justified|Trace|[from] ability: Trace|[of] p1a: Keldeo
|turn|3
|
|t:|1757869290
|-terastallize|p1a: Keldeo|Water
|move|p1a: Keldeo|Hydro Pump|p2a: Gardevoir
|-damage|p2a: Gardevoir|20/100
|-enditem|p2a: Gardevoir|Salac Berry|[eat]
|-boost|p2a: Gardevoir|spe|1|[from] item: Salac Berry
|move|p2a: Gardevoir|Moonblast|p1a: Keldeo
|-damage|p1a: Keldeo|44/100
|-unboost|p1a: Keldeo|spa|1
|
|upkeep
|turn|4
|
|t:|1757869300
|move|p1a: Keldeo|Hydro Pump|p2a: Gardevoir
|-damage|p2a: Gardevoir|0 fnt
|faint|p2a: Gardevoir
|
|upkeep
|
|t:|1757869303
|switch|p2a: Quaquaval|Quaquaval, M|100/100
|turn|5
|
|t:|1757869307
|move|p1a: Keldeo|Hydro Pump|p2a: Quaquaval
|-resisted|p2a: Quaquaval
|-damage|p2a: Quaquaval|62/100
|move|p2a: Quaquaval|Aqua Step|p1a: Keldeo
|-resisted|p1a: Keldeo
|-damage|p1a: Keldeo|13/100
|-boost|p2a: Quaquaval|spe|1
|-damage|p2a: Quaquaval|52/100|[from] item: Life Orb
|
|upkeep
|turn|6
|
|t:|1757869312
|move|p1a: Keldeo|Hydro Pump|p2a: Quaquaval
|-resisted|p2a: Quaquaval
|-damage|p2a: Quaquaval|19/100
|move|p2a: Quaquaval|Aqua Step|p1a: Keldeo
|-resisted|p1a: Keldeo
|-damage|p1a: Keldeo|0 fnt
|-boost|p2a: Quaquaval|spe|1
|faint|p1a: Keldeo
|-ability|p2a: Quaquaval|Moxie|boost
|-boost|p2a: Quaquaval|atk|1
|-damage|p2a: Quaquaval|9/100|[from] item: Life Orb
|
|upkeep
|
|t:|1757869318
|switch|p1a: Tornadus|Tornadus, M, shiny|100/100
|turn|7
|
|t:|1757869321
|move|p1a: Tornadus|Tailwind|p1a: Tornadus
|-sidestart|p1: oldBank|move: Tailwind
|move|p2a: Quaquaval|Ice Spinner|p1a: Tornadus
|-supereffective|p1a: Tornadus
|-damage|p1a: Tornadus|0 fnt
|faint|p1a: Tornadus
|-ability|p2a: Quaquaval|Moxie|boost
|-boost|p2a: Quaquaval|atk|1
|-damage|p2a: Quaquaval|0 fnt|[from] item: Life Orb
|faint|p2a: Quaquaval
|
|upkeep
|
|t:|1757869327
|switch|p1a: Tyranitar|Tyranitar, M, shiny|100/100
|switch|p2a: Salazzle|Salazzle, F|100/100
|-weather|Sandstorm|[from] ability: Sand Stream|[of] p1a: Tyranitar
|turn|8
|-message|mighelycodyy forfeited.
|
|win|oldBank
|raw|oldBank's rating: 1076 &rarr; <strong>1107</strong><br />(+31 for winning)
|raw|mighelycodyy's rating: 1110 &rarr; <strong>1083</strong><br />(-27 for losing)
|l|☆mighelycodyy
|player|p2|
|l|☆oldBank
|player|p1|
