|j|☆InotspeakEnglish
|j|☆vbnsdlirtu
|t:|1757826818
|gametype|singles
|player|p1|InotspeakEnglish|169|1265
|player|p2|vbnsdlirtu|cyrus|1292
|gen|9
|tier|[Gen 9] OU
|rated|
|rule|HP Percentage Mod: HP is shown in percentages
|rule|Endless Battle Clause: Forcing endless battles is banned
|rule|Species Clause: Limit one of each Pokémon
|rule|OHKO Clause: OHKO moves are banned
|rule|Evasion Items Clause: Evasion items are banned
|rule|Evasion Moves Clause: Evasion moves are banned
|rule|Evasion Abilities Clause: Evasion abilities are banned
|rule|Sleep Moves Clause: Sleep-inducing moves are banned
|clearpoke
|poke|p1|Maushold-Four|
|poke|p1|Great Tusk|
|poke|p1|Raging Bolt|
|poke|p1|Grafaiai, F|
|poke|p1|Moltres|
|poke|p1|Scizor, M|
|poke|p2|Dragonite, F|
|poke|p2|Zamazenta-*|
|poke|p2|Landorus-Therian, M|
|poke|p2|Gholdengo|
|poke|p2|Darkrai|
|poke|p2|Hatterene, F|
|teampreview
|inactive|Battle timer is ON: inactive players will automatically lose when time's up. (requested by vbnsdlirtu)
|
|t:|1757826828
|teamsize|p1|6
|teamsize|p2|6
|start
|switch|p1a: Grafaiai|Grafaiai, F|100/100
|switch|p2a: Landorus|Landorus-Therian, M|100/100
|-ability|p2a: Landorus|Intimidate|boost
|-unboost|p1a: Grafaiai|atk|1
|turn|1
|
|t:|1757826835
|move|p1a: Grafaiai|Parting Shot|p2a: Landorus
|-unboost|p2a: Landorus|atk|1
|-unboost|p2a: Landorus|spa|1
|
|t:|1757826837
|switch|p1a: Great Tusk|Great Tusk|100/100|[from] Parting Shot
|move|p2a: Landorus|Stealth Rock|p1a: Great Tusk
|-sidestart|p1: InotspeakEnglish|move: Stealth Rock
|
|upkeep
|turn|2
|
|t:|1757826841
|switch|p2a: Gholdengo|Gholdengo|100/100
|move|p1a: Great Tusk|Rapid Spin|p2a: Gholdengo
|-immune|p2a: Gholdengo
|
|upkeep
|turn|3
|
|t:|1757826854
|switch|p2a: Landorus|Landorus-Therian, M|100/100
|-ability|p2a: Landorus|Intimidate|boost
|-unboost|p1a: Great Tusk|atk|1
|move|p1a: Great Tusk|Ice Spinner|p2a: Landorus
|-supereffective|p2a: Landorus
|-damage|p2a: Landorus|14/100
|-damage|p1a: Great Tusk|84/100|[from] item: Rocky Helmet|[of] p2a: Landorus
|
|upkeep
|turn|4
|
|t:|1757826864
|switch|p2a: Gholdengo|Gholdengo|100/100
|move|p1a: Great Tusk|Rapid Spin|p2a: Gholdengo
|-immune|p2a: Gholdengo
|
|upkeep
|turn|5
|
|t:|1757826874
|-end|p1a: Great Tusk|Protosynthesis|[silent]
|switch|p1a: Grafaiai|Grafaiai, F|100/100
|-damage|p1a: Grafaiai|88/100|[from] Stealth Rock
|move|p2a: Gholdengo|Make It Rain|p1a: Grafaiai
|-damage|p1a: Grafaiai|0 fnt
|-unboost|p2a: Gholdengo|spa|1
|faint|p1a: Grafaiai
|
|upkeep
|
|t:|1757826878
|switch|p1a: Great Tusk|Great Tusk|84/100
|-damage|p1a: Great Tusk|81/100|[from] Stealth Rock
|turn|6
|
|t:|1757826887
|switch|p2a: Landorus|Landorus-Therian, M|14/100
|-ability|p2a: Landorus|Intimidate|boost
|-unboost|p1a: Great Tusk|atk|1
|move|p1a: Great Tusk|Headlong Rush|p2a: Landorus
|-immune|p2a: Landorus
|
|upkeep
|turn|7
|
|t:|1757826903
|switch|p2a: Gholdengo|Gholdengo|100/100
|move|p1a: Great Tusk|Rapid Spin|p2a: Gholdengo
|-immune|p2a: Gholdengo
|
|upkeep
|turn|8
|
|t:|1757826909
|move|p1a: Great Tusk|Headlong Rush|p2a: Gholdengo
|-supereffective|p2a: Gholdengo
|-damage|p2a: Gholdengo|0 fnt
|-unboost|p1a: Great Tusk|def|1
|-unboost|p1a: Great Tusk|spd|1
|faint|p2a: Gholdengo
|
|upkeep
|inactive|vbnsdlirtu has 120 seconds left.
|
|t:|1757826947
|switch|p2a: Hatterene|Hatterene, F|100/100
|turn|9
|
|t:|1757826958
|-end|p1a: Great Tusk|Protosynthesis|[silent]
|switch|p1a: Scizor|Scizor, M|100/100
|-damage|p1a: Scizor|88/100|[from] Stealth Rock
|move|p2a: Hatterene|Psychic Noise|p1a: Scizor
|-resisted|p1a: Scizor
|-damage|p1a: Scizor|66/100
|-start|p1a: Scizor|move: Heal Block
|
|upkeep
|turn|10
|inactive|vbnsdlirtu has 120 seconds left.
|
|t:|1757826978
|switch|p2a: Landorus|Landorus-Therian, M|14/100
|-ability|p2a: Landorus|Intimidate|boost
|-unboost|p1a: Scizor|atk|1
|move|p1a: Scizor|Defog|p2a: Landorus
|-unboost|p2a: Landorus|evasion|1
|-sideend|p1: InotspeakEnglish|Stealth Rock|[from] move: Defog|[of] p1a: Scizor
|
|-end|p1a: Scizor|move: Heal Block
|upkeep
|turn|11
|inactive|vbnsdlirtu has 120 seconds left.
|
|t:|1757826990
|switch|p2a: Zamazenta|Zamazenta|100/100
|-ability|p2a: Zamazenta|Dauntless Shield|boost
|-boost|p2a: Zamazenta|def|1
|move|p1a: Scizor|Bullet Punch|p2a: Zamazenta
|-damage|p2a: Zamazenta|90/100
|
|-heal|p2a: Zamazenta|97/100|[from] item: Leftovers
|-heal|p1a: Scizor|73/100|[from] item: Leftovers
|upkeep
|turn|12
|inactive|vbnsdlirtu has 120 seconds left.
|
|t:|1757826999
|switch|p2a: Hatterene|Hatterene, F|100/100
|move|p1a: Scizor|U-turn|p2a: Hatterene
|-damage|p2a: Hatterene|77/100
|
|t:|1757827012
|switch|p1a: Maushold|Maushold-Four|100/100|[from] U-turn
|
|upkeep
|turn|13
|
|t:|1757827018
|switch|p2a: Landorus|Landorus-Therian, M|14/100
|-ability|p2a: Landorus|Intimidate|boost
|-unboost|p1a: Maushold|atk|1
|move|p1a: Maushold|Population Bomb|p2a: Landorus
|-damage|p2a: Landorus|7/100
|-damage|p1a: Maushold|84/100|[from] item: Rocky Helmet|[of] p2a: Landorus
|-damage|p2a: Landorus|0 fnt
|-damage|p1a: Maushold|67/100|[from] item: Rocky Helmet|[of] p2a: Landorus
|faint|p2a: Landorus
|-hitcount|p2: Landorus|2
|
|upkeep
|inactive|vbnsdlirtu has 120 seconds left.
|
|t:|1757827055
|switch|p2a: Darkrai|Darkrai|100/100
|turn|14
|
|t:|1757827063
|move|p2a: Darkrai|Will-O-Wisp|p1a: Maushold|[miss]
|-miss|p2a: Darkrai|p1a: Maushold
|move|p1a: Maushold|Population Bomb|p2a: Darkrai
|-damage|p2a: Darkrai|92/100
|-damage|p2a: Darkrai|83/100
|-damage|p2a: Darkrai|74/100
|-damage|p2a: Darkrai|66/100
|-damage|p2a: Darkrai|58/100
|-damage|p2a: Darkrai|49/100
|-damage|p2a: Darkrai|39/100
|-damage|p2a: Darkrai|30/100
|-damage|p2a: Darkrai|21/100
|-damage|p2a: Darkrai|12/100
|-hitcount|p2a: Darkrai|10
|
|upkeep
|turn|15
|
|t:|1757827070
|switch|p1a: Moltres|Moltres|100/100
|move|p2a: Darkrai|Dark Pulse|p1a: Moltres
|-damage|p1a: Moltres|71/100
|
|upkeep
|turn|16
|
|t:|1757827084
|move|p2a: Darkrai|Taunt|p1a: Moltres
|-start|p1a: Moltres|move: Taunt
|move|p1a: Moltres|Air Slash|p2a: Darkrai
|-damage|p2a: Darkrai|0 fnt
|faint|p2a: Darkrai
|
|upkeep
|
|t:|1757827090
|switch|p2a: Dragonite|Dragonite, F|100/100
|turn|17
|
|t:|1757827097
|move|p2a: Dragonite|Dragon Dance|p2a: Dragonite
|-boost|p2a: Dragonite|atk|1
|-boost|p2a: Dragonite|spe|1
|move|p1a: Moltres|U-turn|p2a: Dragonite
|-resisted|p2a: Dragonite
|-damage|p2a: Dragonite|96/100
|
|t:|1757827110
|switch|p1a: Scizor|Scizor, M|73/100|[from] U-turn
|
|-heal|p1a: Scizor|79/100|[from] item: Leftovers
|upkeep
|turn|18
|
|t:|1757827117
|-terastallize|p2a: Dragonite|Flying
|move|p1a: Scizor|Bullet Punch|p2a: Dragonite
|-damage|p2a: Dragonite|65/100
|move|p2a: Dragonite|Tera Blast|p1a: Scizor|[anim] Tera Blast Flying
|-damage|p1a: Scizor|15/100
|
|-heal|p1a: Scizor|21/100|[from] item: Leftovers
|upkeep
|turn|19
|
|t:|1757827126
|move|p2a: Dragonite|Extreme Speed|p1a: Scizor
|-resisted|p1a: Scizor
|-damage|p1a: Scizor|3/100
|move|p1a: Scizor|Swords Dance|p1a: Scizor
|-boost|p1a: Scizor|atk|2
|
|-heal|p1a: Scizor|9/100|[from] item: Leftovers
|upkeep
|turn|20
|
|t:|1757827131
|move|p2a: Dragonite|Extreme Speed|p1a: Scizor
|-resisted|p1a: Scizor
|-damage|p1a: Scizor|0 fnt
|faint|p1a: Scizor
|
|upkeep
|
|t:|1757827134
|switch|p1a: Raging Bolt|Raging Bolt|100/100
|turn|21
|
|t:|1757827140
|move|p2a: Dragonite|Extreme Speed|p1a: Raging Bolt
|-damage|p1a: Raging Bolt|67/100
|move|p1a: Raging Bolt|Thunderclap||[still]
|-fail|p1a: Raging Bolt
|
|upkeep
|turn|22
|
|t:|1757827145
|move|p2a: Dragonite|Earthquake|p1a: Raging Bolt
|-supereffective|p1a: Raging Bolt
|-damage|p1a: Raging Bolt|0 fnt
|faint|p1a: Raging Bolt
|-end|p1a: Raging Bolt|Protosynthesis|[silent]
|
|upkeep
|
|t:|1757827150
|switch|p1a: Great Tusk|Great Tusk|81/100
|turn|23
|
|t:|1757827153
|move|p2a: Dragonite|Tera Blast|p1a: Great Tusk|[anim] Tera Blast Flying
|-supereffective|p1a: Great Tusk
|-damage|p1a: Great Tusk|0 fnt
|faint|p1a: Great Tusk
|-end|p1a: Great Tusk|Protosynthesis|[silent]
|
|upkeep
|
|t:|1757827156
|switch|p1a: Moltres|Moltres|71/100
|turn|24
|-message|InotspeakEnglish forfeited.
|
|win|vbnsdlirtu
|raw|InotspeakEnglish's rating: 1265 &rarr; <strong>1242</strong><br />(-23 for losing)
|raw|vbnsdlirtu's rating: 1292 &rarr; <strong>1315</strong><br />(+23 for winning)
|l|☆InotspeakEnglish
|player|p1|
|l|☆vbnsdlirtu
|player|p2|
