|j|☆I luv borger
|j|☆Jhinou
|t:|1757856558
|gametype|singles
|player|p1|I luv borger|drayden|1377
|player|p2|Jhinou|101|1432
|gen|9
|tier|[Gen 9] OU
|rated|
|rule|HP Percentage Mod: HP is shown in percentages
|rule|Endless Battle Clause: Forcing endless battles is banned
|rule|Species Clause: Limit one of each Pokémon
|rule|OHKO Clause: OHKO moves are banned
|rule|Evasion Items Clause: Evasion items are banned
|rule|Evasion Moves Clause: Evasion moves are banned
|rule|Evasion Abilities Clause: Evasion abilities are banned
|rule|Sleep Moves Clause: Sleep-inducing moves are banned
|clearpoke
|poke|p1|Slowking-Galar, M|
|poke|p1|Kyurem|
|poke|p1|Cetitan, F|
|poke|p1|Hatterene, F|
|poke|p1|Iron Treads|
|poke|p1|Ninetales-Alola, M|
|poke|p2|Darkrai|
|poke|p2|Samurott-Hisui, F|
|poke|p2|Latios, M|
|poke|p2|Pecharunt|
|poke|p2|Zamazenta-*|
|poke|p2|Landorus-Therian, M|
|teampreview
|inactive|Battle timer is ON: inactive players will automatically lose when time's up. (requested by Jhinou)
|
|t:|1757856597
|teamsize|p1|6
|teamsize|p2|6
|start
|switch|p1a: Kyurem|Kyurem|100/100
|switch|p2a: Darkrai|Darkrai|100/100
|-ability|p1a: Kyurem|Pressure
|turn|1
|inactive|Jhinou has 120 seconds left.
|
|t:|1757856643
|switch|p2a: Samurott|Samurott-Hisui, F|100/100
|move|p1a: Kyurem|Draco Meteor|p2a: Samurott
|-damage|p2a: Samurott|25/100
|-unboost|p1a: Kyurem|spa|2
|
|upkeep
|turn|2
|
|t:|1757856654
|move|p1a: Kyurem|Draco Meteor|p2a: Samurott
|-damage|p2a: Samurott|0 fnt
|-unboost|p1a: Kyurem|spa|2
|faint|p2a: Samurott
|
|upkeep
|
|t:|1757856671
|switch|p2a: Latios|Latios, M|100/100
|turn|3
|
|t:|1757856678
|switch|p2a: Pecharunt|Pecharunt|100/100
|switch|p1a: Slowking|Slowking-Galar, M|100/100
|
|upkeep
|turn|4
|
|t:|1757856684
|move|p2a: Pecharunt|Foul Play|p1a: Slowking
|-supereffective|p1a: Slowking
|-damage|p1a: Slowking|74/100
|-prepare|p1a: Slowking|Chilly Reception|[premajor]
|move|p1a: Slowking|Chilly Reception|p1a: Slowking
|-weather|Snowscape
|
|t:|1757856692
|switch|p1a: Iron Treads|Iron Treads|100/100|[from] Chilly Reception
|
|-weather|Snowscape|[upkeep]
|upkeep
|turn|5
|inactive|Jhinou has 120 seconds left.
|
|t:|1757856711
|move|p1a: Iron Treads|Stealth Rock|p2a: Pecharunt
|-sidestart|p2: Jhinou|move: Stealth Rock
|move|p2a: Pecharunt|Parting Shot|p1a: Iron Treads
|-unboost|p1a: Iron Treads|atk|1
|-unboost|p1a: Iron Treads|spa|1
|
|t:|1757856718
|switch|p2a: Landorus|Landorus-Therian, M|100/100|[from] Parting Shot
|-damage|p2a: Landorus|88/100|[from] Stealth Rock
|-ability|p2a: Landorus|Intimidate|boost
|-unboost|p1a: Iron Treads|atk|1
|
|-weather|Snowscape|[upkeep]
|upkeep
|turn|6
|
|t:|1757856734
|-end|p1a: Iron Treads|Quark Drive|[silent]
|switch|p1a: Hatterene|Hatterene, F|100/100
|move|p2a: Landorus|Earthquake|p1a: Hatterene
|-damage|p1a: Hatterene|62/100
|
|-weather|Snowscape|[upkeep]
|upkeep
|turn|7
|
|t:|1757856744
|switch|p1a: Kyurem|Kyurem|100/100
|-ability|p1a: Kyurem|Pressure
|move|p2a: Landorus|U-turn|p1a: Kyurem
|-damage|p1a: Kyurem|86/100
|inactive|Jhinou has 120 seconds left.
|
|t:|1757856766
|switch|p2a: Zamazenta|Zamazenta|100/100|[from] U-turn
|-ability|p2a: Zamazenta|Dauntless Shield|boost
|-boost|p2a: Zamazenta|def|1
|
|-weather|Snowscape|[upkeep]
|upkeep
|turn|8
|inactive|Jhinou has 120 seconds left.
|
|t:|1757856779
|-terastallize|p2a: Zamazenta|Fire
|move|p2a: Zamazenta|Close Combat|p1a: Kyurem
|-supereffective|p1a: Kyurem
|-damage|p1a: Kyurem|9/100
|-unboost|p2a: Zamazenta|def|1
|-unboost|p2a: Zamazenta|spd|1
|move|p1a: Kyurem|Blizzard|p2a: Zamazenta
|-resisted|p2a: Zamazenta
|-damage|p2a: Zamazenta|48/100
|
|-weather|Snowscape|[upkeep]
|upkeep
|turn|9
|inactive|Jhinou has 120 seconds left.
|
|t:|1757856791
|switch|p1a: Slowking|Slowking-Galar, M|100/100
|move|p2a: Zamazenta|Close Combat|p1a: Slowking
|-resisted|p1a: Slowking
|-damage|p1a: Slowking|86/100
|-unboost|p2a: Zamazenta|def|1
|-unboost|p2a: Zamazenta|spd|1
|
|-weather|Snowscape|[upkeep]
|upkeep
|turn|10
|
|t:|1757856802
|switch|p2a: Landorus|Landorus-Therian, M|88/100
|-damage|p2a: Landorus|76/100|[from] Stealth Rock
|-ability|p2a: Landorus|Intimidate|boost
|-unboost|p1a: Slowking|atk|1
|-prepare|p1a: Slowking|Chilly Reception|[premajor]
|move|p1a: Slowking|Chilly Reception|p1a: Slowking
|
|t:|1757856815
|switch|p1a: Ninetales|Ninetales-Alola, M|100/100|[from] Chilly Reception
|
|-weather|Snowscape|[upkeep]
|upkeep
|turn|11
|inactive|Jhinou has 120 seconds left.
|inactive|Jhinou has 90 seconds left.
|
|t:|1757856878
|move|p1a: Ninetales|Aurora Veil|p1a: Ninetales
|-sidestart|p1: I luv borger|move: Aurora Veil
|move|p2a: Landorus|Stone Edge|p1a: Ninetales
|-supereffective|p1a: Ninetales
|-damage|p1a: Ninetales|73/100
|
|-weather|none
|upkeep
|turn|12
|inactive|Jhinou has 90 seconds left.
|
|t:|1757856888
|switch|p2a: Pecharunt|Pecharunt|100/100
|move|p1a: Ninetales|Freeze-Dry|p2a: Pecharunt
|-damage|p2a: Pecharunt|82/100
|
|upkeep
|turn|13
|
|t:|1757856894
|switch|p1a: Iron Treads|Iron Treads|100/100
|move|p2a: Pecharunt|Parting Shot|p1a: Iron Treads
|-unboost|p1a: Iron Treads|atk|1
|-unboost|p1a: Iron Treads|spa|1
|inactive|Jhinou has 90 seconds left.
|
|t:|1757856909
|switch|p2a: Zamazenta|Zamazenta, tera:Fire|48/100|[from] Parting Shot
|
|upkeep
|turn|14
|
|t:|1757856915
|move|p2a: Zamazenta|Close Combat|p1a: Iron Treads
|-supereffective|p1a: Iron Treads
|-damage|p1a: Iron Treads|43/100
|-unboost|p2a: Zamazenta|def|1
|-unboost|p2a: Zamazenta|spd|1
|move|p1a: Iron Treads|Earthquake|p2a: Zamazenta
|-supereffective|p2a: Zamazenta
|-damage|p2a: Zamazenta|0 fnt
|faint|p2a: Zamazenta
|
|-heal|p1a: Iron Treads|50/100|[from] item: Leftovers
|upkeep
|
|t:|1757856923
|switch|p2a: Darkrai|Darkrai|100/100
|turn|15
|
|t:|1757856938
|-end|p1a: Iron Treads|Quark Drive|[silent]
|switch|p1a: Hatterene|Hatterene, F|62/100
|move|p2a: Darkrai|Dark Pulse|p1a: Hatterene
|-damage|p1a: Hatterene|39/100
|
|-sideend|p1: I luv borger|move: Aurora Veil
|upkeep
|turn|16
|
|t:|1757856945
|move|p2a: Darkrai|Dark Pulse|p1a: Hatterene
|-damage|p1a: Hatterene|0 fnt
|faint|p1a: Hatterene
|
|upkeep
|
|t:|1757856948
|switch|p1a: Ninetales|Ninetales-Alola, M|73/100
|-weather|Snowscape|[from] ability: Snow Warning|[of] p1a: Ninetales
|turn|17
|
|t:|1757856953
|switch|p1a: Kyurem|Kyurem|9/100
|-ability|p1a: Kyurem|Pressure
|move|p2a: Darkrai|Knock Off|p1a: Kyurem
|-damage|p1a: Kyurem|0 fnt
|-enditem|p1a: Kyurem|Choice Specs|[from] move: Knock Off|[of] p2a: Darkrai
|faint|p1a: Kyurem
|
|-weather|Snowscape|[upkeep]
|upkeep
|
|t:|1757856962
|switch|p1a: Cetitan|Cetitan, F|100/100
|turn|18
|
|t:|1757856965
|move|p1a: Cetitan|Belly Drum|p1a: Cetitan
|-damage|p1a: Cetitan|50/100
|-setboost|p1a: Cetitan|atk|6|[from] move: Belly Drum
|-enditem|p1a: Cetitan|Sitrus Berry|[eat]
|-heal|p1a: Cetitan|75/100|[from] item: Sitrus Berry
|move|p2a: Darkrai|Will-O-Wisp|p1a: Cetitan
|-status|p1a: Cetitan|brn
|
|-weather|Snowscape|[upkeep]
|-damage|p1a: Cetitan|69/100 brn|[from] brn
|upkeep
|turn|19
|
|t:|1757856978
|switch|p2a: Pecharunt|Pecharunt|82/100
|move|p1a: Cetitan|Play Rough|p2a: Pecharunt
|-resisted|p2a: Pecharunt
|-damage|p2a: Pecharunt|69/100
|
|-weather|Snowscape|[upkeep]
|-damage|p1a: Cetitan|63/100 brn|[from] brn
|upkeep
|turn|20
|
|t:|1757856988
|move|p1a: Cetitan|Earthquake|p2a: Pecharunt
|-supereffective|p2a: Pecharunt
|-damage|p2a: Pecharunt|8/100
|move|p2a: Pecharunt|Recover|p2a: Pecharunt
|-heal|p2a: Pecharunt|58/100
|
|-weather|Snowscape|[upkeep]
|-damage|p1a: Cetitan|57/100 brn|[from] brn
|upkeep
|turn|21
|
|t:|1757856996
|-terastallize|p1a: Cetitan|Ground
|move|p1a: Cetitan|Earthquake|p2a: Pecharunt
|-supereffective|p2a: Pecharunt
|-damage|p2a: Pecharunt|0 fnt
|faint|p2a: Pecharunt
|
|-weather|Snowscape|[upkeep]
|-damage|p1a: Cetitan|50/100 brn|[from] brn
|upkeep
|
|t:|1757857003
|switch|p2a: Landorus|Landorus-Therian, M|76/100
|-damage|p2a: Landorus|63/100|[from] Stealth Rock
|-ability|p2a: Landorus|Intimidate|boost
|-unboost|p1a: Cetitan|atk|1
|turn|22
|
|t:|1757857011
|move|p1a: Cetitan|Ice Shard|p2a: Landorus
|-supereffective|p2a: Landorus
|-damage|p2a: Landorus|0 fnt
|faint|p2a: Landorus
|
|-weather|Snowscape|[upkeep]
|-damage|p1a: Cetitan|44/100 brn|[from] brn
|upkeep
|
|t:|1757857017
|switch|p2a: Darkrai|Darkrai|100/100
|turn|23
|
|t:|1757857022
|move|p1a: Cetitan|Play Rough|p2a: Darkrai
|-supereffective|p2a: Darkrai
|-damage|p2a: Darkrai|0 fnt
|faint|p2a: Darkrai
|
|-weather|Snowscape|[upkeep]
|-damage|p1a: Cetitan|38/100 brn|[from] brn
|upkeep
|
|t:|1757857025
|switch|p2a: Latios|Latios, M|100/100
|-damage|p2a: Latios|88/100|[from] Stealth Rock
|turn|24
|-message|Jhinou forfeited.
|
|win|I luv borger
|raw|I luv borger's rating: 1377 &rarr; <strong>1400</strong><br />(+23 for winning)
|raw|Jhinou's rating: 1432 &rarr; <strong>1409</strong><br />(-23 for losing)
|l|☆Jhinou
|player|p2|
|l|☆I luv borger
|player|p1|
