|j|☆Southside Mike
|j|☆supmydudeee
|t:|1757914734
|gametype|singles
|player|p1|Southside Mike|rocketgrunt|1467
|player|p2|supmydudeee|265|1425
|gen|9
|tier|[Gen 9] OU
|rated|
|rule|HP Percentage Mod: HP is shown in percentages
|rule|Endless Battle Clause: Forcing endless battles is banned
|rule|Species Clause: Limit one of each Pokémon
|rule|OHKO Clause: OHKO moves are banned
|rule|Evasion Items Clause: Evasion items are banned
|rule|Evasion Moves Clause: Evasion moves are banned
|rule|Evasion Abilities Clause: Evasion abilities are banned
|rule|Sleep Moves Clause: Sleep-inducing moves are banned
|clearpoke
|poke|p1|Deoxys-Speed|
|poke|p1|Hoopa-Unbound|
|poke|p1|Manaphy|
|poke|p1|Iron Valiant|
|poke|p1|Ursaluna, M|
|poke|p1|Cinderace, M|
|poke|p2|Slowking-Galar, M|
|poke|p2|Kyurem|
|poke|p2|Greninja-*, F|
|poke|p2|Cinderace, F|
|poke|p2|Mandibuzz, F|
|poke|p2|Gholdengo|
|teampreview
|inactive|Battle timer is ON: inactive players will automatically lose when time's up. (requested by Southside Mike)
|
|t:|1757914740
|teamsize|p1|6
|teamsize|p2|6
|start
|switch|p1a: Deoxys|Deoxys-Speed|100/100
|switch|p2a: Cinderace|Cinderace, F|100/100
|-ability|p1a: Deoxys|Pressure
|turn|1
|
|t:|1757914747
|move|p1a: Deoxys|Reflect|p1a: Deoxys
|-sidestart|p1: Southside Mike|Reflect
|move|p2a: Cinderace|U-turn|p1a: Deoxys
|-start|p2a: Cinderace|typechange|Bug|[from] ability: Libero
|-supereffective|p1a: Deoxys
|-damage|p1a: Deoxys|43/100
|
|t:|1757914752
|switch|p2a: Mandibuzz|Mandibuzz, F|100/100|[from] U-turn
|
|upkeep
|turn|2
|
|t:|1757914757
|move|p1a: Deoxys|Light Screen|p1a: Deoxys
|-sidestart|p1: Southside Mike|move: Light Screen
|move|p2a: Mandibuzz|Defog|p1a: Deoxys
|-unboost|p1a: Deoxys|evasion|1
|-sideend|p1: Southside Mike|Reflect
|-sideend|p1: Southside Mike|move: Light Screen
|
|upkeep
|turn|3
|
|t:|1757914762
|move|p1a: Deoxys|Reflect|p1a: Deoxys
|-sidestart|p1: Southside Mike|Reflect
|move|p2a: Mandibuzz|Foul Play|p1a: Deoxys
|-supereffective|p1a: Deoxys
|-damage|p1a: Deoxys|10/100
|
|upkeep
|turn|4
|
|t:|1757914768
|move|p1a: Deoxys|Taunt|p2a: Mandibuzz
|-start|p2a: Mandibuzz|move: Taunt
|cant|p2a: Mandibuzz|move: Taunt|Defog
|
|upkeep
|turn|5
|
|t:|1757914772
|switch|p2a: Gholdengo|Gholdengo|100/100
|move|p1a: Deoxys|Light Screen|p1a: Deoxys
|-sidestart|p1: Southside Mike|move: Light Screen
|
|upkeep
|turn|6
|
|t:|1757914780
|switch|p1a: Ursaluna|Ursaluna, M|100/100
|switch|p2a: Mandibuzz|Mandibuzz, F|100/100
|
|-status|p1a: Ursaluna|brn|[from] item: Flame Orb
|upkeep
|turn|7
|
|t:|1757914788
|move|p2a: Mandibuzz|Defog|p1a: Ursaluna
|-unboost|p1a: Ursaluna|evasion|1
|-sideend|p1: Southside Mike|Reflect
|-sideend|p1: Southside Mike|move: Light Screen
|move|p1a: Ursaluna|Swords Dance|p1a: Ursaluna
|-boost|p1a: Ursaluna|atk|2
|
|-damage|p1a: Ursaluna|94/100 brn|[from] brn
|upkeep
|turn|8
|
|t:|1757914795
|switch|p2a: Gholdengo|Gholdengo|100/100
|move|p1a: Ursaluna|Thunder Punch|p2a: Gholdengo
|-damage|p2a: Gholdengo|16/100
|
|-damage|p1a: Ursaluna|88/100 brn|[from] brn
|upkeep
|turn|9
|
|t:|1757914804
|move|p2a: Gholdengo|Make It Rain|p1a: Ursaluna
|-damage|p1a: Ursaluna|22/100 brn
|-unboost|p2a: Gholdengo|spa|1
|move|p1a: Ursaluna|Thunder Punch|p2a: Gholdengo
|-crit|p2a: Gholdengo
|-damage|p2a: Gholdengo|0 fnt
|faint|p2a: Gholdengo
|
|-damage|p1a: Ursaluna|16/100 brn|[from] brn
|upkeep
|
|t:|1757914815
|switch|p2a: Cinderace|Cinderace, F|100/100
|turn|10
|
|t:|1757914818
|move|p2a: Cinderace|U-turn|p1a: Ursaluna
|-start|p2a: Cinderace|typechange|Bug|[from] ability: Libero
|-crit|p1a: Ursaluna
|-damage|p1a: Ursaluna|0 fnt
|faint|p1a: Ursaluna
|
|t:|1757914823
|switch|p2a: Greninja|Greninja, F|100/100|[from] U-turn
|
|upkeep
|
|t:|1757914828
|switch|p1a: Hoopa|Hoopa-Unbound|100/100
|turn|11
|
|t:|1757914831
|switch|p2a: Mandibuzz|Mandibuzz, F|100/100
|move|p1a: Hoopa|Knock Off|p2a: Mandibuzz
|-resisted|p2a: Mandibuzz
|-damage|p2a: Mandibuzz|86/100
|-enditem|p2a: Mandibuzz|Heavy-Duty Boots|[from] move: Knock Off|[of] p1a: Hoopa
|
|upkeep
|turn|12
|
|t:|1757914845
|move|p1a: Hoopa|Thunderbolt|p2a: Mandibuzz
|-supereffective|p2a: Mandibuzz
|-damage|p2a: Mandibuzz|19/100
|move|p2a: Mandibuzz|U-turn|p1a: Hoopa
|-supereffective|p1a: Hoopa
|-damage|p1a: Hoopa|30/100
|
|t:|1757914850
|switch|p2a: Cinderace|Cinderace, F|100/100|[from] U-turn
|
|upkeep
|turn|13
|
|t:|1757914857
|switch|p1a: Cinderace|Cinderace, M|100/100
|move|p2a: Cinderace|U-turn|p1a: Cinderace
|-start|p2a: Cinderace|typechange|Bug|[from] ability: Libero
|-resisted|p1a: Cinderace
|-damage|p1a: Cinderace|66/100
|
|t:|1757914863
|switch|p2a: Greninja|Greninja, F|100/100|[from] U-turn
|
|upkeep
|turn|14
|
|t:|1757914878
|switch|p1a: Hoopa|Hoopa-Unbound|30/100
|move|p2a: Greninja|Hydro Pump|p1a: Hoopa
|-start|p2a: Greninja|typechange|Water|[from] ability: Protean
|-damage|p1a: Hoopa|4/100
|
|upkeep
|turn|15
|
|t:|1757914896
|move|p2a: Greninja|Hydro Pump|p1a: Hoopa|[miss]
|-miss|p2a: Greninja|p1a: Hoopa
|move|p1a: Hoopa|Thunderbolt|p2a: Greninja
|-supereffective|p2a: Greninja
|-damage|p2a: Greninja|0 fnt
|faint|p2a: Greninja
|
|upkeep
|
|t:|1757914903
|switch|p2a: Cinderace|Cinderace, F|100/100
|turn|16
|
|t:|1757914911
|move|p2a: Cinderace|U-turn|p1a: Hoopa
|-start|p2a: Cinderace|typechange|Bug|[from] ability: Libero
|-supereffective|p1a: Hoopa
|-damage|p1a: Hoopa|0 fnt
|faint|p1a: Hoopa
|
|t:|1757914916
|switch|p2a: Mandibuzz|Mandibuzz, F|19/100|[from] U-turn
|
|upkeep
|
|t:|1757914928
|switch|p1a: Cinderace|Cinderace, M|66/100
|turn|17
|
|t:|1757914931
|-terastallize|p2a: Mandibuzz|Water
|move|p1a: Cinderace|Pyro Ball|p2a: Mandibuzz
|-resisted|p2a: Mandibuzz
|-damage|p2a: Mandibuzz|2/100
|move|p2a: Mandibuzz|Roost|p2a: Mandibuzz
|-heal|p2a: Mandibuzz|53/100
|
|upkeep
|turn|18
|
|t:|1757914940
|move|p1a: Cinderace|U-turn|p2a: Mandibuzz
|-start|p1a: Cinderace|typechange|Bug|[from] ability: Libero
|-damage|p2a: Mandibuzz|33/100
|
|t:|1757914945
|switch|p1a: Manaphy|Manaphy|100/100|[from] U-turn
|move|p2a: Mandibuzz|Roost|p2a: Mandibuzz
|-heal|p2a: Mandibuzz|83/100
|
|upkeep
|turn|19
|
|t:|1757914956
|move|p1a: Manaphy|Acid Armor|p1a: Manaphy
|-boost|p1a: Manaphy|def|2
|move|p2a: Mandibuzz|U-turn|p1a: Manaphy
|-damage|p1a: Manaphy|96/100
|
|t:|1757914961
|switch|p2a: Slowking|Slowking-Galar, M|100/100|[from] U-turn
|
|-heal|p1a: Manaphy|100/100|[from] item: Leftovers
|upkeep
|turn|20
|
|t:|1757914966
|move|p1a: Manaphy|Take Heart|p1a: Manaphy
|-boost|p1a: Manaphy|spa|1
|-boost|p1a: Manaphy|spd|1
|move|p2a: Slowking|Psychic Noise|p1a: Manaphy
|-damage|p1a: Manaphy|84/100
|-start|p1a: Manaphy|move: Heal Block
|
|upkeep
|turn|21
|
|t:|1757914974
|switch|p2a: Kyurem|Kyurem|100/100
|-ability|p2a: Kyurem|Pressure
|move|p1a: Manaphy|Take Heart|p1a: Manaphy
|-boost|p1a: Manaphy|spa|1
|-boost|p1a: Manaphy|spd|1
|
|-end|p1a: Manaphy|move: Heal Block
|upkeep
|turn|22
|
|t:|1757914985
|move|p1a: Manaphy|Stored Power|p2a: Kyurem
|-damage|p2a: Kyurem|36/100
|move|p2a: Kyurem|Freeze-Dry|p1a: Manaphy
|-supereffective|p1a: Manaphy
|-damage|p1a: Manaphy|39/100
|
|-heal|p1a: Manaphy|45/100|[from] item: Leftovers
|upkeep
|turn|23
|-message|supmydudeee forfeited.
|
|win|Southside Mike
|raw|Southside Mike's rating: 1467 &rarr; <strong>1485</strong><br />(+18 for winning)
|raw|supmydudeee's rating: 1425 &rarr; <strong>1407</strong><br />(-18 for losing)
|l|☆supmydudeee
|player|p2|
|l|☆Southside Mike
|player|p1|
