|j|☆LinusTouchTips
|j|☆rgedgd
|t:|1757797793
|gametype|singles
|player|p1|LinusTouchTips|sailor|1235
|player|p2|rgedgd|2|1253
|gen|9
|tier|[Gen 9] OU
|rated|
|rule|HP Percentage Mod: HP is shown in percentages
|rule|Endless Battle Clause: Forcing endless battles is banned
|rule|Species Clause: Limit one of each Pokémon
|rule|OHKO Clause: OHKO moves are banned
|rule|Evasion Items Clause: Evasion items are banned
|rule|Evasion Moves Clause: Evasion moves are banned
|rule|Evasion Abilities Clause: Evasion abilities are banned
|rule|Sleep Moves Clause: Sleep-inducing moves are banned
|clearpoke
|poke|p1|Lokix, M|
|poke|p1|Cinderace, F|
|poke|p1|Great Tusk|
|poke|p1|Alomomola, F|
|poke|p1|Enamorus, F|
|poke|p1|Slowking-Galar, M|
|poke|p2|Glimmora, M|
|poke|p2|Gholdengo|
|poke|p2|Dragonite, M|
|poke|p2|Kingambit, M|
|poke|p2|Iron Valiant|
|poke|p2|Staraptor, M|
|teampreview
|inactive|Battle timer is ON: inactive players will automatically lose when time's up. (requested by LinusTouchTips)
|
|t:|1757797814
|teamsize|p1|6
|teamsize|p2|6
|start
|switch|p1a: Great Tusk|Great Tusk|100/100
|switch|p2a: Glimmora|Glimmora, M|100/100
|turn|1
|
|t:|1757797824
|move|p2a: Glimmora|Stealth Rock|p1a: Great Tusk
|-sidestart|p1: LinusTouchTips|move: Stealth Rock
|move|p1a: Great Tusk|Knock Off|p2a: Glimmora
|-damage|p2a: Glimmora|68/100
|-activate|p2a: Glimmora|ability: Toxic Debris
|-sidestart|p1: LinusTouchTips|move: Toxic Spikes
|-enditem|p2a: Glimmora|Focus Sash|[from] move: Knock Off|[of] p1a: Great Tusk
|
|upkeep
|turn|2
|
|t:|1757797831
|move|p2a: Glimmora|Sludge Bomb|p1a: Great Tusk
|-resisted|p1a: Great Tusk
|-damage|p1a: Great Tusk|68/100
|-status|p1a: Great Tusk|psn
|move|p1a: Great Tusk|Earthquake|p2a: Glimmora
|-supereffective|p2a: Glimmora
|-damage|p2a: Glimmora|0 fnt
|-activate|p2a: Glimmora|ability: Toxic Debris
|-sidestart|p1: LinusTouchTips|move: Toxic Spikes
|faint|p2a: Glimmora
|
|-heal|p1a: Great Tusk|74/100 psn|[from] item: Leftovers
|-damage|p1a: Great Tusk|62/100 psn|[from] psn
|upkeep
|
|t:|1757797835
|switch|p2a: Staraptor|Staraptor, M|100/100
|turn|3
|
|t:|1757797842
|move|p2a: Staraptor|Brave Bird|p1a: Great Tusk
|-supereffective|p1a: Great Tusk
|-damage|p1a: Great Tusk|0 fnt
|faint|p1a: Great Tusk
|-end|p1a: Great Tusk|Protosynthesis|[silent]
|-damage|p2a: Staraptor|72/100|[from] Recoil
|
|upkeep
|
|t:|1757797845
|switch|p1a: Cinderace|Cinderace, F|100/100
|turn|4
|
|t:|1757797852
|move|p1a: Cinderace|Court Change|p1a: Cinderace
|-swapsideconditions
|-activate|p1a: Cinderace|move: Court Change
|move|p2a: Staraptor|Brave Bird|p1a: Cinderace
|-damage|p1a: Cinderace|0 fnt
|faint|p1a: Cinderace
|-damage|p2a: Staraptor|34/100|[from] Recoil
|
|upkeep
|
|t:|1757797864
|switch|p1a: Enamorus|Enamorus, F|100/100
|turn|5
|
|t:|1757797867
|-terastallize|p1a: Enamorus|Stellar
|move|p1a: Enamorus|Tera Blast|p2a: Staraptor|[anim] Tera Blast Stellar
|-damage|p2a: Staraptor|0 fnt
|-boost|p1a: Enamorus|atk|1
|-boost|p1a: Enamorus|spa|1
|faint|p2a: Staraptor
|
|upkeep
|
|t:|1757797889
|switch|p2a: Gholdengo|Gholdengo|100/100
|-damage|p2a: Gholdengo|94/100|[from] Stealth Rock
|-item|p2a: Gholdengo|Air Balloon
|turn|6
|
|t:|1757797914
|switch|p1a: Lokix|Lokix, M|100/100
|move|p2a: Gholdengo|Shadow Ball|p1a: Lokix
|-resisted|p1a: Lokix
|-damage|p1a: Lokix|63/100
|
|upkeep
|turn|7
|
|t:|1757797941
|move|p2a: Gholdengo|Make It Rain|p1a: Lokix
|-damage|p1a: Lokix|0 fnt
|-unboost|p2a: Gholdengo|spa|1
|faint|p1a: Lokix
|
|upkeep
|
|t:|1757797947
|switch|p1a: Enamorus|Enamorus, F, tera:Stellar|100/100
|turn|8
|
|t:|1757797962
|move|p1a: Enamorus|Earth Power|p2a: Gholdengo
|-immune|p2a: Gholdengo
|move|p2a: Gholdengo|Make It Rain|p1a: Enamorus
|-supereffective|p1a: Enamorus
|-damage|p1a: Enamorus|0 fnt
|-unboost|p2a: Gholdengo|spa|1
|faint|p1a: Enamorus
|
|upkeep
|-message|LinusTouchTips forfeited.
|
|win|rgedgd
|raw|LinusTouchTips's rating: 1235 &rarr; <strong>1211</strong><br />(-24 for losing)
|raw|rgedgd's rating: 1253 &rarr; <strong>1277</strong><br />(+24 for winning)
|l|☆LinusTouchTips
|player|p1|
|l|☆rgedgd
|player|p2|
