|j|☆TequilaJune
|j|☆TAT_Yangyu
|t:|1757918705
|gametype|singles
|player|p1|TequilaJune|169|1070
|player|p2|TAT_Yangyu|grimsley-gen7|1072
|gen|9
|tier|[Gen 9] OU
|rated|
|rule|HP Percentage Mod: HP is shown in percentages
|rule|Endless Battle Clause: Forcing endless battles is banned
|rule|Species Clause: Limit one of each Pokémon
|rule|OHKO Clause: OHKO moves are banned
|rule|Evasion Items Clause: Evasion items are banned
|rule|Evasion Moves Clause: Evasion moves are banned
|rule|Evasion Abilities Clause: Evasion abilities are banned
|rule|Sleep Moves Clause: Sleep-inducing moves are banned
|clearpoke
|poke|p1|Jirachi|
|poke|p1|Umbreon, F|
|poke|p1|Infernape, M|
|poke|p1|Lanturn, M|
|poke|p1|Snorlax, M|
|poke|p1|Dusknoir, M|
|poke|p2|Samurott-Hisui, M|
|poke|p2|Kingambit, M|
|poke|p2|Mimikyu, M|
|poke|p2|Dragapult, F|
|poke|p2|Gliscor, M|
|poke|p2|Incineroar, M|
|teampreview
|
|t:|1757918724
|teamsize|p1|6
|teamsize|p2|6
|start
|switch|p1a: Dusknoir|Dusknoir, M, shiny|100/100
|switch|p2a: Samurott|Samurott-Hisui, M|100/100
|-item|p2a: Samurott|Life Orb|[from] ability: Frisk|[of] p1a: Dusknoir
|turn|1
|
|t:|1757918734
|move|p2a: Samurott|Ceaseless Edge|p1a: Dusknoir
|-supereffective|p1a: Dusknoir
|-damage|p1a: Dusknoir|0 fnt
|-sidestart|p1: TequilaJune|Spikes
|faint|p1a: Dusknoir
|-damage|p2a: Samurott|91/100|[from] item: Life Orb
|
|upkeep
|
|t:|1757918748
|switch|p1a: Lanturn|Lanturn, M, shiny|100/100
|-damage|p1a: Lanturn|88/100|[from] Spikes
|turn|2
|
|t:|1757918757
|move|p2a: Samurott|Ceaseless Edge|p1a: Lanturn
|-damage|p1a: Lanturn|25/100
|-sidestart|p1: TequilaJune|Spikes
|-damage|p2a: Samurott|81/100|[from] item: Life Orb
|move|p1a: Lanturn|Volt Switch|p2a: Samurott
|-supereffective|p2a: Samurott
|-damage|p2a: Samurott|0 fnt
|faint|p2a: Samurott
|
|t:|1757918775
|switch|p1a: Jirachi|Jirachi|100/100|[from] Volt Switch
|-damage|p1a: Jirachi|84/100|[from] Spikes
|
|upkeep
|
|t:|1757918795
|switch|p2a: Incineroar|Incineroar, M|100/100
|-ability|p2a: Incineroar|Intimidate|boost
|-unboost|p1a: Jirachi|atk|1
|turn|3
|
|t:|1757918806
|move|p1a: Jirachi|Wish|p1a: Jirachi
|move|p2a: Incineroar|Flare Blitz|p1a: Jirachi
|-supereffective|p1a: Jirachi
|-damage|p1a: Jirachi|0 fnt
|faint|p1a: Jirachi
|-damage|p2a: Incineroar|77/100|[from] Recoil
|
|upkeep
|
|t:|1757918814
|switch|p1a: Lanturn|Lanturn, M, shiny|25/100
|-damage|p1a: Lanturn|9/100|[from] Spikes
|turn|4
|
|t:|1757918832
|switch|p2a: Dragapult|Dragapult, F|100/100
|move|p1a: Lanturn|Scald|p2a: Dragapult
|-resisted|p2a: Dragapult
|-damage|p2a: Dragapult|69/100
|
|-heal|p1a: Lanturn|52/100|[from] move: Wish|[wisher] Jirachi
|upkeep
|turn|5
|
|t:|1757918843
|move|p2a: Dragapult|Dragon Pulse|p1a: Lanturn
|-damage|p1a: Lanturn|21/100
|move|p1a: Lanturn|Scald|p2a: Dragapult
|-resisted|p2a: Dragapult
|-damage|p2a: Dragapult|37/100
|
|upkeep
|turn|6
|
|t:|1757918850
|move|p2a: Dragapult|Dragon Pulse|p1a: Lanturn
|-damage|p1a: Lanturn|0 fnt
|faint|p1a: Lanturn
|
|upkeep
|
|t:|1757918864
|switch|p1a: Umbreon|Umbreon, F, shiny|100/100
|-damage|p1a: Umbreon|84/100|[from] Spikes
|turn|7
|
|t:|1757918869
|move|p2a: Dragapult|Dragon Pulse|p1a: Umbreon
|-damage|p1a: Umbreon|58/100
|move|p1a: Umbreon|Reflect|p1a: Umbreon
|-sidestart|p1: TequilaJune|Reflect
|
|upkeep
|turn|8
|
|t:|1757918873
|move|p2a: Dragapult|Dragon Pulse|p1a: Umbreon
|-damage|p1a: Umbreon|32/100
|move|p1a: Umbreon|Moonlight|p1a: Umbreon
|-heal|p1a: Umbreon|82/100
|
|upkeep
|turn|9
|
|t:|1757918879
|move|p2a: Dragapult|Dragon Pulse|p1a: Umbreon
|-damage|p1a: Umbreon|56/100
|move|p1a: Umbreon|Moonlight|p1a: Umbreon
|-heal|p1a: Umbreon|100/100
|
|upkeep
|turn|10
|
|t:|1757918887
|move|p2a: Dragapult|Dragon Pulse|p1a: Umbreon
|-damage|p1a: Umbreon|76/100
|move|p1a: Umbreon|Calm Mind|p1a: Umbreon
|-boost|p1a: Umbreon|spa|1
|-boost|p1a: Umbreon|spd|1
|
|upkeep
|turn|11
|
|t:|1757918893
|switch|p2a: Gliscor|Gliscor, M|100/100
|move|p1a: Umbreon|Calm Mind|p1a: Umbreon
|-boost|p1a: Umbreon|spa|1
|-boost|p1a: Umbreon|spd|1
|
|-sideend|p1: TequilaJune|Reflect
|-status|p2a: Gliscor|tox|[from] item: Toxic Orb
|upkeep
|turn|12
|
|t:|1757918903
|move|p2a: Gliscor|Toxic|p1a: Umbreon
|-status|p1a: Umbreon|tox
|-activate|p1a: Umbreon|ability: Synchronize
|-fail|p2a: Gliscor|tox
|move|p1a: Umbreon|Dark Pulse|p2a: Gliscor
|-damage|p2a: Gliscor|34/100 tox
|
|-heal|p2a: Gliscor|47/100 tox|[from] ability: Poison Heal
|-damage|p1a: Umbreon|70/100 tox|[from] psn
|upkeep
|turn|13
|
|t:|1757918913
|move|p2a: Gliscor|Substitute|p2a: Gliscor
|-start|p2a: Gliscor|Substitute
|-damage|p2a: Gliscor|22/100 tox
|move|p1a: Umbreon|Dark Pulse|p2a: Gliscor
|-end|p2a: Gliscor|Substitute
|
|-heal|p2a: Gliscor|34/100 tox|[from] ability: Poison Heal
|-damage|p1a: Umbreon|58/100 tox|[from] psn
|upkeep
|turn|14
|
|t:|1757918923
|move|p2a: Gliscor|Protect|p2a: Gliscor
|-singleturn|p2a: Gliscor|Protect
|move|p1a: Umbreon|Dark Pulse|p2a: Gliscor
|-activate|p2a: Gliscor|move: Protect
|
|-heal|p2a: Gliscor|47/100 tox|[from] ability: Poison Heal
|-damage|p1a: Umbreon|40/100 tox|[from] psn
|upkeep
|turn|15
|
|t:|1757918932
|move|p2a: Gliscor|Substitute|p2a: Gliscor
|-start|p2a: Gliscor|Substitute
|-damage|p2a: Gliscor|22/100 tox
|move|p1a: Umbreon|Dark Pulse|p2a: Gliscor
|-end|p2a: Gliscor|Substitute
|
|-heal|p2a: Gliscor|34/100 tox|[from] ability: Poison Heal
|-damage|p1a: Umbreon|16/100 tox|[from] psn
|upkeep
|turn|16
|
|t:|1757918970
|move|p2a: Gliscor|Protect|p2a: Gliscor
|-singleturn|p2a: Gliscor|Protect
|move|p1a: Umbreon|Moonlight|p1a: Umbreon
|-heal|p1a: Umbreon|66/100 tox
|
|-heal|p2a: Gliscor|47/100 tox|[from] ability: Poison Heal
|-damage|p1a: Umbreon|36/100 tox|[from] psn
|upkeep
|turn|17
|
|t:|1757918980
|move|p2a: Gliscor|Substitute|p2a: Gliscor
|-start|p2a: Gliscor|Substitute
|-damage|p2a: Gliscor|22/100 tox
|move|p1a: Umbreon|Reflect|p1a: Umbreon
|-sidestart|p1: TequilaJune|Reflect
|
|-heal|p2a: Gliscor|34/100 tox|[from] ability: Poison Heal
|-damage|p1a: Umbreon|0 fnt|[from] psn
|faint|p1a: Umbreon
|upkeep
|
|t:|1757918992
|switch|p1a: Snorlax|Snorlax, M, shiny|100/100
|-damage|p1a: Snorlax|84/100|[from] Spikes
|turn|18
|
|t:|1757918998
|move|p2a: Gliscor|Knock Off|p1a: Snorlax
|-damage|p1a: Snorlax|76/100
|-enditem|p1a: Snorlax|Charcoal|[from] move: Knock Off|[of] p2a: Gliscor
|move|p1a: Snorlax|Stockpile|p1a: Snorlax
|-start|p1a: Snorlax|stockpile1
|-boost|p1a: Snorlax|def|1
|-boost|p1a: Snorlax|spd|1
|
|-heal|p2a: Gliscor|47/100 tox|[from] ability: Poison Heal
|upkeep
|turn|19
|
|t:|1757919007
|move|p2a: Gliscor|Toxic|p1a: Snorlax
|-status|p1a: Snorlax|tox
|move|p1a: Snorlax|Body Slam|p2a: Gliscor
|-end|p2a: Gliscor|Substitute
|
|-heal|p2a: Gliscor|59/100 tox|[from] ability: Poison Heal
|-damage|p1a: Snorlax|69/100 tox|[from] psn
|upkeep
|turn|20
|
|t:|1757919022
|switch|p2a: Mimikyu|Mimikyu, M|100/100
|-terastallize|p1a: Snorlax|Fire
|move|p1a: Snorlax|Heat Crash|p2a: Mimikyu
|-activate|p2a: Mimikyu|ability: Disguise
|-damage|p2a: Mimikyu|100/100
|detailschange|p2a: Mimikyu|Mimikyu-Busted, M
|-damage|p2a: Mimikyu|88/100|[from] pokemon: Mimikyu-Busted
|
|-heal|p2a: Mimikyu|94/100|[from] item: Leftovers
|-damage|p1a: Snorlax|57/100 tox|[from] psn
|upkeep
|turn|21
|
|t:|1757919034
|move|p2a: Mimikyu|Curse|p1a: Snorlax
|-start|p1a: Snorlax|Curse|[of] p2a: Mimikyu
|-damage|p2a: Mimikyu|44/100
|move|p1a: Snorlax|Heat Crash|p2a: Mimikyu
|-damage|p2a: Mimikyu|0 fnt
|faint|p2a: Mimikyu
|
|-damage|p1a: Snorlax|39/100 tox|[from] psn
|-damage|p1a: Snorlax|14/100 tox|[from] Curse
|-sideend|p1: TequilaJune|Reflect
|upkeep
|
|t:|1757919051
|switch|p2a: Gliscor|Gliscor, M|59/100 tox
|turn|22
|
|t:|1757919057
|move|p2a: Gliscor|Knock Off|p1a: Snorlax
|-damage|p1a: Snorlax|6/100 tox
|move|p1a: Snorlax|Heat Crash|p2a: Gliscor
|-damage|p2a: Gliscor|22/100 tox
|
|-heal|p2a: Gliscor|34/100 tox|[from] ability: Poison Heal
|-damage|p1a: Snorlax|0 fnt|[from] psn
|faint|p1a: Snorlax
|upkeep
|
|t:|1757919065
|switch|p1a: Infernape|Infernape, M, shiny|100/100
|-damage|p1a: Infernape|84/100|[from] Spikes
|turn|23
|
|t:|1757919078
|move|p2a: Gliscor|Protect|p2a: Gliscor
|-singleturn|p2a: Gliscor|Protect
|move|p1a: Infernape|Fake Out|p2a: Gliscor
|-activate|p2a: Gliscor|move: Protect
|
|-heal|p2a: Gliscor|47/100 tox|[from] ability: Poison Heal
|upkeep
|turn|24
|
|t:|1757919090
|move|p1a: Infernape|Aura Sphere|p2a: Gliscor
|-resisted|p2a: Gliscor
|-damage|p2a: Gliscor|21/100 tox
|move|p2a: Gliscor|Substitute|p2a: Gliscor
|-fail|p2a: Gliscor|move: Substitute|[weak]
|
|-heal|p2a: Gliscor|33/100 tox|[from] ability: Poison Heal
|upkeep
|turn|25
|
|t:|1757919100
|move|p1a: Infernape|Aura Sphere|p2a: Gliscor
|-resisted|p2a: Gliscor
|-damage|p2a: Gliscor|7/100 tox
|move|p2a: Gliscor|Toxic|p1a: Infernape
|-status|p1a: Infernape|tox
|
|-damage|p1a: Infernape|78/100 tox|[from] psn
|-heal|p2a: Gliscor|20/100 tox|[from] ability: Poison Heal
|upkeep
|turn|26
|
|t:|1757919109
|move|p2a: Gliscor|Protect|p2a: Gliscor
|-singleturn|p2a: Gliscor|Protect
|move|p1a: Infernape|Aura Sphere|p2a: Gliscor
|-activate|p2a: Gliscor|move: Protect
|
|-damage|p1a: Infernape|66/100 tox|[from] psn
|-heal|p2a: Gliscor|32/100 tox|[from] ability: Poison Heal
|upkeep
|turn|27
|
|t:|1757919120
|move|p1a: Infernape|Aura Sphere|p2a: Gliscor
|-resisted|p2a: Gliscor
|-damage|p2a: Gliscor|7/100 tox
|move|p2a: Gliscor|Substitute|p2a: Gliscor
|-fail|p2a: Gliscor|move: Substitute|[weak]
|
|-damage|p1a: Infernape|47/100 tox|[from] psn
|-heal|p2a: Gliscor|20/100 tox|[from] ability: Poison Heal
|upkeep
|turn|28
|
|t:|1757919141
|move|p2a: Gliscor|Protect|p2a: Gliscor
|-singleturn|p2a: Gliscor|Protect
|move|p1a: Infernape|Heat Wave|p2a: Gliscor
|-activate|p2a: Gliscor|move: Protect
|
|-damage|p1a: Infernape|23/100 tox|[from] psn
|-heal|p2a: Gliscor|32/100 tox|[from] ability: Poison Heal
|upkeep
|turn|29
|
|t:|1757919151
|switch|p2a: Dragapult|Dragapult, F|37/100
|move|p1a: Infernape|Heat Wave|p2a: Dragapult
|-resisted|p2a: Dragapult
|-damage|p2a: Dragapult|0 fnt
|faint|p2a: Dragapult
|
|-damage|p1a: Infernape|0 fnt|[from] psn
|faint|p1a: Infernape
|
|win|TAT_Yangyu
|raw|TequilaJune's rating: 1070 &rarr; <strong>1050</strong><br />(-20 for losing)
|raw|TAT_Yangyu's rating: 1072 &rarr; <strong>1101</strong><br />(+29 for winning)
|l|☆TAT_Yangyu
|player|p2|
|c|☆TequilaJune|gg
|l|☆TequilaJune
|player|p1|
