|j|☆K2Shiest.E
|j|☆Alethino
|t:|1757941239
|gametype|singles
|player|p1|K2Shiest.E|169|1625
|player|p2|Alethino|170|1673
|gen|9
|tier|[Gen 9] OU
|rated|
|rule|HP Percentage Mod: HP is shown in percentages
|rule|Endless Battle Clause: Forcing endless battles is banned
|rule|Species Clause: Limit one of each Pokémon
|rule|OHKO Clause: OHKO moves are banned
|rule|Evasion Items Clause: Evasion items are banned
|rule|Evasion Moves Clause: Evasion moves are banned
|rule|Evasion Abilities Clause: Evasion abilities are banned
|rule|Sleep Moves Clause: Sleep-inducing moves are banned
|clearpoke
|poke|p1|Ting-Lu|
|poke|p1|Darkrai|
|poke|p1|Corviknight, M|
|poke|p1|Fezandipiti, M|
|poke|p1|Pecharunt|
|poke|p1|Latios, M|
|poke|p2|Serperior, F|
|poke|p2|Primarina, F|
|poke|p2|Iron Treads|
|poke|p2|Scizor, M|
|poke|p2|Zamazenta-*|
|poke|p2|Tornadus-Therian, M|
|teampreview
|inactive|Battle timer is ON: inactive players will automatically lose when time's up. (requested by Alethino)
|inactive|Alethino has 120 seconds left.
|
|t:|1757941290
|teamsize|p1|6
|teamsize|p2|6
|start
|switch|p1a: Ting-Lu|Ting-Lu|100/100
|switch|p2a: Scizor|Scizor, M|100/100
|-ability|p1a: Ting-Lu|Vessel of Ruin
|turn|1
|
|t:|1757941298
|switch|p1a: Corviknight|Corviknight, M, shiny|100/100
|-ability|p1a: Corviknight|Pressure
|move|p2a: Scizor|U-turn|p1a: Corviknight
|-resisted|p1a: Corviknight
|-damage|p1a: Corviknight|92/100
|-damage|p2a: Scizor|84/100|[from] item: Rocky Helmet|[of] p1a: Corviknight
|
|t:|1757941304
|switch|p2a: Tornadus|Tornadus-Therian, M|100/100|[from] U-turn
|
|upkeep
|turn|2
|
|t:|1757941308
|switch|p1a: Ting-Lu|Ting-Lu|100/100
|-ability|p1a: Ting-Lu|Vessel of Ruin
|move|p2a: Tornadus|Nasty Plot|p2a: Tornadus
|-boost|p2a: Tornadus|spa|2
|
|upkeep
|turn|3
|
|t:|1757941311
|move|p2a: Tornadus|Grass Knot|p1a: Ting-Lu
|-supereffective|p1a: Ting-Lu
|-damage|p1a: Ting-Lu|19/100
|-damage|p2a: Tornadus|91/100|[from] item: Life Orb
|move|p1a: Ting-Lu|Ruination|p2a: Tornadus
|-damage|p2a: Tornadus|46/100
|
|-heal|p1a: Ting-Lu|26/100|[from] item: Leftovers
|upkeep
|turn|4
|
|t:|1757941323
|switch|p1a: Fezandipiti|Fezandipiti, M|100/100
|move|p2a: Tornadus|Bleakwind Storm|p1a: Fezandipiti|[miss]
|-miss|p2a: Tornadus|p1a: Fezandipiti
|
|upkeep
|turn|5
|
|t:|1757941332
|switch|p2a: Iron Treads|Iron Treads|100/100
|move|p1a: Fezandipiti|Moonblast|p2a: Iron Treads
|-resisted|p2a: Iron Treads
|-damage|p2a: Iron Treads|90/100
|-unboost|p2a: Iron Treads|spa|1
|
|upkeep
|turn|6
|
|t:|1757941340
|switch|p1a: Ting-Lu|Ting-Lu|26/100
|-ability|p1a: Ting-Lu|Vessel of Ruin
|move|p2a: Iron Treads|Volt Switch|p1a: Ting-Lu
|-immune|p1a: Ting-Lu
|
|-heal|p1a: Ting-Lu|32/100|[from] item: Leftovers
|upkeep
|turn|7
|
|t:|1757941347
|-end|p2a: Iron Treads|Quark Drive|[silent]
|switch|p2a: Tornadus|Tornadus-Therian, M|79/100
|move|p1a: Ting-Lu|Stealth Rock|p2a: Tornadus
|-sidestart|p2: Alethino|move: Stealth Rock
|
|-heal|p1a: Ting-Lu|38/100|[from] item: Leftovers
|upkeep
|turn|8
|
|t:|1757941353
|switch|p1a: Fezandipiti|Fezandipiti, M|100/100
|move|p2a: Tornadus|Nasty Plot|p2a: Tornadus
|-boost|p2a: Tornadus|spa|2
|
|upkeep
|turn|9
|
|t:|1757941355
|move|p2a: Tornadus|Bleakwind Storm|p1a: Fezandipiti
|-damage|p1a: Fezandipiti|27/100
|-damage|p2a: Tornadus|69/100|[from] item: Life Orb
|move|p1a: Fezandipiti|Calm Mind|p1a: Fezandipiti
|-boost|p1a: Fezandipiti|spa|1
|-boost|p1a: Fezandipiti|spd|1
|
|upkeep
|turn|10
|
|t:|1757941364
|switch|p1a: Corviknight|Corviknight, M, shiny|92/100
|-ability|p1a: Corviknight|Pressure
|move|p2a: Tornadus|Bleakwind Storm|p1a: Corviknight|[miss]
|-miss|p2a: Tornadus|p1a: Corviknight
|
|upkeep
|turn|11
|
|t:|1757941369
|move|p2a: Tornadus|Heat Wave|p1a: Corviknight
|-supereffective|p1a: Corviknight
|-damage|p1a: Corviknight|0 fnt
|faint|p1a: Corviknight
|-damage|p2a: Tornadus|59/100|[from] item: Life Orb
|
|upkeep
|
|t:|1757941373
|switch|p1a: Darkrai|Darkrai, shiny|100/100
|turn|12
|
|t:|1757941391
|switch|p2a: Iron Treads|Iron Treads|90/100
|-damage|p2a: Iron Treads|87/100|[from] Stealth Rock
|move|p1a: Darkrai|Sludge Bomb|p2a: Iron Treads
|-immune|p2a: Iron Treads
|
|upkeep
|turn|13
|
|t:|1757941399
|move|p1a: Darkrai|Dark Pulse|p2a: Iron Treads
|-damage|p2a: Iron Treads|56/100
|move|p2a: Iron Treads|Earthquake|p1a: Darkrai
|-damage|p1a: Darkrai|41/100
|
|upkeep
|turn|14
|
|t:|1757941406
|switch|p1a: Latios|Latios, M, shiny|100/100
|move|p2a: Iron Treads|Rapid Spin|p1a: Latios
|-damage|p1a: Latios|80/100
|-boost|p2a: Iron Treads|spe|1
|-sideend|p2: Alethino|Stealth Rock|[from] move: Rapid Spin|[of] p2a: Iron Treads
|
|upkeep
|turn|15
|
|t:|1757941410
|move|p2a: Iron Treads|Ice Spinner|p1a: Latios
|-supereffective|p1a: Latios
|-damage|p1a: Latios|17/100
|move|p1a: Latios|Aura Sphere|p2a: Iron Treads
|-supereffective|p2a: Iron Treads
|-damage|p2a: Iron Treads|12/100
|
|upkeep
|turn|16
|
|t:|1757941418
|move|p2a: Iron Treads|Ice Spinner|p1a: Latios
|-supereffective|p1a: Latios
|-damage|p1a: Latios|0 fnt
|faint|p1a: Latios
|
|upkeep
|
|t:|1757941424
|switch|p1a: Ting-Lu|Ting-Lu|38/100
|-ability|p1a: Ting-Lu|Vessel of Ruin
|turn|17
|
|t:|1757941427
|move|p2a: Iron Treads|Earthquake|p1a: Ting-Lu
|-damage|p1a: Ting-Lu|14/100
|move|p1a: Ting-Lu|Earthquake|p2a: Iron Treads
|-supereffective|p2a: Iron Treads
|-damage|p2a: Iron Treads|0 fnt
|faint|p2a: Iron Treads
|-end|p2a: Iron Treads|Quark Drive|[silent]
|
|-heal|p1a: Ting-Lu|20/100|[from] item: Leftovers
|upkeep
|
|t:|1757941435
|switch|p2a: Serperior|Serperior, F|100/100
|turn|18
|
|t:|1757941441
|switch|p1a: Fezandipiti|Fezandipiti, M|27/100
|move|p2a: Serperior|Leaf Storm|p1a: Fezandipiti
|-resisted|p1a: Fezandipiti
|-damage|p1a: Fezandipiti|8/100
|-boost|p2a: Serperior|spa|2
|
|upkeep
|turn|19
|
|t:|1757941446
|move|p2a: Serperior|Leaf Storm|p1a: Fezandipiti|[miss]
|-miss|p2a: Serperior|p1a: Fezandipiti
|move|p1a: Fezandipiti|Moonblast|p2a: Serperior
|-damage|p2a: Serperior|72/100
|
|upkeep
|turn|20
|
|t:|1757941448
|move|p2a: Serperior|Leaf Storm|p1a: Fezandipiti|[miss]
|-miss|p2a: Serperior|p1a: Fezandipiti
|move|p1a: Fezandipiti|Sludge Bomb|p2a: Serperior
|-supereffective|p2a: Serperior
|-damage|p2a: Serperior|11/100
|-status|p2a: Serperior|psn
|
|-damage|p2a: Serperior|0 fnt|[from] psn
|faint|p2a: Serperior
|upkeep
|
|t:|1757941461
|switch|p2a: Tornadus|Tornadus-Therian, M|92/100
|turn|21
|
|t:|1757941463
|move|p2a: Tornadus|Bleakwind Storm|p1a: Fezandipiti
|-damage|p1a: Fezandipiti|0 fnt
|faint|p1a: Fezandipiti
|-damage|p2a: Tornadus|83/100|[from] item: Life Orb
|
|upkeep
|
|t:|1757941468
|switch|p1a: Darkrai|Darkrai, shiny|41/100
|turn|22
|
|t:|1757941485
|switch|p2a: Primarina|Primarina, F|100/100
|move|p1a: Darkrai|Ice Beam|p2a: Primarina
|-resisted|p2a: Primarina
|-damage|p2a: Primarina|92/100
|
|upkeep
|turn|23
|
|t:|1757941493
|-terastallize|p1a: Darkrai|Poison
|move|p1a: Darkrai|Sludge Bomb|p2a: Primarina
|-supereffective|p2a: Primarina
|-damage|p2a: Primarina|40/100
|move|p2a: Primarina|Surf|p1a: Darkrai
|-damage|p1a: Darkrai|0 fnt
|faint|p1a: Darkrai
|
|upkeep
|
|t:|1757941495
|switch|p1a: Pecharunt|Pecharunt|100/100
|turn|24
|
|t:|1757941498
|-terastallize|p2a: Primarina|Poison
|move|p1a: Pecharunt|Malignant Chain|p2a: Primarina
|-resisted|p2a: Primarina
|-damage|p2a: Primarina|30/100
|move|p2a: Primarina|Surf|p1a: Pecharunt
|-crit|p1a: Pecharunt
|-damage|p1a: Pecharunt|0 fnt
|faint|p1a: Pecharunt
|
|upkeep
|-message|K2Shiest.E forfeited.
|
|win|Alethino
|raw|K2Shiest.E's rating: 1625 &rarr; <strong>1608</strong><br />(-17 for losing)
|raw|Alethino's rating: 1673 &rarr; <strong>1690</strong><br />(+17 for winning)
|l|☆K2Shiest.E
|player|p1|
|l|☆Alethino
|player|p2|
