|j|☆Apoiguespm
|j|‽megaplots
|t:|1757873652
|gametype|singles
|player|p1|Apoiguespm|1|1567
|player|p2|megaplots|2|1651
|gen|9
|tier|[Gen 9] OU
|rated|
|rule|HP Percentage Mod: HP is shown in percentages
|rule|Endless Battle Clause: Forcing endless battles is banned
|rule|Species Clause: Limit one of each Pokémon
|rule|OHKO Clause: OHKO moves are banned
|rule|Evasion Items Clause: Evasion items are banned
|rule|Evasion Moves Clause: Evasion moves are banned
|rule|Evasion Abilities Clause: Evasion abilities are banned
|rule|Sleep Moves Clause: Sleep-inducing moves are banned
|clearpoke
|poke|p1|Indeedee-F, F|
|poke|p1|Hatterene, F|
|poke|p1|Polteageist|
|poke|p1|Armarouge, M|
|poke|p1|Deoxys-Speed|
|poke|p1|Great Tusk|
|poke|p2|Ogerpon-Wellspring, F|
|poke|p2|Kingambit, M|
|poke|p2|Landorus-Therian, M|
|poke|p2|Iron Valiant|
|poke|p2|Iron Moth|
|poke|p2|Raging Bolt|
|teampreview
|inactive|Battle timer is ON: inactive players will automatically lose when time's up. (requested by Apoiguespm)
|inactive|megaplots has 120 seconds left.
|
|t:|1757873685
|teamsize|p1|6
|teamsize|p2|6
|start
|switch|p1a: Deoxys|Deoxys-Speed|100/100
|switch|p2a: Iron Moth|Iron Moth|100/100
|-ability|p1a: Deoxys|Pressure
|-enditem|p2a: Iron Moth|Booster Energy
|-activate|p2a: Iron Moth|ability: Quark Drive|[fromitem]
|-start|p2a: Iron Moth|quarkdrivespe
|turn|1
|
|t:|1757873714
|-terastallize|p2a: Iron Moth|Fairy
|move|p2a: Iron Moth|Toxic Spikes|p1a: Deoxys
|-sidestart|p1: Apoiguespm|move: Toxic Spikes
|move|p1a: Deoxys|Expanding Force|p2a: Iron Moth
|-damage|p2a: Iron Moth|49/100
|-damage|p1a: Deoxys|91/100|[from] item: Life Orb
|
|upkeep
|turn|2
|
|t:|1757873722
|move|p2a: Iron Moth|Fiery Dance|p1a: Deoxys
|-damage|p1a: Deoxys|23/100
|-boost|p2a: Iron Moth|spa|1
|move|p1a: Deoxys|Expanding Force|p2a: Iron Moth
|-damage|p2a: Iron Moth|0 fnt
|faint|p2a: Iron Moth
|-end|p2a: Iron Moth|Quark Drive|[silent]
|-damage|p1a: Deoxys|13/100|[from] item: Life Orb
|
|upkeep
|
|t:|1757873732
|switch|p2a: Iron Valiant|Iron Valiant|100/100
|-enditem|p2a: Iron Valiant|Booster Energy
|-activate|p2a: Iron Valiant|ability: Quark Drive|[fromitem]
|-start|p2a: Iron Valiant|quarkdrivespe
|turn|3
|
|t:|1757873735
|switch|p1a: Indeedee|Indeedee-F, F|100/100
|-status|p1a: Indeedee|psn
|-fieldstart|move: Psychic Terrain|[from] ability: Psychic Surge|[of] p1a: Indeedee
|move|p2a: Iron Valiant|Moonblast|p1a: Indeedee
|-damage|p1a: Indeedee|54/100 psn
|
|-damage|p1a: Indeedee|42/100 psn|[from] psn
|upkeep
|turn|4
|
|t:|1757873742
|switch|p1a: Hatterene|Hatterene, F|100/100
|-status|p1a: Hatterene|psn
|move|p2a: Iron Valiant|Moonblast|p1a: Hatterene
|-damage|p1a: Hatterene|49/100 psn
|-unboost|p1a: Hatterene|spa|1
|
|-damage|p1a: Hatterene|36/100 psn|[from] psn
|upkeep
|turn|5
|
|t:|1757873746
|move|p2a: Iron Valiant|Shadow Ball|p1a: Hatterene
|-supereffective|p1a: Hatterene
|-damage|p1a: Hatterene|0 fnt
|faint|p1a: Hatterene
|
|upkeep
|
|t:|1757873751
|switch|p1a: Armarouge|Armarouge, M|100/100
|-status|p1a: Armarouge|psn
|turn|6
|
|t:|1757873756
|move|p2a: Iron Valiant|Shadow Ball|p1a: Armarouge
|-supereffective|p1a: Armarouge
|-damage|p1a: Armarouge|32/100 psn
|-enditem|p1a: Armarouge|Weakness Policy
|-boost|p1a: Armarouge|atk|2|[from] item: Weakness Policy
|-boost|p1a: Armarouge|spa|2|[from] item: Weakness Policy
|move|p1a: Armarouge|Expanding Force|p2a: Iron Valiant
|-supereffective|p2a: Iron Valiant
|-damage|p2a: Iron Valiant|0 fnt
|faint|p2a: Iron Valiant
|-end|p2a: Iron Valiant|Quark Drive|[silent]
|
|-damage|p1a: Armarouge|20/100 psn|[from] psn
|upkeep
|
|t:|1757873766
|switch|p2a: Ogerpon|Ogerpon-Wellspring, F|100/100
|turn|7
|
|t:|1757873776
|move|p2a: Ogerpon|Ivy Cudgel|p1a: Armarouge|[anim] Ivy Cudgel Water
|-supereffective|p1a: Armarouge
|-crit|p1a: Armarouge
|-damage|p1a: Armarouge|0 fnt
|faint|p1a: Armarouge
|
|upkeep
|
|t:|1757873779
|switch|p1a: Great Tusk|Great Tusk|100/100
|turn|8
|
|t:|1757873781
|move|p2a: Ogerpon|Ivy Cudgel|p1a: Great Tusk|[anim] Ivy Cudgel Water
|-supereffective|p1a: Great Tusk
|-damage|p1a: Great Tusk|10/100
|move|p1a: Great Tusk|Rapid Spin|p2a: Ogerpon
|-damage|p2a: Ogerpon|75/100
|-boost|p1a: Great Tusk|spe|1
|-sideend|p1: Apoiguespm|Toxic Spikes|[from] move: Rapid Spin|[of] p1a: Great Tusk
|
|upkeep
|turn|9
|
|t:|1757873786
|move|p1a: Great Tusk|Stealth Rock|p2a: Ogerpon
|-sidestart|p2: megaplots|move: Stealth Rock
|move|p2a: Ogerpon|Ivy Cudgel|p1a: Great Tusk|[anim] Ivy Cudgel Water
|-supereffective|p1a: Great Tusk
|-crit|p1a: Great Tusk
|-damage|p1a: Great Tusk|0 fnt
|faint|p1a: Great Tusk
|-end|p1a: Great Tusk|Protosynthesis|[silent]
|
|upkeep
|
|t:|1757873789
|switch|p1a: Deoxys|Deoxys-Speed|13/100
|-ability|p1a: Deoxys|Pressure
|turn|10
|
|t:|1757873792
|move|p1a: Deoxys|Focus Blast|p2a: Ogerpon|[miss]
|-miss|p1a: Deoxys|p2a: Ogerpon
|move|p2a: Ogerpon|Ivy Cudgel|p1a: Deoxys|[anim] Ivy Cudgel Water
|-damage|p1a: Deoxys|0 fnt
|faint|p1a: Deoxys
|
|-fieldend|move: Psychic Terrain
|upkeep
|
|t:|1757873794
|switch|p1a: Indeedee|Indeedee-F, F|42/100 psn
|-fieldstart|move: Psychic Terrain|[from] ability: Psychic Surge|[of] p1a: Indeedee
|turn|11
|
|t:|1757873803
|move|p2a: Ogerpon|Ivy Cudgel|p1a: Indeedee|[anim] Ivy Cudgel Water
|-damage|p1a: Indeedee|0 fnt
|faint|p1a: Indeedee
|
|upkeep
|
|t:|1757873811
|switch|p1a: Polteageist|Polteageist|100/100
|turn|12
|
|t:|1757873813
|move|p2a: Ogerpon|Horn Leech|p1a: Polteageist
|-damage|p1a: Polteageist|17/100
|-heal|p2a: Ogerpon|100/100|[from] drain|[of] p1a: Polteageist
|-ability|p1a: Polteageist|Weak Armor|boost
|-unboost|p1a: Polteageist|def|1
|-boost|p1a: Polteageist|spe|2
|move|p1a: Polteageist|Shell Smash|p1a: Polteageist
|-unboost|p1a: Polteageist|def|1
|-unboost|p1a: Polteageist|spd|1
|-boost|p1a: Polteageist|atk|2
|-boost|p1a: Polteageist|spa|2
|-boost|p1a: Polteageist|spe|2
|
|upkeep
|turn|13
|
|t:|1757873815
|move|p1a: Polteageist|Stored Power|p2a: Ogerpon
|-damage|p2a: Ogerpon|0 fnt
|faint|p2a: Ogerpon
|
|upkeep
|
|t:|1757873825
|switch|p2a: Kingambit|Kingambit, M|100/100
|-damage|p2a: Kingambit|94/100|[from] Stealth Rock
|-activate|p2a: Kingambit|ability: Supreme Overlord
|-start|p2a: Kingambit|fallen3|[silent]
|turn|14
|
|t:|1757873828
|move|p1a: Polteageist|Stored Power|p2a: Kingambit
|-immune|p2a: Kingambit
|move|p2a: Kingambit|Kowtow Cleave|p1a: Polteageist
|-supereffective|p1a: Polteageist
|-damage|p1a: Polteageist|0 fnt
|faint|p1a: Polteageist
|
|win|megaplots
|raw|Apoiguespm's rating: 1567 &rarr; <strong>1552</strong><br />(-15 for losing)
|raw|megaplots's rating: 1651 &rarr; <strong>1666</strong><br />(+15 for winning)
|l|☆Apoiguespm
|player|p1|
|l|‽megaplots
|player|p2|
