|j|☆naughtypult
|j|☆Saturation1
|t:|1757910564
|gametype|singles
|player|p1|naughtypult|blue|1661
|player|p2|Saturation1|brock|1598
|gen|9
|tier|[Gen 9] OU
|rated|
|rule|HP Percentage Mod: HP is shown in percentages
|rule|Endless Battle Clause: Forcing endless battles is banned
|rule|Species Clause: Limit one of each Pokémon
|rule|OHKO Clause: OHKO moves are banned
|rule|Evasion Items Clause: Evasion items are banned
|rule|Evasion Moves Clause: Evasion moves are banned
|rule|Evasion Abilities Clause: Evasion abilities are banned
|rule|Sleep Moves Clause: Sleep-inducing moves are banned
|clearpoke
|poke|p1|Moltres|
|poke|p1|Gholdengo|
|poke|p1|Ting-Lu|
|poke|p1|Meowscarada, F|
|poke|p1|Dragonite, F|
|poke|p1|Slowking-Galar, F|
|poke|p2|Pecharunt|
|poke|p2|Great Tusk|
|poke|p2|Ogerpon-Wellspring, F|
|poke|p2|Iron Crown|
|poke|p2|Landorus-Therian, M|
|poke|p2|Samurott-Hisui, M|
|teampreview
|
|t:|1757910578
|teamsize|p1|6
|teamsize|p2|6
|start
|switch|p1a: Meowscarada|Meowscarada, F|100/100
|switch|p2a: Landorus|Landorus-Therian, M|100/100
|-ability|p2a: Landorus|Intimidate|boost
|-unboost|p1a: Meowscarada|atk|1
|turn|1
|
|t:|1757910588
|switch|p2a: Pecharunt|Pecharunt|100/100
|switch|p1a: Moltres|Moltres|100/100
|
|upkeep
|turn|2
|
|t:|1757910595
|switch|p1a: Gholdengo|Gholdengo|100/100
|move|p2a: Pecharunt|Parting Shot|p1a: Gholdengo
|-immune|p1a: Gholdengo|[from] ability: Good as Gold
|
|upkeep
|turn|3
|j| corpsefire
|
|t:|1757910604
|switch|p1a: Meowscarada|Meowscarada, F|100/100
|switch|p2a: Samurott|Samurott-Hisui, M|100/100
|
|upkeep
|turn|4
|
|t:|1757910609
|switch|p2a: Pecharunt|Pecharunt|100/100
|move|p1a: Meowscarada|U-turn|p2a: Pecharunt
|-start|p1a: Meowscarada|typechange|Bug|[from] ability: Protean
|-resisted|p2a: Pecharunt
|-damage|p2a: Pecharunt|97/100
|-damage|p1a: Meowscarada|84/100|[from] item: Rocky Helmet|[of] p2a: Pecharunt
|
|t:|1757910612
|switch|p1a: Ting-Lu|Ting-Lu|100/100|[from] U-turn
|-ability|p1a: Ting-Lu|Vessel of Ruin
|
|upkeep
|turn|5
|
|t:|1757910616
|move|p2a: Pecharunt|Malignant Chain|p1a: Ting-Lu
|-resisted|p1a: Ting-Lu
|-crit|p1a: Ting-Lu
|-damage|p1a: Ting-Lu|89/100
|move|p1a: Ting-Lu|Spikes|p2a: Pecharunt
|-sidestart|p2: Saturation1|Spikes
|
|-heal|p1a: Ting-Lu|95/100|[from] item: Leftovers
|upkeep
|turn|6
|
|t:|1757910619
|switch|p1a: Gholdengo|Gholdengo|100/100
|move|p2a: Pecharunt|Malignant Chain|p1a: Gholdengo
|-immune|p1a: Gholdengo
|
|upkeep
|turn|7
|
|t:|1757910625
|switch|p2a: Samurott|Samurott-Hisui, M|100/100
|-damage|p2a: Samurott|88/100|[from] Spikes
|move|p1a: Gholdengo|Make It Rain|p2a: Samurott
|-resisted|p2a: Samurott
|-damage|p2a: Samurott|66/100
|-unboost|p1a: Gholdengo|spa|1
|
|upkeep
|turn|8
|l| corpsefire
|
|t:|1757910631
|switch|p1a: Meowscarada|Meowscarada, F|84/100
|move|p2a: Samurott|Ceaseless Edge|p1a: Meowscarada
|-resisted|p1a: Meowscarada
|-damage|p1a: Meowscarada|45/100
|-sidestart|p1: naughtypult|Spikes
|
|upkeep
|turn|9
|
|t:|1757910634
|switch|p2a: Pecharunt|Pecharunt|97/100
|-damage|p2a: Pecharunt|84/100|[from] Spikes
|move|p1a: Meowscarada|U-turn|p2a: Pecharunt
|-start|p1a: Meowscarada|typechange|Bug|[from] ability: Protean
|-resisted|p2a: Pecharunt
|-damage|p2a: Pecharunt|80/100
|-damage|p1a: Meowscarada|28/100|[from] item: Rocky Helmet|[of] p2a: Pecharunt
|
|t:|1757910643
|switch|p1a: Ting-Lu|Ting-Lu|95/100|[from] U-turn
|-damage|p1a: Ting-Lu|83/100|[from] Spikes
|-ability|p1a: Ting-Lu|Vessel of Ruin
|
|-heal|p1a: Ting-Lu|89/100|[from] item: Leftovers
|upkeep
|turn|10
|
|t:|1757910645
|move|p2a: Pecharunt|Malignant Chain|p1a: Ting-Lu
|-resisted|p1a: Ting-Lu
|-damage|p1a: Ting-Lu|80/100
|move|p1a: Ting-Lu|Earthquake|p2a: Pecharunt
|-supereffective|p2a: Pecharunt
|-damage|p2a: Pecharunt|45/100
|
|-heal|p1a: Ting-Lu|87/100|[from] item: Leftovers
|upkeep
|turn|11
|
|t:|1757910653
|switch|p1a: Gholdengo|Gholdengo|100/100
|-damage|p1a: Gholdengo|88/100|[from] Spikes
|move|p2a: Pecharunt|Recover|p2a: Pecharunt
|-heal|p2a: Pecharunt|95/100
|
|-heal|p1a: Gholdengo|94/100|[from] item: Leftovers
|upkeep
|turn|12
|
|t:|1757910657
|switch|p2a: Samurott|Samurott-Hisui, M|66/100
|-damage|p2a: Samurott|53/100|[from] Spikes
|move|p1a: Gholdengo|Nasty Plot|p1a: Gholdengo
|-boost|p1a: Gholdengo|spa|2
|
|-heal|p1a: Gholdengo|99/100|[from] item: Leftovers
|upkeep
|turn|13
|
|t:|1757910661
|move|p2a: Samurott|Sucker Punch|p1a: Gholdengo
|-supereffective|p1a: Gholdengo
|-damage|p1a: Gholdengo|52/100
|move|p1a: Gholdengo|Make It Rain|p2a: Samurott
|-resisted|p2a: Samurott
|-damage|p2a: Samurott|6/100
|-unboost|p1a: Gholdengo|spa|1
|
|-heal|p1a: Gholdengo|58/100|[from] item: Leftovers
|upkeep
|turn|14
|
|t:|1757910683
|switch|p1a: Ting-Lu|Ting-Lu|87/100
|-damage|p1a: Ting-Lu|74/100|[from] Spikes
|-ability|p1a: Ting-Lu|Vessel of Ruin
|move|p2a: Samurott|Ceaseless Edge|p1a: Ting-Lu
|-resisted|p1a: Ting-Lu
|-damage|p1a: Ting-Lu|63/100
|-sidestart|p1: naughtypult|Spikes
|
|-heal|p1a: Ting-Lu|69/100|[from] item: Leftovers
|upkeep
|turn|15
|j| pokerus11
|
|t:|1757910689
|move|p2a: Samurott|Flip Turn|p1a: Ting-Lu
|-supereffective|p1a: Ting-Lu
|-damage|p1a: Ting-Lu|42/100
|l| pokerus11
|
|t:|1757910694
|switch|p2a: Landorus|Landorus-Therian, M|100/100|[from] Flip Turn
|-ability|p2a: Landorus|Intimidate|boost
|-unboost|p1a: Ting-Lu|atk|1
|move|p1a: Ting-Lu|Earthquake|p2a: Landorus
|-immune|p2a: Landorus
|
|-heal|p1a: Ting-Lu|48/100|[from] item: Leftovers
|upkeep
|turn|16
|
|t:|1757910698
|move|p2a: Landorus|U-turn|p1a: Ting-Lu
|-supereffective|p1a: Ting-Lu
|-damage|p1a: Ting-Lu|22/100
|
|t:|1757910703
|switch|p2a: Great Tusk|Great Tusk|100/100|[from] U-turn
|-damage|p2a: Great Tusk|88/100|[from] Spikes
|-enditem|p2a: Great Tusk|Booster Energy
|-activate|p2a: Great Tusk|ability: Protosynthesis|[fromitem]
|-start|p2a: Great Tusk|protosynthesisspe
|move|p1a: Ting-Lu|Ruination|p2a: Great Tusk
|-damage|p2a: Great Tusk|44/100
|
|-heal|p1a: Ting-Lu|29/100|[from] item: Leftovers
|upkeep
|turn|17
|
|t:|1757910711
|switch|p1a: Moltres|Moltres|100/100
|move|p2a: Great Tusk|Rapid Spin|p1a: Moltres
|-damage|p1a: Moltres|91/100
|-boost|p2a: Great Tusk|spe|1
|-sideend|p2: Saturation1|Spikes|[from] move: Rapid Spin|[of] p2a: Great Tusk
|
|upkeep
|turn|18
|
|t:|1757910716
|move|p2a: Great Tusk|Knock Off|p1a: Moltres
|-damage|p1a: Moltres|72/100
|-enditem|p1a: Moltres|Heavy-Duty Boots|[from] move: Knock Off|[of] p2a: Great Tusk
|move|p1a: Moltres|Flamethrower|p2a: Great Tusk
|-damage|p2a: Great Tusk|0 fnt
|faint|p2a: Great Tusk
|-end|p2a: Great Tusk|Protosynthesis|[silent]
|
|upkeep
|
|t:|1757910724
|switch|p2a: Ogerpon|Ogerpon-Wellspring, F|100/100
|turn|19
|j| Shucklepilled
|
|t:|1757910729
|-terastallize|p1a: Moltres|Grass
|move|p2a: Ogerpon|Ivy Cudgel|p1a: Moltres|[anim] Ivy Cudgel Water
|-resisted|p1a: Moltres
|-damage|p1a: Moltres|52/100
|move|p1a: Moltres|Brave Bird|p2a: Ogerpon
|-supereffective|p2a: Ogerpon
|-damage|p2a: Ogerpon|30/100
|-damage|p1a: Moltres|30/100|[from] Recoil
|
|upkeep
|turn|20
|
|t:|1757910739
|switch|p2a: Landorus|Landorus-Therian, M|100/100
|-ability|p2a: Landorus|Intimidate|boost
|-unboost|p1a: Moltres|atk|1
|move|p1a: Moltres|Roost|p1a: Moltres
|-heal|p1a: Moltres|80/100
|
|upkeep
|turn|21
|
|t:|1757910745
|move|p2a: Landorus|U-turn|p1a: Moltres
|-supereffective|p1a: Moltres
|-damage|p1a: Moltres|39/100
|-status|p2a: Landorus|brn|[from] ability: Flame Body|[of] p1a: Moltres
|
|t:|1757910750
|switch|p2a: Pecharunt|Pecharunt|95/100|[from] U-turn
|move|p1a: Moltres|Flamethrower|p2a: Pecharunt
|-crit|p2a: Pecharunt
|-damage|p2a: Pecharunt|43/100
|
|upkeep
|turn|22
|
|t:|1757910763
|move|p1a: Moltres|Roost|p1a: Moltres
|-heal|p1a: Moltres|89/100
|move|p2a: Pecharunt|Recover|p2a: Pecharunt
|-heal|p2a: Pecharunt|93/100
|
|upkeep
|turn|23
|
|t:|1757910768
|switch|p1a: Gholdengo|Gholdengo|58/100
|-damage|p1a: Gholdengo|42/100|[from] Spikes
|move|p2a: Pecharunt|Malignant Chain|p1a: Gholdengo
|-immune|p1a: Gholdengo
|
|-heal|p1a: Gholdengo|48/100|[from] item: Leftovers
|upkeep
|turn|24
|
|t:|1757910774
|switch|p2a: Samurott|Samurott-Hisui, M|6/100
|move|p1a: Gholdengo|Recover|p1a: Gholdengo
|-heal|p1a: Gholdengo|98/100
|
|-heal|p1a: Gholdengo|100/100|[from] item: Leftovers
|upkeep
|turn|25
|
|t:|1757910777
|move|p2a: Samurott|Sucker Punch|p1a: Gholdengo
|-supereffective|p1a: Gholdengo
|-damage|p1a: Gholdengo|51/100
|move|p1a: Gholdengo|Shadow Ball|p2a: Samurott
|-resisted|p2a: Samurott
|-damage|p2a: Samurott|0 fnt
|faint|p2a: Samurott
|
|-heal|p1a: Gholdengo|57/100|[from] item: Leftovers
|upkeep
|
|t:|1757910785
|switch|p2a: Landorus|Landorus-Therian, M|100/100 brn
|-ability|p2a: Landorus|Intimidate|boost
|-unboost|p1a: Gholdengo|atk|1
|turn|26
|
|t:|1757910793
|switch|p1a: Moltres|Moltres, tera:Grass|89/100
|-damage|p1a: Moltres|73/100|[from] Spikes
|move|p2a: Landorus|Earthquake|p1a: Moltres
|-resisted|p1a: Moltres
|-damage|p1a: Moltres|62/100
|
|-damage|p2a: Landorus|95/100 brn|[from] brn
|upkeep
|turn|27
|
|t:|1757910800
|switch|p2a: Ogerpon|Ogerpon-Wellspring, F|30/100
|move|p1a: Moltres|Roost|p1a: Moltres
|-heal|p1a: Moltres|100/100
|
|upkeep
|turn|28
|
|t:|1757910804
|switch|p2a: Landorus|Landorus-Therian, M|95/100 brn
|-ability|p2a: Landorus|Intimidate|boost
|-unboost|p1a: Moltres|atk|1
|move|p1a: Moltres|Brave Bird|p2a: Landorus
|-damage|p2a: Landorus|67/100 brn
|-damage|p1a: Moltres|93/100|[from] Recoil
|
|-damage|p2a: Landorus|61/100 brn|[from] brn
|upkeep
|turn|29
|
|t:|1757910812
|move|p2a: Landorus|U-turn|p1a: Moltres
|-supereffective|p1a: Moltres
|-crit|p1a: Moltres
|-damage|p1a: Moltres|64/100
|
|t:|1757910817
|switch|p2a: Ogerpon|Ogerpon-Wellspring, F|30/100|[from] U-turn
|move|p1a: Moltres|Roost|p1a: Moltres
|-heal|p1a: Moltres|100/100
|
|upkeep
|turn|30
|
|t:|1757910819
|move|p2a: Ogerpon|Synthesis|p2a: Ogerpon
|-heal|p2a: Ogerpon|80/100
|move|p1a: Moltres|Flamethrower|p2a: Ogerpon
|-damage|p2a: Ogerpon|45/100
|
|upkeep
|turn|31
|
|t:|1757910823
|move|p2a: Ogerpon|Synthesis|p2a: Ogerpon
|-heal|p2a: Ogerpon|95/100
|move|p1a: Moltres|Flamethrower|p2a: Ogerpon
|-damage|p2a: Ogerpon|56/100
|
|upkeep
|turn|32
|
|t:|1757910826
|move|p2a: Ogerpon|Swords Dance|p2a: Ogerpon
|-boost|p2a: Ogerpon|atk|2
|move|p1a: Moltres|Flamethrower|p2a: Ogerpon
|-damage|p2a: Ogerpon|20/100
|
|upkeep
|turn|33
|
|t:|1757910829
|move|p2a: Ogerpon|Synthesis|p2a: Ogerpon
|-heal|p2a: Ogerpon|70/100
|move|p1a: Moltres|Roar|p2a: Ogerpon
|drag|p2a: Iron Crown|Iron Crown|100/100
|
|upkeep
|turn|34
|
|t:|1757910834
|-terastallize|p2a: Iron Crown|Steel
|move|p2a: Iron Crown|Tachyon Cutter|p1a: Moltres
|-damage|p1a: Moltres|45/100
|-damage|p1a: Moltres|0 fnt
|faint|p1a: Moltres
|-hitcount|p1: Moltres|2
|
|upkeep
|
|t:|1757910920
|switch|p1a: Dragonite|Dragonite, F|100/100
|turn|35
|
|t:|1757910926
|-end|p2a: Iron Crown|Quark Drive|[silent]
|switch|p2a: Landorus|Landorus-Therian, M|61/100 brn
|-ability|p2a: Landorus|Intimidate|boost
|-unboost|p1a: Dragonite|atk|1
|move|p1a: Dragonite|Dragon Dance|p1a: Dragonite
|-boost|p1a: Dragonite|atk|1
|-boost|p1a: Dragonite|spe|1
|
|-damage|p2a: Landorus|55/100 brn|[from] brn
|upkeep
|turn|36
|
|t:|1757910933
|move|p2a: Landorus|U-turn|p1a: Dragonite
|-resisted|p1a: Dragonite
|-damage|p1a: Dragonite|96/100
|
|t:|1757910936
|switch|p2a: Pecharunt|Pecharunt|93/100|[from] U-turn
|move|p1a: Dragonite|Dragon Dance|p1a: Dragonite
|-boost|p1a: Dragonite|atk|1
|-boost|p1a: Dragonite|spe|1
|
|upkeep
|turn|37
|
|t:|1757910944
|move|p1a: Dragonite|Earthquake|p2a: Pecharunt
|-supereffective|p2a: Pecharunt
|-damage|p2a: Pecharunt|40/100
|move|p2a: Pecharunt|Foul Play|p1a: Dragonite
|-damage|p1a: Dragonite|39/100
|
|upkeep
|turn|38
|
|t:|1757910962
|move|p1a: Dragonite|Earthquake|p2a: Pecharunt
|-supereffective|p2a: Pecharunt
|-damage|p2a: Pecharunt|0 fnt
|faint|p2a: Pecharunt
|
|upkeep
|
|t:|1757910965
|switch|p2a: Landorus|Landorus-Therian, M|55/100 brn
|-ability|p2a: Landorus|Intimidate|boost
|-unboost|p1a: Dragonite|atk|1
|turn|39
|
|t:|1757910970
|move|p1a: Dragonite|Ice Spinner|p2a: Landorus
|-supereffective|p2a: Landorus
|-damage|p2a: Landorus|0 fnt
|faint|p2a: Landorus
|
|upkeep
|
|t:|1757910976
|switch|p2a: Iron Crown|Iron Crown, tera:Steel|100/100
|turn|40
|
|t:|1757910979
|move|p1a: Dragonite|Earthquake|p2a: Iron Crown
|-supereffective|p2a: Iron Crown
|-damage|p2a: Iron Crown|20/100
|move|p2a: Iron Crown|Tachyon Cutter|p1a: Dragonite
|-damage|p1a: Dragonite|0 fnt
|faint|p1a: Dragonite
|-hitcount|p1: Dragonite|1
|
|upkeep
|
|t:|1757910984
|switch|p1a: Meowscarada|Meowscarada, F|28/100
|turn|41
|
|t:|1757910987
|move|p1a: Meowscarada|Knock Off|p2a: Iron Crown
|-start|p1a: Meowscarada|typechange|Dark|[from] ability: Protean
|-damage|p2a: Iron Crown|0 fnt
|-enditem|p2a: Iron Crown|Choice Specs|[from] move: Knock Off|[of] p1a: Meowscarada
|faint|p2a: Iron Crown
|-end|p2a: Iron Crown|Quark Drive|[silent]
|
|upkeep
|
|t:|1757910989
|switch|p2a: Ogerpon|Ogerpon-Wellspring, F|70/100
|turn|42
|
|t:|1757910993
|move|p1a: Meowscarada|U-turn|p2a: Ogerpon
|-supereffective|p2a: Ogerpon
|-damage|p2a: Ogerpon|32/100
|
|t:|1757910996
|switch|p1a: Slowking|Slowking-Galar, F|100/100|[from] U-turn
|move|p2a: Ogerpon|Swords Dance|p2a: Ogerpon
|-boost|p2a: Ogerpon|atk|2
|
|upkeep
|turn|43
|
|t:|1757910998
|move|p2a: Ogerpon|Ivy Cudgel|p1a: Slowking|[anim] Ivy Cudgel Water
|-damage|p1a: Slowking|0 fnt
|faint|p1a: Slowking
|
|upkeep
|
|t:|1757911001
|switch|p1a: Meowscarada|Meowscarada, F|28/100
|turn|44
|
|t:|1757911005
|move|p1a: Meowscarada|U-turn|p2a: Ogerpon
|-start|p1a: Meowscarada|typechange|Bug|[from] ability: Protean
|-supereffective|p2a: Ogerpon
|-damage|p2a: Ogerpon|0 fnt
|faint|p2a: Ogerpon
|
|win|naughtypult
|raw|naughtypult's rating: 1661 &rarr; <strong>1677</strong><br />(+16 for winning)
|raw|Saturation1's rating: 1598 &rarr; <strong>1582</strong><br />(-16 for losing)
|l|☆Saturation1
|player|p2|
|l|☆naughtypult
|player|p1|
|l| Shucklepilled
