|j|☆jcobhn2025
|j|☆mach95a113
|t:|1757818704
|gametype|singles
|player|p1|jcobhn2025|1|1110
|player|p2|mach95a113|gardenia|1125
|gen|9
|tier|[Gen 9] OU
|rated|
|rule|HP Percentage Mod: HP is shown in percentages
|rule|Endless Battle Clause: Forcing endless battles is banned
|rule|Species Clause: Limit one of each Pokémon
|rule|OHKO Clause: OHKO moves are banned
|rule|Evasion Items Clause: Evasion items are banned
|rule|Evasion Moves Clause: Evasion moves are banned
|rule|Evasion Abilities Clause: Evasion abilities are banned
|rule|Sleep Moves Clause: Sleep-inducing moves are banned
|clearpoke
|poke|p1|Scizor, M|
|poke|p1|Sylveon, M|
|poke|p1|Heatran, F|
|poke|p1|Walking Wake|
|poke|p1|Landorus-Therian, M|
|poke|p1|Espeon, F|
|poke|p2|Ninetales-Alola, F|
|poke|p2|Slowking-Galar, M|
|poke|p2|Primarina, F|
|poke|p2|Kyurem|
|poke|p2|Gastrodon-East, F|
|poke|p2|Cryogonal|
|teampreview
|inactive|Battle timer is ON: inactive players will automatically lose when time's up. (requested by jcobhn2025)
|c|☆mach95a113|Good luck!
|
|t:|1757818717
|teamsize|p1|6
|teamsize|p2|6
|start
|switch|p1a: Scizor|Scizor, M|100/100
|switch|p2a: Slowking|Slowking-Galar, M|100/100
|turn|1
|
|t:|1757818728
|move|p1a: Scizor|U-turn|p2a: Slowking
|-damage|p2a: Slowking|34/100
|
|t:|1757818731
|switch|p1a: Espeon|Espeon, F|100/100|[from] U-turn
|-prepare|p2a: Slowking|Chilly Reception|[premajor]
|move|p2a: Slowking|Chilly Reception|p2a: Slowking
|-weather|Snowscape
|
|t:|1757818754
|switch|p2a: Primarina|Primarina, F|100/100|[from] Chilly Reception
|
|-weather|Snowscape|[upkeep]
|upkeep
|turn|2
|
|t:|1757818764
|move|p1a: Espeon|Future Sight|p2a: Primarina
|-start|p1a: Espeon|move: Future Sight
|move|p2a: Primarina|Calm Mind|p2a: Primarina
|-boost|p2a: Primarina|spa|1
|-boost|p2a: Primarina|spd|1
|
|-weather|Snowscape|[upkeep]
|upkeep
|turn|3
|
|t:|1757818772
|switch|p1a: Scizor|Scizor, M|100/100
|move|p2a: Primarina|Blizzard|p1a: Scizor
|-resisted|p1a: Scizor
|-damage|p1a: Scizor|54/100
|
|-weather|Snowscape|[upkeep]
|upkeep
|turn|4
|
|t:|1757818781
|move|p1a: Scizor|Bullet Punch|p2a: Primarina
|-damage|p2a: Primarina|32/100
|move|p2a: Primarina|Psychic Noise|p1a: Scizor
|-damage|p1a: Scizor|0 fnt
|faint|p1a: Scizor
|
|-weather|Snowscape|[upkeep]
|-end|p2a: Primarina|move: Future Sight
|-damage|p2a: Primarina|0 fnt
|faint|p2a: Primarina
|upkeep
|
|t:|1757818802
|switch|p2a: Kyurem|Kyurem|100/100
|switch|p1a: Espeon|Espeon, F|100/100
|-ability|p2a: Kyurem|Pressure
|turn|5
|
|t:|1757818811
|move|p1a: Espeon|Psychic|p2a: Kyurem
|-damage|p2a: Kyurem|37/100
|-unboost|p2a: Kyurem|spd|1
|move|p2a: Kyurem|Blizzard|p1a: Espeon
|-damage|p1a: Espeon|6/100
|
|-weather|none
|upkeep
|turn|6
|
|t:|1757818826
|switch|p2a: Slowking|Slowking-Galar, M|67/100
|move|p1a: Espeon|Psychic|p2a: Slowking
|-damage|p2a: Slowking|13/100
|-unboost|p2a: Slowking|spd|1
|
|upkeep
|turn|7
|
|t:|1757818835
|move|p1a: Espeon|Psychic|p2a: Slowking
|-damage|p2a: Slowking|0 fnt
|faint|p2a: Slowking
|
|upkeep
|
|t:|1757818837
|switch|p2a: Ninetales|Ninetales-Alola, F|100/100
|-weather|Snowscape|[from] ability: Snow Warning|[of] p2a: Ninetales
|turn|8
|
|t:|1757818846
|move|p1a: Espeon|Psychic|p2a: Ninetales
|-damage|p2a: Ninetales|13/100
|move|p2a: Ninetales|Blizzard|p1a: Espeon
|-damage|p1a: Espeon|0 fnt
|faint|p1a: Espeon
|
|-weather|Snowscape|[upkeep]
|upkeep
|
|t:|1757818860
|switch|p1a: Landorus|Landorus-Therian, M|100/100
|-ability|p1a: Landorus|Intimidate|boost
|-unboost|p2a: Ninetales|atk|1
|turn|9
|
|t:|1757818868
|switch|p2a: Gastrodon|Gastrodon-East, F|100/100
|move|p1a: Landorus|U-turn|p2a: Gastrodon
|-damage|p2a: Gastrodon|61/100
|-damage|p1a: Landorus|84/100|[from] item: Rocky Helmet|[of] p2a: Gastrodon
|
|t:|1757818875
|switch|p1a: Sylveon|Sylveon, M|100/100|[from] U-turn
|
|-weather|Snowscape|[upkeep]
|upkeep
|turn|10
|
|t:|1757818896
|move|p1a: Sylveon|Hyper Voice|p2a: Gastrodon
|-damage|p2a: Gastrodon|0 fnt
|faint|p2a: Gastrodon
|
|-weather|Snowscape|[upkeep]
|upkeep
|inactive|mach95a113 has 120 seconds left.
|
|t:|1757818915
|switch|p2a: Kyurem|Kyurem|37/100
|-ability|p2a: Kyurem|Pressure
|turn|11
|inactive|mach95a113 has 120 seconds left.
|
|t:|1757818932
|switch|p1a: Heatran|Heatran, F|100/100
|-terastallize|p2a: Kyurem|Steel
|move|p2a: Kyurem|Blizzard|p1a: Heatran
|-resisted|p1a: Heatran
|-damage|p1a: Heatran|87/100
|
|-weather|Snowscape|[upkeep]
|upkeep
|turn|12
|inactive|mach95a113 has 120 seconds left.
|
|t:|1757818942
|move|p2a: Kyurem|Earth Power|p1a: Heatran
|-supereffective|p1a: Heatran
|-damage|p1a: Heatran|0 fnt
|faint|p1a: Heatran
|
|-weather|Snowscape|[upkeep]
|upkeep
|
|t:|1757818963
|switch|p1a: Landorus|Landorus-Therian, M|84/100
|-ability|p1a: Landorus|Intimidate|boost
|-unboost|p2a: Kyurem|atk|1
|turn|13
|
|t:|1757818969
|switch|p2a: Cryogonal|Cryogonal|100/100
|move|p1a: Landorus|Earthquake|p2a: Cryogonal
|-immune|p2a: Cryogonal|[from] ability: Levitate
|
|-weather|Snowscape|[upkeep]
|upkeep
|turn|14
|
|t:|1757818980
|switch|p1a: Walking Wake|Walking Wake|100/100
|move|p2a: Cryogonal|Blizzard|p1a: Walking Wake
|-damage|p1a: Walking Wake|61/100
|
|-weather|Snowscape|[upkeep]
|upkeep
|turn|15
|
|t:|1757818991
|move|p1a: Walking Wake|Draco Meteor|p2a: Cryogonal
|-damage|p2a: Cryogonal|29/100
|-unboost|p1a: Walking Wake|spa|2
|move|p2a: Cryogonal|Blizzard|p1a: Walking Wake
|-damage|p1a: Walking Wake|18/100
|
|-weather|none
|upkeep
|turn|16
|
|t:|1757819002
|switch|p2a: Ninetales|Ninetales-Alola, F|13/100
|-weather|Snowscape|[from] ability: Snow Warning|[of] p2a: Ninetales
|move|p1a: Walking Wake|Draco Meteor|p2a: Ninetales
|-immune|p2a: Ninetales
|
|-weather|Snowscape|[upkeep]
|upkeep
|turn|17
|
|t:|1757819020
|-end|p1a: Walking Wake|Protosynthesis|[silent]
|switch|p1a: Sylveon|Sylveon, M|100/100
|switch|p2a: Cryogonal|Cryogonal|29/100
|
|-weather|Snowscape|[upkeep]
|upkeep
|turn|18
|
|t:|1757819034
|move|p2a: Cryogonal|Blizzard|p1a: Sylveon
|-damage|p1a: Sylveon|74/100
|-status|p1a: Sylveon|frz
|-curestatus|p1a: Sylveon|frz|[msg]
|move|p1a: Sylveon|Hyper Voice|p2a: Cryogonal
|-damage|p2a: Cryogonal|0 fnt
|faint|p2a: Cryogonal
|
|-weather|Snowscape|[upkeep]
|upkeep
|inactive|mach95a113 has 120 seconds left.
|
|t:|1757819068
|switch|p2a: Ninetales|Ninetales-Alola, F|13/100
|turn|19
|
|t:|1757819071
|move|p2a: Ninetales|Aurora Veil|p2a: Ninetales
|-sidestart|p2: mach95a113|move: Aurora Veil
|move|p1a: Sylveon|Hyper Voice|p2a: Ninetales
|-damage|p2a: Ninetales|0 fnt
|faint|p2a: Ninetales
|
|-weather|Snowscape|[upkeep]
|upkeep
|
|t:|1757819076
|switch|p2a: Kyurem|Kyurem, tera:Steel|37/100
|-ability|p2a: Kyurem|Pressure
|turn|20
|
|t:|1757819083
|move|p2a: Kyurem|Blizzard|p1a: Sylveon
|-damage|p1a: Sylveon|30/100
|move|p1a: Sylveon|Hyper Voice|p2a: Kyurem
|-resisted|p2a: Kyurem
|-damage|p2a: Kyurem|18/100
|
|-weather|Snowscape|[upkeep]
|upkeep
|turn|21
|inactive|mach95a113 has 120 seconds left.
|
|t:|1757819091
|move|p2a: Kyurem|Blizzard|p1a: Sylveon
|-damage|p1a: Sylveon|0 fnt
|faint|p1a: Sylveon
|
|-weather|Snowscape|[upkeep]
|upkeep
|
|t:|1757819100
|switch|p1a: Walking Wake|Walking Wake|18/100
|turn|22
|
|t:|1757819107
|move|p1a: Walking Wake|Draco Meteor|p2a: Kyurem
|-resisted|p2a: Kyurem
|-damage|p2a: Kyurem|0 fnt
|-unboost|p1a: Walking Wake|spa|2
|faint|p2a: Kyurem
|
|win|jcobhn2025
|raw|jcobhn2025's rating: 1110 &rarr; <strong>1136</strong><br />(+26 for winning)
|raw|mach95a113's rating: 1125 &rarr; <strong>1099</strong><br />(-26 for losing)
|c|☆mach95a113|Gg
|l|☆jcobhn2025
|player|p1|
