|j|☆jekar
|j|☆susumu808
|t:|1757924893
|gametype|singles
|player|p1|jekar|266|1324
|player|p2|susumu808|cyrus|1330
|gen|9
|tier|[Gen 9] OU
|rated|
|rule|HP Percentage Mod: HP is shown in percentages
|rule|Endless Battle Clause: Forcing endless battles is banned
|rule|Species Clause: Limit one of each Pokémon
|rule|OHKO Clause: OHKO moves are banned
|rule|Evasion Items Clause: Evasion items are banned
|rule|Evasion Moves Clause: Evasion moves are banned
|rule|Evasion Abilities Clause: Evasion abilities are banned
|rule|Sleep Moves Clause: Sleep-inducing moves are banned
|clearpoke
|poke|p1|Sandy Shocks|
|poke|p1|Walking Wake|
|poke|p1|Samurott-Hisui, F|
|poke|p1|Iron Valiant|
|poke|p1|Gholdengo|
|poke|p1|Dragonite, M|
|poke|p2|Blaziken, M|
|poke|p2|Serperior, M|
|poke|p2|Gyarados, M|
|poke|p2|Kommo-o, F|
|poke|p2|Dragonite, M|
|poke|p2|Deoxys-Defense|
|teampreview
|l|☆jekar
|player|p1|
|j|☆jekar
|player|p1|jekar|266|
|
|t:|1757924917
|teamsize|p1|6
|teamsize|p2|6
|start
|switch|p1a: Samurott|Samurott-Hisui, F|100/100
|switch|p2a: Deoxys|Deoxys-Defense|100/100
|-ability|p2a: Deoxys|Pressure
|turn|1
|inactive|Battle timer is ON: inactive players will automatically lose when time's up. (requested by jekar)
|inactive|susumu808 has 120 seconds left.
|
|t:|1757924955
|move|p1a: Samurott|Ceaseless Edge|p2a: Deoxys
|-supereffective|p2a: Deoxys
|-damage|p2a: Deoxys|41/100
|-sidestart|p2: susumu808|Spikes
|move|p2a: Deoxys|Cosmic Power|p2a: Deoxys
|-boost|p2a: Deoxys|def|1
|-boost|p2a: Deoxys|spd|1
|
|-heal|p2a: Deoxys|48/100|[from] item: Leftovers
|upkeep
|turn|2
|
|t:|1757924962
|move|p1a: Samurott|Knock Off|p2a: Deoxys
|-supereffective|p2a: Deoxys
|-damage|p2a: Deoxys|5/100
|-enditem|p2a: Deoxys|Leftovers|[from] move: Knock Off|[of] p1a: Samurott
|move|p2a: Deoxys|Recover|p2a: Deoxys
|-heal|p2a: Deoxys|55/100
|
|upkeep
|turn|3
|
|t:|1757924969
|move|p1a: Samurott|Ceaseless Edge|p2a: Deoxys
|-supereffective|p2a: Deoxys
|-damage|p2a: Deoxys|17/100
|-sidestart|p2: susumu808|Spikes
|move|p2a: Deoxys|Recover|p2a: Deoxys
|-heal|p2a: Deoxys|67/100
|
|upkeep
|turn|4
|
|t:|1757924974
|switch|p1a: Gholdengo|Gholdengo|100/100
|-item|p1a: Gholdengo|Air Balloon
|move|p2a: Deoxys|Recover|p2a: Deoxys
|-heal|p2a: Deoxys|100/100
|
|upkeep
|turn|5
|
|t:|1757924976
|move|p1a: Gholdengo|Shadow Ball|p2a: Deoxys
|-supereffective|p2a: Deoxys
|-damage|p2a: Deoxys|59/100
|move|p2a: Deoxys|Cosmic Power|p2a: Deoxys
|-boost|p2a: Deoxys|def|1
|-boost|p2a: Deoxys|spd|1
|
|upkeep
|turn|6
|
|t:|1757924981
|move|p1a: Gholdengo|Nasty Plot|p1a: Gholdengo
|-boost|p1a: Gholdengo|spa|2
|move|p2a: Deoxys|Cosmic Power|p2a: Deoxys
|-boost|p2a: Deoxys|def|1
|-boost|p2a: Deoxys|spd|1
|
|upkeep
|turn|7
|
|t:|1757924985
|move|p1a: Gholdengo|Shadow Ball|p2a: Deoxys
|-supereffective|p2a: Deoxys
|-damage|p2a: Deoxys|9/100
|-unboost|p2a: Deoxys|spd|1
|move|p2a: Deoxys|Cosmic Power|p2a: Deoxys
|-boost|p2a: Deoxys|def|1
|-boost|p2a: Deoxys|spd|1
|
|upkeep
|turn|8
|
|t:|1757924993
|move|p1a: Gholdengo|Shadow Ball|p2a: Deoxys
|-supereffective|p2a: Deoxys
|-damage|p2a: Deoxys|0 fnt
|faint|p2a: Deoxys
|
|upkeep
|
|t:|1757925002
|switch|p2a: Gyarados|Gyarados, M|100/100
|turn|9
|
|t:|1757925011
|move|p1a: Gholdengo|Shadow Ball|p2a: Gyarados
|-damage|p2a: Gyarados|13/100
|-unboost|p2a: Gyarados|spd|1
|move|p2a: Gyarados|Waterfall|p1a: Gholdengo
|-damage|p1a: Gholdengo|57/100
|-enditem|p1a: Gholdengo|Air Balloon
|
|upkeep
|turn|10
|
|t:|1757925017
|move|p1a: Gholdengo|Shadow Ball|p2a: Gyarados
|-crit|p2a: Gyarados
|-damage|p2a: Gyarados|0 fnt
|faint|p2a: Gyarados
|
|upkeep
|
|t:|1757925032
|switch|p2a: Blaziken|Blaziken, M, shiny|100/100
|-damage|p2a: Blaziken|84/100|[from] Spikes
|turn|11
|
|t:|1757925036
|move|p2a: Blaziken|Endure|p2a: Blaziken
|-singleturn|p2a: Blaziken|move: Endure
|move|p1a: Gholdengo|Shadow Ball|p2a: Blaziken
|-activate|p2a: Blaziken|move: Endure
|-damage|p2a: Blaziken|1/100
|-unboost|p2a: Blaziken|spd|1
|
|-ability|p2a: Blaziken|Speed Boost|boost
|-boost|p2a: Blaziken|spe|1
|upkeep
|turn|12
|
|t:|1757925050
|switch|p1a: Samurott|Samurott-Hisui, F|100/100
|move|p2a: Blaziken|Earthquake|p1a: Samurott
|-damage|p1a: Samurott|58/100
|
|-ability|p2a: Blaziken|Speed Boost|boost
|-boost|p2a: Blaziken|spe|1
|upkeep
|turn|13
|
|t:|1757925054
|move|p1a: Samurott|Aqua Jet|p2a: Blaziken
|-supereffective|p2a: Blaziken
|-damage|p2a: Blaziken|0 fnt
|faint|p2a: Blaziken
|
|upkeep
|
|t:|1757925057
|switch|p2a: Serperior|Serperior, M|100/100
|-damage|p2a: Serperior|84/100|[from] Spikes
|turn|14
|
|t:|1757925061
|move|p2a: Serperior|Leaf Storm|p1a: Samurott
|-supereffective|p1a: Samurott
|-damage|p1a: Samurott|0 fnt
|-boost|p2a: Serperior|spa|2
|faint|p1a: Samurott
|
|upkeep
|
|t:|1757925077
|switch|p1a: Iron Valiant|Iron Valiant|100/100
|-enditem|p1a: Iron Valiant|Booster Energy
|-activate|p1a: Iron Valiant|ability: Quark Drive|[fromitem]
|-start|p1a: Iron Valiant|quarkdrivespe
|turn|15
|
|t:|1757925083
|move|p1a: Iron Valiant|Encore|p2a: Serperior
|-start|p2a: Serperior|Encore
|move|p2a: Serperior|Leaf Storm|p1a: Iron Valiant
|-damage|p1a: Iron Valiant|0 fnt
|-boost|p2a: Serperior|spa|2
|faint|p1a: Iron Valiant
|-end|p1a: Iron Valiant|Quark Drive|[silent]
|
|upkeep
|
|t:|1757925085
|switch|p1a: Dragonite|Dragonite, M|100/100
|turn|16
|
|t:|1757925093
|move|p2a: Serperior|Leaf Storm|p1a: Dragonite
|-resisted|p1a: Dragonite
|-damage|p1a: Dragonite|79/100
|-boost|p2a: Serperior|spa|2
|move|p1a: Dragonite|Dragon Dance|p1a: Dragonite
|-boost|p1a: Dragonite|atk|1
|-boost|p1a: Dragonite|spe|1
|
|upkeep
|turn|17
|
|t:|1757925098
|move|p2a: Serperior|Leaf Storm|p1a: Dragonite
|-resisted|p1a: Dragonite
|-damage|p1a: Dragonite|25/100
|move|p1a: Dragonite|Dragon Dance|p1a: Dragonite
|-boost|p1a: Dragonite|atk|1
|-boost|p1a: Dragonite|spe|1
|
|-end|p2a: Serperior|Encore
|upkeep
|turn|18
|
|t:|1757925103
|move|p1a: Dragonite|Dragon Claw|p2a: Serperior
|-damage|p2a: Serperior|0 fnt
|faint|p2a: Serperior
|
|upkeep
|
|t:|1757925107
|switch|p2a: Dragonite|Dragonite, M, shiny|100/100
|turn|19
|
|t:|1757925112
|move|p1a: Dragonite|Extreme Speed|p2a: Dragonite
|-damage|p2a: Dragonite|69/100
|move|p2a: Dragonite|Extreme Speed|p1a: Dragonite
|-damage|p1a: Dragonite|0 fnt
|faint|p1a: Dragonite
|
|-heal|p2a: Dragonite|75/100|[from] item: Leftovers
|upkeep
|
|t:|1757925124
|switch|p1a: Walking Wake|Walking Wake|100/100
|-enditem|p1a: Walking Wake|Booster Energy
|-activate|p1a: Walking Wake|ability: Protosynthesis|[fromitem]
|-start|p1a: Walking Wake|protosynthesisspa
|turn|20
|
|t:|1757925128
|move|p2a: Dragonite|Extreme Speed|p1a: Walking Wake
|-damage|p1a: Walking Wake|71/100
|move|p1a: Walking Wake|Dragon Pulse|p2a: Dragonite
|-supereffective|p2a: Dragonite
|-damage|p2a: Dragonite|0 fnt
|faint|p2a: Dragonite
|
|upkeep
|
|t:|1757925133
|switch|p2a: Kommo-o|Kommo-o, F|100/100
|-damage|p2a: Kommo-o|84/100|[from] Spikes
|turn|21
|
|t:|1757925139
|-terastallize|p2a: Kommo-o|Poison
|move|p1a: Walking Wake|Substitute|p1a: Walking Wake
|-start|p1a: Walking Wake|Substitute
|-damage|p1a: Walking Wake|46/100
|move|p2a: Kommo-o|Clangorous Soul|p2a: Kommo-o
|-boost|p2a: Kommo-o|atk|1
|-boost|p2a: Kommo-o|def|1
|-boost|p2a: Kommo-o|spa|1
|-boost|p2a: Kommo-o|spd|1
|-boost|p2a: Kommo-o|spe|1
|-damage|p2a: Kommo-o|51/100
|
|upkeep
|turn|22
|
|t:|1757925151
|-terastallize|p1a: Walking Wake|Water
|move|p2a: Kommo-o|Drain Punch|p1a: Walking Wake
|-end|p1a: Walking Wake|Substitute
|-heal|p2a: Kommo-o|65/100|[from] drain|[of] p1a: Walking Wake
|move|p1a: Walking Wake|Surf|p2a: Kommo-o
|-damage|p2a: Kommo-o|0 fnt
|faint|p2a: Kommo-o
|
|win|jekar
|raw|jekar's rating: 1324 &rarr; <strong>1344</strong><br />(+20 for winning)
|raw|susumu808's rating: 1330 &rarr; <strong>1310</strong><br />(-20 for losing)
|l|☆susumu808
|player|p2|
|l|☆jekar
|player|p1|
