|j|☆Garacade
|j|☆RizzlenDizzle
|t:|1757898000
|gametype|singles
|player|p1|Garacade|1|1333
|player|p2|RizzlenDizzle|169|1309
|gen|9
|tier|[Gen 9] OU
|rated|
|rule|HP Percentage Mod: HP is shown in percentages
|rule|Endless Battle Clause: Forcing endless battles is banned
|rule|Species Clause: Limit one of each Pokémon
|rule|OHKO Clause: OHKO moves are banned
|rule|Evasion Items Clause: Evasion items are banned
|rule|Evasion Moves Clause: Evasion moves are banned
|rule|Evasion Abilities Clause: Evasion abilities are banned
|rule|Sleep Moves Clause: Sleep-inducing moves are banned
|clearpoke
|poke|p1|Bronzong|
|poke|p1|Great Tusk|
|poke|p1|Dragapult, F|
|poke|p1|Ogerpon-Wellspring, F|
|poke|p1|Uxie|
|poke|p1|Kingambit, M|
|poke|p2|Moltres|
|poke|p2|Tornadus-Therian, M|
|poke|p2|Dragonite, F|
|poke|p2|Slowking-Galar, M|
|poke|p2|Toxapex, M|
|poke|p2|Great Tusk|
|teampreview
|inactive|Battle timer is ON: inactive players will automatically lose when time's up. (requested by Garacade)
|
|t:|1757898015
|teamsize|p1|6
|teamsize|p2|6
|start
|switch|p1a: Dragapult|Dragapult, F|100/100
|switch|p2a: Toxapex|Toxapex, M|100/100
|turn|1
|
|t:|1757898019
|move|p1a: Dragapult|U-turn|p2a: Toxapex
|-resisted|p2a: Toxapex
|-crit|p2a: Toxapex
|-damage|p2a: Toxapex|90/100
|-damage|p1a: Dragapult|84/100|[from] item: Rocky Helmet|[of] p2a: Toxapex
|
|t:|1757898028
|switch|p1a: Bronzong|Bronzong|100/100|[from] U-turn
|move|p2a: Toxapex|Ice Beam|p1a: Bronzong
|-resisted|p1a: Bronzong
|-damage|p1a: Bronzong|94/100
|
|upkeep
|turn|2
|
|t:|1757898039
|switch|p2a: Moltres|Moltres|100/100
|move|p1a: Bronzong|Stealth Rock|p2a: Moltres
|-sidestart|p2: RizzlenDizzle|move: Stealth Rock
|
|upkeep
|turn|3
|
|t:|1757898050
|switch|p1a: Uxie|Uxie|100/100
|move|p2a: Moltres|Flamethrower|p1a: Uxie
|-damage|p1a: Uxie|72/100
|
|upkeep
|turn|4
|
|t:|1757898062
|move|p1a: Uxie|Trick|p2a: Moltres
|-activate|p1a: Uxie|move: Trick|[of] p2a: Moltres
|-item|p2a: Moltres|Choice Band|[from] move: Trick
|-item|p1a: Uxie|Heavy-Duty Boots|[from] move: Trick
|move|p2a: Moltres|Scorching Sands|p1a: Uxie
|-immune|p1a: Uxie|[from] ability: Levitate
|
|upkeep
|turn|5
|
|t:|1757898072
|switch|p2a: Great Tusk|Great Tusk|100/100
|move|p1a: Uxie|Thunder Wave|p2a: Great Tusk
|-immune|p2a: Great Tusk
|
|upkeep
|turn|6
|
|t:|1757898082
|switch|p1a: Dragapult|Dragapult, F|84/100
|move|p2a: Great Tusk|Rapid Spin|p1a: Dragapult
|-immune|p1a: Dragapult
|
|upkeep
|turn|7
|
|t:|1757898090
|move|p1a: Dragapult|Draco Meteor|p2a: Great Tusk|[miss]
|-miss|p1a: Dragapult|p2a: Great Tusk
|move|p2a: Great Tusk|Ice Spinner|p1a: Dragapult
|-supereffective|p1a: Dragapult
|-damage|p1a: Dragapult|0 fnt
|faint|p1a: Dragapult
|
|upkeep
|c|☆Garacade|lol
|
|t:|1757898098
|switch|p1a: Ogerpon|Ogerpon-Wellspring, F|100/100
|turn|8
|
|t:|1757898105
|move|p1a: Ogerpon|Ivy Cudgel|p2a: Great Tusk|[anim] Ivy Cudgel Water
|-supereffective|p2a: Great Tusk
|-damage|p2a: Great Tusk|32/100
|move|p2a: Great Tusk|Rapid Spin|p1a: Ogerpon
|-damage|p1a: Ogerpon|76/100
|-boost|p2a: Great Tusk|spe|1
|-sideend|p2: RizzlenDizzle|Stealth Rock|[from] move: Rapid Spin|[of] p2a: Great Tusk
|
|upkeep
|turn|9
|
|t:|1757898112
|move|p1a: Ogerpon|Ivy Cudgel|p2a: Great Tusk|[anim] Ivy Cudgel Water
|-supereffective|p2a: Great Tusk
|-damage|p2a: Great Tusk|0 fnt
|faint|p2a: Great Tusk
|-end|p2a: Great Tusk|Protosynthesis|[silent]
|
|upkeep
|
|t:|1757898117
|switch|p2a: Moltres|Moltres|100/100
|turn|10
|
|t:|1757898124
|move|p1a: Ogerpon|Ivy Cudgel|p2a: Moltres|[anim] Ivy Cudgel Water
|-supereffective|p2a: Moltres
|-damage|p2a: Moltres|18/100
|move|p2a: Moltres|Flamethrower|p1a: Ogerpon
|-damage|p1a: Ogerpon|34/100
|
|upkeep
|turn|11
|
|t:|1757898131
|move|p1a: Ogerpon|Ivy Cudgel|p2a: Moltres|[anim] Ivy Cudgel Water
|-supereffective|p2a: Moltres
|-damage|p2a: Moltres|0 fnt
|faint|p2a: Moltres
|
|upkeep
|
|t:|1757898135
|switch|p2a: Tornadus|Tornadus-Therian, M|100/100
|turn|12
|
|t:|1757898138
|move|p2a: Tornadus|Sludge Bomb|p1a: Ogerpon
|-supereffective|p1a: Ogerpon
|-damage|p1a: Ogerpon|0 fnt
|faint|p1a: Ogerpon
|
|upkeep
|
|t:|1757898152
|switch|p1a: Uxie|Uxie|72/100
|turn|13
|
|t:|1757898164
|move|p2a: Tornadus|U-turn|p1a: Uxie
|-supereffective|p1a: Uxie
|-damage|p1a: Uxie|55/100
|
|t:|1757898166
|switch|p2a: Toxapex|Toxapex, M|100/100|[from] U-turn
|move|p1a: Uxie|Thunder Wave|p2a: Toxapex
|-status|p2a: Toxapex|par
|
|upkeep
|turn|14
|
|t:|1757898173
|move|p1a: Uxie|Trick|p2a: Toxapex
|-activate|p1a: Uxie|move: Trick|[of] p2a: Toxapex
|-item|p2a: Toxapex|Heavy-Duty Boots|[from] move: Trick
|-item|p1a: Uxie|Rocky Helmet|[from] move: Trick
|move|p2a: Toxapex|Toxic|p1a: Uxie
|-status|p1a: Uxie|tox
|
|-damage|p1a: Uxie|49/100 tox|[from] psn
|upkeep
|turn|15
|
|t:|1757898183
|switch|p1a: Bronzong|Bronzong|94/100
|cant|p2a: Toxapex|par
|
|upkeep
|turn|16
|
|t:|1757898188
|-terastallize|p2a: Toxapex|Dark
|move|p1a: Bronzong|Stealth Rock|p2a: Toxapex
|-sidestart|p2: RizzlenDizzle|move: Stealth Rock
|cant|p2a: Toxapex|par
|
|upkeep
|turn|17
|
|t:|1757898193
|move|p1a: Bronzong|Reflect|p1a: Bronzong
|-sidestart|p1: Garacade|Reflect
|move|p2a: Toxapex|Tera Blast|p1a: Bronzong|[anim] Tera Blast Dark
|-supereffective|p1a: Bronzong
|-damage|p1a: Bronzong|56/100
|
|upkeep
|turn|18
|
|t:|1757898203
|switch|p1a: Kingambit|Kingambit, M|100/100
|-activate|p1a: Kingambit|ability: Supreme Overlord
|-start|p1a: Kingambit|fallen2|[silent]
|move|p2a: Toxapex|Tera Blast|p1a: Kingambit|[anim] Tera Blast Dark
|-resisted|p1a: Kingambit
|-damage|p1a: Kingambit|87/100
|
|upkeep
|turn|19
|
|t:|1757898210
|move|p2a: Toxapex|Baneful Bunker|p2a: Toxapex
|-singleturn|p2a: Toxapex|move: Protect
|move|p1a: Kingambit|Swords Dance|p1a: Kingambit
|-boost|p1a: Kingambit|atk|2
|
|upkeep
|turn|20
|
|t:|1757898214
|switch|p2a: Slowking|Slowking-Galar, M|100/100
|-damage|p2a: Slowking|88/100|[from] Stealth Rock
|move|p1a: Kingambit|Iron Head|p2a: Slowking
|-damage|p2a: Slowking|0 fnt
|faint|p2a: Slowking
|
|upkeep
|
|t:|1757898222
|switch|p2a: Tornadus|Tornadus-Therian, M|100/100
|-damage|p2a: Tornadus|76/100|[from] Stealth Rock
|turn|21
|
|t:|1757898230
|-terastallize|p1a: Kingambit|Fairy
|move|p2a: Tornadus|Heat Wave|p1a: Kingambit
|-damage|p1a: Kingambit|57/100
|move|p1a: Kingambit|Iron Head|p2a: Tornadus
|-damage|p2a: Tornadus|0 fnt
|faint|p2a: Tornadus
|
|upkeep
|
|t:|1757898231
|switch|p2a: Dragonite|Dragonite, F|100/100
|-damage|p2a: Dragonite|76/100|[from] Stealth Rock
|turn|22
|
|t:|1757898235
|move|p2a: Dragonite|Dragon Dance|p2a: Dragonite
|-boost|p2a: Dragonite|atk|1
|-boost|p2a: Dragonite|spe|1
|move|p1a: Kingambit|Iron Head|p2a: Dragonite
|-damage|p2a: Dragonite|0 fnt
|faint|p2a: Dragonite
|
|upkeep
|-message|RizzlenDizzle forfeited.
|
|win|Garacade
|raw|Garacade's rating: 1333 &rarr; <strong>1352</strong><br />(+19 for winning)
|raw|RizzlenDizzle's rating: 1309 &rarr; <strong>1290</strong><br />(-19 for losing)
|l|☆RizzlenDizzle
|player|p2|
|l|☆Garacade
|player|p1|
