|j|☆bestbenchbuddy
|j|☆quetzuma
|t:|1757859722
|gametype|singles
|player|p1|bestbenchbuddy|265|1410
|player|p2|quetzuma|drayden|1381
|gen|9
|tier|[Gen 9] OU
|rated|
|rule|HP Percentage Mod: HP is shown in percentages
|rule|Endless Battle Clause: Forcing endless battles is banned
|rule|Species Clause: Limit one of each Pokémon
|rule|OHKO Clause: OHKO moves are banned
|rule|Evasion Items Clause: Evasion items are banned
|rule|Evasion Moves Clause: Evasion moves are banned
|rule|Evasion Abilities Clause: Evasion abilities are banned
|rule|Sleep Moves Clause: Sleep-inducing moves are banned
|clearpoke
|poke|p1|Ting-Lu|
|poke|p1|Hatterene, F|
|poke|p1|Great Tusk|
|poke|p1|Ceruledge, F|
|poke|p1|Dragonite, M|
|poke|p1|Kyurem|
|poke|p2|Skeledirge, F|
|poke|p2|Glimmora, F|
|poke|p2|Samurott, M|
|poke|p2|Iron Hands|
|poke|p2|Garchomp, M|
|poke|p2|Grimmsnarl, M|
|teampreview
|
|t:|1757859736
|teamsize|p1|6
|teamsize|p2|6
|start
|switch|p1a: Kyurem|Kyurem|100/100
|switch|p2a: Glimmora|Glimmora, F|100/100
|-ability|p1a: Kyurem|Pressure
|turn|1
|inactive|Battle timer is ON: inactive players will automatically lose when time's up. (requested by quetzuma)
|inactive|bestbenchbuddy also wants the timer to be on.
|
|t:|1757859744
|switch|p2a: Grimmsnarl|Grimmsnarl, M|100/100
|move|p1a: Kyurem|Earth Power|p2a: Grimmsnarl
|-damage|p2a: Grimmsnarl|63/100
|
|-heal|p2a: Grimmsnarl|69/100|[from] item: Leftovers
|upkeep
|turn|2
|
|t:|1757859751
|switch|p1a: Hatterene|Hatterene, F|100/100
|move|p2a: Grimmsnarl|Spirit Break|p1a: Hatterene
|-damage|p1a: Hatterene|71/100
|-unboost|p1a: Hatterene|spa|1
|
|-heal|p2a: Grimmsnarl|75/100|[from] item: Leftovers
|upkeep
|turn|3
|
|t:|1757859757
|switch|p2a: Samurott|Samurott, M, shiny|100/100
|move|p1a: Hatterene|Draining Kiss|p2a: Samurott
|-damage|p2a: Samurott|78/100
|-heal|p1a: Hatterene|89/100|[from] drain|[of] p2a: Samurott
|
|upkeep
|turn|4
|
|t:|1757859770
|move|p2a: Samurott|Hydro Pump|p1a: Hatterene
|-damage|p1a: Hatterene|33/100
|move|p1a: Hatterene|Nuzzle|p2a: Samurott
|-supereffective|p2a: Samurott
|-damage|p2a: Samurott|68/100
|-status|p2a: Samurott|par
|
|upkeep
|turn|5
|
|t:|1757859773
|move|p2a: Samurott|Hydro Pump|p1a: Hatterene
|-damage|p1a: Hatterene|0 fnt
|faint|p1a: Hatterene
|
|upkeep
|
|t:|1757859778
|switch|p1a: Kyurem|Kyurem|100/100
|-ability|p1a: Kyurem|Pressure
|turn|6
|
|t:|1757859787
|move|p1a: Kyurem|Freeze-Dry|p2a: Samurott
|-supereffective|p2a: Samurott
|-damage|p2a: Samurott|0 fnt
|faint|p2a: Samurott
|
|upkeep
|
|t:|1757859796
|switch|p2a: Grimmsnarl|Grimmsnarl, M|75/100
|turn|7
|
|t:|1757859801
|move|p1a: Kyurem|Freeze-Dry|p2a: Grimmsnarl
|-damage|p2a: Grimmsnarl|30/100
|move|p2a: Grimmsnarl|Spirit Break|p1a: Kyurem
|-supereffective|p1a: Kyurem
|-damage|p1a: Kyurem|44/100
|-unboost|p1a: Kyurem|spa|1
|
|-heal|p2a: Grimmsnarl|36/100|[from] item: Leftovers
|upkeep
|turn|8
|
|t:|1757859811
|move|p1a: Kyurem|Freeze-Dry|p2a: Grimmsnarl
|-damage|p2a: Grimmsnarl|7/100
|move|p2a: Grimmsnarl|Crunch|p1a: Kyurem
|-damage|p1a: Kyurem|10/100
|
|-heal|p2a: Grimmsnarl|13/100|[from] item: Leftovers
|upkeep
|turn|9
|
|t:|1757859817
|switch|p2a: Iron Hands|Iron Hands|100/100
|move|p1a: Kyurem|Freeze-Dry|p2a: Iron Hands
|-damage|p2a: Iron Hands|64/100
|-status|p2a: Iron Hands|frz
|
|-heal|p2a: Iron Hands|70/100 frz|[from] item: Leftovers
|upkeep
|turn|10
|
|t:|1757859825
|switch|p1a: Great Tusk|Great Tusk|100/100
|cant|p2a: Iron Hands|frz
|
|-heal|p2a: Iron Hands|77/100 frz|[from] item: Leftovers
|upkeep
|turn|11
|
|t:|1757859837
|-end|p2a: Iron Hands|Quark Drive|[silent]
|switch|p2a: Skeledirge|Skeledirge, F|100/100
|move|p1a: Great Tusk|Headlong Rush|p2a: Skeledirge
|-supereffective|p2a: Skeledirge
|-damage|p2a: Skeledirge|38/100
|-unboost|p1a: Great Tusk|def|1
|-unboost|p1a: Great Tusk|spd|1
|
|upkeep
|turn|12
|
|t:|1757859850
|-terastallize|p2a: Skeledirge|Fairy
|move|p1a: Great Tusk|Headlong Rush|p2a: Skeledirge
|-damage|p2a: Skeledirge|5/100
|-unboost|p1a: Great Tusk|def|1
|-unboost|p1a: Great Tusk|spd|1
|move|p2a: Skeledirge|Slack Off|p2a: Skeledirge
|-heal|p2a: Skeledirge|55/100
|
|upkeep
|turn|13
|inactive|bestbenchbuddy has 120 seconds left.
|
|t:|1757859882
|-end|p1a: Great Tusk|Protosynthesis|[silent]
|switch|p1a: Ting-Lu|Ting-Lu|100/100
|-ability|p1a: Ting-Lu|Vessel of Ruin
|move|p2a: Skeledirge|Slack Off|p2a: Skeledirge
|-heal|p2a: Skeledirge|100/100
|
|upkeep
|turn|14
|
|t:|1757859887
|move|p2a: Skeledirge|Will-O-Wisp|p1a: Ting-Lu
|-status|p1a: Ting-Lu|brn
|move|p1a: Ting-Lu|Stealth Rock|p2a: Skeledirge
|-sidestart|p2: quetzuma|move: Stealth Rock
|
|-damage|p1a: Ting-Lu|94/100 brn|[from] brn
|upkeep
|turn|15
|
|t:|1757859891
|switch|p2a: Glimmora|Glimmora, F|100/100
|-damage|p2a: Glimmora|88/100|[from] Stealth Rock
|move|p1a: Ting-Lu|Whirlwind|p2a: Glimmora
|drag|p2a: Skeledirge|Skeledirge, F, tera:Fairy|100/100
|
|-heal|p1a: Ting-Lu|100/100 brn|[from] item: Leftovers
|-damage|p1a: Ting-Lu|94/100 brn|[from] brn
|upkeep
|turn|16
|
|t:|1757859898
|switch|p2a: Iron Hands|Iron Hands|77/100 frz
|-damage|p2a: Iron Hands|70/100 frz|[from] Stealth Rock
|move|p1a: Ting-Lu|Ruination|p2a: Iron Hands
|-damage|p2a: Iron Hands|35/100 frz
|
|-heal|p2a: Iron Hands|42/100 frz|[from] item: Leftovers
|-heal|p1a: Ting-Lu|100/100 brn|[from] item: Leftovers
|-damage|p1a: Ting-Lu|94/100 brn|[from] brn
|upkeep
|turn|17
|
|t:|1757859903
|cant|p2a: Iron Hands|frz
|move|p1a: Ting-Lu|Earthquake|p2a: Iron Hands
|-supereffective|p2a: Iron Hands
|-damage|p2a: Iron Hands|19/100 frz
|
|-heal|p2a: Iron Hands|25/100 frz|[from] item: Leftovers
|-heal|p1a: Ting-Lu|100/100 brn|[from] item: Leftovers
|-damage|p1a: Ting-Lu|94/100 brn|[from] brn
|upkeep
|turn|18
|
|t:|1757859907
|cant|p2a: Iron Hands|frz
|move|p1a: Ting-Lu|Earthquake|p2a: Iron Hands
|-supereffective|p2a: Iron Hands
|-damage|p2a: Iron Hands|2/100 frz
|
|-heal|p2a: Iron Hands|9/100 frz|[from] item: Leftovers
|-heal|p1a: Ting-Lu|100/100 brn|[from] item: Leftovers
|-damage|p1a: Ting-Lu|94/100 brn|[from] brn
|upkeep
|turn|19
|
|t:|1757859909
|cant|p2a: Iron Hands|frz
|move|p1a: Ting-Lu|Earthquake|p2a: Iron Hands
|-supereffective|p2a: Iron Hands
|-damage|p2a: Iron Hands|0 fnt
|faint|p2a: Iron Hands
|-end|p2a: Iron Hands|Quark Drive|[silent]
|
|-heal|p1a: Ting-Lu|100/100 brn|[from] item: Leftovers
|-damage|p1a: Ting-Lu|94/100 brn|[from] brn
|upkeep
|
|t:|1757859912
|switch|p2a: Garchomp|Garchomp, M|100/100
|-damage|p2a: Garchomp|94/100|[from] Stealth Rock
|turn|20
|
|t:|1757859916
|move|p2a: Garchomp|Stealth Rock|p1a: Ting-Lu
|-sidestart|p1: bestbenchbuddy|move: Stealth Rock
|move|p1a: Ting-Lu|Whirlwind|p2a: Garchomp
|drag|p2a: Grimmsnarl|Grimmsnarl, M|13/100
|-damage|p2a: Grimmsnarl|0 fnt|[from] Stealth Rock
|faint|p2a: Grimmsnarl
|
|-heal|p1a: Ting-Lu|100/100 brn|[from] item: Leftovers
|-damage|p1a: Ting-Lu|94/100 brn|[from] brn
|upkeep
|
|t:|1757859924
|switch|p2a: Garchomp|Garchomp, M|94/100
|-damage|p2a: Garchomp|88/100|[from] Stealth Rock
|turn|21
|
|t:|1757859929
|switch|p1a: Great Tusk|Great Tusk|100/100
|-damage|p1a: Great Tusk|98/100|[from] Stealth Rock
|move|p2a: Garchomp|Liquidation|p1a: Great Tusk
|-supereffective|p1a: Great Tusk
|-damage|p1a: Great Tusk|64/100
|
|-heal|p2a: Garchomp|94/100|[from] item: Leftovers
|-heal|p1a: Great Tusk|71/100|[from] item: Leftovers
|upkeep
|turn|22
|
|t:|1757859934
|move|p2a: Garchomp|Swords Dance|p2a: Garchomp
|-boost|p2a: Garchomp|atk|2
|move|p1a: Great Tusk|Rapid Spin|p2a: Garchomp
|-damage|p2a: Garchomp|79/100
|-boost|p1a: Great Tusk|spe|1
|-damage|p1a: Great Tusk|58/100|[from] ability: Rough Skin|[of] p2a: Garchomp
|-sideend|p1: bestbenchbuddy|Stealth Rock|[from] move: Rapid Spin|[of] p1a: Great Tusk
|
|-heal|p1a: Great Tusk|64/100|[from] item: Leftovers
|-heal|p2a: Garchomp|86/100|[from] item: Leftovers
|upkeep
|turn|23
|
|t:|1757859937
|move|p1a: Great Tusk|Ice Spinner|p2a: Garchomp
|-supereffective|p2a: Garchomp
|-damage|p2a: Garchomp|0 fnt
|-damage|p1a: Great Tusk|52/100|[from] ability: Rough Skin|[of] p2a: Garchomp
|faint|p2a: Garchomp
|
|-heal|p1a: Great Tusk|58/100|[from] item: Leftovers
|upkeep
|
|t:|1757859939
|switch|p2a: Skeledirge|Skeledirge, F, tera:Fairy|100/100
|turn|24
|
|t:|1757859963
|move|p1a: Great Tusk|Headlong Rush|p2a: Skeledirge
|-damage|p2a: Skeledirge|68/100
|-unboost|p1a: Great Tusk|def|1
|-unboost|p1a: Great Tusk|spd|1
|move|p2a: Skeledirge|Torch Song|p1a: Great Tusk
|-damage|p1a: Great Tusk|21/100
|-boost|p2a: Skeledirge|spa|1
|
|-heal|p1a: Great Tusk|27/100|[from] item: Leftovers
|upkeep
|turn|25
|
|t:|1757859969
|move|p1a: Great Tusk|Headlong Rush|p2a: Skeledirge
|-damage|p2a: Skeledirge|39/100
|-unboost|p1a: Great Tusk|def|1
|-unboost|p1a: Great Tusk|spd|1
|move|p2a: Skeledirge|Slack Off|p2a: Skeledirge
|-heal|p2a: Skeledirge|89/100
|
|-heal|p1a: Great Tusk|33/100|[from] item: Leftovers
|upkeep
|turn|26
|
|t:|1757859977
|move|p1a: Great Tusk|Headlong Rush|p2a: Skeledirge
|-damage|p2a: Skeledirge|59/100
|-unboost|p1a: Great Tusk|def|1
|-unboost|p1a: Great Tusk|spd|1
|move|p2a: Skeledirge|Torch Song|p1a: Great Tusk
|-damage|p1a: Great Tusk|0 fnt
|-boost|p2a: Skeledirge|spa|1
|faint|p1a: Great Tusk
|-end|p1a: Great Tusk|Protosynthesis|[silent]
|
|upkeep
|
|t:|1757859982
|switch|p1a: Kyurem|Kyurem|10/100
|-ability|p1a: Kyurem|Pressure
|turn|27
|
|t:|1757859985
|switch|p2a: Glimmora|Glimmora, F|88/100
|-damage|p2a: Glimmora|76/100|[from] Stealth Rock
|move|p1a: Kyurem|Ice Beam|p2a: Glimmora
|-damage|p2a: Glimmora|0 fnt
|faint|p2a: Glimmora
|
|upkeep
|
|t:|1757859987
|switch|p2a: Skeledirge|Skeledirge, F, tera:Fairy|59/100
|turn|28
|
|t:|1757859988
|move|p1a: Kyurem|Ice Beam|p2a: Skeledirge
|-damage|p2a: Skeledirge|0 fnt
|faint|p2a: Skeledirge
|
|win|bestbenchbuddy
|raw|bestbenchbuddy's rating: 1410 &rarr; <strong>1428</strong><br />(+18 for winning)
|raw|quetzuma's rating: 1381 &rarr; <strong>1363</strong><br />(-18 for losing)
|l|☆quetzuma
|player|p2|
|l|☆bestbenchbuddy
|player|p1|
