|badge|p2|bronze|gen9ou|100-6
|uhtml|medal-msg|<div class="broadcast-blue">Curious what those medals under the avatar are? PS now has Ladder Seasons! For more information, check out the <a href="https://www.smogon.com/forums/threads/3740067/">thread on Smogon.</a></div>
|j|☆disco 2003
|j|☆Prav33n
|t:|1757874584
|gametype|singles
|player|p1|disco 2003|policeman-gen4|1721
|player|p2|Prav33n|koga|1817
|gen|9
|tier|[Gen 9] OU
|rated|
|rule|HP Percentage Mod: HP is shown in percentages
|rule|Endless Battle Clause: Forcing endless battles is banned
|rule|Species Clause: Limit one of each Pokémon
|rule|OHKO Clause: OHKO moves are banned
|rule|Evasion Items Clause: Evasion items are banned
|rule|Evasion Moves Clause: Evasion moves are banned
|rule|Evasion Abilities Clause: Evasion abilities are banned
|rule|Sleep Moves Clause: Sleep-inducing moves are banned
|clearpoke
|poke|p1|Ceruledge, M|
|poke|p1|Raging Bolt|
|poke|p1|Latias, F|
|poke|p1|Kyurem|
|poke|p1|Ninetales-Alola, F|
|poke|p1|Iron Moth|
|poke|p2|Deoxys-Speed|
|poke|p2|Kyurem|
|poke|p2|Gholdengo|
|poke|p2|Great Tusk|
|poke|p2|Primarina, F|
|poke|p2|Dragonite, M|
|teampreview
|inactive|Battle timer is ON: inactive players will automatically lose when time's up. (requested by Prav33n)
|
|t:|1757874603
|teamsize|p1|6
|teamsize|p2|6
|start
|switch|p1a: MoveMerchant|Iron Moth|100/100
|switch|p2a: Deoxys|Deoxys-Speed|100/100
|-ability|p2a: Deoxys|Pressure
|-enditem|p1a: MoveMerchant|Booster Energy
|-activate|p1a: MoveMerchant|ability: Quark Drive|[fromitem]
|-start|p1a: MoveMerchant|quarkdrivespe
|turn|1
|
|t:|1757874616
|move|p1a: MoveMerchant|Fiery Dance|p2a: Deoxys
|-damage|p2a: Deoxys|46/100
|-boost|p1a: MoveMerchant|spa|1
|-enditem|p2a: Deoxys|Red Card|[of] p1a: MoveMerchant
|-end|p1a: MoveMerchant|Quark Drive|[silent]
|drag|p1a: rng my ahh|Kyurem|100/100
|-ability|p1a: rng my ahh|Pressure
|move|p2a: Deoxys|Spikes|p1a: rng my ahh
|-sidestart|p1: disco 2003|Spikes
|
|upkeep
|turn|2
|
|t:|1757874626
|move|p2a: Deoxys|Knock Off|p1a: rng my ahh
|-damage|p1a: rng my ahh|78/100
|-enditem|p1a: rng my ahh|Loaded Dice|[from] move: Knock Off|[of] p2a: Deoxys
|move|p1a: rng my ahh|Scale Shot|p2a: Deoxys
|-damage|p2a: Deoxys|31/100
|-damage|p2a: Deoxys|16/100
|-hitcount|p2a: Deoxys|2
|-unboost|p1a: rng my ahh|def|1
|-boost|p1a: rng my ahh|spe|1
|
|upkeep
|turn|3
|
|t:|1757874635
|move|p2a: Deoxys|Spikes|p1a: rng my ahh
|-sidestart|p1: disco 2003|Spikes
|move|p1a: rng my ahh|Icicle Spear|p2a: Deoxys
|-damage|p2a: Deoxys|0 fnt
|faint|p2a: Deoxys
|-hitcount|p2: Deoxys|1
|
|upkeep
|
|t:|1757874640
|switch|p2a: Primarina|Primarina, F|100/100
|turn|4
|
|t:|1757874643
|switch|p1a: snow bunny|Ninetales-Alola, F|100/100
|-damage|p1a: snow bunny|84/100|[from] Spikes
|-weather|Snowscape|[from] ability: Snow Warning|[of] p1a: snow bunny
|move|p2a: Primarina|Moonblast|p1a: snow bunny
|-damage|p1a: snow bunny|18/100
|
|-weather|Snowscape|[upkeep]
|upkeep
|turn|5
|
|t:|1757874648
|move|p1a: snow bunny|Aurora Veil|p1a: snow bunny
|-sidestart|p1: disco 2003|move: Aurora Veil
|move|p2a: Primarina|Flip Turn|p1a: snow bunny
|-damage|p1a: snow bunny|10/100
|
|t:|1757874654
|switch|p2a: Great Tusk|Great Tusk|100/100|[from] Flip Turn
|
|-weather|Snowscape|[upkeep]
|upkeep
|turn|6
|j| lanarey
|
|t:|1757874660
|move|p1a: snow bunny|Moonblast|p2a: Great Tusk
|-supereffective|p2a: Great Tusk
|-damage|p2a: Great Tusk|0 fnt
|faint|p2a: Great Tusk
|-end|p2a: Great Tusk|Protosynthesis|[silent]
|
|-weather|Snowscape|[upkeep]
|upkeep
|
|t:|1757874668
|switch|p2a: Primarina|Primarina, F|100/100
|turn|7
|
|t:|1757874672
|move|p1a: snow bunny|Freeze-Dry|p2a: Primarina
|-supereffective|p2a: Primarina
|-damage|p2a: Primarina|67/100
|move|p2a: Primarina|Flip Turn|p1a: snow bunny
|-damage|p1a: snow bunny|3/100
|
|t:|1757874686
|switch|p2a: Dragonite|Dragonite, M, shiny|100/100|[from] Flip Turn
|
|-weather|Snowscape|[upkeep]
|upkeep
|turn|8
|
|t:|1757874696
|switch|p1a: bury the light|Ceruledge, M|100/100
|-damage|p1a: bury the light|84/100|[from] Spikes
|-terastallize|p2a: Dragonite|Fairy
|move|p2a: Dragonite|Dragon Dance|p2a: Dragonite
|-boost|p2a: Dragonite|atk|1
|-boost|p2a: Dragonite|spe|1
|
|-weather|none
|upkeep
|turn|9
|
|t:|1757874711
|move|p2a: Dragonite|Dragon Dance|p2a: Dragonite
|-boost|p2a: Dragonite|atk|1
|-boost|p2a: Dragonite|spe|1
|move|p1a: bury the light|Poltergeist|p2a: Dragonite
|-activate|p2a: Dragonite|move: Poltergeist|Heavy-Duty Boots
|-damage|p2a: Dragonite|75/100
|
|upkeep
|turn|10
|
|t:|1757874721
|switch|p1a: snow bunny|Ninetales-Alola, F|3/100
|-damage|p1a: snow bunny|0 fnt|[from] Spikes
|faint|p1a: snow bunny
|move|p2a: Dragonite|Roost|p2a: Dragonite
|-heal|p2a: Dragonite|100/100
|
|upkeep
|
|t:|1757874732
|switch|p1a: MoveMerchant|Iron Moth|100/100
|-damage|p1a: MoveMerchant|84/100|[from] Spikes
|turn|11
|
|t:|1757874747
|move|p2a: Dragonite|Earthquake|p1a: MoveMerchant
|-supereffective|p1a: MoveMerchant
|-damage|p1a: MoveMerchant|0 fnt
|faint|p1a: MoveMerchant
|-end|p1a: MoveMerchant|Quark Drive|[silent]
|
|upkeep
|
|t:|1757874749
|switch|p1a: bury the light|Ceruledge, M|84/100
|-damage|p1a: bury the light|68/100|[from] Spikes
|turn|12
|
|t:|1757874752
|move|p2a: Dragonite|Earthquake|p1a: bury the light
|-supereffective|p1a: bury the light
|-damage|p1a: bury the light|0 fnt
|faint|p1a: bury the light
|
|-sideend|p1: disco 2003|move: Aurora Veil
|upkeep
|
|t:|1757874767
|switch|p1a: rng my ahh|Kyurem|78/100
|-damage|p1a: rng my ahh|62/100|[from] Spikes
|-ability|p1a: rng my ahh|Pressure
|turn|13
|
|t:|1757874777
|-terastallize|p1a: rng my ahh|Fire
|move|p2a: Dragonite|Tera Blast|p1a: rng my ahh|[anim] Tera Blast Fairy
|-resisted|p1a: rng my ahh
|-damage|p1a: rng my ahh|18/100
|move|p1a: rng my ahh|Icicle Spear|p2a: Dragonite
|-damage|p2a: Dragonite|94/100
|-damage|p2a: Dragonite|79/100
|-hitcount|p2a: Dragonite|2
|
|upkeep
|turn|14
|
|t:|1757874782
|move|p2a: Dragonite|Earthquake|p1a: rng my ahh
|-supereffective|p1a: rng my ahh
|-damage|p1a: rng my ahh|0 fnt
|faint|p1a: rng my ahh
|
|upkeep
|-message|disco 2003 forfeited.
|
|win|Prav33n
|raw|disco 2003's rating: 1721 &rarr; <strong>1706</strong><br />(-15 for losing)
|raw|Prav33n's rating: 1817 &rarr; <strong>1832</strong><br />(+15 for winning)
|l|☆disco 2003
|player|p1|
|l| lanarey
|l|☆Prav33n
|player|p2|
