|j|☆ronpelano
|j|☆Hyjack
|t:|1757913079
|gametype|singles
|player|p1|ronpelano|battlegirl-gen4|1247
|player|p2|Hyjack|cynthia-gen4|1236
|gen|9
|tier|[Gen 9] OU
|rated|
|rule|HP Percentage Mod: HP is shown in percentages
|rule|Endless Battle Clause: Forcing endless battles is banned
|rule|Species Clause: Limit one of each Pokémon
|rule|OHKO Clause: OHKO moves are banned
|rule|Evasion Items Clause: Evasion items are banned
|rule|Evasion Moves Clause: Evasion moves are banned
|rule|Evasion Abilities Clause: Evasion abilities are banned
|rule|Sleep Moves Clause: Sleep-inducing moves are banned
|clearpoke
|poke|p1|Dondozo, F|
|poke|p1|Blissey, F|
|poke|p1|Corviknight, M|
|poke|p1|Weezing-Galar, F|
|poke|p1|Gliscor, F|
|poke|p1|Toxapex, M|
|poke|p2|Hydrapple, M|
|poke|p2|Primarina, M|
|poke|p2|Heatran, M|
|poke|p2|Thundurus, M|
|poke|p2|Great Tusk|
|poke|p2|Scizor, M|
|teampreview
|
|t:|1757913085
|teamsize|p1|6
|teamsize|p2|6
|start
|switch|p1a: D0drio|Weezing-Galar, F|100/100
|switch|p2a: Thundurus|Thundurus, M|100/100
|-ability|p1a: D0drio|Neutralizing Gas
|turn|1
|inactive|Battle timer is ON: inactive players will automatically lose when time's up. (requested by Hyjack)
|
|t:|1757913103
|move|p2a: Thundurus|Knock Off|p1a: D0drio
|-resisted|p1a: D0drio
|-damage|p1a: D0drio|90/100
|-enditem|p1a: D0drio|Heavy-Duty Boots|[from] move: Knock Off|[of] p2a: Thundurus
|move|p1a: D0drio|Will-O-Wisp|p2a: Thundurus
|-status|p2a: Thundurus|brn
|
|-damage|p2a: Thundurus|94/100 brn|[from] brn
|upkeep
|turn|2
|
|t:|1757913127
|move|p2a: Thundurus|Volt Switch|p1a: D0drio
|-damage|p1a: D0drio|54/100
|
|t:|1757913130
|switch|p2a: Heatran|Heatran, M|100/100|[from] Volt Switch
|move|p1a: D0drio|Strange Steam|p2a: Heatran
|-resisted|p2a: Heatran
|-damage|p2a: Heatran|94/100
|-start|p2a: Heatran|confusion
|
|-heal|p2a: Heatran|99/100|[from] item: Leftovers
|upkeep
|turn|3
|
|t:|1757913141
|-end|p1a: D0drio|ability: Neutralizing Gas
|switch|p1a: Chancey|Blissey, F|100/100
|-activate|p2a: Heatran|confusion
|-damage|p2a: Heatran|93/100|[from] confusion
|
|-heal|p2a: Heatran|99/100|[from] item: Leftovers
|upkeep
|turn|4
|
|t:|1757913148
|-activate|p2a: Heatran|confusion
|move|p2a: Heatran|Taunt|p1a: Chancey
|-start|p1a: Chancey|move: Taunt
|cant|p1a: Chancey|move: Taunt|Stealth Rock
|
|-heal|p2a: Heatran|100/100|[from] item: Leftovers
|upkeep
|turn|5
|
|t:|1757913151
|-end|p2a: Heatran|confusion
|move|p2a: Heatran|Magma Storm|p1a: Chancey
|-damage|p1a: Chancey|83/100
|-activate|p1a: Chancey|move: Magma Storm|[of] p2a: Heatran
|move|p1a: Chancey|Seismic Toss|p2a: Heatran
|-damage|p2a: Heatran|70/100
|
|-heal|p2a: Heatran|76/100|[from] item: Leftovers
|-heal|p1a: Chancey|89/100|[from] item: Leftovers
|-damage|p1a: Chancey|77/100|[from] move: Magma Storm|[partiallytrapped]
|upkeep
|turn|6
|
|t:|1757913162
|move|p2a: Heatran|Stealth Rock|p1a: Chancey
|-sidestart|p1: ronpelano|move: Stealth Rock
|move|p1a: Chancey|Seismic Toss|p2a: Heatran
|-damage|p2a: Heatran|45/100
|
|-heal|p2a: Heatran|51/100|[from] item: Leftovers
|-heal|p1a: Chancey|83/100|[from] item: Leftovers
|-damage|p1a: Chancey|70/100|[from] move: Magma Storm|[partiallytrapped]
|-end|p1a: Chancey|move: Taunt
|upkeep
|turn|7
|
|t:|1757913173
|move|p2a: Heatran|Taunt|p1a: Chancey
|-start|p1a: Chancey|move: Taunt
|move|p1a: Chancey|Seismic Toss|p2a: Heatran
|-damage|p2a: Heatran|20/100
|
|-heal|p2a: Heatran|26/100|[from] item: Leftovers
|-heal|p1a: Chancey|77/100|[from] item: Leftovers
|-damage|p1a: Chancey|64/100|[from] move: Magma Storm|[partiallytrapped]
|upkeep
|turn|8
|
|t:|1757913182
|switch|p2a: Hydrapple|Hydrapple, M|100/100
|move|p1a: Chancey|Seismic Toss|p2a: Hydrapple
|-damage|p2a: Hydrapple|72/100
|
|-heal|p1a: Chancey|70/100|[from] item: Leftovers
|-end|p1a: Chancey|Magma Storm|[partiallytrapped]|[silent]
|upkeep
|turn|9
|
|t:|1757913193
|switch|p1a: D0drio|Weezing-Galar, F|54/100
|-ability|p1a: D0drio|Neutralizing Gas
|-damage|p1a: D0drio|42/100|[from] Stealth Rock
|move|p2a: Hydrapple|Body Press|p1a: D0drio
|-resisted|p1a: D0drio
|-damage|p1a: D0drio|38/100
|
|upkeep
|turn|10
|
|t:|1757913200
|switch|p2a: Primarina|Primarina, M|100/100
|move|p1a: D0drio|Pain Split|p2a: Primarina
|-sethp|p2a: Primarina|70/100|[from] move: Pain Split|[silent]
|-sethp|p1a: D0drio|67/100|[from] move: Pain Split
|
|upkeep
|turn|11
|
|t:|1757913212
|move|p2a: Primarina|Whirlpool|p1a: D0drio
|-damage|p1a: D0drio|41/100
|-activate|p1a: D0drio|move: Whirlpool|[of] p2a: Primarina
|move|p1a: D0drio|Defog|p2a: Primarina
|-unboost|p2a: Primarina|evasion|1
|-sideend|p1: ronpelano|Stealth Rock|[from] move: Defog|[of] p1a: D0drio
|
|-damage|p1a: D0drio|29/100|[from] move: Whirlpool|[partiallytrapped]
|upkeep
|turn|12
|
|t:|1757913228
|move|p2a: Primarina|Moonblast|p1a: D0drio
|-resisted|p1a: D0drio
|-damage|p1a: D0drio|0 fnt
|faint|p1a: D0drio
|-end|p1a: D0drio|ability: Neutralizing Gas
|
|upkeep
|
|t:|1757913244
|switch|p1a: Chancey|Blissey, F|70/100
|turn|13
|
|t:|1757913248
|move|p2a: Primarina|Whirlpool|p1a: Chancey
|-damage|p1a: Chancey|64/100
|-activate|p1a: Chancey|move: Whirlpool|[of] p2a: Primarina
|move|p1a: Chancey|Stealth Rock|p2a: Primarina
|-sidestart|p2: Hyjack|move: Stealth Rock
|
|-heal|p1a: Chancey|71/100|[from] item: Leftovers
|-damage|p1a: Chancey|58/100|[from] move: Whirlpool|[partiallytrapped]
|upkeep
|turn|14
|
|t:|1757913258
|move|p2a: Primarina|Psychic Noise|p1a: Chancey
|-damage|p1a: Chancey|44/100
|-start|p1a: Chancey|move: Heal Block
|cant|p1a: Chancey|move: Heal Block|Soft-Boiled
|
|-damage|p1a: Chancey|32/100|[from] move: Whirlpool|[partiallytrapped]
|upkeep
|turn|15
|
|t:|1757913271
|move|p2a: Primarina|Flip Turn|p1a: Chancey
|-damage|p1a: Chancey|16/100
|
|t:|1757913274
|switch|p2a: Great Tusk|Great Tusk|100/100|[from] Flip Turn
|move|p1a: Chancey|Calm Mind|p1a: Chancey
|-boost|p1a: Chancey|spa|1
|-boost|p1a: Chancey|spd|1
|
|-end|p1a: Chancey|Whirlpool|[partiallytrapped]|[silent]
|-end|p1a: Chancey|move: Heal Block
|upkeep
|turn|16
|
|t:|1757913283
|move|p2a: Great Tusk|Rapid Spin|p1a: Chancey
|-damage|p1a: Chancey|0 fnt
|-boost|p2a: Great Tusk|spe|1
|-sideend|p2: Hyjack|Stealth Rock|[from] move: Rapid Spin|[of] p2a: Great Tusk
|faint|p1a: Chancey
|
|upkeep
|
|t:|1757913293
|switch|p1a: Crobatt|Gliscor, F|100/100
|turn|17
|
|t:|1757913295
|move|p2a: Great Tusk|Ice Spinner|p1a: Crobatt
|-supereffective|p1a: Crobatt
|-damage|p1a: Crobatt|18/100
|move|p1a: Crobatt|Knock Off|p2a: Great Tusk
|-resisted|p2a: Great Tusk
|-damage|p2a: Great Tusk|92/100
|-enditem|p2a: Great Tusk|Heavy-Duty Boots|[from] move: Knock Off|[of] p1a: Crobatt
|
|-status|p1a: Crobatt|tox|[from] item: Toxic Orb
|upkeep
|turn|18
|inactive|ronpelano has 120 seconds left.
|
|t:|1757913342
|move|p2a: Great Tusk|Ice Spinner|p1a: Crobatt
|-supereffective|p1a: Crobatt
|-damage|p1a: Crobatt|0 fnt
|faint|p1a: Crobatt
|
|upkeep
|-message|ronpelano forfeited.
|
|win|Hyjack
|raw|ronpelano's rating: 1247 &rarr; <strong>1221</strong><br />(-26 for losing)
|raw|Hyjack's rating: 1236 &rarr; <strong>1262</strong><br />(+26 for winning)
|l|☆ronpelano
|player|p1|
|l|☆Hyjack
|player|p2|
