|j|☆Josema05
|j|☆Toxic Smite
|t:|1757786225
|gametype|singles
|player|p1|Josema05|n|1224
|player|p2|Toxic Smite|gambler|1202
|gen|9
|tier|[Gen 9] OU
|rated|
|rule|HP Percentage Mod: HP is shown in percentages
|rule|Endless Battle Clause: Forcing endless battles is banned
|rule|Species Clause: Limit one of each Pokémon
|rule|OHKO Clause: OHKO moves are banned
|rule|Evasion Items Clause: Evasion items are banned
|rule|Evasion Moves Clause: Evasion moves are banned
|rule|Evasion Abilities Clause: Evasion abilities are banned
|rule|Sleep Moves Clause: Sleep-inducing moves are banned
|clearpoke
|poke|p1|Serperior, M|
|poke|p1|Greninja-*, M|
|poke|p1|Dragapult, M|
|poke|p1|Incineroar, M|
|poke|p1|Toxapex, F|
|poke|p1|Alomomola, M|
|poke|p2|Raging Bolt|
|poke|p2|Zapdos|
|poke|p2|Electrode-Hisui|
|poke|p2|Rotom|
|poke|p2|Iron Hands|
|poke|p2|Morpeko, F|
|teampreview
|
|t:|1757786232
|teamsize|p1|6
|teamsize|p2|6
|start
|switch|p1a: Incineroar|Incineroar, M|100/100
|switch|p2a: Electrode|Electrode-Hisui|100/100
|-ability|p1a: Incineroar|Intimidate|boost
|-unboost|p2a: Electrode|atk|1
|turn|1
|inactive|Battle timer is ON: inactive players will automatically lose when time's up. (requested by Toxic Smite)
|
|t:|1757786247
|move|p2a: Electrode|Substitute|p2a: Electrode
|-start|p2a: Electrode|Substitute
|-damage|p2a: Electrode|76/100
|move|p1a: Incineroar|Will-O-Wisp||[still]
|-fail|p1a: Incineroar
|
|-heal|p2a: Electrode|82/100|[from] item: Leftovers
|upkeep
|turn|2
|
|t:|1757786255
|switch|p1a: Dragapult|Dragapult, M|100/100
|move|p2a: Electrode|Charge Beam|p1a: Dragapult
|-resisted|p1a: Dragapult
|-damage|p1a: Dragapult|89/100
|
|-heal|p2a: Electrode|88/100|[from] item: Leftovers
|upkeep
|turn|3
|
|t:|1757786267
|switch|p2a: Zapdos|Zapdos, shiny|100/100
|move|p1a: Dragapult|Dragon Darts|p2a: Zapdos
|-damage|p2a: Zapdos|71/100
|-anim|p1a: Dragapult|Dragon Darts|p2a: Zapdos
|-damage|p2a: Zapdos|42/100
|
|upkeep
|turn|4
|
|t:|1757786287
|switch|p2a: Iron Hands|Iron Hands|100/100
|move|p1a: Dragapult|Dragon Darts|p2a: Iron Hands
|-damage|p2a: Iron Hands|76/100
|-anim|p1a: Dragapult|Dragon Darts|p2a: Iron Hands
|-damage|p2a: Iron Hands|50/100
|
|upkeep
|turn|5
|
|t:|1757786294
|-terastallize|p2a: Iron Hands|Fairy
|move|p1a: Dragapult|Dragon Darts|p2a: Iron Hands
|-immune|p2a: Iron Hands
|move|p2a: Iron Hands|Play Rough|p1a: Dragapult
|-supereffective|p1a: Dragapult
|-damage|p1a: Dragapult|0 fnt
|faint|p1a: Dragapult
|
|upkeep
|
|t:|1757786299
|switch|p1a: Incineroar|Incineroar, M|100/100
|-ability|p1a: Incineroar|Intimidate|boost
|-unboost|p2a: Iron Hands|atk|1
|turn|6
|
|t:|1757786308
|-end|p2a: Iron Hands|Quark Drive|[silent]
|switch|p2a: Zapdos|Zapdos, shiny|42/100
|move|p1a: Incineroar|Parting Shot|p2a: Zapdos
|-unboost|p2a: Zapdos|atk|1
|-unboost|p2a: Zapdos|spa|1
|
|t:|1757786317
|switch|p1a: Greninja|Greninja, M|100/100|[from] Parting Shot
|
|upkeep
|turn|7
|
|t:|1757786321
|move|p1a: Greninja|Dark Pulse|p2a: Zapdos
|-start|p1a: Greninja|typechange|Dark|[from] ability: Protean
|-damage|p2a: Zapdos|0 fnt
|faint|p2a: Zapdos
|
|upkeep
|
|t:|1757786335
|switch|p2a: Morpeko|Morpeko, F|100/100
|turn|8
|
|t:|1757786341
|switch|p1a: Incineroar|Incineroar, M|100/100
|-ability|p1a: Incineroar|Intimidate|boost
|-unboost|p2a: Morpeko|atk|1
|move|p2a: Morpeko|Aura Wheel|p1a: Incineroar
|-damage|p1a: Incineroar|69/100
|-boost|p2a: Morpeko|spe|1
|
|-formechange|p2a: Morpeko|Morpeko-Hangry||[from] ability: Hunger Switch
|upkeep
|turn|9
|
|t:|1757786354
|move|p2a: Morpeko|Protect|p2a: Morpeko
|-singleturn|p2a: Morpeko|Protect
|move|p1a: Incineroar|Parting Shot|p2a: Morpeko
|-activate|p2a: Morpeko|move: Protect
|
|-formechange|p2a: Morpeko|Morpeko||[from] ability: Hunger Switch
|upkeep
|turn|10
|
|t:|1757786361
|move|p2a: Morpeko|Aura Wheel|p1a: Incineroar
|-damage|p1a: Incineroar|36/100
|-boost|p2a: Morpeko|spe|1
|move|p1a: Incineroar|Parting Shot|p2a: Morpeko
|-unboost|p2a: Morpeko|atk|1
|-unboost|p2a: Morpeko|spa|1
|
|t:|1757786367
|switch|p1a: Serperior|Serperior, M|100/100|[from] Parting Shot
|
|-formechange|p2a: Morpeko|Morpeko-Hangry||[from] ability: Hunger Switch
|upkeep
|turn|11
|
|t:|1757786395
|move|p2a: Morpeko|Protect|p2a: Morpeko
|-singleturn|p2a: Morpeko|Protect
|move|p1a: Serperior|Leaf Storm|p2a: Morpeko
|-activate|p2a: Morpeko|move: Protect
|
|-formechange|p2a: Morpeko|Morpeko||[from] ability: Hunger Switch
|upkeep
|turn|12
|inactive|Toxic Smite has 120 seconds left.
|
|t:|1757786421
|switch|p2a: Raging Bolt|Raging Bolt|100/100
|move|p1a: Serperior|Leaf Storm|p2a: Raging Bolt|[miss]
|-miss|p1a: Serperior|p2a: Raging Bolt
|
|upkeep
|turn|13
|
|t:|1757786427
|switch|p1a: Incineroar|Incineroar, M|36/100
|-ability|p1a: Incineroar|Intimidate|boost
|-unboost|p2a: Raging Bolt|atk|1
|move|p2a: Raging Bolt|Draco Meteor|p1a: Incineroar
|-damage|p1a: Incineroar|0 fnt
|-unboost|p2a: Raging Bolt|spa|2
|faint|p1a: Incineroar
|
|upkeep
|
|t:|1757786446
|switch|p1a: Greninja|Greninja, M|100/100
|turn|14
|
|t:|1757786464
|-end|p2a: Raging Bolt|Protosynthesis|[silent]
|switch|p2a: Morpeko|Morpeko, F|100/100
|move|p1a: Greninja|Sludge Wave|p2a: Morpeko
|-start|p1a: Greninja|typechange|Poison|[from] ability: Protean
|-damage|p2a: Morpeko|0 fnt
|faint|p2a: Morpeko
|
|upkeep
|inactive|Toxic Smite has 120 seconds left.
|
|t:|1757786479
|switch|p2a: Rotom|Rotom|100/100
|turn|15
|
|t:|1757786485
|switch|p1a: Serperior|Serperior, M|100/100
|move|p2a: Rotom|Volt Switch|p1a: Serperior
|-resisted|p1a: Serperior
|-damage|p1a: Serperior|91/100
|
|t:|1757786487
|switch|p2a: Raging Bolt|Raging Bolt|100/100|[from] Volt Switch
|
|upkeep
|turn|16
|
|t:|1757786494
|move|p1a: Serperior|Leaf Storm|p2a: Raging Bolt|[miss]
|-miss|p1a: Serperior|p2a: Raging Bolt
|move|p2a: Raging Bolt|Draco Meteor|p1a: Serperior
|-damage|p1a: Serperior|2/100
|-unboost|p2a: Raging Bolt|spa|2
|
|upkeep
|turn|17
|
|t:|1757786502
|-end|p2a: Raging Bolt|Protosynthesis|[silent]
|switch|p2a: Electrode|Electrode-Hisui|88/100
|move|p1a: Serperior|Dragon Pulse|p2a: Electrode
|-damage|p2a: Electrode|57/100
|
|-heal|p2a: Electrode|63/100|[from] item: Leftovers
|upkeep
|turn|18
|
|t:|1757786509
|move|p2a: Electrode|Charge Beam|p1a: Serperior
|-resisted|p1a: Serperior
|-damage|p1a: Serperior|0 fnt
|-boost|p2a: Electrode|spa|1
|faint|p1a: Serperior
|
|-heal|p2a: Electrode|69/100|[from] item: Leftovers
|upkeep
|
|t:|1757786514
|switch|p1a: Toxapex|Toxapex, F|100/100
|-item|p1a: Toxapex|Air Balloon
|turn|19
|
|t:|1757786518
|move|p2a: Electrode|Substitute|p2a: Electrode
|-start|p2a: Electrode|Substitute
|-damage|p2a: Electrode|44/100
|move|p1a: Toxapex|Toxic||[still]
|-fail|p1a: Toxapex
|
|-heal|p2a: Electrode|50/100|[from] item: Leftovers
|upkeep
|turn|20
|
|t:|1757786523
|move|p2a: Electrode|Charge Beam|p1a: Toxapex
|-supereffective|p1a: Toxapex
|-crit|p1a: Toxapex
|-damage|p1a: Toxapex|31/100
|-boost|p2a: Electrode|spa|1
|-enditem|p1a: Toxapex|Air Balloon
|move|p1a: Toxapex|Chilling Water|p2a: Electrode
|-resisted|p2a: Electrode
|-activate|p2a: Electrode|move: Substitute|[damage]
|
|-heal|p2a: Electrode|56/100|[from] item: Leftovers
|upkeep
|turn|21
|-message|Josema05 forfeited.
|
|win|Toxic Smite
|raw|Josema05's rating: 1224 &rarr; <strong>1197</strong><br />(-27 for losing)
|raw|Toxic Smite's rating: 1202 &rarr; <strong>1229</strong><br />(+27 for winning)
|l|☆Josema05
|player|p1|
|l|☆Toxic Smite
|player|p2|
