|j|☆Danxsh17
|j|☆ouku bakuza
|t:|1757829843
|gametype|singles
|player|p1|Danxsh17|blue|1504
|player|p2|ouku bakuza|266|1511
|gen|9
|tier|[Gen 9] OU
|rated|
|rule|HP Percentage Mod: HP is shown in percentages
|rule|Endless Battle Clause: Forcing endless battles is banned
|rule|Species Clause: Limit one of each Pokémon
|rule|OHKO Clause: OHKO moves are banned
|rule|Evasion Items Clause: Evasion items are banned
|rule|Evasion Moves Clause: Evasion moves are banned
|rule|Evasion Abilities Clause: Evasion abilities are banned
|rule|Sleep Moves Clause: Sleep-inducing moves are banned
|clearpoke
|poke|p1|Zapdos|
|poke|p1|Raging Bolt|
|poke|p1|Arcanine-Hisui, F|
|poke|p1|Hatterene, F|
|poke|p1|Quaquaval, F|
|poke|p1|Moltres|
|poke|p2|Great Tusk|
|poke|p2|Dragonite, M|
|poke|p2|Gholdengo|
|poke|p2|Iron Treads|
|poke|p2|Rotom-Wash|
|poke|p2|Iron Valiant|
|teampreview
|inactive|Battle timer is ON: inactive players will automatically lose when time's up. (requested by Danxsh17)
|
|t:|1757829860
|teamsize|p1|6
|teamsize|p2|6
|start
|switch|p1a: Arcanine|Arcanine-Hisui, F|100/100
|switch|p2a: Rotom|Rotom-Wash|100/100
|turn|1
|
|t:|1757829869
|move|p2a: Rotom|Volt Switch|p1a: Arcanine
|-damage|p1a: Arcanine|63/100
|
|t:|1757829872
|switch|p2a: Iron Treads|Iron Treads|100/100|[from] Volt Switch
|-enditem|p2a: Iron Treads|Booster Energy
|-activate|p2a: Iron Treads|ability: Quark Drive|[fromitem]
|-start|p2a: Iron Treads|quarkdrivespe
|move|p1a: Arcanine|Head Smash|p2a: Iron Treads
|-resisted|p2a: Iron Treads
|-damage|p2a: Iron Treads|74/100
|
|upkeep
|turn|2
|
|t:|1757829880
|switch|p1a: Hatterene|Hatterene, F|100/100
|move|p2a: Iron Treads|Earthquake|p1a: Hatterene
|-damage|p1a: Hatterene|63/100
|
|upkeep
|turn|3
|
|t:|1757829884
|switch|p1a: Zapdos|Zapdos|100/100
|move|p2a: Iron Treads|Iron Head|p1a: Zapdos
|-resisted|p1a: Zapdos
|-damage|p1a: Zapdos|80/100
|
|upkeep
|turn|4
|
|t:|1757829888
|move|p2a: Iron Treads|Stealth Rock|p1a: Zapdos
|-sidestart|p1: Danxsh17|move: Stealth Rock
|move|p1a: Zapdos|Heat Wave|p2a: Iron Treads
|-supereffective|p2a: Iron Treads
|-crit|p2a: Iron Treads
|-damage|p2a: Iron Treads|0 fnt
|faint|p2a: Iron Treads
|-end|p2a: Iron Treads|Quark Drive|[silent]
|
|upkeep
|
|t:|1757829895
|switch|p2a: Rotom|Rotom-Wash|100/100
|turn|5
|
|t:|1757829898
|move|p2a: Rotom|Trick|p1a: Zapdos
|-activate|p2a: Rotom|move: Trick|[of] p1a: Zapdos
|-item|p1a: Zapdos|Choice Scarf|[from] move: Trick
|-item|p2a: Rotom|Heavy-Duty Boots|[from] move: Trick
|move|p1a: Zapdos|Volt Switch|p2a: Rotom
|-damage|p2a: Rotom|60/100
|
|t:|1757829906
|switch|p1a: Hatterene|Hatterene, F|63/100|[from] Volt Switch
|-damage|p1a: Hatterene|50/100|[from] Stealth Rock
|
|upkeep
|turn|6
|
|t:|1757829909
|move|p2a: Rotom|Volt Switch|p1a: Hatterene
|-damage|p1a: Hatterene|22/100
|
|t:|1757829912
|switch|p2a: van gho|Gholdengo|100/100|[from] Volt Switch
|move|p1a: Hatterene|Draining Kiss|p2a: van gho
|-resisted|p2a: van gho
|-damage|p2a: van gho|88/100
|-heal|p1a: Hatterene|33/100|[from] drain|[of] p2a: van gho
|
|-heal|p2a: van gho|94/100|[from] item: Leftovers
|upkeep
|turn|7
|
|t:|1757829921
|switch|p1a: Moltres|Moltres|100/100
|move|p2a: van gho|Shadow Ball|p1a: Moltres
|-crit|p1a: Moltres
|-damage|p1a: Moltres|60/100
|
|-heal|p2a: van gho|99/100|[from] item: Leftovers
|upkeep
|turn|8
|
|t:|1757829931
|switch|p2a: Rotom|Rotom-Wash|60/100
|move|p1a: Moltres|Will-O-Wisp|p2a: Rotom
|-status|p2a: Rotom|brn
|
|-damage|p2a: Rotom|54/100 brn|[from] brn
|upkeep
|turn|9
|
|t:|1757829934
|move|p2a: Rotom|Volt Switch|p1a: Moltres
|-supereffective|p1a: Moltres
|-damage|p1a: Moltres|19/100
|
|t:|1757829938
|switch|p2a: van gho|Gholdengo|99/100|[from] Volt Switch
|move|p1a: Moltres|Roost|p1a: Moltres
|-heal|p1a: Moltres|69/100
|-singleturn|p1a: Moltres|move: Roost
|
|-heal|p2a: van gho|100/100|[from] item: Leftovers
|upkeep
|turn|10
|
|t:|1757829947
|move|p1a: Moltres|Flamethrower|p2a: van gho
|-supereffective|p2a: van gho
|-damage|p2a: van gho|30/100
|-status|p2a: van gho|brn
|move|p2a: van gho|Shadow Ball|p1a: Moltres
|-damage|p1a: Moltres|41/100
|
|-heal|p2a: van gho|36/100 brn|[from] item: Leftovers
|-damage|p2a: van gho|30/100 brn|[from] brn
|upkeep
|turn|11
|
|t:|1757829955
|move|p1a: Moltres|Roost|p1a: Moltres
|-heal|p1a: Moltres|91/100
|-singleturn|p1a: Moltres|move: Roost
|move|p2a: van gho|Shadow Ball|p1a: Moltres
|-damage|p1a: Moltres|66/100
|
|-heal|p2a: van gho|36/100 brn|[from] item: Leftovers
|-damage|p2a: van gho|30/100 brn|[from] brn
|upkeep
|turn|12
|
|t:|1757829964
|move|p1a: Moltres|Roost|p1a: Moltres
|-heal|p1a: Moltres|100/100
|-singleturn|p1a: Moltres|move: Roost
|move|p2a: van gho|Shadow Ball|p1a: Moltres
|-damage|p1a: Moltres|74/100
|
|-heal|p2a: van gho|36/100 brn|[from] item: Leftovers
|-damage|p2a: van gho|30/100 brn|[from] brn
|upkeep
|turn|13
|
|t:|1757829966
|switch|p2a: Rotom|Rotom-Wash|54/100 brn
|move|p1a: Moltres|Flamethrower|p2a: Rotom
|-resisted|p2a: Rotom
|-damage|p2a: Rotom|34/100 brn
|
|-damage|p2a: Rotom|28/100 brn|[from] brn
|upkeep
|turn|14
|
|t:|1757829970
|switch|p1a: Hatterene|Hatterene, F|33/100
|-damage|p1a: Hatterene|21/100|[from] Stealth Rock
|move|p2a: Rotom|Volt Switch|p1a: Hatterene
|-damage|p1a: Hatterene|0 fnt
|faint|p1a: Hatterene
|
|t:|1757829976
|switch|p2a: van gho|Gholdengo|30/100 brn|[from] Volt Switch
|
|-heal|p2a: van gho|36/100 brn|[from] item: Leftovers
|-damage|p2a: van gho|30/100 brn|[from] brn
|upkeep
|
|t:|1757829979
|switch|p1a: Quaquaval|Quaquaval, F|100/100
|turn|15
|
|t:|1757829982
|move|p1a: Quaquaval|Aqua Step|p2a: van gho
|-damage|p2a: van gho|2/100 brn
|-boost|p1a: Quaquaval|spe|1
|move|p2a: van gho|Shadow Ball|p1a: Quaquaval
|-damage|p1a: Quaquaval|52/100
|
|-heal|p2a: van gho|8/100 brn|[from] item: Leftovers
|-damage|p2a: van gho|2/100 brn|[from] brn
|upkeep
|turn|16
|
|t:|1757829998
|move|p1a: Quaquaval|Aqua Step|p2a: van gho
|-damage|p2a: van gho|0 fnt
|-boost|p1a: Quaquaval|spe|1
|faint|p2a: van gho
|-ability|p1a: Quaquaval|Moxie|boost
|-boost|p1a: Quaquaval|atk|1
|
|upkeep
|
|t:|1757830010
|switch|p2a: Dragonite|Dragonite, M|100/100
|turn|17
|
|t:|1757830012
|-terastallize|p2a: Dragonite|Fire
|move|p1a: Quaquaval|Rapid Spin|p2a: Dragonite
|-damage|p2a: Dragonite|87/100
|-boost|p1a: Quaquaval|spe|1
|-sideend|p1: Danxsh17|Stealth Rock|[from] move: Rapid Spin|[of] p1a: Quaquaval
|move|p2a: Dragonite|Dragon Dance|p2a: Dragonite
|-boost|p2a: Dragonite|atk|1
|-boost|p2a: Dragonite|spe|1
|
|-heal|p2a: Dragonite|93/100|[from] item: Leftovers
|upkeep
|turn|18
|
|t:|1757830018
|move|p2a: Dragonite|Extreme Speed|p1a: Quaquaval
|-damage|p1a: Quaquaval|0 fnt
|faint|p1a: Quaquaval
|
|-heal|p2a: Dragonite|99/100|[from] item: Leftovers
|upkeep
|
|t:|1757830023
|switch|p1a: Zapdos|Zapdos|80/100
|turn|19
|
|t:|1757830029
|move|p1a: Zapdos|Hurricane|p2a: Dragonite
|-damage|p2a: Dragonite|37/100
|move|p2a: Dragonite|Dragon Dance|p2a: Dragonite
|-boost|p2a: Dragonite|atk|1
|-boost|p2a: Dragonite|spe|1
|
|-heal|p2a: Dragonite|43/100|[from] item: Leftovers
|upkeep
|turn|20
|
|t:|1757830036
|move|p2a: Dragonite|Dragon Claw|p1a: Zapdos
|-damage|p1a: Zapdos|0 fnt
|faint|p1a: Zapdos
|
|-heal|p2a: Dragonite|49/100|[from] item: Leftovers
|upkeep
|
|t:|1757830042
|switch|p1a: Arcanine|Arcanine-Hisui, F|63/100
|turn|21
|
|t:|1757830056
|move|p2a: Dragonite|Extreme Speed|p1a: Arcanine
|-resisted|p1a: Arcanine
|-damage|p1a: Arcanine|25/100
|move|p1a: Arcanine|Extreme Speed|p2a: Dragonite
|-damage|p2a: Dragonite|6/100
|
|-heal|p2a: Dragonite|12/100|[from] item: Leftovers
|upkeep
|turn|22
|
|t:|1757830064
|move|p2a: Dragonite|Extreme Speed|p1a: Arcanine
|-resisted|p1a: Arcanine
|-damage|p1a: Arcanine|0 fnt
|faint|p1a: Arcanine
|
|-heal|p2a: Dragonite|18/100|[from] item: Leftovers
|upkeep
|
|t:|1757830076
|switch|p1a: Raging Bolt|Raging Bolt|100/100
|-enditem|p1a: Raging Bolt|Booster Energy
|-activate|p1a: Raging Bolt|ability: Protosynthesis|[fromitem]
|-start|p1a: Raging Bolt|protosynthesisspa
|turn|23
|
|t:|1757830104
|move|p2a: Dragonite|Extreme Speed|p1a: Raging Bolt
|-damage|p1a: Raging Bolt|52/100
|move|p1a: Raging Bolt|Thunderclap||[still]
|-fail|p1a: Raging Bolt
|
|-heal|p2a: Dragonite|25/100|[from] item: Leftovers
|upkeep
|turn|24
|
|t:|1757830121
|move|p2a: Dragonite|Dragon Claw|p1a: Raging Bolt
|-supereffective|p1a: Raging Bolt
|-damage|p1a: Raging Bolt|0 fnt
|faint|p1a: Raging Bolt
|-end|p1a: Raging Bolt|Protosynthesis|[silent]
|
|-heal|p2a: Dragonite|31/100|[from] item: Leftovers
|upkeep
|-message|Danxsh17 forfeited.
|
|win|ouku bakuza
|raw|Danxsh17's rating: 1504 &rarr; <strong>1484</strong><br />(-20 for losing)
|raw|ouku bakuza's rating: 1511 &rarr; <strong>1531</strong><br />(+20 for winning)
|l|☆Danxsh17
|player|p1|
