|j|☆LonelySxNner
|j|☆Treecheur
|t:|1757931141
|gametype|singles
|player|p1|LonelySxNner|101|1449
|player|p2|Treecheur|aaron|1424
|gen|9
|tier|[Gen 9] OU
|rated|
|rule|HP Percentage Mod: HP is shown in percentages
|rule|Endless Battle Clause: Forcing endless battles is banned
|rule|Species Clause: Limit one of each Pokémon
|rule|OHKO Clause: OHKO moves are banned
|rule|Evasion Items Clause: Evasion items are banned
|rule|Evasion Moves Clause: Evasion moves are banned
|rule|Evasion Abilities Clause: Evasion abilities are banned
|rule|Sleep Moves Clause: Sleep-inducing moves are banned
|clearpoke
|poke|p1|Meloetta|
|poke|p1|Ogerpon, F|
|poke|p1|Ceruledge, F|
|poke|p1|Grimmsnarl, M|
|poke|p1|Greninja-*, M|
|poke|p1|Hoopa-Unbound|
|poke|p2|Okidogi, M|
|poke|p2|Ting-Lu|
|poke|p2|Great Tusk|
|poke|p2|Dragapult, F|
|poke|p2|Ogerpon-Wellspring, F|
|poke|p2|Dragonite, M|
|teampreview
|inactive|Battle timer is ON: inactive players will automatically lose when time's up. (requested by LonelySxNner)
|
|t:|1757931164
|teamsize|p1|6
|teamsize|p2|6
|start
|switch|p1a: Greninja|Greninja, M|100/100
|switch|p2a: Proud Soldier|Okidogi, M|100/100
|turn|1
|
|t:|1757931176
|move|p1a: Greninja|Surf|p2a: Proud Soldier
|-crit|p2a: Proud Soldier
|-damage|p2a: Proud Soldier|37/100
|move|p2a: Proud Soldier|Drain Punch|p1a: Greninja
|-supereffective|p1a: Greninja
|-damage|p1a: Greninja|0 fnt
|-heal|p2a: Proud Soldier|75/100|[from] drain|[of] p1a: Greninja
|faint|p1a: Greninja
|
|upkeep
|
|t:|1757931180
|switch|p1a: Best girl|Meloetta, shiny|100/100
|turn|2
|
|t:|1757931185
|switch|p2a: Supreme Logician|Ting-Lu|100/100
|-ability|p2a: Supreme Logician|Vessel of Ruin
|move|p1a: Best girl|Relic Song|p2a: Supreme Logician
|-damage|p2a: Supreme Logician|85/100
|-status|p2a: Supreme Logician|slp|[from] move: Relic Song
|-formechange|p1a: Best girl|Meloetta-Pirouette|[msg]
|-enditem|p1a: Best girl|Throat Spray
|-boost|p1a: Best girl|spa|1|[from] item: Throat Spray
|
|-heal|p2a: Supreme Logician|91/100 slp|[from] item: Leftovers
|upkeep
|turn|3
|
|t:|1757931196
|switch|p2a: Puppet Master|Dragapult, F|100/100
|move|p1a: Best girl|Close Combat|p2a: Puppet Master
|-immune|p2a: Puppet Master
|
|upkeep
|turn|4
|
|t:|1757931201
|switch|p1a: Grimmsnarl|Grimmsnarl, M|100/100
|move|p2a: Puppet Master|Will-O-Wisp|p1a: Grimmsnarl
|-status|p1a: Grimmsnarl|brn
|
|-damage|p1a: Grimmsnarl|94/100 brn|[from] brn
|upkeep
|turn|5
|
|t:|1757931208
|switch|p2a: Proud Soldier|Okidogi, M|75/100
|move|p1a: Grimmsnarl|Light Screen|p1a: Grimmsnarl
|-sidestart|p1: LonelySxNner|move: Light Screen
|
|-damage|p1a: Grimmsnarl|88/100 brn|[from] brn
|upkeep
|turn|6
|
|t:|1757931212
|move|p1a: Grimmsnarl|Reflect|p1a: Grimmsnarl
|-sidestart|p1: LonelySxNner|Reflect
|move|p2a: Proud Soldier|Knock Off|p1a: Grimmsnarl
|-resisted|p1a: Grimmsnarl
|-damage|p1a: Grimmsnarl|83/100 brn
|-enditem|p1a: Grimmsnarl|Light Clay|[from] move: Knock Off|[of] p2a: Proud Soldier
|
|-damage|p1a: Grimmsnarl|77/100 brn|[from] brn
|upkeep
|turn|7
|
|t:|1757931221
|move|p1a: Grimmsnarl|Parting Shot|p2a: Proud Soldier
|-unboost|p2a: Proud Soldier|atk|1
|-unboost|p2a: Proud Soldier|spa|1
|
|t:|1757931223
|switch|p1a: Ceruledge|Ceruledge, F|100/100|[from] Parting Shot
|move|p2a: Proud Soldier|Gunk Shot|p1a: Ceruledge
|-resisted|p1a: Ceruledge
|-damage|p1a: Ceruledge|84/100
|-status|p1a: Ceruledge|psn
|-ability|p1a: Ceruledge|Weak Armor|boost
|-unboost|p1a: Ceruledge|def|1
|-boost|p1a: Ceruledge|spe|2
|
|-damage|p1a: Ceruledge|72/100 psn|[from] psn
|upkeep
|turn|8
|
|t:|1757931233
|move|p1a: Ceruledge|Iron Defense|p1a: Ceruledge
|-boost|p1a: Ceruledge|def|2
|move|p2a: Proud Soldier|Knock Off|p1a: Ceruledge
|-supereffective|p1a: Ceruledge
|-damage|p1a: Ceruledge|50/100 psn
|-ability|p1a: Ceruledge|Weak Armor|boost
|-unboost|p1a: Ceruledge|def|1
|-boost|p1a: Ceruledge|spe|2
|-enditem|p1a: Ceruledge|Weakness Policy
|-boost|p1a: Ceruledge|atk|2|[from] item: Weakness Policy
|-boost|p1a: Ceruledge|spa|2|[from] item: Weakness Policy
|
|-damage|p1a: Ceruledge|37/100 psn|[from] psn
|upkeep
|turn|9
|
|t:|1757931255
|move|p1a: Ceruledge|Bitter Blade|p2a: Proud Soldier
|-damage|p2a: Proud Soldier|0 fnt
|-heal|p1a: Ceruledge|85/100 psn|[from] drain|[of] p2a: Proud Soldier
|faint|p2a: Proud Soldier
|
|-damage|p1a: Ceruledge|73/100 psn|[from] psn
|upkeep
|
|t:|1757931266
|switch|p2a: Hero of Legend|Great Tusk|100/100
|turn|10
|
|t:|1757931272
|move|p1a: Ceruledge|Iron Defense|p1a: Ceruledge
|-boost|p1a: Ceruledge|def|2
|move|p2a: Hero of Legend|Headlong Rush|p1a: Ceruledge
|-supereffective|p1a: Ceruledge
|-damage|p1a: Ceruledge|30/100 psn
|-unboost|p2a: Hero of Legend|def|1
|-unboost|p2a: Hero of Legend|spd|1
|-ability|p1a: Ceruledge|Weak Armor|boost
|-unboost|p1a: Ceruledge|def|1
|-boost|p1a: Ceruledge|spe|2
|
|-damage|p1a: Ceruledge|17/100 psn|[from] psn
|upkeep
|turn|11
|
|t:|1757931288
|-end|p2a: Hero of Legend|Protosynthesis|[silent]
|switch|p2a: Puppet Master|Dragapult, F|100/100
|move|p1a: Ceruledge|Bitter Blade|p2a: Puppet Master
|-resisted|p2a: Puppet Master
|-damage|p2a: Puppet Master|38/100
|-heal|p1a: Ceruledge|52/100 psn|[from] drain|[of] p2a: Puppet Master
|
|-damage|p1a: Ceruledge|39/100 psn|[from] psn
|upkeep
|turn|12
|
|t:|1757931302
|move|p1a: Ceruledge|Bitter Blade|p2a: Puppet Master
|-resisted|p2a: Puppet Master
|-damage|p2a: Puppet Master|0 fnt
|-heal|p1a: Ceruledge|60/100 psn|[from] drain|[of] p2a: Puppet Master
|faint|p2a: Puppet Master
|
|-damage|p1a: Ceruledge|47/100 psn|[from] psn
|-sideend|p1: LonelySxNner|move: Light Screen
|upkeep
|
|t:|1757931306
|switch|p2a: Hero of Legend|Great Tusk|100/100
|turn|13
|
|t:|1757931312
|move|p1a: Ceruledge|Bitter Blade|p2a: Hero of Legend
|-damage|p2a: Hero of Legend|27/100
|-heal|p1a: Ceruledge|94/100 psn|[from] drain|[of] p2a: Hero of Legend
|move|p2a: Hero of Legend|Headlong Rush|p1a: Ceruledge
|-supereffective|p1a: Ceruledge
|-damage|p1a: Ceruledge|37/100 psn
|-unboost|p2a: Hero of Legend|def|1
|-unboost|p2a: Hero of Legend|spd|1
|-ability|p1a: Ceruledge|Weak Armor|boost
|-unboost|p1a: Ceruledge|def|1
|
|-damage|p1a: Ceruledge|25/100 psn|[from] psn
|-sideend|p1: LonelySxNner|Reflect
|upkeep
|turn|14
|
|t:|1757931321
|move|p1a: Ceruledge|Bitter Blade|p2a: Hero of Legend
|-damage|p2a: Hero of Legend|0 fnt
|-heal|p1a: Ceruledge|42/100 psn|[from] drain|[of] p2a: Hero of Legend
|faint|p2a: Hero of Legend
|-end|p2a: Hero of Legend|Protosynthesis|[silent]
|
|-damage|p1a: Ceruledge|29/100 psn|[from] psn
|upkeep
|
|t:|1757931328
|switch|p2a: Goddess of Revenge|Ogerpon-Wellspring, F|100/100
|turn|15
|
|t:|1757931330
|move|p1a: Ceruledge|Bitter Blade|p2a: Goddess of Revenge
|-damage|p2a: Goddess of Revenge|0 fnt
|-heal|p1a: Ceruledge|81/100 psn|[from] drain|[of] p2a: Goddess of Revenge
|faint|p2a: Goddess of Revenge
|
|-damage|p1a: Ceruledge|69/100 psn|[from] psn
|upkeep
|
|t:|1757931334
|switch|p2a: Hope Never Dies|Dragonite, M|100/100
|turn|16
|
|t:|1757931336
|move|p1a: Ceruledge|Bitter Blade|p2a: Hope Never Dies
|-resisted|p2a: Hope Never Dies
|-damage|p2a: Hope Never Dies|76/100
|-heal|p1a: Ceruledge|85/100 psn|[from] drain|[of] p2a: Hope Never Dies
|move|p2a: Hope Never Dies|Earthquake|p1a: Ceruledge
|-supereffective|p1a: Ceruledge
|-damage|p1a: Ceruledge|0 fnt
|faint|p1a: Ceruledge
|
|upkeep
|-message|Treecheur forfeited.
|
|win|LonelySxNner
|raw|LonelySxNner's rating: 1449 &rarr; <strong>1468</strong><br />(+19 for winning)
|raw|Treecheur's rating: 1424 &rarr; <strong>1405</strong><br />(-19 for losing)
|l|☆Treecheur
|player|p2|
|l|☆LonelySxNner
|player|p1|
