|j|☆20120414x
|j|☆MedichamEnthusiast
|t:|1757943614
|gametype|singles
|player|p1|20120414x|winona|1149
|player|p2|MedichamEnthusiast|101|1133
|gen|9
|tier|[Gen 9] OU
|rated|
|rule|HP Percentage Mod: HP is shown in percentages
|rule|Endless Battle Clause: Forcing endless battles is banned
|rule|Species Clause: Limit one of each Pokémon
|rule|OHKO Clause: OHKO moves are banned
|rule|Evasion Items Clause: Evasion items are banned
|rule|Evasion Moves Clause: Evasion moves are banned
|rule|Evasion Abilities Clause: Evasion abilities are banned
|rule|Sleep Moves Clause: Sleep-inducing moves are banned
|clearpoke
|poke|p1|Houndstone, F|
|poke|p1|Oricorio-Sensu, M|
|poke|p1|Polteageist|
|poke|p1|Basculegion-F, F|
|poke|p1|Ceruledge, M|
|poke|p1|Typhlosion-Hisui, M|
|poke|p2|Jirachi|
|poke|p2|Deoxys-Speed|
|poke|p2|Zarude|
|poke|p2|Blaziken, F|
|poke|p2|Tyranitar, F|
|poke|p2|Araquanid, M|
|teampreview
|
|t:|1757943620
|teamsize|p1|6
|teamsize|p2|6
|start
|switch|p1a: Polteageist|Polteageist|100/100
|switch|p2a: Deoxys|Deoxys-Speed|100/100
|-ability|p2a: Deoxys|Pressure
|turn|1
|
|t:|1757943633
|move|p2a: Deoxys|Meteor Beam||[still]
|-prepare|p2a: Deoxys|Meteor Beam
|-boost|p2a: Deoxys|spa|1
|-enditem|p2a: Deoxys|Power Herb
|-anim|p2a: Deoxys|Meteor Beam|p1a: Polteageist
|-damage|p1a: Polteageist|41/100
|move|p1a: Polteageist|Shell Smash|p1a: Polteageist
|-unboost|p1a: Polteageist|def|1
|-unboost|p1a: Polteageist|spd|1
|-boost|p1a: Polteageist|atk|2
|-boost|p1a: Polteageist|spa|2
|-boost|p1a: Polteageist|spe|2
|
|upkeep
|turn|2
|
|t:|1757943647
|move|p2a: Deoxys|Psychic|p1a: Polteageist
|-damage|p1a: Polteageist|0 fnt
|faint|p1a: Polteageist
|
|upkeep
|
|t:|1757943658
|switch|p1a: Basculegion|Basculegion-F, F|100/100
|turn|3
|
|t:|1757943662
|move|p2a: Deoxys|Psychic|p1a: Basculegion
|-damage|p1a: Basculegion|42/100
|move|p1a: Basculegion|Shadow Ball|p2a: Deoxys
|-supereffective|p2a: Deoxys
|-damage|p2a: Deoxys|0 fnt
|faint|p2a: Deoxys
|
|upkeep
|
|t:|1757943668
|switch|p2a: Araquanid|Araquanid, M|100/100
|turn|4
|
|t:|1757943676
|move|p1a: Basculegion|Shadow Ball|p2a: Araquanid
|-damage|p2a: Araquanid|44/100
|move|p2a: Araquanid|Sticky Web|p1a: Basculegion
|-sidestart|p1: 20120414x|move: Sticky Web
|
|upkeep
|turn|5
|
|t:|1757943684
|move|p1a: Basculegion|Shadow Ball|p2a: Araquanid
|-damage|p2a: Araquanid|0 fnt
|faint|p2a: Araquanid
|
|upkeep
|
|t:|1757943686
|switch|p2a: Zarude|Zarude|100/100
|turn|6
|
|t:|1757943692
|-terastallize|p2a: Zarude|Dark
|move|p2a: Zarude|Crunch|p1a: Basculegion
|-supereffective|p1a: Basculegion
|-damage|p1a: Basculegion|0 fnt
|faint|p1a: Basculegion
|
|upkeep
|
|t:|1757943702
|switch|p1a: Oricorio|Oricorio-Sensu, M|100/100
|turn|7
|
|t:|1757943707
|-terastallize|p1a: Oricorio|Fairy
|move|p2a: Zarude|Crunch|p1a: Oricorio
|-resisted|p1a: Oricorio
|-damage|p1a: Oricorio|34/100
|move|p1a: Oricorio|Quiver Dance|p1a: Oricorio
|-boost|p1a: Oricorio|spa|1
|-boost|p1a: Oricorio|spd|1
|-boost|p1a: Oricorio|spe|1
|
|upkeep
|turn|8
|
|t:|1757943719
|move|p1a: Oricorio|Alluring Voice|p2a: Zarude
|-supereffective|p2a: Zarude
|-damage|p2a: Zarude|0 fnt
|faint|p2a: Zarude
|-enditem|p1a: Oricorio|Throat Spray
|-boost|p1a: Oricorio|spa|1|[from] item: Throat Spray
|
|upkeep
|
|t:|1757943726
|switch|p2a: Jirachi|Jirachi|100/100
|turn|9
|
|t:|1757943732
|move|p2a: Jirachi|Iron Head|p1a: Oricorio
|-supereffective|p1a: Oricorio
|-damage|p1a: Oricorio|0 fnt
|faint|p1a: Oricorio
|
|upkeep
|
|t:|1757943741
|switch|p1a: Typhlosion|Typhlosion-Hisui, M|100/100
|-activate|p1a: Typhlosion|move: Sticky Web
|-unboost|p1a: Typhlosion|spe|1
|turn|10
|
|t:|1757943750
|switch|p2a: Tyranitar|Tyranitar, F|100/100
|-weather|Sandstorm|[from] ability: Sand Stream|[of] p2a: Tyranitar
|move|p1a: Typhlosion|Flamethrower|p2a: Tyranitar
|-resisted|p2a: Tyranitar
|-damage|p2a: Tyranitar|94/100
|
|-weather|Sandstorm|[upkeep]
|-damage|p1a: Typhlosion|94/100|[from] Sandstorm
|upkeep
|turn|11
|
|t:|1757943766
|move|p1a: Typhlosion|Focus Blast|p2a: Tyranitar|[miss]
|-miss|p1a: Typhlosion|p2a: Tyranitar
|move|p2a: Tyranitar|Stone Edge|p1a: Typhlosion
|-supereffective|p1a: Typhlosion
|-damage|p1a: Typhlosion|0 fnt
|faint|p1a: Typhlosion
|
|-weather|Sandstorm|[upkeep]
|upkeep
|
|t:|1757943775
|switch|p1a: Houndstone|Houndstone, F|100/100
|-activate|p1a: Houndstone|move: Sticky Web
|-unboost|p1a: Houndstone|spe|1
|turn|12
|
|t:|1757943782
|move|p2a: Tyranitar|Crunch|p1a: Houndstone
|-supereffective|p1a: Houndstone
|-damage|p1a: Houndstone|62/100
|move|p1a: Houndstone|Play Rough|p2a: Tyranitar
|-supereffective|p2a: Tyranitar
|-damage|p2a: Tyranitar|47/100
|
|-weather|Sandstorm|[upkeep]
|-damage|p1a: Houndstone|56/100|[from] Sandstorm
|upkeep
|turn|13
|
|t:|1757943793
|move|p2a: Tyranitar|Crunch|p1a: Houndstone
|-supereffective|p1a: Houndstone
|-damage|p1a: Houndstone|21/100
|move|p1a: Houndstone|Play Rough|p2a: Tyranitar
|-supereffective|p2a: Tyranitar
|-damage|p2a: Tyranitar|2/100
|
|-weather|Sandstorm|[upkeep]
|-damage|p1a: Houndstone|15/100|[from] Sandstorm
|upkeep
|turn|14
|
|t:|1757943803
|move|p1a: Houndstone|Shadow Sneak|p2a: Tyranitar
|-resisted|p2a: Tyranitar
|-damage|p2a: Tyranitar|0 fnt
|faint|p2a: Tyranitar
|
|-weather|none
|upkeep
|
|t:|1757943806
|switch|p2a: Blaziken|Blaziken, F|100/100
|turn|15
|
|t:|1757943813
|move|p2a: Blaziken|Flamethrower|p1a: Houndstone
|-damage|p1a: Houndstone|0 fnt
|faint|p1a: Houndstone
|-damage|p2a: Blaziken|91/100|[from] item: Life Orb
|
|-ability|p2a: Blaziken|Speed Boost|boost
|-boost|p2a: Blaziken|spe|1
|upkeep
|
|t:|1757943821
|switch|p1a: Ceruledge|Ceruledge, M|100/100
|-activate|p1a: Ceruledge|move: Sticky Web
|-unboost|p1a: Ceruledge|spe|1
|turn|16
|
|t:|1757943829
|move|p2a: Blaziken|Brave Bird|p1a: Ceruledge
|-damage|p1a: Ceruledge|58/100
|-damage|p2a: Blaziken|74/100|[from] Recoil
|-damage|p2a: Blaziken|64/100|[from] item: Life Orb
|move|p1a: Ceruledge|Bitter Blade|p2a: Blaziken
|-resisted|p2a: Blaziken
|-damage|p2a: Blaziken|32/100
|-heal|p1a: Ceruledge|72/100|[from] drain|[of] p2a: Blaziken
|
|-ability|p2a: Blaziken|Speed Boost|boost
|-boost|p2a: Blaziken|spe|1
|upkeep
|turn|17
|
|t:|1757943849
|move|p2a: Blaziken|Brave Bird|p1a: Ceruledge
|-damage|p1a: Ceruledge|31/100
|-damage|p2a: Blaziken|15/100|[from] Recoil
|-damage|p2a: Blaziken|5/100|[from] item: Life Orb
|move|p1a: Ceruledge|Bitter Blade|p2a: Blaziken
|-resisted|p2a: Blaziken
|-damage|p2a: Blaziken|0 fnt
|-heal|p1a: Ceruledge|33/100|[from] drain|[of] p2a: Blaziken
|faint|p2a: Blaziken
|
|upkeep
|
|t:|1757943854
|switch|p2a: Jirachi|Jirachi|100/100
|turn|18
|
|t:|1757943864
|move|p2a: Jirachi|Zen Headbutt|p1a: Ceruledge
|-damage|p1a: Ceruledge|3/100
|move|p1a: Ceruledge|Bitter Blade|p2a: Jirachi
|-supereffective|p2a: Jirachi
|-damage|p2a: Jirachi|14/100
|-heal|p1a: Ceruledge|45/100|[from] drain|[of] p2a: Jirachi
|
|upkeep
|turn|19
|
|t:|1757943873
|move|p1a: Ceruledge|Shadow Sneak|p2a: Jirachi
|-supereffective|p2a: Jirachi
|-damage|p2a: Jirachi|0 fnt
|faint|p2a: Jirachi
|
|win|20120414x
|raw|20120414x's rating: 1149 &rarr; <strong>1173</strong><br />(+24 for winning)
|raw|MedichamEnthusiast's rating: 1133 &rarr; <strong>1109</strong><br />(-24 for losing)
|l|☆20120414x
|player|p1|
