|j|☆Neggets
|j|☆kyro_is_bad
|t:|1757869816
|gametype|singles
|player|p1|Neggets|ninjaboy|1089
|player|p2|kyro_is_bad|lady|1131
|gen|9
|tier|[Gen 9] OU
|rated|
|rule|HP Percentage Mod: HP is shown in percentages
|rule|Endless Battle Clause: Forcing endless battles is banned
|rule|Species Clause: Limit one of each Pokémon
|rule|OHKO Clause: OHKO moves are banned
|rule|Evasion Items Clause: Evasion items are banned
|rule|Evasion Moves Clause: Evasion moves are banned
|rule|Evasion Abilities Clause: Evasion abilities are banned
|rule|Sleep Moves Clause: Sleep-inducing moves are banned
|clearpoke
|poke|p1|Moltres|
|poke|p1|Great Tusk|
|poke|p1|Torkoal, M|
|poke|p1|Heatran, M|
|poke|p1|Raging Bolt|
|poke|p1|Leavanny, F|
|poke|p2|Mightyena, F|
|poke|p2|Araquanid, F|
|poke|p2|Great Tusk|
|poke|p2|Alomomola, M|
|poke|p2|Landorus-Therian, M|
|poke|p2|Kyurem|
|teampreview
|inactive|Battle timer is ON: inactive players will automatically lose when time's up. (requested by kyro_is_bad)
|
|t:|1757869826
|teamsize|p1|6
|teamsize|p2|6
|start
|switch|p1a: Torkoal|Torkoal, M|100/100
|switch|p2a: Araquanid|Araquanid, F|100/100
|-weather|SunnyDay|[from] ability: Drought|[of] p1a: Torkoal
|turn|1
|c|☆kyro_is_bad|wth does this mon does
|c|☆Neggets|Araquanid?
|c|☆kyro_is_bad|no
|c|☆kyro_is_bad|the plant
|inactive|Neggets has 120 seconds left.
|c|☆Neggets|idk
|
|t:|1757869867
|switch|p1a: Raging Bolt|Raging Bolt|100/100
|-activate|p1a: Raging Bolt|ability: Protosynthesis
|-start|p1a: Raging Bolt|protosynthesisspe
|move|p2a: Araquanid|Liquidation|p1a: Raging Bolt
|-resisted|p1a: Raging Bolt
|-damage|p1a: Raging Bolt|92/100
|-unboost|p1a: Raging Bolt|def|1
|
|-weather|SunnyDay|[upkeep]
|upkeep
|turn|2
|c|☆Neggets|What does the dark dog do
|c|☆kyro_is_bad|i have the french trad , so i dont have the mon name
|
|t:|1757869889
|move|p1a: Raging Bolt|Taunt|p2a: Araquanid
|-start|p2a: Araquanid|move: Taunt
|cant|p2a: Araquanid|move: Taunt|Sticky Web
|
|-weather|SunnyDay|[upkeep]
|upkeep
|turn|3
|inactive|Neggets has 120 seconds left.
|
|t:|1757869900
|switch|p2a: Great Tusk|Great Tusk|100/100
|-activate|p2a: Great Tusk|ability: Protosynthesis
|-start|p2a: Great Tusk|protosynthesisdef
|move|p1a: Raging Bolt|Draco Meteor|p2a: Great Tusk
|-damage|p2a: Great Tusk|31/100
|-unboost|p1a: Raging Bolt|spa|2
|
|-weather|SunnyDay|[upkeep]
|-heal|p2a: Great Tusk|38/100|[from] item: Leftovers
|upkeep
|turn|4
|
|t:|1757869912
|-end|p1a: Raging Bolt|Protosynthesis|[silent]
|switch|p1a: Moltres|Moltres|100/100
|move|p2a: Great Tusk|Knock Off|p1a: Moltres
|-damage|p1a: Moltres|65/100
|-enditem|p1a: Moltres|Life Orb|[from] move: Knock Off|[of] p2a: Great Tusk
|
|-weather|SunnyDay|[upkeep]
|-heal|p2a: Great Tusk|44/100|[from] item: Leftovers
|upkeep
|turn|5
|c|☆Neggets|defense boost?
|
|t:|1757869921
|-end|p2a: Great Tusk|Protosynthesis|[silent]
|switch|p2a: Araquanid|Araquanid, F|100/100
|move|p1a: Moltres|Brave Bird|p2a: Araquanid
|-supereffective|p2a: Araquanid
|-damage|p2a: Araquanid|17/100
|-damage|p1a: Moltres|37/100|[from] Recoil
|
|-weather|SunnyDay|[upkeep]
|upkeep
|turn|6
|c|☆kyro_is_bad|yes
|-enditem|p2a: Araquanid|Custap Berry|[eat]
|-activate|p2a: Araquanid|item: Custap Berry|[consumed]
|
|t:|1757869929
|move|p2a: Araquanid|Sticky Web|p1a: Moltres
|-sidestart|p1: Neggets|move: Sticky Web
|move|p1a: Moltres|Roost|p1a: Moltres
|-heal|p1a: Moltres|87/100
|-singleturn|p1a: Moltres|move: Roost
|
|-weather|SunnyDay|[upkeep]
|upkeep
|turn|7
|c|☆kyro_is_bad|its my kingambit check *
|
|t:|1757869943
|move|p1a: Moltres|Brave Bird|p2a: Araquanid
|-supereffective|p2a: Araquanid
|-damage|p2a: Araquanid|0 fnt
|faint|p2a: Araquanid
|-damage|p1a: Moltres|81/100|[from] Recoil
|
|-weather|SunnyDay|[upkeep]
|upkeep
|
|t:|1757869948
|switch|p2a: Landorus|Landorus-Therian, M|100/100
|-ability|p2a: Landorus|Intimidate|boost
|-unboost|p1a: Moltres|atk|1
|turn|8
|c|☆Neggets|what?
|c|☆Neggets|Why not attack or speed
|
|t:|1757869968
|switch|p1a: Raging Bolt|Raging Bolt|92/100
|-activate|p1a: Raging Bolt|move: Sticky Web
|-unboost|p1a: Raging Bolt|spe|1
|-activate|p1a: Raging Bolt|ability: Protosynthesis
|-start|p1a: Raging Bolt|protosynthesisspa
|move|p2a: Landorus|Stone Edge|p1a: Raging Bolt
|-damage|p1a: Raging Bolt|63/100
|
|-weather|none
|-end|p1a: Raging Bolt|Protosynthesis
|upkeep
|turn|9
|c|☆kyro_is_bad|to os kingambit on bp and i can spin
|
|t:|1757869985
|move|p2a: Landorus|Earthquake|p1a: Raging Bolt
|-supereffective|p1a: Raging Bolt
|-damage|p1a: Raging Bolt|0 fnt
|faint|p1a: Raging Bolt
|-end|p1a: Raging Bolt|Protosynthesis|[silent]
|
|upkeep
|
|t:|1757869990
|switch|p1a: Torkoal|Torkoal, M|100/100
|-activate|p1a: Torkoal|move: Sticky Web
|-unboost|p1a: Torkoal|spe|1
|-weather|SunnyDay|[from] ability: Drought|[of] p1a: Torkoal
|turn|10
|
|t:|1757869996
|switch|p1a: Great Tusk|Great Tusk|100/100
|-activate|p1a: Great Tusk|ability: Protosynthesis
|-start|p1a: Great Tusk|protosynthesisatk
|move|p2a: Landorus|Stone Edge|p1a: Great Tusk
|-resisted|p1a: Great Tusk
|-damage|p1a: Great Tusk|95/100
|
|-weather|SunnyDay|[upkeep]
|upkeep
|turn|11
|
|t:|1757870004
|switch|p2a: Great Tusk|Great Tusk|44/100
|-activate|p2a: Great Tusk|ability: Protosynthesis
|-start|p2a: Great Tusk|protosynthesisdef
|move|p1a: Great Tusk|Ice Spinner|p2a: Great Tusk
|-supereffective|p2a: Great Tusk
|-damage|p2a: Great Tusk|12/100
|
|-weather|SunnyDay|[upkeep]
|-heal|p2a: Great Tusk|19/100|[from] item: Leftovers
|upkeep
|turn|12
|
|t:|1757870011
|move|p1a: Great Tusk|Ice Spinner|p2a: Great Tusk
|-supereffective|p2a: Great Tusk
|-damage|p2a: Great Tusk|0 fnt
|faint|p2a: Great Tusk
|-end|p2a: Great Tusk|Protosynthesis|[silent]
|
|-weather|SunnyDay|[upkeep]
|upkeep
|
|t:|1757870014
|switch|p2a: Landorus|Landorus-Therian, M|100/100
|-ability|p2a: Landorus|Intimidate|boost
|-unboost|p1a: Great Tusk|atk|1
|turn|13
|
|t:|1757870019
|switch|p2a: Alomomola|Alomomola, M|100/100
|move|p1a: Great Tusk|Ice Spinner|p2a: Alomomola
|-resisted|p2a: Alomomola
|-damage|p2a: Alomomola|95/100
|
|-weather|SunnyDay|[upkeep]
|upkeep
|turn|14
|
|t:|1757870025
|move|p1a: Great Tusk|Rapid Spin|p2a: Alomomola
|-damage|p2a: Alomomola|86/100
|-boost|p1a: Great Tusk|spe|1
|-sideend|p1: Neggets|Sticky Web|[from] move: Rapid Spin|[of] p1a: Great Tusk
|move|p2a: Alomomola|Scald|p1a: Great Tusk
|-supereffective|p1a: Great Tusk
|-damage|p1a: Great Tusk|77/100
|
|-weather|SunnyDay|[upkeep]
|upkeep
|turn|15
|
|t:|1757870039
|-end|p1a: Great Tusk|Protosynthesis|[silent]
|switch|p1a: Leavanny|Leavanny, F, shiny|100/100
|switch|p2a: Landorus|Landorus-Therian, M|100/100
|-ability|p2a: Landorus|Intimidate|boost
|-unboost|p1a: Leavanny|atk|1
|
|-weather|SunnyDay|[upkeep]
|upkeep
|turn|16
|
|t:|1757870051
|move|p1a: Leavanny|Sticky Web|p2a: Landorus
|-sidestart|p2: kyro_is_bad|move: Sticky Web
|move|p2a: Landorus|Stone Edge|p1a: Leavanny
|-supereffective|p1a: Leavanny
|-damage|p1a: Leavanny|20/100
|
|-weather|SunnyDay|[upkeep]
|upkeep
|turn|17
|
|t:|1757870068
|move|p1a: Leavanny|Tera Blast|p2a: Landorus
|-damage|p2a: Landorus|87/100
|move|p2a: Landorus|U-turn|p1a: Leavanny
|-supereffective|p1a: Leavanny
|-damage|p1a: Leavanny|0 fnt
|faint|p1a: Leavanny
|c|☆kyro_is_bad|u dont play offensive ?
|
|t:|1757870077
|switch|p2a: Mightyena|Mightyena, F, shiny|100/100|[from] U-turn
|-activate|p2a: Mightyena|move: Sticky Web
|-unboost|p2a: Mightyena|spe|1
|
|-weather|none
|upkeep
|c|☆Neggets|this is
|
|t:|1757870082
|switch|p1a: Torkoal|Torkoal, M|100/100
|-weather|SunnyDay|[from] ability: Drought|[of] p1a: Torkoal
|turn|18
|c|☆kyro_is_bad|with like sd tera ghost
|
|t:|1757870094
|move|p2a: Mightyena|Crunch|p1a: Torkoal
|-damage|p1a: Torkoal|56/100
|move|p1a: Torkoal|Flamethrower|p2a: Mightyena
|-damage|p2a: Mightyena|0 fnt
|faint|p2a: Mightyena
|
|-weather|SunnyDay|[upkeep]
|upkeep
|
|t:|1757870100
|switch|p2a: Landorus|Landorus-Therian, M|87/100
|-ability|p2a: Landorus|Intimidate|boost
|-unboost|p1a: Torkoal|atk|1
|turn|19
|c|☆Neggets|That one sucks
|c|☆Neggets|Mightyena dont use it
|c|☆Neggets|Worst dark type
|
|t:|1757870123
|switch|p1a: Great Tusk|Great Tusk|77/100
|-activate|p1a: Great Tusk|ability: Protosynthesis
|-start|p1a: Great Tusk|protosynthesisatk
|move|p2a: Landorus|Earthquake|p1a: Great Tusk
|-damage|p1a: Great Tusk|38/100
|
|-weather|SunnyDay|[upkeep]
|-heal|p2a: Landorus|93/100|[from] item: Leftovers
|upkeep
|turn|20
|c|☆kyro_is_bad|its my fav mon , leave the dog alone
|
|t:|1757870144
|switch|p2a: Alomomola|Alomomola, M|100/100
|-activate|p2a: Alomomola|move: Sticky Web
|-unboost|p2a: Alomomola|spe|1
|move|p1a: Great Tusk|Close Combat|p2a: Alomomola
|-crit|p2a: Alomomola
|-damage|p2a: Alomomola|35/100
|-unboost|p1a: Great Tusk|def|1
|-unboost|p1a: Great Tusk|spd|1
|
|-weather|SunnyDay|[upkeep]
|upkeep
|turn|21
|c|☆kyro_is_bad|oh fuck
|
|t:|1757870158
|switch|p2a: Landorus|Landorus-Therian, M|93/100
|-ability|p2a: Landorus|Intimidate|boost
|-unboost|p1a: Great Tusk|atk|1
|move|p1a: Great Tusk|Close Combat|p2a: Landorus
|-resisted|p2a: Landorus
|-damage|p2a: Landorus|65/100
|-unboost|p1a: Great Tusk|def|1
|-unboost|p1a: Great Tusk|spd|1
|
|-weather|SunnyDay|[upkeep]
|-heal|p2a: Landorus|71/100|[from] item: Leftovers
|upkeep
|turn|22
|
|t:|1757870169
|-end|p1a: Great Tusk|Protosynthesis|[silent]
|switch|p1a: Moltres|Moltres|81/100
|move|p2a: Landorus|Earthquake|p1a: Moltres
|-immune|p1a: Moltres
|
|-weather|SunnyDay|[upkeep]
|-heal|p2a: Landorus|77/100|[from] item: Leftovers
|upkeep
|turn|23
|
|t:|1757870183
|-terastallize|p1a: Moltres|Electric
|move|p2a: Landorus|Stone Edge|p1a: Moltres
|-damage|p1a: Moltres|36/100
|move|p1a: Moltres|Roost|p1a: Moltres
|-heal|p1a: Moltres|86/100
|
|-weather|SunnyDay|[upkeep]
|-heal|p2a: Landorus|83/100|[from] item: Leftovers
|upkeep
|turn|24
|inactive|Neggets has 120 seconds left.
|c|☆kyro_is_bad|now i spam eq and i win
|c|☆Neggets|I loose... bruh
|c|☆kyro_is_bad|lando is really stong tbh
|c|☆Neggets|Its so annoying, I allways loose to this stupid unkillable tiger
|inactive|Neggets has 90 seconds left.
|
|t:|1757870238
|move|p2a: Landorus|Earthquake|p1a: Moltres
|-supereffective|p1a: Moltres
|-damage|p1a: Moltres|0 fnt
|faint|p1a: Moltres
|
|-weather|SunnyDay|[upkeep]
|-heal|p2a: Landorus|89/100|[from] item: Leftovers
|upkeep
|inactive|Neggets has 90 seconds left.
|
|t:|1757870249
|switch|p1a: Torkoal|Torkoal, M|56/100
|turn|25
|c|☆kyro_is_bad|you should play walking wake
|inactive|Neggets has 90 seconds left.
|
|t:|1757870256
|move|p2a: Landorus|Earthquake|p1a: Torkoal
|-supereffective|p1a: Torkoal
|-damage|p1a: Torkoal|0 fnt
|faint|p1a: Torkoal
|
|-weather|none
|-heal|p2a: Landorus|95/100|[from] item: Leftovers
|upkeep
|-message|Neggets forfeited.
|
|win|kyro_is_bad
|raw|Neggets's rating: 1089 &rarr; <strong>1068</strong><br />(-21 for losing)
|raw|kyro_is_bad's rating: 1131 &rarr; <strong>1153</strong><br />(+22 for winning)
|l|☆Neggets
|player|p1|
|c|☆kyro_is_bad|gg
|l|☆kyro_is_bad
|player|p2|
