|j|☆SickBRE12
|j|☆AimHighRr
|t:|1757841543
|gametype|singles
|player|p1|SickBRE12|dragontamer|1081
|player|p2|AimHighRr|102|1055
|gen|9
|tier|[Gen 9] OU
|rated|
|rule|HP Percentage Mod: HP is shown in percentages
|rule|Endless Battle Clause: Forcing endless battles is banned
|rule|Species Clause: Limit one of each Pokémon
|rule|OHKO Clause: OHKO moves are banned
|rule|Evasion Items Clause: Evasion items are banned
|rule|Evasion Moves Clause: Evasion moves are banned
|rule|Evasion Abilities Clause: Evasion abilities are banned
|rule|Sleep Moves Clause: Sleep-inducing moves are banned
|clearpoke
|poke|p1|Falinks|
|poke|p1|Raging Bolt|
|poke|p1|Glimmora, F|
|poke|p1|Grimmsnarl, M|
|poke|p1|Kingambit, M|
|poke|p1|Dunsparce, M|
|poke|p2|Torkoal, M|
|poke|p2|Walking Wake|
|poke|p2|Hatterene, F|
|poke|p2|Great Tusk|
|poke|p2|Corviknight, F|
|poke|p2|Slowking-Galar, F|
|teampreview
|inactive|Battle timer is ON: inactive players will automatically lose when time's up. (requested by SickBRE12)
|
|t:|1757841557
|teamsize|p1|6
|teamsize|p2|6
|start
|switch|p1a: Dunsparce|Dunsparce, M, shiny|100/100
|switch|p2a: Great Tusk|Great Tusk|100/100
|turn|1
|
|t:|1757841566
|switch|p1a: Grimmsnarl|Grimmsnarl, M, shiny|100/100
|move|p2a: Great Tusk|Headlong Rush|p1a: Grimmsnarl
|-damage|p1a: Grimmsnarl|20/100
|-unboost|p2a: Great Tusk|def|1
|-unboost|p2a: Great Tusk|spd|1
|
|upkeep
|turn|2
|
|t:|1757841587
|move|p1a: Grimmsnarl|Reflect|p1a: Grimmsnarl
|-sidestart|p1: SickBRE12|Reflect
|move|p2a: Great Tusk|Ice Spinner|p1a: Grimmsnarl
|-damage|p1a: Grimmsnarl|1/100
|
|upkeep
|turn|3
|
|t:|1757841594
|move|p1a: Grimmsnarl|Light Screen|p1a: Grimmsnarl
|-sidestart|p1: SickBRE12|move: Light Screen
|move|p2a: Great Tusk|Rapid Spin|p1a: Grimmsnarl
|-damage|p1a: Grimmsnarl|0 fnt
|-boost|p2a: Great Tusk|spe|1
|faint|p1a: Grimmsnarl
|
|upkeep
|
|t:|1757841598
|switch|p1a: Dunsparce|Dunsparce, M, shiny|100/100
|turn|4
|
|t:|1757841604
|move|p2a: Great Tusk|Ice Spinner|p1a: Dunsparce
|-damage|p1a: Dunsparce|88/100
|move|p1a: Dunsparce|Coil|p1a: Dunsparce
|-boost|p1a: Dunsparce|atk|1
|-boost|p1a: Dunsparce|def|1
|-boost|p1a: Dunsparce|accuracy|1
|
|upkeep
|turn|5
|
|t:|1757841624
|move|p2a: Great Tusk|Headlong Rush|p1a: Dunsparce
|-damage|p1a: Dunsparce|71/100
|-unboost|p2a: Great Tusk|def|1
|-unboost|p2a: Great Tusk|spd|1
|move|p1a: Dunsparce|Coil|p1a: Dunsparce
|-boost|p1a: Dunsparce|atk|1
|-boost|p1a: Dunsparce|def|1
|-boost|p1a: Dunsparce|accuracy|1
|
|upkeep
|turn|6
|
|t:|1757841639
|-end|p2a: Great Tusk|Protosynthesis|[silent]
|switch|p2a: Torkoal|Torkoal, M|100/100
|-weather|SunnyDay|[from] ability: Drought|[of] p2a: Torkoal
|move|p1a: Dunsparce|Roost|p1a: Dunsparce
|-heal|p1a: Dunsparce|100/100
|-singleturn|p1a: Dunsparce|move: Roost
|
|-weather|SunnyDay|[upkeep]
|upkeep
|turn|7
|
|t:|1757841652
|move|p1a: Dunsparce|Body Slam|p2a: Torkoal
|-damage|p2a: Torkoal|66/100
|-status|p2a: Torkoal|par
|move|p2a: Torkoal|Stealth Rock|p1a: Dunsparce
|-sidestart|p1: SickBRE12|move: Stealth Rock
|
|-weather|SunnyDay|[upkeep]
|upkeep
|turn|8
|
|t:|1757841664
|switch|p2a: Walking Wake|Walking Wake|100/100
|-activate|p2a: Walking Wake|ability: Protosynthesis
|-start|p2a: Walking Wake|protosynthesisspe
|move|p1a: Dunsparce|Coil|p1a: Dunsparce
|-boost|p1a: Dunsparce|atk|1
|-boost|p1a: Dunsparce|def|1
|-boost|p1a: Dunsparce|accuracy|1
|
|-weather|SunnyDay|[upkeep]
|upkeep
|turn|9
|
|t:|1757841677
|-terastallize|p2a: Walking Wake|Water
|move|p2a: Walking Wake|Draco Meteor|p1a: Dunsparce
|-damage|p1a: Dunsparce|63/100
|-unboost|p2a: Walking Wake|spa|2
|move|p1a: Dunsparce|Body Slam|p2a: Walking Wake
|-damage|p2a: Walking Wake|9/100
|-status|p2a: Walking Wake|par
|
|-weather|SunnyDay|[upkeep]
|-sideend|p1: SickBRE12|Reflect
|upkeep
|turn|10
|
|t:|1757841693
|-end|p2a: Walking Wake|Protosynthesis|[silent]
|switch|p2a: Great Tusk|Great Tusk|100/100
|-activate|p2a: Great Tusk|ability: Protosynthesis
|-start|p2a: Great Tusk|protosynthesisatk
|move|p1a: Dunsparce|Roost|p1a: Dunsparce
|-heal|p1a: Dunsparce|100/100
|-singleturn|p1a: Dunsparce|move: Roost
|
|-weather|SunnyDay|[upkeep]
|-sideend|p1: SickBRE12|move: Light Screen
|upkeep
|turn|11
|
|t:|1757841705
|move|p2a: Great Tusk|Headlong Rush|p1a: Dunsparce
|-damage|p1a: Dunsparce|73/100
|-unboost|p2a: Great Tusk|def|1
|-unboost|p2a: Great Tusk|spd|1
|move|p1a: Dunsparce|Coil|p1a: Dunsparce
|-boost|p1a: Dunsparce|atk|1
|-boost|p1a: Dunsparce|def|1
|-boost|p1a: Dunsparce|accuracy|1
|
|-weather|SunnyDay|[upkeep]
|upkeep
|turn|12
|
|t:|1757841716
|-end|p2a: Great Tusk|Protosynthesis|[silent]
|switch|p2a: Hatterene|Hatterene, F|100/100
|move|p1a: Dunsparce|Roost|p1a: Dunsparce
|-heal|p1a: Dunsparce|100/100
|-singleturn|p1a: Dunsparce|move: Roost
|
|-weather|SunnyDay|[upkeep]
|upkeep
|turn|13
|
|t:|1757841731
|move|p2a: Hatterene|Nuzzle|p1a: Dunsparce
|-damage|p1a: Dunsparce|99/100
|-status|p1a: Dunsparce|par
|cant|p1a: Dunsparce|par
|
|-weather|none
|upkeep
|turn|14
|
|t:|1757841740
|move|p2a: Hatterene|Healing Wish|p2a: Hatterene
|faint|p2a: Hatterene
|move|p1a: Dunsparce|Body Slam|p2: Hatterene|[notarget]
|-fail|p1a: Dunsparce
|
|upkeep
|
|t:|1757841747
|switch|p2a: Walking Wake|Walking Wake, tera:Water|9/100 par
|-heal|p2a: Walking Wake|100/100|[from] move: Healing Wish
|turn|15
|
|t:|1757841756
|-end|p2a: Walking Wake|Protosynthesis|[silent]
|switch|p2a: Torkoal|Torkoal, M|66/100 par
|-weather|SunnyDay|[from] ability: Drought|[of] p2a: Torkoal
|cant|p1a: Dunsparce|par
|
|-weather|SunnyDay|[upkeep]
|upkeep
|turn|16
|
|t:|1757841769
|cant|p1a: Dunsparce|par
|move|p2a: Torkoal|Gyro Ball|p1a: Dunsparce
|-damage|p1a: Dunsparce|96/100 par
|
|-weather|SunnyDay|[upkeep]
|upkeep
|turn|17
|
|t:|1757841784
|cant|p1a: Dunsparce|par
|cant|p2a: Torkoal|par
|
|-weather|SunnyDay|[upkeep]
|upkeep
|turn|18
|
|t:|1757841791
|move|p1a: Dunsparce|Body Slam|p2a: Torkoal
|-damage|p2a: Torkoal|11/100 par
|move|p2a: Torkoal|Lava Plume|p1a: Dunsparce
|-damage|p1a: Dunsparce|69/100 par
|
|-weather|SunnyDay|[upkeep]
|upkeep
|turn|19
|
|t:|1757841799
|move|p1a: Dunsparce|Gyro Ball|p2a: Torkoal
|-resisted|p2a: Torkoal
|-damage|p2a: Torkoal|8/100 par
|move|p2a: Torkoal|Lava Plume|p1a: Dunsparce
|-damage|p1a: Dunsparce|40/100 par
|
|-weather|SunnyDay|[upkeep]
|upkeep
|turn|20
|
|t:|1757841808
|cant|p1a: Dunsparce|par
|move|p2a: Torkoal|Lava Plume|p1a: Dunsparce
|-damage|p1a: Dunsparce|10/100 par
|
|-weather|SunnyDay|[upkeep]
|upkeep
|turn|21
|
|t:|1757841815
|cant|p1a: Dunsparce|par
|move|p2a: Torkoal|Lava Plume|p1a: Dunsparce
|-damage|p1a: Dunsparce|0 fnt
|faint|p1a: Dunsparce
|
|-weather|SunnyDay|[upkeep]
|upkeep
|
|t:|1757841833
|switch|p1a: Glimmora|Glimmora, F, shiny|100/100
|-damage|p1a: Glimmora|88/100|[from] Stealth Rock
|turn|22
|
|t:|1757841838
|switch|p2a: Corviknight|Corviknight, F|100/100
|-ability|p2a: Corviknight|Pressure
|move|p1a: Glimmora|Mortal Spin|p2a: Corviknight
|-immune|p2a: Corviknight
|
|-weather|none
|upkeep
|turn|23
|
|t:|1757841849
|move|p1a: Glimmora|Spiky Shield|p1a: Glimmora
|-singleturn|p1a: Glimmora|move: Protect
|move|p2a: Corviknight|Iron Defense|p2a: Corviknight
|-boost|p2a: Corviknight|def|2
|
|upkeep
|turn|24
|
|t:|1757841856
|move|p1a: Glimmora|Stealth Rock|p2a: Corviknight
|-sidestart|p2: AimHighRr|move: Stealth Rock
|move|p2a: Corviknight|Body Press|p1a: Glimmora
|-damage|p1a: Glimmora|33/100
|-activate|p1a: Glimmora|ability: Toxic Debris
|-sidestart|p2: AimHighRr|move: Toxic Spikes
|
|upkeep
|turn|25
|
|t:|1757841869
|move|p1a: Glimmora|Spiky Shield|p1a: Glimmora
|-singleturn|p1a: Glimmora|move: Protect
|move|p2a: Corviknight|Iron Defense|p2a: Corviknight
|-boost|p2a: Corviknight|def|2
|
|upkeep
|turn|26
|
|t:|1757841881
|move|p1a: Glimmora|Toxic|p2a: Corviknight
|-immune|p2a: Corviknight
|move|p2a: Corviknight|Iron Defense|p2a: Corviknight
|-boost|p2a: Corviknight|def|2
|
|upkeep
|turn|27
|
|t:|1757841888
|move|p1a: Glimmora|Spiky Shield|p1a: Glimmora
|-singleturn|p1a: Glimmora|move: Protect
|move|p2a: Corviknight|Body Press|p1a: Glimmora
|-activate|p1a: Glimmora|move: Protect
|-damage|p2a: Corviknight|88/100|[from] Spiky Shield|[of] p1a: Glimmora
|
|upkeep
|turn|28
|
|t:|1757841897
|move|p1a: Glimmora|Stealth Rock||[still]
|-fail|p1a: Glimmora
|move|p2a: Corviknight|Body Press|p1a: Glimmora
|-damage|p1a: Glimmora|0 fnt
|-activate|p1a: Glimmora|ability: Toxic Debris
|-sidestart|p2: AimHighRr|move: Toxic Spikes
|faint|p1a: Glimmora
|
|upkeep
|
|t:|1757841905
|switch|p1a: Raging Bolt|Raging Bolt|100/100
|-damage|p1a: Raging Bolt|88/100|[from] Stealth Rock
|turn|29
|
|t:|1757841912
|switch|p2a: Slowking|Slowking-Galar, F|100/100
|-damage|p2a: Slowking|88/100|[from] Stealth Rock
|-sideend|p2: AimHighRr|move: Toxic Spikes|[of] p2a: Slowking
|move|p1a: Raging Bolt|Thunderclap||[still]
|-fail|p1a: Raging Bolt
|
|upkeep
|turn|30
|
|t:|1757841921
|move|p1a: Raging Bolt|Thunderclap|p2a: Slowking
|-damage|p2a: Slowking|57/100
|move|p2a: Slowking|Eerie Spell|p1a: Raging Bolt
|-damage|p1a: Raging Bolt|60/100
|-activate|p1a: Raging Bolt|move: Eerie Spell|Thunderclap|3
|
|upkeep
|turn|31
|
|t:|1757841941
|move|p1a: Raging Bolt|Thunderclap|p2a: Slowking
|-damage|p2a: Slowking|20/100
|move|p2a: Slowking|Ice Beam|p1a: Raging Bolt
|-supereffective|p1a: Raging Bolt
|-damage|p1a: Raging Bolt|10/100
|
|upkeep
|turn|32
|
|t:|1757841947
|move|p1a: Raging Bolt|Thunderclap|p2a: Slowking
|-damage|p2a: Slowking|0 fnt
|faint|p2a: Slowking
|
|upkeep
|
|t:|1757841952
|switch|p2a: Torkoal|Torkoal, M|8/100 par
|-damage|p2a: Torkoal|0 fnt|[from] Stealth Rock
|faint|p2a: Torkoal
|
|t:|1757841958
|switch|p2a: Walking Wake|Walking Wake, tera:Water|100/100
|-damage|p2a: Walking Wake|88/100|[from] Stealth Rock
|turn|33
|
|t:|1757841984
|move|p1a: Raging Bolt|Thunderclap|p2a: Walking Wake
|-supereffective|p2a: Walking Wake
|-damage|p2a: Walking Wake|0 fnt
|faint|p2a: Walking Wake
|-end|p2a: Walking Wake|Protosynthesis|[silent]
|
|upkeep
|
|t:|1757841991
|switch|p2a: Great Tusk|Great Tusk|100/100
|-damage|p2a: Great Tusk|98/100|[from] Stealth Rock
|turn|34
|
|t:|1757842004
|move|p2a: Great Tusk|Rapid Spin|p1a: Raging Bolt
|-damage|p1a: Raging Bolt|0 fnt
|-boost|p2a: Great Tusk|spe|1
|-sideend|p2: AimHighRr|Stealth Rock|[from] move: Rapid Spin|[of] p2a: Great Tusk
|faint|p1a: Raging Bolt
|-end|p1a: Raging Bolt|Protosynthesis|[silent]
|
|-heal|p2a: Great Tusk|100/100|[from] item: Leftovers
|upkeep
|
|t:|1757842008
|switch|p1a: Falinks|Falinks, shiny|100/100
|-damage|p1a: Falinks|95/100|[from] Stealth Rock
|turn|35
|
|t:|1757842016
|move|p2a: Great Tusk|Bulk Up|p2a: Great Tusk
|-boost|p2a: Great Tusk|atk|1
|-boost|p2a: Great Tusk|def|1
|move|p1a: Falinks|No Retreat|p1a: Falinks
|-boost|p1a: Falinks|atk|1
|-boost|p1a: Falinks|def|1
|-boost|p1a: Falinks|spa|1
|-boost|p1a: Falinks|spd|1
|-boost|p1a: Falinks|spe|1
|-start|p1a: Falinks|move: No Retreat
|
|upkeep
|turn|36
|
|t:|1757842030
|move|p1a: Falinks|Brick Break|p2a: Great Tusk
|-crit|p2a: Great Tusk
|-damage|p2a: Great Tusk|45/100
|move|p2a: Great Tusk|Headlong Rush|p1a: Falinks
|-damage|p1a: Falinks|9/100
|-unboost|p2a: Great Tusk|def|1
|-unboost|p2a: Great Tusk|spd|1
|
|-heal|p2a: Great Tusk|51/100|[from] item: Leftovers
|upkeep
|turn|37
|
|t:|1757842043
|-terastallize|p1a: Falinks|Fighting
|move|p2a: Great Tusk|Rapid Spin|p1a: Falinks
|-damage|p1a: Falinks|0 fnt
|-boost|p2a: Great Tusk|spe|1
|faint|p1a: Falinks
|
|-heal|p2a: Great Tusk|57/100|[from] item: Leftovers
|upkeep
|
|t:|1757842053
|switch|p1a: Kingambit|Kingambit, M, shiny|100/100
|-damage|p1a: Kingambit|94/100|[from] Stealth Rock
|turn|38
|
|t:|1757842058
|move|p2a: Great Tusk|Headlong Rush|p1a: Kingambit
|-supereffective|p1a: Kingambit
|-damage|p1a: Kingambit|0 fnt
|-unboost|p2a: Great Tusk|def|1
|-unboost|p2a: Great Tusk|spd|1
|faint|p1a: Kingambit
|
|win|AimHighRr
|raw|SickBRE12's rating: 1081 &rarr; <strong>1057</strong><br />(-24 for losing)
|raw|AimHighRr's rating: 1055 &rarr; <strong>1089</strong><br />(+34 for winning)
|l|☆SickBRE12
|player|p1|
|l|☆AimHighRr
|player|p2|
