|j|☆heatraniac
|j|☆hungrymane
|t:|1757839189
|gametype|singles
|player|p1|heatraniac|miku-flying|1707
|player|p2|hungrymane|101|1718
|gen|9
|tier|[Gen 9] OU
|rated|
|rule|HP Percentage Mod: HP is shown in percentages
|rule|Endless Battle Clause: Forcing endless battles is banned
|rule|Species Clause: Limit one of each Pokémon
|rule|OHKO Clause: OHKO moves are banned
|rule|Evasion Items Clause: Evasion items are banned
|rule|Evasion Moves Clause: Evasion moves are banned
|rule|Evasion Abilities Clause: Evasion abilities are banned
|rule|Sleep Moves Clause: Sleep-inducing moves are banned
|clearpoke
|poke|p1|Dondozo, F|
|poke|p1|Blissey, F|
|poke|p1|Corviknight, M|
|poke|p1|Weezing-Galar, M|
|poke|p1|Gliscor, F|
|poke|p1|Toxapex, F|
|poke|p2|Serperior, F|
|poke|p2|Gholdengo|
|poke|p2|Tentacruel, M|
|poke|p2|Landorus-Therian, M|
|poke|p2|Tinkaton, F|
|poke|p2|Zapdos|
|teampreview
|inactive|Battle timer is ON: inactive players will automatically lose when time's up. (requested by heatraniac)
|
|t:|1757839196
|teamsize|p1|6
|teamsize|p2|6
|start
|switch|p1a: Gliscor|Gliscor, F|100/100
|switch|p2a: Landorus|Landorus-Therian, M|100/100
|-ability|p2a: Landorus|Intimidate|boost
|-unboost|p1a: Gliscor|atk|1
|turn|1
|
|t:|1757839200
|move|p2a: Landorus|Fling|p1a: Gliscor
|-damage|p1a: Gliscor|92/100
|-status|p1a: Gliscor|par
|-enditem|p2a: Landorus|Light Ball|[from] move: Fling
|move|p1a: Gliscor|Knock Off|p2a: Landorus
|-damage|p2a: Landorus|90/100
|
|upkeep
|turn|2
|
|t:|1757839205
|move|p2a: Landorus|Stealth Rock|p1a: Gliscor
|-sidestart|p1: heatraniac|move: Stealth Rock
|cant|p1a: Gliscor|par
|
|upkeep
|turn|3
|
|t:|1757839208
|move|p2a: Landorus|Rock Slide|p1a: Gliscor
|-damage|p1a: Gliscor|70/100 par
|move|p1a: Gliscor|Spikes|p2a: Landorus
|-sidestart|p2: hungrymane|Spikes
|
|upkeep
|turn|4
|
|t:|1757839210
|move|p2a: Landorus|Rock Slide|p1a: Gliscor
|-damage|p1a: Gliscor|50/100 par
|cant|p1a: Gliscor|par
|
|upkeep
|turn|5
|
|t:|1757839212
|move|p2a: Landorus|Rock Slide|p1a: Gliscor
|-damage|p1a: Gliscor|27/100 par
|cant|p1a: Gliscor|flinch
|
|upkeep
|turn|6
|
|t:|1757839215
|move|p2a: Landorus|Rock Slide|p1a: Gliscor
|-damage|p1a: Gliscor|6/100 par
|move|p1a: Gliscor|Spikes|p2a: Landorus
|-sidestart|p2: hungrymane|Spikes
|
|upkeep
|turn|7
|
|t:|1757839218
|move|p2a: Landorus|Rock Slide|p1a: Gliscor
|-damage|p1a: Gliscor|0 fnt
|faint|p1a: Gliscor
|
|upkeep
|
|t:|1757839222
|switch|p1a: Toxapex|Toxapex, F|100/100
|-damage|p1a: Toxapex|88/100|[from] Stealth Rock
|turn|8
|
|t:|1757839226
|switch|p2a: Tentacruel|Tentacruel, M|100/100
|switch|p1a: Blissey|Blissey, F|100/100
|-damage|p1a: Blissey|88/100|[from] Stealth Rock
|
|-heal|p1a: Blissey|94/100|[from] item: Leftovers
|upkeep
|turn|9
|
|t:|1757839230
|move|p2a: Tentacruel|Knock Off|p1a: Blissey
|-damage|p1a: Blissey|80/100
|-enditem|p1a: Blissey|Leftovers|[from] move: Knock Off|[of] p2a: Tentacruel
|move|p1a: Blissey|Seismic Toss|p2a: Tentacruel
|-damage|p2a: Tentacruel|73/100
|
|upkeep
|turn|10
|
|t:|1757839245
|switch|p2a: Tinkaton|Tinkaton, F|100/100
|-damage|p2a: Tinkaton|84/100|[from] Spikes
|-ability|p2a: Tinkaton|Mold Breaker
|move|p1a: Blissey|Seismic Toss|p2a: Tinkaton
|-damage|p2a: Tinkaton|57/100
|
|-heal|p2a: Tinkaton|63/100|[from] item: Leftovers
|upkeep
|turn|11
|
|t:|1757839258
|switch|p2a: Gholdengo|Gholdengo|100/100
|-damage|p2a: Gholdengo|84/100|[from] Spikes
|switch|p1a: Toxapex|Toxapex, F|100/100
|-damage|p1a: Toxapex|88/100|[from] Stealth Rock
|
|-heal|p2a: Gholdengo|90/100|[from] item: Leftovers
|-heal|p1a: Toxapex|94/100|[from] item: Leftovers
|upkeep
|turn|12
|
|t:|1757839261
|move|p2a: Gholdengo|Thunder Wave|p1a: Toxapex|[miss]
|-miss|p2a: Gholdengo|p1a: Toxapex
|move|p1a: Toxapex|Haze|p1a: Toxapex
|-clearallboost
|
|-heal|p2a: Gholdengo|96/100|[from] item: Leftovers
|-heal|p1a: Toxapex|100/100|[from] item: Leftovers
|upkeep
|turn|13
|
|t:|1757839264
|switch|p1a: Blissey|Blissey, F|80/100
|-damage|p1a: Blissey|67/100|[from] Stealth Rock
|move|p2a: Gholdengo|Thunder Wave|p1a: Blissey
|-status|p1a: Blissey|par
|
|-heal|p2a: Gholdengo|100/100|[from] item: Leftovers
|upkeep
|turn|14
|
|t:|1757839267
|switch|p2a: Serperior|Serperior, F|100/100
|-damage|p2a: Serperior|84/100|[from] Spikes
|move|p1a: Blissey|Stealth Rock|p2a: Serperior
|-sidestart|p2: hungrymane|move: Stealth Rock
|
|-heal|p2a: Serperior|90/100|[from] item: Leftovers
|upkeep
|turn|15
|
|t:|1757839271
|-curestatus|p1a: Blissey|par|[from] ability: Natural Cure
|switch|p1a: Toxapex|Toxapex, F|100/100
|-damage|p1a: Toxapex|88/100|[from] Stealth Rock
|move|p2a: Serperior|Leech Seed|p1a: Toxapex
|-start|p1a: Toxapex|move: Leech Seed
|
|-heal|p2a: Serperior|96/100|[from] item: Leftovers
|-heal|p1a: Toxapex|94/100|[from] item: Leftovers
|-damage|p1a: Toxapex|82/100|[from] Leech Seed|[of] p2a: Serperior
|-heal|p2a: Serperior|100/100|[silent]
|upkeep
|turn|16
|
|t:|1757839274
|move|p2a: Serperior|Substitute|p2a: Serperior
|-start|p2a: Serperior|Substitute
|-damage|p2a: Serperior|76/100
|move|p1a: Toxapex|Toxic||[still]
|-fail|p1a: Toxapex
|
|-heal|p2a: Serperior|82/100|[from] item: Leftovers
|-heal|p1a: Toxapex|88/100|[from] item: Leftovers
|-damage|p1a: Toxapex|75/100|[from] Leech Seed|[of] p2a: Serperior
|-heal|p2a: Serperior|93/100|[silent]
|upkeep
|turn|17
|
|t:|1757839280
|move|p2a: Serperior|Leech Seed||[still]
|-fail|p2a: Serperior
|move|p1a: Toxapex|Haze|p1a: Toxapex
|-clearallboost
|
|-heal|p2a: Serperior|99/100|[from] item: Leftovers
|-heal|p1a: Toxapex|82/100|[from] item: Leftovers
|-damage|p1a: Toxapex|69/100|[from] Leech Seed|[of] p2a: Serperior
|-heal|p2a: Serperior|100/100|[silent]
|upkeep
|turn|18
|
|t:|1757839283
|move|p2a: Serperior|Glare|p1a: Toxapex
|-status|p1a: Toxapex|par
|cant|p1a: Toxapex|par
|
|-heal|p1a: Toxapex|75/100 par|[from] item: Leftovers
|-damage|p1a: Toxapex|63/100 par|[from] Leech Seed|[of] p2a: Serperior
|upkeep
|turn|19
|
|t:|1757839287
|switch|p2a: Tentacruel|Tentacruel, M|73/100
|move|p1a: Toxapex|Recover|p1a: Toxapex
|-heal|p1a: Toxapex|100/100 par
|
|-damage|p1a: Toxapex|88/100 par|[from] Leech Seed|[of] p2a: Tentacruel
|-heal|p2a: Tentacruel|83/100|[silent]
|upkeep
|turn|20
|
|t:|1757839291
|switch|p1a: Blissey|Blissey, F|67/100
|-damage|p1a: Blissey|55/100|[from] Stealth Rock
|move|p2a: Tentacruel|Rapid Spin|p1a: Blissey
|-damage|p1a: Blissey|48/100
|-boost|p2a: Tentacruel|spe|1
|-sideend|p2: hungrymane|Spikes|[from] move: Rapid Spin|[of] p2a: Tentacruel
|-sideend|p2: hungrymane|Stealth Rock|[from] move: Rapid Spin|[of] p2a: Tentacruel
|
|upkeep
|turn|21
|
|t:|1757839299
|switch|p2a: Serperior|Serperior, F|100/100
|move|p1a: Blissey|Soft-Boiled|p1a: Blissey
|-heal|p1a: Blissey|98/100
|
|upkeep
|turn|22
|
|t:|1757839309
|move|p2a: Serperior|Leech Seed|p1a: Blissey
|-start|p1a: Blissey|move: Leech Seed
|move|p1a: Blissey|Stealth Rock|p2a: Serperior
|-sidestart|p2: hungrymane|move: Stealth Rock
|
|-damage|p1a: Blissey|85/100|[from] Leech Seed|[of] p2a: Serperior
|upkeep
|turn|23
|j| vfdsfddfddfew
|
|t:|1757839324
|switch|p1a: Corviknight|Corviknight, M|100/100
|-damage|p1a: Corviknight|88/100|[from] Stealth Rock
|-ability|p1a: Corviknight|Pressure
|move|p2a: Serperior|Substitute|p2a: Serperior
|-start|p2a: Serperior|Substitute
|-damage|p2a: Serperior|76/100
|
|-heal|p2a: Serperior|82/100|[from] item: Leftovers
|-heal|p1a: Corviknight|94/100|[from] item: Leftovers
|upkeep
|turn|24
|
|t:|1757839328
|switch|p1a: Blissey|Blissey, F|85/100
|-damage|p1a: Blissey|73/100|[from] Stealth Rock
|move|p2a: Serperior|Glare|p1a: Blissey
|-status|p1a: Blissey|par
|
|-heal|p2a: Serperior|88/100|[from] item: Leftovers
|upkeep
|turn|25
|
|t:|1757839332
|move|p2a: Serperior|Leech Seed|p1a: Blissey
|-start|p1a: Blissey|move: Leech Seed
|move|p1a: Blissey|Seismic Toss|p2a: Serperior
|-end|p2a: Serperior|Substitute
|
|-heal|p2a: Serperior|94/100|[from] item: Leftovers
|-damage|p1a: Blissey|60/100 par|[from] Leech Seed|[of] p2a: Serperior
|-heal|p2a: Serperior|100/100|[silent]
|upkeep
|turn|26
|-message|heatraniac forfeited.
|
|win|hungrymane
|raw|heatraniac's rating: 1707 &rarr; <strong>1688</strong><br />(-19 for losing)
|raw|hungrymane's rating: 1718 &rarr; <strong>1737</strong><br />(+19 for winning)
|l|☆heatraniac
|player|p1|
|l| vfdsfddfddfew
