|j|☆lord gula
|j|☆jirurimi
|t:|1757808979
|gametype|singles
|player|p1|lord gula|riley|1482
|player|p2|jirurimi|169|1501
|gen|9
|tier|[Gen 9] OU
|rated|
|rule|HP Percentage Mod: HP is shown in percentages
|rule|Endless Battle Clause: Forcing endless battles is banned
|rule|Species Clause: Limit one of each Pokémon
|rule|OHKO Clause: OHKO moves are banned
|rule|Evasion Items Clause: Evasion items are banned
|rule|Evasion Moves Clause: Evasion moves are banned
|rule|Evasion Abilities Clause: Evasion abilities are banned
|rule|Sleep Moves Clause: Sleep-inducing moves are banned
|clearpoke
|poke|p1|Yanmega, M|
|poke|p1|Ceruledge, M|
|poke|p1|Ogerpon, F|
|poke|p1|Garganacl, F|
|poke|p1|Espeon, F|
|poke|p1|Greninja-*, M|
|poke|p2|Ting-Lu|
|poke|p2|Zapdos|
|poke|p2|Alomomola, M|
|poke|p2|Kyurem|
|poke|p2|Weezing-Galar, F|
|poke|p2|Zamazenta-*|
|teampreview
|inactive|Battle timer is ON: inactive players will automatically lose when time's up. (requested by lord gula)
|inactive|lord gula has 120 seconds left.
|
|t:|1757809011
|teamsize|p1|6
|teamsize|p2|6
|start
|switch|p1a: Espeon|Espeon, F|100/100
|switch|p2a: Zamazenta|Zamazenta|100/100
|-ability|p2a: Zamazenta|Dauntless Shield|boost
|-boost|p2a: Zamazenta|def|1
|turn|1
|
|t:|1757809018
|-terastallize|p2a: Zamazenta|Dark
|move|p2a: Zamazenta|Crunch|p1a: Espeon
|-supereffective|p1a: Espeon
|-damage|p1a: Espeon|0 fnt
|faint|p1a: Espeon
|-damage|p2a: Zamazenta|91/100|[from] item: Life Orb
|
|upkeep
|
|t:|1757809033
|switch|p1a: Yanmega|Yanmega, M, shiny|100/100
|turn|2
|
|t:|1757809040
|move|p2a: Zamazenta|Stone Edge|p1a: Yanmega
|-supereffective|p1a: Yanmega
|-damage|p1a: Yanmega|0 fnt
|faint|p1a: Yanmega
|-damage|p2a: Zamazenta|81/100|[from] item: Life Orb
|
|upkeep
|
|t:|1757809047
|switch|p1a: Greninja|Greninja, M|100/100
|turn|3
|
|t:|1757809056
|switch|p2a: Alomomola|Alomomola, M|100/100
|move|p1a: Greninja|Surf|p2a: Alomomola
|-resisted|p2a: Alomomola
|-damage|p2a: Alomomola|78/100
|-enditem|p2a: Alomomola|Eject Button
|-damage|p1a: Greninja|91/100|[from] item: Life Orb
|
|t:|1757809071
|switch|p2a: Kyurem|Kyurem|100/100
|-ability|p2a: Kyurem|Pressure
|
|upkeep
|turn|4
|
|t:|1757809076
|move|p1a: Greninja|Dark Pulse|p2a: Kyurem
|-damage|p2a: Kyurem|73/100
|-damage|p1a: Greninja|81/100|[from] item: Life Orb
|cant|p2a: Kyurem|flinch
|
|upkeep
|turn|5
|
|t:|1757809082
|move|p1a: Greninja|Dark Pulse|p2a: Kyurem
|-damage|p2a: Kyurem|48/100
|-damage|p1a: Greninja|71/100|[from] item: Life Orb
|move|p2a: Kyurem|Freeze-Dry|p1a: Greninja
|-supereffective|p1a: Greninja
|-damage|p1a: Greninja|0 fnt
|faint|p1a: Greninja
|
|upkeep
|
|t:|1757809088
|switch|p1a: Ceruledge|Ceruledge, M, shiny|100/100
|turn|6
|
|t:|1757809092
|move|p1a: Ceruledge|Close Combat|p2a: Kyurem
|-supereffective|p2a: Kyurem
|-damage|p2a: Kyurem|0 fnt
|-unboost|p1a: Ceruledge|def|1
|-unboost|p1a: Ceruledge|spd|1
|faint|p2a: Kyurem
|
|upkeep
|
|t:|1757809116
|switch|p2a: Alomomola|Alomomola, M|100/100
|turn|7
|
|t:|1757809122
|switch|p1a: Garganacl|Garganacl, F, shiny|100/100
|move|p2a: Alomomola|Flip Turn|p1a: Garganacl
|-supereffective|p1a: Garganacl
|-damage|p1a: Garganacl|76/100
|
|t:|1757809129
|switch|p2a: Zamazenta|Zamazenta, tera:Dark|81/100|[from] Flip Turn
|
|-heal|p1a: Garganacl|82/100|[from] item: Leftovers
|upkeep
|turn|8
|
|t:|1757809133
|move|p2a: Zamazenta|Close Combat|p1a: Garganacl
|-supereffective|p1a: Garganacl
|-damage|p1a: Garganacl|0 fnt
|-unboost|p2a: Zamazenta|def|1
|-unboost|p2a: Zamazenta|spd|1
|faint|p1a: Garganacl
|-damage|p2a: Zamazenta|71/100|[from] item: Life Orb
|
|upkeep
|
|t:|1757809144
|switch|p1a: Ogerpon|Ogerpon, F|100/100
|turn|9
|
|t:|1757809150
|switch|p2a: Weezing|Weezing-Galar, F|100/100
|-ability|p2a: Weezing|Neutralizing Gas
|move|p1a: Ogerpon|Swords Dance|p1a: Ogerpon
|-boost|p1a: Ogerpon|atk|2
|
|upkeep
|turn|10
|
|t:|1757809158
|move|p1a: Ogerpon|Stomping Tantrum|p2a: Weezing
|-supereffective|p2a: Weezing
|-damage|p2a: Weezing|32/100
|move|p2a: Weezing|Sludge Bomb|p1a: Ogerpon
|-supereffective|p1a: Ogerpon
|-damage|p1a: Ogerpon|42/100
|
|upkeep
|turn|11
|
|t:|1757809167
|-end|p2a: Weezing|ability: Neutralizing Gas
|switch|p2a: Zapdos|Zapdos|100/100
|move|p1a: Ogerpon|Stomping Tantrum|p2a: Zapdos
|-immune|p2a: Zapdos
|
|upkeep
|turn|12
|
|t:|1757809172
|move|p1a: Ogerpon|Knock Off|p2a: Zapdos
|-damage|p2a: Zapdos|22/100
|-enditem|p2a: Zapdos|Assault Vest|[from] move: Knock Off|[of] p1a: Ogerpon
|move|p2a: Zapdos|Heat Wave|p1a: Ogerpon
|-supereffective|p1a: Ogerpon
|-damage|p1a: Ogerpon|0 fnt
|faint|p1a: Ogerpon
|
|upkeep
|
|t:|1757809178
|switch|p1a: Ceruledge|Ceruledge, M, shiny|100/100
|turn|13
|
|t:|1757809181
|move|p2a: Zapdos|Volt Switch|p1a: Ceruledge
|-damage|p1a: Ceruledge|60/100
|
|t:|1757809184
|switch|p2a: Alomomola|Alomomola, M|100/100|[from] Volt Switch
|move|p1a: Ceruledge|Bitter Blade|p2a: Alomomola
|-resisted|p2a: Alomomola
|-damage|p2a: Alomomola|85/100
|-heal|p1a: Ceruledge|73/100|[from] drain|[of] p2a: Alomomola
|
|upkeep
|turn|14
|
|t:|1757809187
|move|p1a: Ceruledge|Bitter Blade|p2a: Alomomola
|-resisted|p2a: Alomomola
|-damage|p2a: Alomomola|71/100
|-heal|p1a: Ceruledge|85/100|[from] drain|[of] p2a: Alomomola
|move|p2a: Alomomola|Flip Turn|p1a: Ceruledge
|-supereffective|p1a: Ceruledge
|-damage|p1a: Ceruledge|43/100
|-ability|p1a: Ceruledge|Weak Armor|boost
|-unboost|p1a: Ceruledge|def|1
|-boost|p1a: Ceruledge|spe|2
|-enditem|p1a: Ceruledge|Weakness Policy
|-boost|p1a: Ceruledge|atk|2|[from] item: Weakness Policy
|-boost|p1a: Ceruledge|spa|2|[from] item: Weakness Policy
|
|t:|1757809202
|switch|p2a: Ting-Lu|Ting-Lu|100/100|[from] Flip Turn
|-ability|p2a: Ting-Lu|Vessel of Ruin
|
|upkeep
|turn|15
|
|t:|1757809208
|move|p1a: Ceruledge|Close Combat|p2a: Ting-Lu
|-supereffective|p2a: Ting-Lu
|-damage|p2a: Ting-Lu|11/100
|-unboost|p1a: Ceruledge|def|1
|-unboost|p1a: Ceruledge|spd|1
|move|p2a: Ting-Lu|Earthquake|p1a: Ceruledge
|-supereffective|p1a: Ceruledge
|-damage|p1a: Ceruledge|0 fnt
|faint|p1a: Ceruledge
|
|win|jirurimi
|raw|lord gula's rating: 1482 &rarr; <strong>1463</strong><br />(-19 for losing)
|raw|jirurimi's rating: 1501 &rarr; <strong>1520</strong><br />(+19 for winning)
|l|☆lord gula
|player|p1|
|l|☆jirurimi
|player|p2|
