|j|☆JacquesDeAlderberg
|j|☆ciantaihou
|t:|1757836738
|gametype|singles
|player|p1|JacquesDeAlderberg|1|1702
|player|p2|ciantaihou|bellelba|1758
|gen|9
|tier|[Gen 9] OU
|rated|
|rule|HP Percentage Mod: HP is shown in percentages
|rule|Endless Battle Clause: Forcing endless battles is banned
|rule|Species Clause: Limit one of each Pokémon
|rule|OHKO Clause: OHKO moves are banned
|rule|Evasion Items Clause: Evasion items are banned
|rule|Evasion Moves Clause: Evasion moves are banned
|rule|Evasion Abilities Clause: Evasion abilities are banned
|rule|Sleep Moves Clause: Sleep-inducing moves are banned
|clearpoke
|poke|p1|Enamorus, F|
|poke|p1|Great Tusk|
|poke|p1|Hatterene, F|
|poke|p1|Iron Crown|
|poke|p1|Ting-Lu|
|poke|p1|Sinistcha|
|poke|p2|Ursaluna, F|
|poke|p2|Torkoal, F|
|poke|p2|Hoopa-Unbound|
|poke|p2|Cresselia, F|
|poke|p2|Hatterene, F|
|poke|p2|Enamorus-Therian, F|
|teampreview
|j| Disscratch
|j| Bigbird37
|
|t:|1757836764
|teamsize|p1|6
|teamsize|p2|6
|start
|switch|p1a: Enamorus|Enamorus, F|100/100
|switch|p2a: Hoopa|Hoopa-Unbound|100/100
|turn|1
|
|t:|1757836781
|move|p1a: Enamorus|Substitute|p1a: Enamorus
|-start|p1a: Enamorus|Substitute
|-damage|p1a: Enamorus|75/100
|move|p2a: Hoopa|Trick Room|p2a: Hoopa
|-fieldstart|move: Trick Room|[of] p2a: Hoopa
|
|-heal|p1a: Enamorus|82/100|[from] item: Leftovers
|upkeep
|turn|2
|
|t:|1757836789
|move|p2a: Hoopa|Hyperspace Fury|p1a: Enamorus
|-resisted|p1a: Enamorus
|-damage|p1a: Enamorus|36/100
|-unboost|p2a: Hoopa|def|1
|-enditem|p2a: Hoopa|Eject Pack
|
|t:|1757836795
|switch|p2a: Ursaluna|Ursaluna, F|100/100
|move|p1a: Enamorus|Moonblast|p2a: Ursaluna
|-damage|p2a: Ursaluna|60/100
|
|-heal|p1a: Enamorus|42/100|[from] item: Leftovers
|-status|p2a: Ursaluna|brn|[from] item: Flame Orb
|upkeep
|turn|3
|j| vfdsfddfddfew
|
|t:|1757836809
|move|p2a: Ursaluna|Fire Punch|p1a: Enamorus
|-end|p1a: Enamorus|Substitute
|move|p1a: Enamorus|Moonblast|p2a: Ursaluna
|-damage|p2a: Ursaluna|16/100 brn
|
|-heal|p1a: Enamorus|48/100|[from] item: Leftovers
|-damage|p2a: Ursaluna|10/100 brn|[from] brn
|upkeep
|turn|4
|
|t:|1757836820
|switch|p1a: Sinistcha|Sinistcha|100/100
|move|p2a: Ursaluna|Fire Punch|p1a: Sinistcha
|-supereffective|p1a: Sinistcha
|-damage|p1a: Sinistcha|68/100
|
|-damage|p2a: Ursaluna|4/100 brn|[from] brn
|upkeep
|turn|5
|
|t:|1757836829
|switch|p2a: Enamorus|Enamorus-Therian, F|100/100
|move|p1a: Sinistcha|Strength Sap|p2a: Enamorus
|-unboost|p2a: Enamorus|atk|1
|-heal|p1a: Sinistcha|100/100
|
|-fieldend|move: Trick Room
|upkeep
|turn|6
|
|t:|1757836840
|switch|p1a: Hatterene|Hatterene, F|100/100
|move|p2a: Enamorus|Earth Power|p1a: Hatterene
|-damage|p1a: Hatterene|47/100
|
|-heal|p1a: Hatterene|53/100|[from] item: Leftovers
|upkeep
|turn|7
|j| amgodzchild
|
|t:|1757836849
|switch|p1a: Enamorus|Enamorus, F|48/100
|move|p2a: Enamorus|Earth Power|p1a: Enamorus
|-immune|p1a: Enamorus
|
|-heal|p1a: Enamorus|54/100|[from] item: Leftovers
|upkeep
|turn|8
|
|t:|1757836860
|switch|p2a: Ursaluna|Ursaluna, F|4/100 brn
|move|p1a: Enamorus|Calm Mind|p1a: Enamorus
|-boost|p1a: Enamorus|spa|1
|-boost|p1a: Enamorus|spd|1
|
|-heal|p1a: Enamorus|60/100|[from] item: Leftovers
|-damage|p2a: Ursaluna|0 fnt|[from] brn
|faint|p2a: Ursaluna
|upkeep
|
|t:|1757836871
|switch|p2a: Hatterene|Hatterene, F|100/100
|turn|9
|
|t:|1757836876
|move|p1a: Enamorus|Moonblast|p2a: Hatterene
|-damage|p2a: Hatterene|27/100
|move|p2a: Hatterene|Trick Room|p2a: Hatterene
|-fieldstart|move: Trick Room|[of] p2a: Hatterene
|
|-heal|p1a: Enamorus|66/100|[from] item: Leftovers
|upkeep
|turn|10
|
|t:|1757836883
|move|p2a: Hatterene|Psychic|p1a: Enamorus
|-damage|p1a: Enamorus|21/100
|move|p1a: Enamorus|Substitute|p1a: Enamorus
|-fail|p1a: Enamorus|move: Substitute|[weak]
|
|-heal|p1a: Enamorus|28/100|[from] item: Leftovers
|upkeep
|turn|11
|
|t:|1757836891
|switch|p1a: Ting-Lu|Ting-Lu|100/100
|-ability|p1a: Ting-Lu|Vessel of Ruin
|move|p2a: Hatterene|Dazzling Gleam|p1a: Ting-Lu
|-supereffective|p1a: Ting-Lu
|-damage|p1a: Ting-Lu|62/100
|
|-heal|p1a: Ting-Lu|68/100|[from] item: Leftovers
|upkeep
|turn|12
|
|t:|1757836902
|switch|p2a: Enamorus|Enamorus-Therian, F|100/100
|move|p1a: Ting-Lu|Earthquake|p2a: Enamorus
|-immune|p2a: Enamorus
|
|-heal|p1a: Ting-Lu|74/100|[from] item: Leftovers
|upkeep
|turn|13
|
|t:|1757836912
|switch|p1a: Hatterene|Hatterene, F|53/100
|-terastallize|p2a: Enamorus|Fairy
|move|p2a: Enamorus|Moonblast|p1a: Hatterene
|-damage|p1a: Hatterene|0 fnt
|faint|p1a: Hatterene
|
|-fieldend|move: Trick Room
|upkeep
|
|t:|1757836927
|switch|p1a: Iron Crown|Iron Crown|100/100
|-enditem|p1a: Iron Crown|Booster Energy
|-activate|p1a: Iron Crown|ability: Quark Drive|[fromitem]
|-start|p1a: Iron Crown|quarkdrivespa
|turn|14
|
|t:|1757836934
|switch|p2a: Hatterene|Hatterene, F|27/100
|move|p1a: Iron Crown|Calm Mind|p1a: Iron Crown
|-boost|p1a: Iron Crown|spa|1
|-boost|p1a: Iron Crown|spd|1
|
|upkeep
|turn|15
|
|t:|1757836942
|move|p1a: Iron Crown|Stored Power|p2a: Hatterene
|-resisted|p2a: Hatterene
|-crit|p2a: Hatterene
|-damage|p2a: Hatterene|0 fnt
|faint|p2a: Hatterene
|
|upkeep
|
|t:|1757836948
|switch|p2a: Hoopa|Hoopa-Unbound|100/100
|turn|16
|j| suhui_
|
|t:|1757836967
|-end|p1a: Iron Crown|Quark Drive|[silent]
|switch|p1a: Ting-Lu|Ting-Lu|74/100
|-ability|p1a: Ting-Lu|Vessel of Ruin
|move|p2a: Hoopa|Trick Room|p2a: Hoopa
|-fieldstart|move: Trick Room|[of] p2a: Hoopa
|
|-heal|p1a: Ting-Lu|80/100|[from] item: Leftovers
|upkeep
|turn|17
|
|t:|1757836976
|switch|p2a: Enamorus|Enamorus-Therian, F, tera:Fairy|100/100
|move|p1a: Ting-Lu|Stealth Rock|p2a: Enamorus
|-sidestart|p2: ciantaihou|move: Stealth Rock
|
|-heal|p1a: Ting-Lu|86/100|[from] item: Leftovers
|upkeep
|turn|18
|
|t:|1757836985
|-terastallize|p1a: Ting-Lu|Poison
|move|p2a: Enamorus|Moonblast|p1a: Ting-Lu
|-resisted|p1a: Ting-Lu
|-damage|p1a: Ting-Lu|61/100
|move|p1a: Ting-Lu|Earthquake|p2a: Enamorus
|-damage|p2a: Enamorus|69/100
|
|-heal|p1a: Ting-Lu|67/100|[from] item: Leftovers
|upkeep
|turn|19
|
|t:|1757836996
|move|p2a: Enamorus|Moonblast|p1a: Ting-Lu
|-resisted|p1a: Ting-Lu
|-damage|p1a: Ting-Lu|46/100
|move|p1a: Ting-Lu|Ruination|p2a: Enamorus
|-damage|p2a: Enamorus|35/100
|
|-heal|p1a: Ting-Lu|52/100|[from] item: Leftovers
|upkeep
|turn|20
|
|t:|1757837005
|move|p2a: Enamorus|Moonblast|p1a: Ting-Lu
|-resisted|p1a: Ting-Lu
|-damage|p1a: Ting-Lu|28/100
|move|p1a: Ting-Lu|Earthquake|p2a: Enamorus
|-damage|p2a: Enamorus|4/100
|
|-heal|p1a: Ting-Lu|34/100|[from] item: Leftovers
|-fieldend|move: Trick Room
|upkeep
|turn|21
|
|t:|1757837015
|switch|p2a: Hoopa|Hoopa-Unbound|100/100
|-damage|p2a: Hoopa|88/100|[from] Stealth Rock
|move|p1a: Ting-Lu|Earthquake|p2a: Hoopa
|-damage|p2a: Hoopa|42/100
|
|-heal|p1a: Ting-Lu|40/100|[from] item: Leftovers
|upkeep
|turn|22
|
|t:|1757837025
|move|p2a: Hoopa|Psychic|p1a: Ting-Lu
|-supereffective|p1a: Ting-Lu
|-damage|p1a: Ting-Lu|0 fnt
|faint|p1a: Ting-Lu
|-item|p2a: Hoopa|Leftovers|[from] ability: Magician|[of] p1: Ting-Lu
|
|-heal|p2a: Hoopa|48/100|[from] item: Leftovers
|upkeep
|
|t:|1757837029
|switch|p1a: Great Tusk|Great Tusk|100/100
|-enditem|p1a: Great Tusk|Booster Energy
|-activate|p1a: Great Tusk|ability: Protosynthesis|[fromitem]
|-start|p1a: Great Tusk|protosynthesisspe
|turn|23
|
|t:|1757837038
|switch|p2a: Cresselia|Cresselia, F|100/100
|-damage|p2a: Cresselia|88/100|[from] Stealth Rock
|move|p1a: Great Tusk|Headlong Rush|p2a: Cresselia
|-immune|p2a: Cresselia|[from] ability: Levitate
|
|-heal|p2a: Cresselia|94/100|[from] item: Leftovers
|upkeep
|turn|24
|
|t:|1757837052
|-end|p1a: Great Tusk|Protosynthesis|[silent]
|switch|p1a: Enamorus|Enamorus, F|28/100
|move|p2a: Cresselia|Trick Room|p2a: Cresselia
|-fieldstart|move: Trick Room|[of] p2a: Cresselia
|
|-heal|p2a: Cresselia|99/100|[from] item: Leftovers
|-heal|p1a: Enamorus|34/100|[from] item: Leftovers
|upkeep
|turn|25
|
|t:|1757837059
|move|p2a: Cresselia|Moonblast|p1a: Enamorus
|-damage|p1a: Enamorus|11/100
|move|p1a: Enamorus|Moonblast|p2a: Cresselia
|-damage|p2a: Cresselia|71/100
|
|-heal|p2a: Cresselia|77/100|[from] item: Leftovers
|-heal|p1a: Enamorus|17/100|[from] item: Leftovers
|upkeep
|turn|26
|
|t:|1757837069
|move|p2a: Cresselia|Moonblast|p1a: Enamorus
|-damage|p1a: Enamorus|0 fnt
|faint|p1a: Enamorus
|
|-heal|p2a: Cresselia|83/100|[from] item: Leftovers
|upkeep
|
|t:|1757837072
|switch|p1a: Iron Crown|Iron Crown|100/100
|turn|27
|
|t:|1757837080
|switch|p2a: Hoopa|Hoopa-Unbound|48/100
|-damage|p2a: Hoopa|36/100|[from] Stealth Rock
|-end|p1a: Iron Crown|Quark Drive|[silent]
|switch|p1a: Great Tusk|Great Tusk|100/100
|
|-heal|p2a: Hoopa|42/100|[from] item: Leftovers
|upkeep
|turn|28
|
|t:|1757837089
|move|p2a: Hoopa|Psychic|p1a: Great Tusk
|-supereffective|p1a: Great Tusk
|-damage|p1a: Great Tusk|0 fnt
|faint|p1a: Great Tusk
|-end|p1a: Great Tusk|Protosynthesis|[silent]
|
|-heal|p2a: Hoopa|48/100|[from] item: Leftovers
|-fieldend|move: Trick Room
|upkeep
|
|t:|1757837094
|switch|p1a: Sinistcha|Sinistcha|100/100
|turn|29
|l| suhui_
|
|t:|1757837100
|move|p1a: Sinistcha|Shadow Ball|p2a: Hoopa
|-damage|p2a: Hoopa|22/100
|move|p2a: Hoopa|Trick Room|p2a: Hoopa
|-fieldstart|move: Trick Room|[of] p2a: Hoopa
|
|-heal|p2a: Hoopa|28/100|[from] item: Leftovers
|upkeep
|turn|30
|
|t:|1757837108
|move|p2a: Hoopa|Hyperspace Fury|p1a: Sinistcha
|-supereffective|p1a: Sinistcha
|-damage|p1a: Sinistcha|14/100
|-unboost|p2a: Hoopa|def|1
|move|p1a: Sinistcha|Matcha Gotcha|p2a: Hoopa
|-damage|p2a: Hoopa|3/100
|-heal|p1a: Sinistcha|27/100|[from] drain|[of] p2a: Hoopa
|-status|p2a: Hoopa|brn
|
|-heal|p2a: Hoopa|9/100 brn|[from] item: Leftovers
|-damage|p2a: Hoopa|3/100 brn|[from] brn
|upkeep
|turn|31
|j| suhui_
|
|t:|1757837122
|move|p2a: Hoopa|Hyperspace Fury|p1a: Sinistcha
|-supereffective|p1a: Sinistcha
|-damage|p1a: Sinistcha|0 fnt
|-unboost|p2a: Hoopa|def|1
|faint|p1a: Sinistcha
|
|-heal|p2a: Hoopa|9/100 brn|[from] item: Leftovers
|-damage|p2a: Hoopa|3/100 brn|[from] brn
|upkeep
|
|t:|1757837127
|switch|p1a: Iron Crown|Iron Crown|100/100
|turn|32
|
|t:|1757837134
|move|p2a: Hoopa|Hyperspace Fury|p1a: Iron Crown
|-supereffective|p1a: Iron Crown
|-damage|p1a: Iron Crown|35/100
|-unboost|p2a: Hoopa|def|1
|move|p1a: Iron Crown|Calm Mind|p1a: Iron Crown
|-boost|p1a: Iron Crown|spa|1
|-boost|p1a: Iron Crown|spd|1
|
|-heal|p2a: Hoopa|9/100 brn|[from] item: Leftovers
|-damage|p2a: Hoopa|3/100 brn|[from] brn
|upkeep
|turn|33
|
|t:|1757837145
|move|p2a: Hoopa|Hyperspace Fury|p1a: Iron Crown
|-supereffective|p1a: Iron Crown
|-damage|p1a: Iron Crown|0 fnt
|-unboost|p2a: Hoopa|def|1
|faint|p1a: Iron Crown
|-end|p1a: Iron Crown|Quark Drive|[silent]
|
|win|ciantaihou
|raw|JacquesDeAlderberg's rating: 1702 &rarr; <strong>1685</strong><br />(-17 for losing)
|raw|ciantaihou's rating: 1758 &rarr; <strong>1775</strong><br />(+17 for winning)
|l| Disscratch
|l|☆JacquesDeAlderberg
|player|p1|
|l| suhui_
