|j|☆saint246
|j|☆big bod3
|t:|1757848571
|gametype|singles
|player|p1|saint246|1|1123
|player|p2|big bod3|roughneck-gen4|1098
|gen|9
|tier|[Gen 9] OU
|rated|
|rule|HP Percentage Mod: HP is shown in percentages
|rule|Endless Battle Clause: Forcing endless battles is banned
|rule|Species Clause: Limit one of each Pokémon
|rule|OHKO Clause: OHKO moves are banned
|rule|Evasion Items Clause: Evasion items are banned
|rule|Evasion Moves Clause: Evasion moves are banned
|rule|Evasion Abilities Clause: Evasion abilities are banned
|rule|Sleep Moves Clause: Sleep-inducing moves are banned
|clearpoke
|poke|p1|Grimmsnarl, M|
|poke|p1|Heatran, M|
|poke|p1|Zoroark-Hisui, M|
|poke|p1|Iron Treads|
|poke|p1|Rotom-Wash|
|poke|p1|Lycanroc, F|
|poke|p2|Whiscash, F|
|poke|p2|Gholdengo|
|poke|p2|Meowscarada, M|
|poke|p2|Iron Valiant|
|poke|p2|Garchomp, F|
|poke|p2|Rotom-Wash|
|teampreview
|inactive|Battle timer is ON: inactive players will automatically lose when time's up. (requested by big bod3)
|
|t:|1757848700
|teamsize|p1|6
|teamsize|p2|6
|start
|switch|p1a: Lycanroc|Lycanroc, F|100/100
|switch|p2a: ᛟᛖCoinstorm|Gholdengo|100/100
|turn|1
|
|t:|1757848714
|move|p1a: Lycanroc|Sucker Punch|p2a: ᛟᛖCoinstorm
|-supereffective|p2a: ᛟᛖCoinstorm
|-damage|p2a: ᛟᛖCoinstorm|50/100
|move|p2a: ᛟᛖCoinstorm|Focus Blast|p1a: Lycanroc
|-supereffective|p1a: Lycanroc
|-enditem|p1a: Lycanroc|Focus Sash
|-damage|p1a: Lycanroc|1/100
|-unboost|p1a: Lycanroc|spd|1
|
|upkeep
|turn|2
|
|t:|1757848728
|switch|p2a: ᚲᚺGoldCurrent|Whiscash, F|100/100
|move|p1a: Lycanroc|Stealth Rock|p2a: ᚲᚺGoldCurrent
|-sidestart|p2: big bod3|move: Stealth Rock
|
|upkeep
|turn|3
|
|t:|1757848734
|move|p1a: Lycanroc|Endeavor|p2a: ᚲᚺGoldCurrent
|-damage|p2a: ᚲᚺGoldCurrent|1/100
|move|p2a: ᚲᚺGoldCurrent|Dragon Dance|p2a: ᚲᚺGoldCurrent
|-boost|p2a: ᚲᚺGoldCurrent|atk|1
|-boost|p2a: ᚲᚺGoldCurrent|spe|1
|
|-heal|p2a: ᚲᚺGoldCurrent|7/100|[from] item: Leftovers
|upkeep
|turn|4
|
|t:|1757848743
|move|p1a: Lycanroc|Sucker Punch|p2a: ᚲᚺGoldCurrent
|-damage|p2a: ᚲᚺGoldCurrent|0 fnt
|faint|p2a: ᚲᚺGoldCurrent
|
|upkeep
|
|t:|1757848747
|switch|p2a: ᚾGreenCloak|Meowscarada, M|100/100
|-damage|p2a: ᚾGreenCloak|88/100|[from] Stealth Rock
|turn|5
|
|t:|1757848753
|switch|p1a: Heatran|Heatran, M|100/100
|move|p2a: ᚾGreenCloak|U-turn|p1a: Heatran
|-start|p2a: ᚾGreenCloak|typechange|Bug|[from] ability: Protean
|-resisted|p1a: Heatran
|-damage|p1a: Heatran|88/100
|
|t:|1757848760
|switch|p2a: ᚹJewelblade|Iron Valiant|100/100|[from] U-turn
|-damage|p2a: ᚹJewelblade|94/100|[from] Stealth Rock
|-enditem|p2a: ᚹJewelblade|Booster Energy
|-activate|p2a: ᚹJewelblade|ability: Quark Drive|[fromitem]
|-start|p2a: ᚹJewelblade|quarkdrivespe
|
|-heal|p1a: Heatran|95/100|[from] item: Leftovers
|upkeep
|turn|6
|
|t:|1757848775
|move|p2a: ᚹJewelblade|Close Combat|p1a: Heatran
|-supereffective|p1a: Heatran
|-damage|p1a: Heatran|0 fnt
|-unboost|p2a: ᚹJewelblade|def|1
|-unboost|p2a: ᚹJewelblade|spd|1
|faint|p1a: Heatran
|
|upkeep
|
|t:|1757848783
|switch|p1a: Rotom|Rotom-Wash|100/100
|turn|7
|
|t:|1757848796
|move|p2a: ᚹJewelblade|Moonblast|p1a: Rotom
|-damage|p1a: Rotom|57/100
|-unboost|p1a: Rotom|spa|1
|move|p1a: Rotom|Thunder Wave|p2a: ᚹJewelblade
|-status|p2a: ᚹJewelblade|par
|
|-heal|p1a: Rotom|63/100|[from] item: Leftovers
|upkeep
|turn|8
|inactive|saint246 has 120 seconds left.
|inactive|saint246 has 90 seconds left.
|inactive|saint246 has 60 seconds left.
|inactive|saint246 has 30 seconds left.
|inactive|saint246 has 20 seconds left.
|inactive|saint246 has 15 seconds left.
|inactive|saint246 has 10 seconds left.
|inactive|saint246 has 5 seconds left.
|-message|saint246 lost due to inactivity.
|
|win|big bod3
|raw|saint246's rating: 1123 &rarr; <strong>1096</strong><br />(-27 for losing)
|raw|big bod3's rating: 1098 &rarr; <strong>1125</strong><br />(+27 for winning)
