|j|☆Fluffylucario
|j|☆redkaa
|t:|1757796712
|gametype|singles
|player|p1|Fluffylucario|cynthia|1402
|player|p2|redkaa|170|1402
|gen|9
|tier|[Gen 9] OU
|rated|
|rule|HP Percentage Mod: HP is shown in percentages
|rule|Endless Battle Clause: Forcing endless battles is banned
|rule|Species Clause: Limit one of each Pokémon
|rule|OHKO Clause: OHKO moves are banned
|rule|Evasion Items Clause: Evasion items are banned
|rule|Evasion Moves Clause: Evasion moves are banned
|rule|Evasion Abilities Clause: Evasion abilities are banned
|rule|Sleep Moves Clause: Sleep-inducing moves are banned
|clearpoke
|poke|p1|Slaking, F|
|poke|p1|Hoopa-Unbound|
|poke|p1|Raging Bolt|
|poke|p1|Alomomola, M|
|poke|p1|Corviknight, M|
|poke|p1|Landorus-Therian, M|
|poke|p2|Dragapult, M|
|poke|p2|Pelipper, M|
|poke|p2|Rotom-Wash|
|poke|p2|Great Tusk|
|poke|p2|Slowking-Galar, F|
|poke|p2|Iron Valiant|
|teampreview
|inactive|Battle timer is ON: inactive players will automatically lose when time's up. (requested by Fluffylucario)
|
|t:|1757796721
|teamsize|p1|6
|teamsize|p2|6
|start
|switch|p1a: Hoopa|Hoopa-Unbound|100/100
|switch|p2a: Dragapult|Dragapult, M|100/100
|turn|1
|
|t:|1757796726
|-terastallize|p1a: Hoopa|Fairy
|move|p2a: Dragapult|U-turn|p1a: Hoopa
|-resisted|p1a: Hoopa
|-damage|p1a: Hoopa|65/100
|
|t:|1757796733
|switch|p2a: Slowking|Slowking-Galar, F|100/100|[from] U-turn
|move|p1a: Hoopa|Knock Off|p2a: Slowking
|-supereffective|p2a: Slowking
|-damage|p2a: Slowking|0 fnt
|-enditem|p2a: Slowking|Heavy-Duty Boots|[from] move: Knock Off|[of] p1a: Hoopa
|faint|p2a: Slowking
|
|upkeep
|
|t:|1757796746
|switch|p2a: Dragapult|Dragapult, M|100/100
|turn|2
|
|t:|1757796752
|-terastallize|p2a: Dragapult|Ghost
|move|p2a: Dragapult|Tera Blast|p1a: Hoopa|[anim] Tera Blast Ghost
|-damage|p1a: Hoopa|0 fnt
|faint|p1a: Hoopa
|
|upkeep
|
|t:|1757796773
|switch|p1a: Landorus|Landorus-Therian, M|100/100
|-ability|p1a: Landorus|Intimidate|boost
|-fail|p2a: Dragapult|unboost|[from] ability: Clear Body|[of] p2a: Dragapult
|turn|3
|
|t:|1757796777
|move|p1a: Landorus|U-turn|p2a: Dragapult
|-resisted|p2a: Dragapult
|-damage|p2a: Dragapult|80/100
|
|t:|1757796783
|switch|p1a: Slaking|Slaking, F|100/100|[from] U-turn
|move|p2a: Dragapult|Tera Blast|p1a: Slaking|[anim] Tera Blast Ghost
|-immune|p1a: Slaking
|
|upkeep
|turn|4
|
|t:|1757796798
|switch|p2a: Rotom|Rotom-Wash|100/100
|switch|p1a: Alomomola|Alomomola, M|100/100
|
|upkeep
|turn|5
|
|t:|1757796805
|move|p2a: Rotom|Will-O-Wisp|p1a: Alomomola
|-status|p1a: Alomomola|brn
|move|p1a: Alomomola|Flip Turn|p2a: Rotom
|-resisted|p2a: Rotom
|-damage|p2a: Rotom|97/100
|
|t:|1757796808
|switch|p1a: Raging Bolt|Raging Bolt|100/100|[from] Flip Turn
|
|-heal|p2a: Rotom|100/100|[from] item: Leftovers
|upkeep
|turn|6
|
|t:|1757796818
|move|p1a: Raging Bolt|Volt Switch|p2a: Rotom
|-damage|p2a: Rotom|35/100
|
|t:|1757796829
|-end|p1a: Raging Bolt|Protosynthesis|[silent]
|switch|p1a: Alomomola|Alomomola, M|100/100 brn|[from] Volt Switch
|move|p2a: Rotom|Volt Switch|p1a: Alomomola
|-supereffective|p1a: Alomomola
|-damage|p1a: Alomomola|36/100 brn
|
|t:|1757796836
|switch|p2a: Dragapult|Dragapult, M, tera:Ghost|80/100|[from] Volt Switch
|
|-damage|p1a: Alomomola|30/100 brn|[from] brn
|upkeep
|turn|7
|
|t:|1757796844
|switch|p1a: Slaking|Slaking, F|100/100
|move|p2a: Dragapult|Dragon Darts|p1a: Slaking
|-damage|p1a: Slaking|74/100
|-anim|p2a: Dragapult|Dragon Darts|p1a: Slaking
|-damage|p1a: Slaking|48/100
|
|upkeep
|turn|8
|
|t:|1757796853
|switch|p1a: Corviknight|Corviknight, M|100/100
|-ability|p1a: Corviknight|Pressure
|move|p2a: Dragapult|Dragon Darts|p1a: Corviknight
|-resisted|p1a: Corviknight
|-damage|p1a: Corviknight|89/100
|-anim|p2a: Dragapult|Dragon Darts|p1a: Corviknight
|-resisted|p1a: Corviknight
|-damage|p1a: Corviknight|79/100
|
|upkeep
|turn|9
|
|t:|1757796860
|switch|p2a: Pelipper|Pelipper, M|100/100
|-weather|RainDance|[from] ability: Drizzle|[of] p2a: Pelipper
|move|p1a: Corviknight|U-turn|p2a: Pelipper
|-resisted|p2a: Pelipper
|-damage|p2a: Pelipper|90/100
|
|t:|1757796876
|switch|p1a: Raging Bolt|Raging Bolt|100/100|[from] U-turn
|
|-weather|RainDance|[upkeep]
|upkeep
|turn|10
|
|t:|1757796881
|switch|p2a: Great Tusk|Great Tusk|100/100
|move|p1a: Raging Bolt|Draco Meteor|p2a: Great Tusk
|-damage|p2a: Great Tusk|0 fnt
|-unboost|p1a: Raging Bolt|spa|2
|faint|p2a: Great Tusk
|-end|p2a: Great Tusk|Protosynthesis|[silent]
|
|-weather|RainDance|[upkeep]
|upkeep
|
|t:|1757796889
|switch|p2a: Iron Valiant|Iron Valiant|100/100
|-enditem|p2a: Iron Valiant|Booster Energy
|-activate|p2a: Iron Valiant|ability: Quark Drive|[fromitem]
|-start|p2a: Iron Valiant|quarkdrivespe
|turn|11
|
|t:|1757796909
|-end|p1a: Raging Bolt|Protosynthesis|[silent]
|switch|p1a: Alomomola|Alomomola, M|63/100 brn
|move|p2a: Iron Valiant|Calm Mind|p2a: Iron Valiant
|-boost|p2a: Iron Valiant|spa|1
|-boost|p2a: Iron Valiant|spd|1
|
|-weather|RainDance|[upkeep]
|-damage|p1a: Alomomola|57/100 brn|[from] brn
|upkeep
|turn|12
|
|t:|1757796918
|move|p2a: Iron Valiant|Moonblast|p1a: Alomomola
|-damage|p1a: Alomomola|0 fnt
|faint|p1a: Alomomola
|
|-weather|RainDance|[upkeep]
|upkeep
|
|t:|1757796925
|switch|p1a: Landorus|Landorus-Therian, M|100/100
|-ability|p1a: Landorus|Intimidate|boost
|-unboost|p2a: Iron Valiant|atk|1
|turn|13
|
|t:|1757796929
|move|p2a: Iron Valiant|Moonblast|p1a: Landorus
|-damage|p1a: Landorus|12/100
|move|p1a: Landorus|Earthquake|p2a: Iron Valiant
|-damage|p2a: Iron Valiant|32/100
|
|-weather|none
|upkeep
|turn|14
|
|t:|1757796941
|switch|p1a: Corviknight|Corviknight, M|79/100
|-ability|p1a: Corviknight|Pressure
|move|p2a: Iron Valiant|Moonblast|p1a: Corviknight
|-resisted|p1a: Corviknight
|-damage|p1a: Corviknight|47/100
|
|upkeep
|turn|15
|
|t:|1757796945
|move|p2a: Iron Valiant|Shadow Ball|p1a: Corviknight
|-damage|p1a: Corviknight|9/100
|move|p1a: Corviknight|Brave Bird|p2a: Iron Valiant
|-supereffective|p2a: Iron Valiant
|-damage|p2a: Iron Valiant|0 fnt
|faint|p2a: Iron Valiant
|-end|p2a: Iron Valiant|Quark Drive|[silent]
|-damage|p1a: Corviknight|2/100|[from] Recoil
|
|upkeep
|
|t:|1757796951
|switch|p2a: Dragapult|Dragapult, M, tera:Ghost|80/100
|turn|16
|
|t:|1757796959
|move|p2a: Dragapult|Dragon Darts|p1a: Corviknight
|-resisted|p1a: Corviknight
|-damage|p1a: Corviknight|0 fnt
|faint|p1a: Corviknight
|
|upkeep
|
|t:|1757796965
|switch|p1a: Landorus|Landorus-Therian, M|12/100
|-ability|p1a: Landorus|Intimidate|boost
|-fail|p2a: Dragapult|unboost|[from] ability: Clear Body|[of] p2a: Dragapult
|turn|17
|
|t:|1757796974
|switch|p2a: Pelipper|Pelipper, M|90/100
|-weather|RainDance|[from] ability: Drizzle|[of] p2a: Pelipper
|move|p1a: Landorus|Earthquake|p2a: Pelipper
|-immune|p2a: Pelipper
|
|-weather|RainDance|[upkeep]
|upkeep
|turn|18
|
|t:|1757796981
|switch|p1a: Raging Bolt|Raging Bolt|100/100
|move|p2a: Pelipper|U-turn|p1a: Raging Bolt
|-damage|p1a: Raging Bolt|92/100
|
|t:|1757796986
|switch|p2a: Dragapult|Dragapult, M, tera:Ghost|80/100|[from] U-turn
|
|-weather|RainDance|[upkeep]
|upkeep
|turn|19
|
|t:|1757796997
|-end|p1a: Raging Bolt|Protosynthesis|[silent]
|switch|p1a: Slaking|Slaking, F|48/100
|move|p2a: Dragapult|Dragon Darts|p1a: Slaking
|-damage|p1a: Slaking|24/100
|-anim|p2a: Dragapult|Dragon Darts|p1a: Slaking
|-damage|p1a: Slaking|0 fnt
|faint|p1a: Slaking
|
|-weather|RainDance|[upkeep]
|upkeep
|
|t:|1757797004
|switch|p1a: Landorus|Landorus-Therian, M|12/100
|-ability|p1a: Landorus|Intimidate|boost
|-fail|p2a: Dragapult|unboost|[from] ability: Clear Body|[of] p2a: Dragapult
|turn|20
|
|t:|1757797012
|switch|p2a: Pelipper|Pelipper, M|90/100
|move|p1a: Landorus|Stone Edge|p2a: Pelipper
|-supereffective|p2a: Pelipper
|-damage|p2a: Pelipper|0 fnt
|faint|p2a: Pelipper
|
|-weather|RainDance|[upkeep]
|upkeep
|
|t:|1757797017
|switch|p2a: Rotom|Rotom-Wash|35/100
|turn|21
|
|t:|1757797020
|move|p1a: Landorus|Stone Edge|p2a: Rotom|[miss]
|-miss|p1a: Landorus|p2a: Rotom
|move|p2a: Rotom|Hydro Pump|p1a: Landorus
|-supereffective|p1a: Landorus
|-damage|p1a: Landorus|0 fnt
|faint|p1a: Landorus
|
|-weather|none
|-heal|p2a: Rotom|42/100|[from] item: Leftovers
|upkeep
|
|t:|1757797023
|switch|p1a: Raging Bolt|Raging Bolt|92/100
|turn|22
|
|t:|1757797030
|move|p1a: Raging Bolt|Thunderclap||[still]
|-fail|p1a: Raging Bolt
|move|p2a: Rotom|Pain Split|p1a: Raging Bolt
|-sethp|p1a: Raging Bolt|62/100|[from] move: Pain Split|[silent]
|-sethp|p2a: Rotom|80/100|[from] move: Pain Split
|
|-heal|p2a: Rotom|86/100|[from] item: Leftovers
|upkeep
|turn|23
|-message|Fluffylucario forfeited.
|
|win|redkaa
|raw|Fluffylucario's rating: 1402 &rarr; <strong>1382</strong><br />(-20 for losing)
|raw|redkaa's rating: 1402 &rarr; <strong>1422</strong><br />(+20 for winning)
|l|☆Fluffylucario
|player|p1|
|l|☆redkaa
|player|p2|
