|j|☆Ashgaming33
|j|☆stonefree_2400
|t:|1757950132
|gametype|singles
|player|p1|Ashgaming33|101|1238
|player|p2|stonefree_2400|roxie|1186
|gen|9
|tier|[Gen 9] OU
|rated|
|rule|HP Percentage Mod: HP is shown in percentages
|rule|Endless Battle Clause: Forcing endless battles is banned
|rule|Species Clause: Limit one of each Pokémon
|rule|OHKO Clause: OHKO moves are banned
|rule|Evasion Items Clause: Evasion items are banned
|rule|Evasion Moves Clause: Evasion moves are banned
|rule|Evasion Abilities Clause: Evasion abilities are banned
|rule|Sleep Moves Clause: Sleep-inducing moves are banned
|clearpoke
|poke|p1|Dragonite, F|
|poke|p1|Alomomola, F|
|poke|p1|Meowscarada, F|
|poke|p1|Iron Treads|
|poke|p1|Iron Valiant|
|poke|p1|Pecharunt|
|poke|p2|Slowbro-Galar, M|
|poke|p2|Dragapult, F|
|poke|p2|Cinderace, F|
|poke|p2|Landorus-Therian, M|
|poke|p2|Feraligatr, M|
|poke|p2|Lilligant, F|
|teampreview
|
|t:|1757950175
|teamsize|p1|6
|teamsize|p2|6
|start
|switch|p1a: The Sea|Alomomola, F, shiny|100/100
|switch|p2a: Feraligatr|Feraligatr, M|100/100
|turn|1
|
|t:|1757950180
|move|p2a: Feraligatr|Dragon Dance|p2a: Feraligatr
|-boost|p2a: Feraligatr|atk|1
|-boost|p2a: Feraligatr|spe|1
|move|p1a: The Sea|Scald|p2a: Feraligatr
|-resisted|p2a: Feraligatr
|-damage|p2a: Feraligatr|92/100
|-status|p2a: Feraligatr|brn
|
|-damage|p2a: Feraligatr|86/100 brn|[from] brn
|upkeep
|turn|2
|
|t:|1757950193
|move|p2a: Feraligatr|Liquidation|p1a: The Sea
|-resisted|p1a: The Sea
|-damage|p1a: The Sea|87/100
|move|p1a: The Sea|Flip Turn|p2a: Feraligatr
|-resisted|p2a: Feraligatr
|-damage|p2a: Feraligatr|77/100 brn
|
|t:|1757950216
|switch|p1a: Sealing Wax|Pecharunt|100/100|[from] Flip Turn
|
|-damage|p2a: Feraligatr|71/100 brn|[from] brn
|upkeep
|turn|3
|
|t:|1757950225
|move|p2a: Feraligatr|Crunch|p1a: Sealing Wax
|-supereffective|p1a: Sealing Wax
|-damage|p1a: Sealing Wax|70/100
|move|p1a: Sealing Wax|Parting Shot|p2a: Feraligatr
|-unboost|p2a: Feraligatr|atk|1
|-unboost|p2a: Feraligatr|spa|1
|
|t:|1757950244
|switch|p1a: Autumn Missed|Meowscarada, F, shiny|100/100|[from] Parting Shot
|
|-damage|p2a: Feraligatr|65/100 brn|[from] brn
|upkeep
|turn|4
|
|t:|1757950251
|move|p2a: Feraligatr|Ice Punch|p1a: Autumn Missed
|-supereffective|p1a: Autumn Missed
|-damage|p1a: Autumn Missed|42/100
|move|p1a: Autumn Missed|Knock Off|p2a: Feraligatr
|-start|p1a: Autumn Missed|typechange|Dark|[from] ability: Protean
|-damage|p2a: Feraligatr|0 fnt
|-enditem|p2a: Feraligatr|Life Orb|[from] move: Knock Off|[of] p1a: Autumn Missed
|faint|p2a: Feraligatr
|
|upkeep
|
|t:|1757950275
|switch|p2a: Slowbro|Slowbro-Galar, M|100/100
|turn|5
|
|t:|1757950278
|move|p1a: Autumn Missed|Knock Off|p2a: Slowbro
|-supereffective|p2a: Slowbro
|-crit|p2a: Slowbro
|-damage|p2a: Slowbro|0 fnt
|-enditem|p2a: Slowbro|Quick Claw|[from] move: Knock Off|[of] p1a: Autumn Missed
|faint|p2a: Slowbro
|
|upkeep
|
|t:|1757950284
|switch|p2a: Lilligant|Lilligant, F|100/100
|turn|6
|
|t:|1757950287
|move|p1a: Autumn Missed|Knock Off|p2a: Lilligant
|-damage|p2a: Lilligant|27/100
|-enditem|p2a: Lilligant|Big Root|[from] move: Knock Off|[of] p1a: Autumn Missed
|move|p2a: Lilligant|Quiver Dance|p2a: Lilligant
|-boost|p2a: Lilligant|spa|1
|-boost|p2a: Lilligant|spd|1
|-boost|p2a: Lilligant|spe|1
|
|upkeep
|turn|7
|
|t:|1757950295
|switch|p1a: Sealing Wax|Pecharunt|70/100
|move|p2a: Lilligant|Alluring Voice|p1a: Sealing Wax
|-resisted|p1a: Sealing Wax
|-damage|p1a: Sealing Wax|53/100
|
|upkeep
|turn|8
|
|t:|1757950303
|switch|p2a: Landorus|Landorus-Therian, M|100/100
|-ability|p2a: Landorus|Intimidate|boost
|-unboost|p1a: Sealing Wax|atk|1
|move|p1a: Sealing Wax|Malignant Chain|p2a: Landorus
|-resisted|p2a: Landorus
|-damage|p2a: Landorus|79/100
|-status|p2a: Landorus|tox
|-start|p2a: Landorus|confusion|[from] ability: Poison Puppeteer|[of] p1a: Sealing Wax
|
|-damage|p2a: Landorus|73/100 tox|[from] psn
|upkeep
|turn|9
|
|t:|1757950309
|switch|p1a: The Sea|Alomomola, F, shiny|100/100
|-activate|p2a: Landorus|confusion
|move|p2a: Landorus|Earthquake|p1a: The Sea
|-damage|p1a: The Sea|69/100
|
|-damage|p2a: Landorus|60/100 tox|[from] psn
|upkeep
|turn|10
|
|t:|1757950314
|-activate|p2a: Landorus|confusion
|move|p2a: Landorus|U-turn|p1a: The Sea
|-damage|p1a: The Sea|56/100
|
|t:|1757950318
|switch|p2a: Dragapult|Dragapult, F|100/100|[from] U-turn
|move|p1a: The Sea|Wish|p1a: The Sea
|
|upkeep
|turn|11
|
|t:|1757950322
|move|p2a: Dragapult|Will-O-Wisp|p1a: The Sea
|-status|p1a: The Sea|brn
|move|p1a: The Sea|Flip Turn|p2a: Dragapult
|-resisted|p2a: Dragapult
|-damage|p2a: Dragapult|94/100
|
|t:|1757950327
|switch|p1a: Autumn Missed|Meowscarada, F, shiny|42/100|[from] Flip Turn
|
|-heal|p1a: Autumn Missed|100/100|[from] move: Wish|[wisher] The Sea
|upkeep
|turn|12
|
|t:|1757950337
|switch|p1a: The Sea|Alomomola, F, shiny|89/100 brn
|move|p2a: Dragapult|U-turn|p1a: The Sea
|-damage|p1a: The Sea|79/100 brn
|
|t:|1757950341
|switch|p2a: Lilligant|Lilligant, F|27/100|[from] U-turn
|
|-damage|p1a: The Sea|72/100 brn|[from] brn
|upkeep
|turn|13
|
|t:|1757950347
|switch|p1a: Sealing Wax|Pecharunt|53/100
|move|p2a: Lilligant|Synthesis|p2a: Lilligant
|-heal|p2a: Lilligant|77/100
|
|upkeep
|turn|14
|
|t:|1757950352
|switch|p2a: Dragapult|Dragapult, F|94/100
|move|p1a: Sealing Wax|Malignant Chain|p2a: Dragapult
|-resisted|p2a: Dragapult
|-damage|p2a: Dragapult|72/100
|
|upkeep
|turn|15
|
|t:|1757950356
|switch|p1a: The Sea|Alomomola, F, shiny|100/100 brn
|move|p2a: Dragapult|Will-O-Wisp|p1a: The Sea
|-fail|p1a: The Sea|brn
|
|-damage|p1a: The Sea|94/100 brn|[from] brn
|upkeep
|turn|16
|
|t:|1757950362
|move|p2a: Dragapult|Dragon Darts|p1a: The Sea
|-damage|p1a: The Sea|83/100 brn
|-anim|p2a: Dragapult|Dragon Darts|p1a: The Sea
|-damage|p1a: The Sea|73/100 brn
|move|p1a: The Sea|Wish|p1a: The Sea
|
|-damage|p1a: The Sea|66/100 brn|[from] brn
|upkeep
|turn|17
|
|t:|1757950365
|move|p2a: Dragapult|Shadow Ball|p1a: The Sea
|-damage|p1a: The Sea|24/100 brn
|move|p1a: The Sea|Flip Turn|p2a: Dragapult
|-resisted|p2a: Dragapult
|-damage|p2a: Dragapult|66/100
|
|t:|1757950368
|switch|p1a: Sealing Wax|Pecharunt|53/100|[from] Flip Turn
|
|-heal|p1a: Sealing Wax|100/100|[from] move: Wish|[wisher] The Sea
|upkeep
|turn|18
|
|t:|1757950380
|move|p2a: Dragapult|Shadow Ball|p1a: Sealing Wax
|-supereffective|p1a: Sealing Wax
|-damage|p1a: Sealing Wax|27/100
|move|p1a: Sealing Wax|Shadow Ball|p2a: Dragapult
|-supereffective|p2a: Dragapult
|-damage|p2a: Dragapult|0 fnt
|faint|p2a: Dragapult
|
|upkeep
|
|t:|1757950408
|switch|p2a: Cinderace|Cinderace, F|100/100
|turn|19
|
|t:|1757950427
|move|p2a: Cinderace|Sucker Punch||[still]
|-fail|p2a: Cinderace
|move|p1a: Sealing Wax|Recover|p1a: Sealing Wax
|-heal|p1a: Sealing Wax|77/100
|
|upkeep
|turn|20
|
|t:|1757950432
|move|p2a: Cinderace|Pyro Ball|p1a: Sealing Wax
|-damage|p1a: Sealing Wax|50/100
|-status|p1a: Sealing Wax|brn
|move|p1a: Sealing Wax|Parting Shot|p2a: Cinderace
|-unboost|p2a: Cinderace|atk|1
|-unboost|p2a: Cinderace|spa|1
|
|t:|1757950438
|switch|p1a: Spinna Lee|Iron Treads, shiny|100/100|[from] Parting Shot
|-item|p1a: Spinna Lee|Air Balloon
|
|upkeep
|turn|21
|
|t:|1757950446
|-end|p1a: Spinna Lee|Quark Drive|[silent]
|switch|p1a: The Sea|Alomomola, F, shiny|58/100 brn
|move|p2a: Cinderace|Pyro Ball|p1a: The Sea|[miss]
|-miss|p2a: Cinderace|p1a: The Sea
|
|-damage|p1a: The Sea|51/100 brn|[from] brn
|upkeep
|turn|22
|
|t:|1757950455
|move|p2a: Cinderace|U-turn|p1a: The Sea
|-start|p2a: Cinderace|typechange|Bug|[from] ability: Libero
|-damage|p1a: The Sea|40/100 brn
|
|t:|1757950457
|switch|p2a: Lilligant|Lilligant, F|77/100|[from] U-turn
|move|p1a: The Sea|Wish|p1a: The Sea
|
|-damage|p1a: The Sea|33/100 brn|[from] brn
|upkeep
|turn|23
|
|t:|1757950462
|switch|p1a: Sealing Wax|Pecharunt|50/100 brn
|move|p2a: Lilligant|Quiver Dance|p2a: Lilligant
|-boost|p2a: Lilligant|spa|1
|-boost|p2a: Lilligant|spd|1
|-boost|p2a: Lilligant|spe|1
|
|-heal|p1a: Sealing Wax|100/100 brn|[from] move: Wish|[wisher] The Sea
|-damage|p1a: Sealing Wax|94/100 brn|[from] brn
|upkeep
|turn|24
|
|t:|1757950490
|move|p2a: Lilligant|Giga Drain|p1a: Sealing Wax
|-resisted|p1a: Sealing Wax
|-damage|p1a: Sealing Wax|68/100 brn
|-heal|p2a: Lilligant|92/100|[from] drain|[of] p1a: Sealing Wax
|move|p1a: Sealing Wax|Malignant Chain|p2a: Lilligant
|-supereffective|p2a: Lilligant
|-damage|p2a: Lilligant|37/100
|-status|p2a: Lilligant|tox
|-start|p2a: Lilligant|confusion|[from] ability: Poison Puppeteer|[of] p1a: Sealing Wax
|
|-damage|p2a: Lilligant|31/100 tox|[from] psn
|-damage|p1a: Sealing Wax|62/100 brn|[from] brn
|upkeep
|turn|25
|-message|stonefree_2400 forfeited.
|
|win|Ashgaming33
|raw|Ashgaming33's rating: 1238 &rarr; <strong>1259</strong><br />(+21 for winning)
|raw|stonefree_2400's rating: 1186 &rarr; <strong>1165</strong><br />(-21 for losing)
|l|☆stonefree_2400
|player|p2|
|l|☆Ashgaming33
|player|p1|
