|j|☆Levowskih
|j|☆iKQHundhcc02MbLk
|t:|1757952696
|gametype|singles
|player|p1|Levowskih|169|1042
|player|p2|iKQHundhcc02MbLk|265|1000
|gen|9
|tier|[Gen 9] OU
|rated|
|rule|HP Percentage Mod: HP is shown in percentages
|rule|Endless Battle Clause: Forcing endless battles is banned
|rule|Species Clause: Limit one of each Pokémon
|rule|OHKO Clause: OHKO moves are banned
|rule|Evasion Items Clause: Evasion items are banned
|rule|Evasion Moves Clause: Evasion moves are banned
|rule|Evasion Abilities Clause: Evasion abilities are banned
|rule|Sleep Moves Clause: Sleep-inducing moves are banned
|clearpoke
|poke|p1|Slowking-Galar, M|
|poke|p1|Porygon2|
|poke|p1|Mamoswine, M|
|poke|p1|Kommo-o, M|
|poke|p1|Skeledirge, F|
|poke|p1|Rotom-Heat|
|poke|p2|Iron Crown|
|poke|p2|Meowscarada, M|
|poke|p2|Great Tusk|
|poke|p2|Pecharunt|
|poke|p2|Ting-Lu|
|poke|p2|Iron Valiant|
|teampreview
|inactive|Battle timer is ON: inactive players will automatically lose when time's up. (requested by iKQHundhcc02MbLk)
|
|t:|1757952700
|teamsize|p1|6
|teamsize|p2|6
|start
|switch|p1a: Mittens|Rotom-Heat, shiny|100/100
|switch|p2a: Iron Crown|Iron Crown|100/100
|turn|1
|
|t:|1757952713
|-end|p2a: Iron Crown|Quark Drive|[silent]
|switch|p2a: Ting-Lu|Ting-Lu|100/100
|-ability|p2a: Ting-Lu|Vessel of Ruin
|move|p1a: Mittens|Volt Switch|p2a: Ting-Lu
|-immune|p2a: Ting-Lu
|
|upkeep
|turn|2
|
|t:|1757952734
|move|p1a: Mittens|Overheat|p2a: Ting-Lu
|-damage|p2a: Ting-Lu|76/100
|-unboost|p1a: Mittens|spa|2
|move|p2a: Ting-Lu|Stealth Rock|p1a: Mittens
|-sidestart|p1: Levowskih|move: Stealth Rock
|
|-heal|p2a: Ting-Lu|82/100|[from] item: Leftovers
|upkeep
|turn|3
|
|t:|1757952743
|move|p1a: Mittens|Will-O-Wisp|p2a: Ting-Lu
|-status|p2a: Ting-Lu|brn
|move|p2a: Ting-Lu|Ruination|p1a: Mittens
|-damage|p1a: Mittens|50/100
|
|-heal|p2a: Ting-Lu|88/100 brn|[from] item: Leftovers
|-damage|p2a: Ting-Lu|82/100 brn|[from] brn
|upkeep
|turn|4
|
|t:|1757952753
|switch|p1a: Helldar|Slowking-Galar, M, shiny|100/100
|-damage|p1a: Helldar|88/100|[from] Stealth Rock
|move|p2a: Ting-Lu|Whirlwind|p1a: Helldar
|drag|p1a: Gummy|Skeledirge, F, shiny|100/100
|-damage|p1a: Gummy|75/100|[from] Stealth Rock
|
|-heal|p1a: Gummy|82/100|[from] item: Leftovers
|-heal|p2a: Ting-Lu|88/100 brn|[from] item: Leftovers
|-damage|p2a: Ting-Lu|82/100 brn|[from] brn
|upkeep
|turn|5
|
|t:|1757952764
|move|p1a: Gummy|Flamethrower|p2a: Ting-Lu
|-damage|p2a: Ting-Lu|68/100 brn
|move|p2a: Ting-Lu|Ruination|p1a: Gummy
|-damage|p1a: Gummy|41/100
|
|-heal|p1a: Gummy|47/100|[from] item: Leftovers
|-heal|p2a: Ting-Lu|74/100 brn|[from] item: Leftovers
|-damage|p2a: Ting-Lu|68/100 brn|[from] brn
|upkeep
|turn|6
|
|t:|1757952775
|move|p1a: Gummy|Outrage|p2a: Ting-Lu
|-damage|p2a: Ting-Lu|54/100 brn
|move|p2a: Ting-Lu|Earthquake|p1a: Gummy
|-supereffective|p1a: Gummy
|-damage|p1a: Gummy|19/100
|
|-heal|p1a: Gummy|25/100|[from] item: Leftovers
|-heal|p2a: Ting-Lu|60/100 brn|[from] item: Leftovers
|-damage|p2a: Ting-Lu|54/100 brn|[from] brn
|upkeep
|turn|7
|
|t:|1757952787
|move|p1a: Gummy|Outrage|p2a: Ting-Lu|[from] lockedmove
|-damage|p2a: Ting-Lu|42/100 brn
|move|p2a: Ting-Lu|Earthquake|p1a: Gummy
|-supereffective|p1a: Gummy
|-damage|p1a: Gummy|0 fnt
|faint|p1a: Gummy
|
|-heal|p2a: Ting-Lu|48/100 brn|[from] item: Leftovers
|-damage|p2a: Ting-Lu|42/100 brn|[from] brn
|upkeep
|
|t:|1757952797
|switch|p1a: Musicbox|Kommo-o, M, shiny|100/100
|-damage|p1a: Musicbox|94/100|[from] Stealth Rock
|turn|8
|
|t:|1757952802
|switch|p2a: Pecharunt|Pecharunt|100/100
|move|p1a: Musicbox|Clanging Scales|p2a: Pecharunt
|-damage|p2a: Pecharunt|50/100
|-unboost|p1a: Musicbox|def|1
|-enditem|p1a: Musicbox|Throat Spray
|-boost|p1a: Musicbox|spa|1|[from] item: Throat Spray
|
|upkeep
|turn|9
|
|t:|1757952816
|move|p1a: Musicbox|Boomburst|p2a: Pecharunt
|-immune|p2a: Pecharunt
|move|p2a: Pecharunt|Malignant Chain|p1a: Musicbox
|-damage|p1a: Musicbox|54/100
|-status|p1a: Musicbox|tox
|-start|p1a: Musicbox|confusion|[from] ability: Poison Puppeteer|[of] p2a: Pecharunt
|
|-damage|p1a: Musicbox|48/100 tox|[from] psn
|upkeep
|turn|10
|
|t:|1757952826
|-activate|p1a: Musicbox|confusion
|move|p1a: Musicbox|Clanging Scales|p2a: Pecharunt
|-damage|p2a: Pecharunt|0 fnt
|faint|p2a: Pecharunt
|-unboost|p1a: Musicbox|def|1
|
|-damage|p1a: Musicbox|35/100 tox|[from] psn
|upkeep
|
|t:|1757952841
|switch|p2a: Iron Crown|Iron Crown|100/100
|turn|11
|
|t:|1757952848
|switch|p1a: Helldar|Slowking-Galar, M, shiny|100/100
|-damage|p1a: Helldar|88/100|[from] Stealth Rock
|move|p2a: Iron Crown|Tachyon Cutter|p1a: Helldar
|-damage|p1a: Helldar|59/100
|-damage|p1a: Helldar|27/100
|-hitcount|p1a: Helldar|2
|
|upkeep
|turn|12
|
|t:|1757952861
|move|p2a: Iron Crown|Tachyon Cutter|p1a: Helldar
|-damage|p1a: Helldar|0 fnt
|faint|p1a: Helldar
|-hitcount|p1: Helldar|1
|
|upkeep
|
|t:|1757952870
|switch|p1a: Mamoswine|Mamoswine, M|100/100
|-damage|p1a: Mamoswine|88/100|[from] Stealth Rock
|turn|13
|
|t:|1757952877
|move|p2a: Iron Crown|Tachyon Cutter|p1a: Mamoswine
|-supereffective|p1a: Mamoswine
|-damage|p1a: Mamoswine|0 fnt
|faint|p1a: Mamoswine
|-hitcount|p1: Mamoswine|1
|
|upkeep
|-message|Levowskih forfeited.
|
|win|iKQHundhcc02MbLk
|raw|Levowskih's rating: 1042 &rarr; <strong>1024</strong><br />(-18 for losing)
|raw|iKQHundhcc02MbLk's rating: 1000 &rarr; <strong>1045</strong><br />(+45 for winning)
|l|☆Levowskih
|player|p1|
