|j|☆doledragon
|j|☆jeet999
|t:|1757833143
|gametype|singles
|player|p1|doledragon|ghetsis|1468
|player|p2|jeet999|cynthia-masters|1498
|gen|9
|tier|[Gen 9] OU
|rated|
|rule|HP Percentage Mod: HP is shown in percentages
|rule|Endless Battle Clause: Forcing endless battles is banned
|rule|Species Clause: Limit one of each Pokémon
|rule|OHKO Clause: OHKO moves are banned
|rule|Evasion Items Clause: Evasion items are banned
|rule|Evasion Moves Clause: Evasion moves are banned
|rule|Evasion Abilities Clause: Evasion abilities are banned
|rule|Sleep Moves Clause: Sleep-inducing moves are banned
|clearpoke
|poke|p1|Moltres-Galar|
|poke|p1|Pecharunt|
|poke|p1|Hydreigon, M|
|poke|p1|Iron Valiant|
|poke|p1|Iron Treads|
|poke|p1|Zamazenta-*|
|poke|p2|Indeedee, M|
|poke|p2|Hatterene, F|
|poke|p2|Ursaluna, F|
|poke|p2|Iron Hands|
|poke|p2|Hoopa-Unbound|
|poke|p2|Mimikyu, F|
|teampreview
|inactive|Battle timer is ON: inactive players will automatically lose when time's up. (requested by jeet999)
|
|t:|1757833152
|teamsize|p1|6
|teamsize|p2|6
|start
|switch|p1a: Red Ranger|Moltres-Galar, shiny|100/100
|switch|p2a: LEBRON|Iron Hands, shiny|100/100
|-enditem|p2a: LEBRON|Booster Energy
|-activate|p2a: LEBRON|ability: Quark Drive|[fromitem]
|-start|p2a: LEBRON|quarkdriveatk
|turn|1
|
|t:|1757833172
|-terastallize|p1a: Red Ranger|Fairy
|move|p1a: Red Ranger|Agility|p1a: Red Ranger
|-boost|p1a: Red Ranger|spe|2
|move|p2a: LEBRON|Close Combat|p1a: Red Ranger
|-resisted|p1a: Red Ranger
|-damage|p1a: Red Ranger|41/100
|-unboost|p2a: LEBRON|def|1
|-unboost|p2a: LEBRON|spd|1
|-ability|p1a: Red Ranger|Berserk|boost
|-boost|p1a: Red Ranger|spa|1
|-enditem|p1a: Red Ranger|Sitrus Berry|[eat]
|-heal|p1a: Red Ranger|66/100|[from] item: Sitrus Berry
|
|upkeep
|turn|2
|
|t:|1757833188
|move|p1a: Red Ranger|Tera Blast|p2a: LEBRON|[anim] Tera Blast Fairy
|-supereffective|p2a: LEBRON
|-damage|p2a: LEBRON|0 fnt
|faint|p2a: LEBRON
|-end|p2a: LEBRON|Quark Drive|[silent]
|
|upkeep
|
|t:|1757833201
|switch|p2a: Mimi|Mimikyu, F, shiny|100/100
|turn|3
|
|t:|1757833205
|move|p1a: Red Ranger|Fiery Wrath|p2a: Mimi
|-activate|p2a: Mimi|ability: Disguise
|-damage|p2a: Mimi|100/100
|detailschange|p2a: Mimi|Mimikyu-Busted, F, shiny
|-damage|p2a: Mimi|88/100|[from] pokemon: Mimikyu-Busted
|-enditem|p2a: Mimi|Red Card|[of] p1a: Red Ranger
|drag|p1a: Black Ranger|Hydreigon, M|100/100
|move|p2a: Mimi|Trick Room|p2a: Mimi
|-fieldstart|move: Trick Room|[of] p2a: Mimi
|
|upkeep
|turn|4
|
|t:|1757833216
|switch|p1a: Rita Repulsa|Pecharunt|100/100
|move|p2a: Mimi|Play Rough|p1a: Rita Repulsa
|-resisted|p1a: Rita Repulsa
|-damage|p1a: Rita Repulsa|93/100
|-damage|p2a: Mimi|72/100|[from] item: Rocky Helmet|[of] p1a: Rita Repulsa
|
|upkeep
|turn|5
|
|t:|1757833224
|switch|p2a: Crashout YN|Ursaluna, F, shiny|100/100
|move|p1a: Rita Repulsa|Malignant Chain|p2a: Crashout YN
|-resisted|p2a: Crashout YN
|-damage|p2a: Crashout YN|87/100
|
|-status|p2a: Crashout YN|brn|[from] item: Flame Orb
|upkeep
|turn|6
|
|t:|1757833236
|switch|p1a: Black Ranger|Hydreigon, M|100/100
|move|p2a: Crashout YN|Headlong Rush|p1a: Black Ranger
|-immune|p1a: Black Ranger|[from] ability: Levitate
|
|-damage|p2a: Crashout YN|81/100 brn|[from] brn
|upkeep
|turn|7
|
|t:|1757833244
|switch|p1a: Rita Repulsa|Pecharunt|93/100
|move|p2a: Crashout YN|Facade|p1a: Rita Repulsa
|-immune|p1a: Rita Repulsa
|
|-damage|p2a: Crashout YN|75/100 brn|[from] brn
|-fieldend|move: Trick Room
|upkeep
|turn|8
|
|t:|1757833251
|move|p1a: Rita Repulsa|Parting Shot|p2a: Crashout YN
|-unboost|p2a: Crashout YN|atk|1
|-unboost|p2a: Crashout YN|spa|1
|
|t:|1757833258
|switch|p1a: Tire Org|Iron Treads|100/100|[from] Parting Shot
|-enditem|p1a: Tire Org|Booster Energy
|-activate|p1a: Tire Org|ability: Quark Drive|[fromitem]
|-start|p1a: Tire Org|quarkdrivespe
|move|p2a: Crashout YN|Headlong Rush|p1a: Tire Org
|-supereffective|p1a: Tire Org
|-damage|p1a: Tire Org|0 fnt
|-unboost|p2a: Crashout YN|def|1
|-unboost|p2a: Crashout YN|spd|1
|faint|p1a: Tire Org
|-end|p1a: Tire Org|Quark Drive|[silent]
|
|-damage|p2a: Crashout YN|69/100 brn|[from] brn
|upkeep
|
|t:|1757833265
|switch|p1a: Red Ranger|Moltres-Galar, shiny, tera:Fairy|66/100
|turn|9
|
|t:|1757833283
|move|p1a: Red Ranger|Fiery Wrath|p2a: Crashout YN
|-damage|p2a: Crashout YN|19/100 brn
|move|p2a: Crashout YN|Facade|p1a: Red Ranger
|-damage|p1a: Red Ranger|0 fnt
|faint|p1a: Red Ranger
|
|-damage|p2a: Crashout YN|13/100 brn|[from] brn
|upkeep
|
|t:|1757833299
|switch|p1a: Rita Repulsa|Pecharunt|93/100
|turn|10
|
|t:|1757833303
|switch|p2a: Subaru|Indeedee, M, shiny|100/100
|-fieldstart|move: Psychic Terrain|[from] ability: Psychic Surge|[of] p2a: Subaru
|move|p1a: Rita Repulsa|Malignant Chain|p2a: Subaru
|-damage|p2a: Subaru|67/100
|
|upkeep
|turn|11
|
|t:|1757833311
|move|p1a: Rita Repulsa|Parting Shot|p2a: Subaru
|-unboost|p2a: Subaru|atk|1
|-unboost|p2a: Subaru|spa|1
|
|t:|1757833315
|switch|p1a: Black Ranger|Hydreigon, M|100/100|[from] Parting Shot
|move|p2a: Subaru|Trick Room|p2a: Subaru
|-fieldstart|move: Trick Room|[of] p2a: Subaru
|
|upkeep
|turn|12
|
|t:|1757833322
|move|p2a: Subaru|Healing Wish|p2a: Subaru
|faint|p2a: Subaru
|move|p1a: Black Ranger|Dark Pulse|p2: Subaru|[notarget]
|-fail|p1a: Black Ranger
|
|upkeep
|
|t:|1757833327
|switch|p2a: Crashout YN|Ursaluna, F, shiny|13/100 brn
|-heal|p2a: Crashout YN|100/100|[from] move: Healing Wish
|turn|13
|
|t:|1757833340
|move|p2a: Crashout YN|Headlong Rush|p1a: Black Ranger
|-immune|p1a: Black Ranger|[from] ability: Levitate
|move|p1a: Black Ranger|Dark Pulse|p2a: Crashout YN
|-damage|p2a: Crashout YN|42/100
|
|-status|p2a: Crashout YN|brn|[from] item: Flame Orb
|upkeep
|turn|14
|
|t:|1757833351
|switch|p1a: Rita Repulsa|Pecharunt|93/100
|move|p2a: Crashout YN|Headlong Rush|p1a: Rita Repulsa
|-supereffective|p1a: Rita Repulsa
|-damage|p1a: Rita Repulsa|0 fnt
|-unboost|p2a: Crashout YN|def|1
|-unboost|p2a: Crashout YN|spd|1
|-damage|p2a: Crashout YN|25/100 brn|[from] item: Rocky Helmet|[of] p1a: Rita Repulsa
|faint|p1a: Rita Repulsa
|
|-damage|p2a: Crashout YN|19/100 brn|[from] brn
|upkeep
|
|t:|1757833355
|switch|p1a: Black Ranger|Hydreigon, M|100/100
|turn|15
|inactive|doledragon has 120 seconds left.
|
|t:|1757833390
|move|p2a: Crashout YN|Facade|p1a: Black Ranger
|-damage|p1a: Black Ranger|0 fnt
|faint|p1a: Black Ranger
|
|-damage|p2a: Crashout YN|13/100 brn|[from] brn
|-fieldend|move: Trick Room
|upkeep
|inactive|doledragon has 120 seconds left.
|
|t:|1757833399
|switch|p1a: White Ranger|Iron Valiant, shiny|100/100
|-enditem|p1a: White Ranger|Booster Energy
|-activate|p1a: White Ranger|ability: Quark Drive|[fromitem]
|-start|p1a: White Ranger|quarkdrivespe
|turn|16
|
|t:|1757833404
|move|p1a: White Ranger|Expanding Force|p2a: Crashout YN
|-damage|p2a: Crashout YN|0 fnt
|faint|p2a: Crashout YN
|
|upkeep
|
|t:|1757833411
|switch|p2a: Satella|Hatterene, F, shiny|100/100
|turn|17
|
|t:|1757833419
|move|p1a: White Ranger|Moonblast|p2a: Satella
|-damage|p2a: Satella|50/100
|move|p2a: Satella|Expanding Force|p1a: White Ranger
|-supereffective|p1a: White Ranger
|-damage|p1a: White Ranger|0 fnt
|faint|p1a: White Ranger
|-end|p1a: White Ranger|Quark Drive|[silent]
|-damage|p2a: Satella|40/100|[from] item: Life Orb
|
|-fieldend|move: Psychic Terrain
|upkeep
|
|t:|1757833424
|switch|p1a: Pink Ranger|Zamazenta, shiny|100/100
|-ability|p1a: Pink Ranger|Dauntless Shield|boost
|-boost|p1a: Pink Ranger|def|1
|turn|18
|
|t:|1757833432
|move|p1a: Pink Ranger|Iron Head|p2a: Satella
|-supereffective|p2a: Satella
|-damage|p2a: Satella|0 fnt
|faint|p2a: Satella
|-damage|p1a: Pink Ranger|91/100|[from] item: Life Orb
|
|upkeep
|
|t:|1757833442
|switch|p2a: King Von|Hoopa-Unbound|100/100
|turn|19
|
|t:|1757833446
|move|p1a: Pink Ranger|Close Combat|p2a: King Von
|-damage|p2a: King Von|11/100
|-unboost|p1a: Pink Ranger|def|1
|-unboost|p1a: Pink Ranger|spd|1
|-damage|p1a: Pink Ranger|81/100|[from] item: Life Orb
|move|p2a: King Von|Trick Room|p2a: King Von
|-fieldstart|move: Trick Room|[of] p2a: King Von
|
|upkeep
|turn|20
|
|t:|1757833455
|move|p2a: King Von|Expanding Force|p1a: Pink Ranger
|-supereffective|p1a: Pink Ranger
|-damage|p1a: Pink Ranger|0 fnt
|faint|p1a: Pink Ranger
|
|win|jeet999
|raw|doledragon's rating: 1468 &rarr; <strong>1450</strong><br />(-18 for losing)
|raw|jeet999's rating: 1498 &rarr; <strong>1516</strong><br />(+18 for winning)
|l|☆doledragon
|player|p1|
|l|☆jeet999
|player|p2|
