|j|☆ghostlyplanets
|j|☆Dunoks
|inactive|Battle timer is ON: inactive players will automatically lose when time's up.
|t:|1757788520
|gametype|singles
|player|p1|ghostlyplanets|zirco-unite|
|player|p2|Dunoks|#fcl9mighty|
|gen|9
|tier|[Gen 9] OU
|rated|Tournament battle
|rule|HP Percentage Mod: HP is shown in percentages
|rule|Endless Battle Clause: Forcing endless battles is banned
|rule|Species Clause: Limit one of each Pokémon
|rule|OHKO Clause: OHKO moves are banned
|rule|Evasion Items Clause: Evasion items are banned
|rule|Evasion Moves Clause: Evasion moves are banned
|rule|Evasion Abilities Clause: Evasion abilities are banned
|rule|Sleep Moves Clause: Sleep-inducing moves are banned
|clearpoke
|poke|p1|Zamazenta-*|
|poke|p1|Ninetales-Alola, M|
|poke|p1|Darkrai|
|poke|p1|Ceruledge, M|
|poke|p1|Gliscor, M|
|poke|p1|Hatterene, F|
|poke|p2|Zamazenta-*|
|poke|p2|Ceruledge, M|
|poke|p2|Kyurem|
|poke|p2|Ninetales-Alola, F|
|poke|p2|Hatterene, F|
|poke|p2|Darkrai|
|teampreview
|j|*Lady Monita ☀
|j| BB-8-NU
|j| Failbor21
|j| venomania
|c|☆ghostlyplanets|Glhf
|j| yolega
|c|☆Dunoks|=
|j| Etjx
|
|t:|1757788539
|teamsize|p1|6
|teamsize|p2|6
|start
|switch|p1a: Ninetales|Ninetales-Alola, M|100/100
|switch|p2a: Kyurem|Kyurem|100/100
|-weather|Snowscape|[from] ability: Snow Warning|[of] p1a: Ninetales
|-ability|p2a: Kyurem|Pressure
|turn|1
|j|%JoelMasterX
|j|#StreetBoom
|
|t:|1757788544
|switch|p2a: Ninetales|Ninetales-Alola, F|100/100
|move|p1a: Ninetales|Aurora Veil|p1a: Ninetales
|-sidestart|p1: ghostlyplanets|move: Aurora Veil
|
|-weather|Snowscape|[upkeep]
|upkeep
|turn|2
|
|t:|1757788548
|move|p2a: Ninetales|Aurora Veil|p2a: Ninetales
|-sidestart|p2: Dunoks|move: Aurora Veil
|move|p1a: Ninetales|Roar|p2a: Ninetales
|drag|p2a: Darkrai|Darkrai|100/100
|
|-weather|Snowscape|[upkeep]
|upkeep
|turn|3
|l|#StreetBoom
|
|t:|1757788559
|switch|p2a: Ninetales|Ninetales-Alola, F|100/100
|move|p1a: Ninetales|Encore||[still]
|-fail|p1a: Ninetales
|
|-weather|Snowscape|[upkeep]
|upkeep
|turn|4
|
|t:|1757788563
|move|p2a: Ninetales|Encore||[still]
|-fail|p2a: Ninetales
|move|p1a: Ninetales|Roar|p2a: Ninetales
|drag|p2a: Kyurem|Kyurem|100/100
|-ability|p2a: Kyurem|Pressure
|
|-weather|Snowscape|[upkeep]
|upkeep
|turn|5
|
|t:|1757788568
|move|p2a: Kyurem|Icicle Spear|p1a: Ninetales
|-resisted|p1a: Ninetales
|-damage|p1a: Ninetales|97/100
|-resisted|p1a: Ninetales
|-damage|p1a: Ninetales|94/100
|-resisted|p1a: Ninetales
|-damage|p1a: Ninetales|92/100
|-resisted|p1a: Ninetales
|-damage|p1a: Ninetales|89/100
|-resisted|p1a: Ninetales
|-damage|p1a: Ninetales|86/100
|-hitcount|p1a: Ninetales|5
|move|p1a: Ninetales|Roar|p2a: Kyurem
|drag|p2a: Hatterene|Hatterene, F|100/100
|
|-weather|none
|upkeep
|turn|6
|l| Etjx
|
|t:|1757788576
|move|p2a: Hatterene|Calm Mind|p2a: Hatterene
|-boost|p2a: Hatterene|spa|1
|-boost|p2a: Hatterene|spd|1
|move|p1a: Ninetales|Roar|p2a: Hatterene
|move|p2a: Hatterene|Roar|p1a: Ninetales|[from] ability: Magic Bounce
|drag|p1a: Zamazenta|Zamazenta|100/100
|-ability|p1a: Zamazenta|Dauntless Shield|boost
|-boost|p1a: Zamazenta|def|1
|
|upkeep
|turn|7
|j| FuecocoFan6789
|j| NastaBlasta
|c|☆ghostlyplanets|Am i dumb
|
|t:|1757788589
|switch|p1a: Hatterene|Hatterene, F|100/100
|move|p2a: Hatterene|Calm Mind|p2a: Hatterene
|-boost|p2a: Hatterene|spa|1
|-boost|p2a: Hatterene|spd|1
|
|upkeep
|turn|8
|c| FuecocoFan6789|maybe idk
|
|t:|1757788598
|move|p2a: Hatterene|Mystical Fire|p1a: Hatterene
|-damage|p1a: Hatterene|77/100
|-unboost|p1a: Hatterene|spa|1
|move|p1a: Hatterene|Calm Mind|p1a: Hatterene
|-boost|p1a: Hatterene|spa|1
|-boost|p1a: Hatterene|spd|1
|
|-heal|p1a: Hatterene|83/100|[from] item: Leftovers
|-sideend|p1: ghostlyplanets|move: Aurora Veil
|upkeep
|turn|9
|
|t:|1757788603
|move|p1a: Hatterene|Calm Mind|p1a: Hatterene
|-boost|p1a: Hatterene|spa|1
|-boost|p1a: Hatterene|spd|1
|move|p2a: Hatterene|Calm Mind|p2a: Hatterene
|-boost|p2a: Hatterene|spa|1
|-boost|p2a: Hatterene|spd|1
|
|-heal|p1a: Hatterene|89/100|[from] item: Leftovers
|-sideend|p2: Dunoks|move: Aurora Veil
|upkeep
|turn|10
|
|t:|1757788605
|move|p2a: Hatterene|Psyshock|p1a: Hatterene
|-resisted|p1a: Hatterene
|-damage|p1a: Hatterene|51/100
|move|p1a: Hatterene|Calm Mind|p1a: Hatterene
|-boost|p1a: Hatterene|spa|1
|-boost|p1a: Hatterene|spd|1
|
|-heal|p1a: Hatterene|57/100|[from] item: Leftovers
|upkeep
|turn|11
|
|t:|1757788612
|move|p2a: Hatterene|Psyshock|p1a: Hatterene
|-resisted|p1a: Hatterene
|-damage|p1a: Hatterene|19/100
|move|p1a: Hatterene|Mystical Fire|p2a: Hatterene
|-damage|p2a: Hatterene|80/100
|-unboost|p2a: Hatterene|spa|1
|
|-heal|p2a: Hatterene|86/100|[from] item: Leftovers
|-heal|p1a: Hatterene|25/100|[from] item: Leftovers
|upkeep
|turn|12
|
|t:|1757788614
|move|p1a: Hatterene|Mystical Fire|p2a: Hatterene
|-damage|p2a: Hatterene|67/100
|-unboost|p2a: Hatterene|spa|1
|move|p2a: Hatterene|Psyshock|p1a: Hatterene
|-resisted|p1a: Hatterene
|-damage|p1a: Hatterene|2/100
|
|-heal|p2a: Hatterene|73/100|[from] item: Leftovers
|-heal|p1a: Hatterene|8/100|[from] item: Leftovers
|upkeep
|turn|13
|
|t:|1757788617
|move|p2a: Hatterene|Psyshock|p1a: Hatterene
|-resisted|p1a: Hatterene
|-damage|p1a: Hatterene|0 fnt
|faint|p1a: Hatterene
|
|-heal|p2a: Hatterene|79/100|[from] item: Leftovers
|upkeep
|
|t:|1757788624
|switch|p1a: Ceruledge|Ceruledge, M|100/100
|turn|14
|
|t:|1757788628
|move|p1a: Ceruledge|Bulk Up|p1a: Ceruledge
|-boost|p1a: Ceruledge|atk|1
|-boost|p1a: Ceruledge|def|1
|move|p2a: Hatterene|Psyshock|p1a: Ceruledge
|-damage|p1a: Ceruledge|61/100
|
|-heal|p2a: Hatterene|85/100|[from] item: Leftovers
|upkeep
|turn|15
|
|t:|1757788635
|switch|p2a: Ninetales|Ninetales-Alola, F|100/100
|-weather|Snowscape|[from] ability: Snow Warning|[of] p2a: Ninetales
|move|p1a: Ceruledge|Bulk Up|p1a: Ceruledge
|-boost|p1a: Ceruledge|atk|1
|-boost|p1a: Ceruledge|def|1
|
|-weather|Snowscape|[upkeep]
|upkeep
|turn|16
|
|t:|1757788639
|move|p2a: Ninetales|Encore|p1a: Ceruledge
|-start|p1a: Ceruledge|Encore
|move|p1a: Ceruledge|Bulk Up|p1a: Ceruledge
|-boost|p1a: Ceruledge|atk|1
|-boost|p1a: Ceruledge|def|1
|
|-weather|Snowscape|[upkeep]
|upkeep
|turn|17
|
|t:|1757788644
|switch|p2a: Darkrai|Darkrai|100/100
|move|p1a: Ceruledge|Bulk Up|p1a: Ceruledge
|-boost|p1a: Ceruledge|atk|1
|-boost|p1a: Ceruledge|def|1
|
|-weather|Snowscape|[upkeep]
|upkeep
|turn|18
|
|t:|1757788647
|switch|p1a: Zamazenta|Zamazenta|100/100
|move|p2a: Darkrai|Dark Pulse|p1a: Zamazenta
|-resisted|p1a: Zamazenta
|-crit|p1a: Zamazenta
|-damage|p1a: Zamazenta|72/100
|
|-weather|Snowscape|[upkeep]
|upkeep
|turn|19
|
|t:|1757788652
|switch|p2a: Ninetales|Ninetales-Alola, F|100/100
|move|p1a: Zamazenta|Body Press|p2a: Ninetales
|-damage|p2a: Ninetales|74/100
|
|-weather|none
|upkeep
|turn|20
|
|t:|1757788658
|switch|p1a: Ninetales|Ninetales-Alola, M|86/100
|-weather|Snowscape|[from] ability: Snow Warning|[of] p1a: Ninetales
|move|p2a: Ninetales|Encore||[still]
|-fail|p2a: Ninetales
|
|-weather|Snowscape|[upkeep]
|upkeep
|turn|21
|
|t:|1757788662
|move|p2a: Ninetales|Aurora Veil|p2a: Ninetales
|-sidestart|p2: Dunoks|move: Aurora Veil
|move|p1a: Ninetales|Aurora Veil|p1a: Ninetales
|-sidestart|p1: ghostlyplanets|move: Aurora Veil
|
|-weather|Snowscape|[upkeep]
|upkeep
|turn|22
|j| zokua
|
|t:|1757788673
|switch|p2a: Hatterene|Hatterene, F|85/100
|move|p1a: Ninetales|Encore|p2a: Hatterene
|move|p2a: Hatterene|Encore||[from] ability: Magic Bounce|[still]
|-fail|p2a: Hatterene
|
|-weather|Snowscape|[upkeep]
|-heal|p2a: Hatterene|91/100|[from] item: Leftovers
|upkeep
|turn|23
|
|t:|1757788678
|switch|p1a: Ceruledge|Ceruledge, M|61/100
|move|p2a: Hatterene|Calm Mind|p2a: Hatterene
|-boost|p2a: Hatterene|spa|1
|-boost|p2a: Hatterene|spd|1
|
|-weather|Snowscape|[upkeep]
|-heal|p2a: Hatterene|97/100|[from] item: Leftovers
|upkeep
|turn|24
|
|t:|1757788680
|switch|p2a: Darkrai|Darkrai|100/100
|move|p1a: Ceruledge|Bulk Up|p1a: Ceruledge
|-boost|p1a: Ceruledge|atk|1
|-boost|p1a: Ceruledge|def|1
|
|-weather|none
|upkeep
|turn|25
|
|t:|1757788683
|move|p2a: Darkrai|Dark Pulse|p1a: Ceruledge
|-supereffective|p1a: Ceruledge
|-damage|p1a: Ceruledge|27/100
|move|p1a: Ceruledge|Bitter Blade|p2a: Darkrai
|-damage|p2a: Darkrai|65/100
|-heal|p1a: Ceruledge|42/100|[from] drain|[of] p2a: Darkrai
|
|-heal|p2a: Darkrai|71/100|[from] item: Leftovers
|upkeep
|turn|26
|
|t:|1757788690
|move|p2a: Darkrai|Dark Pulse|p1a: Ceruledge
|-supereffective|p1a: Ceruledge
|-damage|p1a: Ceruledge|8/100
|move|p1a: Ceruledge|Bitter Blade|p2a: Darkrai
|-damage|p2a: Darkrai|36/100
|-heal|p1a: Ceruledge|23/100|[from] drain|[of] p2a: Darkrai
|
|-heal|p2a: Darkrai|42/100|[from] item: Leftovers
|upkeep
|turn|27
|
|t:|1757788704
|move|p1a: Ceruledge|Shadow Sneak|p2a: Darkrai
|-resisted|p2a: Darkrai
|-damage|p2a: Darkrai|34/100
|move|p2a: Darkrai|Dark Pulse|p1a: Ceruledge
|-supereffective|p1a: Ceruledge
|-damage|p1a: Ceruledge|0 fnt
|faint|p1a: Ceruledge
|
|-heal|p2a: Darkrai|40/100|[from] item: Leftovers
|upkeep
|
|t:|1757788710
|switch|p1a: Zamazenta|Zamazenta|72/100
|turn|28
|
|t:|1757788717
|switch|p2a: Hatterene|Hatterene, F|97/100
|move|p1a: Zamazenta|Iron Defense|p1a: Zamazenta
|-boost|p1a: Zamazenta|def|2
|
|-heal|p2a: Hatterene|100/100|[from] item: Leftovers
|-sideend|p2: Dunoks|move: Aurora Veil
|-sideend|p1: ghostlyplanets|move: Aurora Veil
|upkeep
|turn|29
|
|t:|1757788727
|-terastallize|p1a: Zamazenta|Fire
|move|p1a: Zamazenta|Iron Defense|p1a: Zamazenta
|-boost|p1a: Zamazenta|def|2
|move|p2a: Hatterene|Draining Kiss|p1a: Zamazenta
|-resisted|p1a: Zamazenta
|-damage|p1a: Zamazenta|61/100
|
|upkeep
|turn|30
|j| ILFangzor
|
|t:|1757788733
|move|p1a: Zamazenta|Iron Defense|p1a: Zamazenta
|-boost|p1a: Zamazenta|def|2
|move|p2a: Hatterene|Calm Mind|p2a: Hatterene
|-boost|p2a: Hatterene|spa|1
|-boost|p2a: Hatterene|spd|1
|
|upkeep
|turn|31
|
|t:|1757788736
|move|p1a: Zamazenta|Body Press|p2a: Hatterene
|-resisted|p2a: Hatterene
|-damage|p2a: Hatterene|72/100
|move|p2a: Hatterene|Draining Kiss|p1a: Zamazenta
|-resisted|p1a: Zamazenta
|-damage|p1a: Zamazenta|45/100
|-heal|p2a: Hatterene|86/100|[from] drain|[of] p1a: Zamazenta
|
|-heal|p2a: Hatterene|92/100|[from] item: Leftovers
|upkeep
|turn|32
|j| Anita Max Wyn
|j| enmanuelxd2000
|
|t:|1757788744
|move|p1a: Zamazenta|Crunch|p2a: Hatterene
|-damage|p2a: Hatterene|71/100
|move|p2a: Hatterene|Calm Mind|p2a: Hatterene
|-boost|p2a: Hatterene|spa|1
|-boost|p2a: Hatterene|spd|1
|
|-heal|p2a: Hatterene|77/100|[from] item: Leftovers
|upkeep
|turn|33
|l| Anita Max Wyn
|l| NastaBlasta
|
|t:|1757788765
|move|p1a: Zamazenta|Body Press|p2a: Hatterene
|-resisted|p2a: Hatterene
|-damage|p2a: Hatterene|50/100
|move|p2a: Hatterene|Draining Kiss|p1a: Zamazenta
|-resisted|p1a: Zamazenta
|-damage|p1a: Zamazenta|22/100
|-heal|p2a: Hatterene|68/100|[from] drain|[of] p1a: Zamazenta
|
|-heal|p2a: Hatterene|74/100|[from] item: Leftovers
|upkeep
|turn|34
|
|t:|1757788769
|move|p1a: Zamazenta|Rest|p1a: Zamazenta
|-status|p1a: Zamazenta|slp|[from] move: Rest
|-heal|p1a: Zamazenta|100/100 slp|[silent]
|-enditem|p1a: Zamazenta|Chesto Berry|[eat]
|-curestatus|p1a: Zamazenta|slp|[msg]
|move|p2a: Hatterene|Draining Kiss|p1a: Zamazenta
|-resisted|p1a: Zamazenta
|-damage|p1a: Zamazenta|81/100
|-heal|p2a: Hatterene|90/100|[from] drain|[of] p1a: Zamazenta
|
|-heal|p2a: Hatterene|96/100|[from] item: Leftovers
|upkeep
|turn|35
|
|t:|1757788771
|move|p1a: Zamazenta|Body Press|p2a: Hatterene
|-resisted|p2a: Hatterene
|-damage|p2a: Hatterene|67/100
|move|p2a: Hatterene|Calm Mind|p2a: Hatterene
|-boost|p2a: Hatterene|spa|1
|-boost|p2a: Hatterene|spd|1
|
|-heal|p2a: Hatterene|73/100|[from] item: Leftovers
|upkeep
|turn|36
|
|t:|1757788775
|move|p1a: Zamazenta|Body Press|p2a: Hatterene
|-resisted|p2a: Hatterene
|-damage|p2a: Hatterene|45/100
|move|p2a: Hatterene|Draining Kiss|p1a: Zamazenta
|-resisted|p1a: Zamazenta
|-damage|p1a: Zamazenta|56/100
|-heal|p2a: Hatterene|65/100|[from] drain|[of] p1a: Zamazenta
|
|-heal|p2a: Hatterene|70/100|[from] item: Leftovers
|upkeep
|turn|37
|
|t:|1757788778
|move|p1a: Zamazenta|Body Press|p2a: Hatterene
|-resisted|p2a: Hatterene
|-damage|p2a: Hatterene|39/100
|move|p2a: Hatterene|Draining Kiss|p1a: Zamazenta
|-resisted|p1a: Zamazenta
|-damage|p1a: Zamazenta|29/100
|-heal|p2a: Hatterene|62/100|[from] drain|[of] p1a: Zamazenta
|
|-heal|p2a: Hatterene|67/100|[from] item: Leftovers
|upkeep
|turn|38
|
|t:|1757788781
|move|p1a: Zamazenta|Body Press|p2a: Hatterene
|-resisted|p2a: Hatterene
|-damage|p2a: Hatterene|38/100
|move|p2a: Hatterene|Draining Kiss|p1a: Zamazenta
|-resisted|p1a: Zamazenta
|-damage|p1a: Zamazenta|2/100
|-heal|p2a: Hatterene|59/100|[from] drain|[of] p1a: Zamazenta
|
|-heal|p2a: Hatterene|65/100|[from] item: Leftovers
|upkeep
|turn|39
|l| yolega
|
|t:|1757788784
|move|p1a: Zamazenta|Body Press|p2a: Hatterene
|-resisted|p2a: Hatterene
|-damage|p2a: Hatterene|34/100
|move|p2a: Hatterene|Draining Kiss|p1a: Zamazenta
|-resisted|p1a: Zamazenta
|-damage|p1a: Zamazenta|0 fnt
|-heal|p2a: Hatterene|36/100|[from] drain|[of] p1a: Zamazenta
|faint|p1a: Zamazenta
|
|-heal|p2a: Hatterene|42/100|[from] item: Leftovers
|upkeep
|
|t:|1757788796
|switch|p1a: Gliscor|Gliscor, M|100/100
|turn|40
|
|t:|1757788800
|move|p1a: Gliscor|Earthquake|p2a: Hatterene
|-damage|p2a: Hatterene|13/100
|move|p2a: Hatterene|Draining Kiss|p1a: Gliscor
|-damage|p1a: Gliscor|40/100
|-heal|p2a: Hatterene|66/100|[from] drain|[of] p1a: Gliscor
|
|-heal|p2a: Hatterene|71/100|[from] item: Leftovers
|-status|p1a: Gliscor|tox|[from] item: Toxic Orb
|upkeep
|turn|41
|
|t:|1757788804
|move|p1a: Gliscor|Facade|p2a: Hatterene
|-damage|p2a: Hatterene|43/100
|move|p2a: Hatterene|Draining Kiss|p1a: Gliscor
|-damage|p1a: Gliscor|0 fnt
|-heal|p2a: Hatterene|77/100|[from] drain|[of] p1a: Gliscor
|faint|p1a: Gliscor
|
|-heal|p2a: Hatterene|83/100|[from] item: Leftovers
|upkeep
|c|☆ghostlyplanets|Gg
|-message|ghostlyplanets forfeited.
|
|win|Dunoks
|n|☆ghostlyplanets|ghostlyplanets
|n|☆Dunoks|dunoks
|n|*Lady Monita ☀|ladymonita
|n| BB-8-NU|bb8nu
|n| Failbor21|failbor21
|n| venomania|venomania
|n| JoelMasterX|joelmasterx
|n| FuecocoFan6789|fuecocofan6789
|n| zokua|zokua
|n| ILFangzor|ilfangzor
|n| enmanuelxd2000|enmanuelxd2000
|l|*Lady Monita ☀
|l|☆ghostlyplanets
|player|p1|
|c|☆Dunoks|gg
|l|☆Dunoks
|player|p2|
|l| FuecocoFan6789
|l| ILFangzor
