|j|☆never_win_true
|j|☆mlap3000
|t:|1757921229
|gametype|singles
|player|p1|never_win_true|unknown|1420
|player|p2|mlap3000|volkner|1343
|gen|9
|tier|[Gen 9] OU
|rated|
|rule|HP Percentage Mod: HP is shown in percentages
|rule|Endless Battle Clause: Forcing endless battles is banned
|rule|Species Clause: Limit one of each Pokémon
|rule|OHKO Clause: OHKO moves are banned
|rule|Evasion Items Clause: Evasion items are banned
|rule|Evasion Moves Clause: Evasion moves are banned
|rule|Evasion Abilities Clause: Evasion abilities are banned
|rule|Sleep Moves Clause: Sleep-inducing moves are banned
|clearpoke
|poke|p1|Kingambit, M|
|poke|p1|Hatterene, F|
|poke|p1|Rillaboom, F|
|poke|p1|Raging Bolt|
|poke|p1|Enamorus, F|
|poke|p1|Ceruledge, M|
|poke|p2|Primarina, M|
|poke|p2|Cinderace, F|
|poke|p2|Zamazenta-*|
|poke|p2|Gliscor, M|
|poke|p2|Dragonite, F|
|poke|p2|Darkrai|
|teampreview
|
|t:|1757921254
|teamsize|p1|6
|teamsize|p2|6
|start
|switch|p1a: Rillaboom|Rillaboom, F|100/100
|switch|p2a: Cinderace|Cinderace, F|100/100
|-fieldstart|move: Grassy Terrain|[from] ability: Grassy Surge|[of] p1a: Rillaboom
|turn|1
|inactive|Battle timer is ON: inactive players will automatically lose when time's up. (requested by mlap3000)
|
|t:|1757921262
|-terastallize|p1a: Rillaboom|Fire
|move|p2a: Cinderace|Pyro Ball|p1a: Rillaboom
|-resisted|p1a: Rillaboom
|-damage|p1a: Rillaboom|77/100
|move|p1a: Rillaboom|High Horsepower|p2a: Cinderace
|-supereffective|p2a: Cinderace
|-damage|p2a: Cinderace|0 fnt
|faint|p2a: Cinderace
|
|-heal|p1a: Rillaboom|83/100|[from] Grassy Terrain
|upkeep
|
|t:|1757921278
|switch|p2a: 16 bron|Zamazenta|100/100
|-ability|p2a: 16 bron|Dauntless Shield|boost
|-boost|p2a: 16 bron|def|1
|turn|2
|
|t:|1757921283
|switch|p1a: Enamorus|Enamorus, F|100/100
|move|p2a: 16 bron|Iron Defense|p2a: 16 bron
|-boost|p2a: 16 bron|def|2
|
|upkeep
|turn|3
|
|t:|1757921289
|-terastallize|p2a: 16 bron|Steel
|move|p1a: Enamorus|Moonblast|p2a: 16 bron
|-resisted|p2a: 16 bron
|-damage|p2a: 16 bron|78/100
|-unboost|p2a: 16 bron|spa|1
|move|p2a: 16 bron|Heavy Slam|p1a: Enamorus
|-supereffective|p1a: Enamorus
|-damage|p1a: Enamorus|0 fnt
|faint|p1a: Enamorus
|
|-heal|p2a: 16 bron|85/100|[from] Grassy Terrain
|-heal|p2a: 16 bron|91/100|[from] item: Leftovers
|upkeep
|
|t:|1757921302
|switch|p1a: Ceruledge|Ceruledge, M|100/100
|turn|4
|
|t:|1757921306
|move|p2a: 16 bron|Iron Defense|p2a: 16 bron
|-boost|p2a: 16 bron|def|2
|move|p1a: Ceruledge|Swords Dance|p1a: Ceruledge
|-boost|p1a: Ceruledge|atk|2
|
|-heal|p2a: 16 bron|97/100|[from] Grassy Terrain
|-heal|p2a: 16 bron|100/100|[from] item: Leftovers
|upkeep
|turn|5
|
|t:|1757921315
|move|p2a: 16 bron|Crunch|p1a: Ceruledge
|-supereffective|p1a: Ceruledge
|-damage|p1a: Ceruledge|35/100
|-unboost|p1a: Ceruledge|def|1
|-ability|p1a: Ceruledge|Weak Armor|boost
|-unboost|p1a: Ceruledge|def|1
|-boost|p1a: Ceruledge|spe|2
|move|p1a: Ceruledge|Swords Dance|p1a: Ceruledge
|-boost|p1a: Ceruledge|atk|2
|
|-heal|p1a: Ceruledge|41/100|[from] Grassy Terrain
|-fieldend|move: Grassy Terrain
|upkeep
|turn|6
|
|t:|1757921327
|move|p1a: Ceruledge|Bitter Blade|p2a: 16 bron
|-supereffective|p2a: 16 bron
|-damage|p2a: 16 bron|42/100
|-heal|p1a: Ceruledge|80/100|[from] drain|[of] p2a: 16 bron
|move|p2a: 16 bron|Crunch|p1a: Ceruledge
|-supereffective|p1a: Ceruledge
|-damage|p1a: Ceruledge|0 fnt
|faint|p1a: Ceruledge
|
|-heal|p2a: 16 bron|48/100|[from] item: Leftovers
|upkeep
|-message|never_win_true forfeited.
|
|win|mlap3000
|raw|never_win_true's rating: 1420 &rarr; <strong>1396</strong><br />(-24 for losing)
|raw|mlap3000's rating: 1343 &rarr; <strong>1367</strong><br />(+24 for winning)
|l|☆never_win_true
|player|p1|
