|j|☆imgodslayer
|j|☆Slo99
|t:|1757862503
|gametype|singles
|player|p1|imgodslayer|benga|1447
|player|p2|Slo99|1|1472
|gen|9
|tier|[Gen 9] OU
|rated|
|rule|HP Percentage Mod: HP is shown in percentages
|rule|Endless Battle Clause: Forcing endless battles is banned
|rule|Species Clause: Limit one of each Pokémon
|rule|OHKO Clause: OHKO moves are banned
|rule|Evasion Items Clause: Evasion items are banned
|rule|Evasion Moves Clause: Evasion moves are banned
|rule|Evasion Abilities Clause: Evasion abilities are banned
|rule|Sleep Moves Clause: Sleep-inducing moves are banned
|clearpoke
|poke|p1|Araquanid, M|
|poke|p1|Pelipper, F|
|poke|p1|Raging Bolt|
|poke|p1|Great Tusk|
|poke|p1|Poliwrath, F|
|poke|p1|Goodra-Hisui, M|
|poke|p2|Ting-Lu|
|poke|p2|Hatterene, F|
|poke|p2|Great Tusk|
|poke|p2|Ceruledge, F|
|poke|p2|Dragonite, F|
|poke|p2|Kyurem|
|teampreview
|
|t:|1757862522
|teamsize|p1|6
|teamsize|p2|6
|start
|switch|p1a: Pelipper|Pelipper, F|100/100
|switch|p2a: Ceruledge|Ceruledge, F|100/100
|-weather|RainDance|[from] ability: Drizzle|[of] p1a: Pelipper
|turn|1
|
|t:|1757862539
|switch|p2a: Kyurem|Kyurem|100/100
|-ability|p2a: Kyurem|Pressure
|move|p1a: Pelipper|Weather Ball|p2a: Kyurem
|-resisted|p2a: Kyurem
|-damage|p2a: Kyurem|65/100
|
|-weather|RainDance|[upkeep]
|upkeep
|turn|2
|
|t:|1757862551
|switch|p1a: Goodra|Goodra-Hisui, M|100/100
|move|p2a: Kyurem|Freeze-Dry|p1a: Goodra
|-damage|p1a: Goodra|76/100
|
|-weather|RainDance|[upkeep]
|upkeep
|turn|3
|inactive|Battle timer is ON: inactive players will automatically lose when time's up. (requested by imgodslayer)
|inactive|Slo99 has 120 seconds left.
|
|t:|1757862584
|switch|p2a: Great Tusk|Great Tusk|100/100
|move|p1a: Goodra|Flash Cannon|p2a: Great Tusk
|-damage|p2a: Great Tusk|52/100
|
|-weather|RainDance|[upkeep]
|-heal|p2a: Great Tusk|58/100|[from] item: Leftovers
|upkeep
|turn|4
|
|t:|1757862608
|move|p2a: Great Tusk|Knock Off|p1a: Goodra
|-damage|p1a: Goodra|51/100
|-enditem|p1a: Goodra|Assault Vest|[from] move: Knock Off|[of] p2a: Great Tusk
|move|p1a: Goodra|Ice Beam|p2a: Great Tusk
|-supereffective|p2a: Great Tusk
|-damage|p2a: Great Tusk|0 fnt
|faint|p2a: Great Tusk
|-end|p2a: Great Tusk|Protosynthesis|[silent]
|
|-weather|RainDance|[upkeep]
|upkeep
|
|t:|1757862624
|switch|p2a: Ceruledge|Ceruledge, F|100/100
|turn|5
|
|t:|1757862639
|switch|p1a: Great Tusk|Great Tusk|100/100
|move|p2a: Ceruledge|Swords Dance|p2a: Ceruledge
|-boost|p2a: Ceruledge|atk|2
|
|-weather|RainDance|[upkeep]
|upkeep
|turn|6
|
|t:|1757862653
|move|p2a: Ceruledge|Close Combat|p1a: Great Tusk
|-damage|p1a: Great Tusk|54/100
|-unboost|p2a: Ceruledge|def|1
|-unboost|p2a: Ceruledge|spd|1
|-damage|p2a: Ceruledge|84/100|[from] item: Rocky Helmet|[of] p1a: Great Tusk
|move|p1a: Great Tusk|Roar|p2a: Ceruledge
|drag|p2a: Ting-Lu|Ting-Lu|100/100
|-ability|p2a: Ting-Lu|Vessel of Ruin
|
|-weather|RainDance|[upkeep]
|upkeep
|turn|7
|
|t:|1757862668
|-end|p1a: Great Tusk|Protosynthesis|[silent]
|switch|p1a: Araquanid|Araquanid, M|100/100
|switch|p2a: Hatterene|Hatterene, F|100/100
|
|-weather|RainDance|[upkeep]
|upkeep
|turn|8
|
|t:|1757862682
|switch|p2a: Dragonite|Dragonite, F|100/100
|move|p1a: Araquanid|Liquidation|p2a: Dragonite
|-resisted|p2a: Dragonite
|-damage|p2a: Dragonite|67/100
|
|-weather|none
|-heal|p2a: Dragonite|73/100|[from] item: Leftovers
|upkeep
|turn|9
|
|t:|1757862689
|move|p2a: Dragonite|Roost|p2a: Dragonite
|-heal|p2a: Dragonite|100/100
|-singleturn|p2a: Dragonite|move: Roost
|move|p1a: Araquanid|Liquidation|p2a: Dragonite
|-resisted|p2a: Dragonite
|-damage|p2a: Dragonite|77/100
|-unboost|p2a: Dragonite|def|1
|
|-heal|p2a: Dragonite|83/100|[from] item: Leftovers
|upkeep
|turn|10
|
|t:|1757862700
|move|p2a: Dragonite|Dragon Dance|p2a: Dragonite
|-boost|p2a: Dragonite|atk|1
|-boost|p2a: Dragonite|spe|1
|move|p1a: Araquanid|Liquidation|p2a: Dragonite
|-resisted|p2a: Dragonite
|-damage|p2a: Dragonite|16/100
|
|-heal|p2a: Dragonite|22/100|[from] item: Leftovers
|upkeep
|turn|11
|
|t:|1757862711
|-terastallize|p2a: Dragonite|Fairy
|move|p2a: Dragonite|Tera Blast|p1a: Araquanid|[anim] Tera Blast Fairy
|-damage|p1a: Araquanid|30/100
|move|p1a: Araquanid|Liquidation|p2a: Dragonite
|-damage|p2a: Dragonite|0 fnt
|faint|p2a: Dragonite
|
|upkeep
|
|t:|1757862717
|switch|p2a: Ceruledge|Ceruledge, F|84/100
|turn|12
|
|t:|1757862743
|move|p2a: Ceruledge|Bitter Blade|p1a: Araquanid
|-damage|p1a: Araquanid|4/100
|-heal|p2a: Ceruledge|99/100|[from] drain|[of] p1a: Araquanid
|move|p1a: Araquanid|Liquidation|p2a: Ceruledge
|-supereffective|p2a: Ceruledge
|-damage|p2a: Ceruledge|0 fnt
|faint|p2a: Ceruledge
|
|upkeep
|
|t:|1757862751
|switch|p2a: Kyurem|Kyurem|65/100
|-ability|p2a: Kyurem|Pressure
|turn|13
|
|t:|1757862756
|move|p2a: Kyurem|Freeze-Dry|p1a: Araquanid
|-supereffective|p1a: Araquanid
|-damage|p1a: Araquanid|0 fnt
|faint|p1a: Araquanid
|
|upkeep
|
|t:|1757862759
|switch|p1a: Goodra|Goodra-Hisui, M|51/100
|turn|14
|inactive|Slo99 has 120 seconds left.
|
|t:|1757862790
|switch|p2a: Ting-Lu|Ting-Lu|100/100
|-ability|p2a: Ting-Lu|Vessel of Ruin
|move|p1a: Goodra|Flash Cannon|p2a: Ting-Lu
|-damage|p2a: Ting-Lu|84/100
|
|-heal|p2a: Ting-Lu|90/100|[from] item: Leftovers
|upkeep
|turn|15
|
|t:|1757862807
|switch|p1a: Pelipper|Pelipper, F|100/100
|-weather|RainDance|[from] ability: Drizzle|[of] p1a: Pelipper
|move|p2a: Ting-Lu|Earthquake|p1a: Pelipper
|-immune|p1a: Pelipper
|
|-weather|RainDance|[upkeep]
|-heal|p2a: Ting-Lu|96/100|[from] item: Leftovers
|upkeep
|turn|16
|
|t:|1757862813
|switch|p2a: Hatterene|Hatterene, F|100/100
|move|p1a: Pelipper|U-turn|p2a: Hatterene
|-damage|p2a: Hatterene|93/100
|
|t:|1757862817
|switch|p1a: Poliwrath|Poliwrath, F|100/100|[from] U-turn
|
|-weather|RainDance|[upkeep]
|upkeep
|turn|17
|
|t:|1757862839
|-terastallize|p1a: Poliwrath|Steel
|move|p1a: Poliwrath|Belly Drum|p1a: Poliwrath
|-damage|p1a: Poliwrath|51/100
|-setboost|p1a: Poliwrath|atk|6|[from] move: Belly Drum
|move|p2a: Hatterene|Draining Kiss|p1a: Poliwrath
|-resisted|p1a: Poliwrath
|-damage|p1a: Poliwrath|36/100
|-heal|p2a: Hatterene|100/100|[from] drain|[of] p1a: Poliwrath
|-enditem|p1a: Poliwrath|Sitrus Berry|[eat]
|-heal|p1a: Poliwrath|61/100|[from] item: Sitrus Berry
|
|-weather|RainDance|[upkeep]
|upkeep
|turn|18
|
|t:|1757862849
|move|p1a: Poliwrath|Liquidation|p2a: Hatterene
|-damage|p2a: Hatterene|0 fnt
|faint|p2a: Hatterene
|
|-weather|RainDance|[upkeep]
|upkeep
|
|t:|1757862853
|switch|p2a: Kyurem|Kyurem|65/100
|-ability|p2a: Kyurem|Pressure
|turn|19
|
|t:|1757862857
|move|p1a: Poliwrath|Earthquake|p2a: Kyurem
|-damage|p2a: Kyurem|0 fnt
|faint|p2a: Kyurem
|
|-weather|RainDance|[upkeep]
|upkeep
|
|t:|1757862859
|switch|p2a: Ting-Lu|Ting-Lu|96/100
|-ability|p2a: Ting-Lu|Vessel of Ruin
|turn|20
|
|t:|1757862861
|move|p1a: Poliwrath|Drain Punch|p2a: Ting-Lu
|-supereffective|p2a: Ting-Lu
|-damage|p2a: Ting-Lu|0 fnt
|-heal|p1a: Poliwrath|100/100|[from] drain|[of] p2a: Ting-Lu
|faint|p2a: Ting-Lu
|
|win|imgodslayer
|raw|imgodslayer's rating: 1447 &rarr; <strong>1468</strong><br />(+21 for winning)
|raw|Slo99's rating: 1472 &rarr; <strong>1451</strong><br />(-21 for losing)
|l|☆Slo99
|player|p2|
|l|☆imgodslayer
|player|p1|
