|j|☆Passerby bye
|j|☆Magibullet Shooter
|t:|1757946761
|gametype|singles
|player|p1|Passerby bye|cyclist|1412
|player|p2|Magibullet Shooter|nancy|1378
|gen|9
|tier|[Gen 9] OU
|rated|
|rule|HP Percentage Mod: HP is shown in percentages
|rule|Endless Battle Clause: Forcing endless battles is banned
|rule|Species Clause: Limit one of each Pokémon
|rule|OHKO Clause: OHKO moves are banned
|rule|Evasion Items Clause: Evasion items are banned
|rule|Evasion Moves Clause: Evasion moves are banned
|rule|Evasion Abilities Clause: Evasion abilities are banned
|rule|Sleep Moves Clause: Sleep-inducing moves are banned
|clearpoke
|poke|p1|Magnezone|
|poke|p1|Vileplume, M|
|poke|p1|Gyarados, M|
|poke|p1|Houndoom, F|
|poke|p1|Mamoswine, F|
|poke|p1|Azumarill, F|
|poke|p2|Great Tusk|
|poke|p2|Raging Bolt|
|poke|p2|Dragapult, F|
|poke|p2|Slowking-Galar, F|
|poke|p2|Kingambit, M|
|poke|p2|Ogerpon-Wellspring, F|
|teampreview
|inactive|Battle timer is ON: inactive players will automatically lose when time's up. (requested by Magibullet Shooter)
|inactive|Passerby bye has 120 seconds left.
|
|t:|1757946862
|teamsize|p1|6
|teamsize|p2|6
|start
|switch|p1a: Ordinary Pkmn only|Vileplume, M|100/100
|switch|p2a: Ogerpon|Ogerpon-Wellspring, F|100/100
|turn|1
|
|t:|1757946868
|move|p2a: Ogerpon|U-turn|p1a: Ordinary Pkmn only
|-damage|p1a: Ordinary Pkmn only|78/100
|-damage|p2a: Ogerpon|84/100|[from] item: Rocky Helmet|[of] p1a: Ordinary Pkmn only
|
|t:|1757946872
|switch|p2a: Slowking|Slowking-Galar, F|100/100|[from] U-turn
|move|p1a: Ordinary Pkmn only|Leech Seed|p2a: Slowking
|-start|p2a: Slowking|move: Leech Seed
|
|-damage|p2a: Slowking|88/100|[from] Leech Seed|[of] p1a: Ordinary Pkmn only
|-heal|p1a: Ordinary Pkmn only|92/100|[silent]
|upkeep
|turn|2
|
|t:|1757946879
|switch|p1a: Weather Team sucks|Houndoom, F|100/100
|move|p2a: Slowking|Flamethrower|p1a: Weather Team sucks
|-start|p1a: Weather Team sucks|ability: Flash Fire
|
|-damage|p2a: Slowking|76/100|[from] Leech Seed|[of] p1a: Weather Team sucks
|upkeep
|turn|3
|
|t:|1757946893
|switch|p2a: Raging Bolt|Raging Bolt|100/100
|-enditem|p2a: Raging Bolt|Booster Energy
|-activate|p2a: Raging Bolt|ability: Protosynthesis|[fromitem]
|-start|p2a: Raging Bolt|protosynthesisspa
|move|p1a: Weather Team sucks|Fire Blast|p2a: Raging Bolt|[miss]
|-miss|p1a: Weather Team sucks|p2a: Raging Bolt
|
|upkeep
|turn|4
|
|t:|1757946903
|move|p1a: Weather Team sucks|Dark Pulse|p2a: Raging Bolt
|-damage|p2a: Raging Bolt|65/100
|move|p2a: Raging Bolt|Calm Mind|p2a: Raging Bolt
|-boost|p2a: Raging Bolt|spa|1
|-boost|p2a: Raging Bolt|spd|1
|
|upkeep
|turn|5
|
|t:|1757946923
|-terastallize|p2a: Raging Bolt|Fairy
|move|p1a: Weather Team sucks|Dark Pulse|p2a: Raging Bolt
|-resisted|p2a: Raging Bolt
|-damage|p2a: Raging Bolt|54/100
|move|p2a: Raging Bolt|Thunderbolt|p1a: Weather Team sucks
|-damage|p1a: Weather Team sucks|0 fnt
|faint|p1a: Weather Team sucks
|
|upkeep
|
|t:|1757946932
|switch|p1a: Legend Pkmn sucks|Magnezone|100/100
|turn|6
|
|t:|1757946939
|-end|p2a: Raging Bolt|Protosynthesis|[silent]
|switch|p2a: Great Tusk|Great Tusk|100/100
|move|p1a: Legend Pkmn sucks|Flash Cannon|p2a: Great Tusk
|-damage|p2a: Great Tusk|0 fnt
|faint|p2a: Great Tusk
|-end|p2a: Great Tusk|Protosynthesis|[silent]
|
|upkeep
|
|t:|1757946954
|switch|p2a: Ogerpon|Ogerpon-Wellspring, F|84/100
|turn|7
|
|t:|1757946964
|switch|p1a: Ordinary Pkmn only|Vileplume, M|92/100
|move|p2a: Ogerpon|U-turn|p1a: Ordinary Pkmn only
|-damage|p1a: Ordinary Pkmn only|73/100
|-damage|p2a: Ogerpon|67/100|[from] item: Rocky Helmet|[of] p1a: Ordinary Pkmn only
|
|t:|1757946981
|switch|p2a: Dragapult|Dragapult, F|100/100|[from] U-turn
|
|upkeep
|turn|8
|
|t:|1757946991
|switch|p1a: BST＞540 Pkmn sucks|Gyarados, M, shiny|100/100
|-ability|p1a: BST＞540 Pkmn sucks|Intimidate|boost
|-unboost|p2a: Dragapult|atk|1
|move|p2a: Dragapult|Hex|p1a: BST＞540 Pkmn sucks
|-damage|p1a: BST＞540 Pkmn sucks|72/100
|
|upkeep
|turn|9
|
|t:|1757947001
|switch|p1a: Legend Pkmn sucks|Magnezone|100/100
|move|p2a: Dragapult|Will-O-Wisp|p1a: Legend Pkmn sucks
|-status|p1a: Legend Pkmn sucks|brn
|
|-damage|p1a: Legend Pkmn sucks|94/100 brn|[from] brn
|upkeep
|turn|10
|
|t:|1757947016
|move|p2a: Dragapult|U-turn|p1a: Legend Pkmn sucks
|-resisted|p1a: Legend Pkmn sucks
|-damage|p1a: Legend Pkmn sucks|89/100 brn
|
|t:|1757947020
|switch|p2a: Slowking|Slowking-Galar, F|100/100|[from] U-turn
|move|p1a: Legend Pkmn sucks|Thunderbolt|p2a: Slowking
|-damage|p2a: Slowking|51/100
|
|-damage|p1a: Legend Pkmn sucks|83/100 brn|[from] brn
|upkeep
|turn|11
|
|t:|1757947028
|move|p1a: Legend Pkmn sucks|Thunderbolt|p2a: Slowking
|-damage|p2a: Slowking|13/100
|move|p2a: Slowking|Flamethrower|p1a: Legend Pkmn sucks
|-supereffective|p1a: Legend Pkmn sucks
|-damage|p1a: Legend Pkmn sucks|35/100 brn
|
|-damage|p1a: Legend Pkmn sucks|29/100 brn|[from] brn
|upkeep
|turn|12
|
|t:|1757947038
|switch|p2a: Raging Bolt|Raging Bolt, tera:Fairy|54/100
|move|p1a: Legend Pkmn sucks|Thunderbolt|p2a: Raging Bolt
|-damage|p2a: Raging Bolt|0 fnt
|faint|p2a: Raging Bolt
|-end|p2a: Raging Bolt|Protosynthesis|[silent]
|
|-damage|p1a: Legend Pkmn sucks|23/100 brn|[from] brn
|upkeep
|
|t:|1757947046
|switch|p2a: Dragapult|Dragapult, F|100/100
|turn|13
|
|t:|1757947052
|move|p2a: Dragapult|Hex|p1a: Legend Pkmn sucks
|-damage|p1a: Legend Pkmn sucks|0 fnt
|faint|p1a: Legend Pkmn sucks
|
|upkeep
|
|t:|1757947055
|switch|p1a: Sample Team sucks|Azumarill, F|100/100
|turn|14
|
|t:|1757947066
|-terastallize|p1a: Sample Team sucks|Fire
|move|p2a: Dragapult|Will-O-Wisp|p1a: Sample Team sucks|[miss]
|-miss|p2a: Dragapult|p1a: Sample Team sucks
|move|p1a: Sample Team sucks|Play Rough|p2a: Dragapult
|-supereffective|p2a: Dragapult
|-damage|p2a: Dragapult|0 fnt
|faint|p2a: Dragapult
|
|upkeep
|
|t:|1757947077
|switch|p2a: Ogerpon|Ogerpon-Wellspring, F|67/100
|turn|15
|
|t:|1757947080
|switch|p1a: Ordinary Pkmn only|Vileplume, M|73/100
|move|p2a: Ogerpon|Ivy Cudgel|p1a: Ordinary Pkmn only|[anim] Ivy Cudgel Water
|-resisted|p1a: Ordinary Pkmn only
|-crit|p1a: Ordinary Pkmn only
|-damage|p1a: Ordinary Pkmn only|39/100
|
|upkeep
|turn|16
|
|t:|1757947086
|move|p2a: Ogerpon|Knock Off|p1a: Ordinary Pkmn only
|-damage|p1a: Ordinary Pkmn only|9/100
|-damage|p2a: Ogerpon|51/100|[from] item: Rocky Helmet|[of] p1a: Ordinary Pkmn only
|-enditem|p1a: Ordinary Pkmn only|Rocky Helmet|[from] move: Knock Off|[of] p2a: Ogerpon
|move|p1a: Ordinary Pkmn only|Strength Sap|p2a: Ogerpon
|-unboost|p2a: Ogerpon|atk|1
|-heal|p1a: Ordinary Pkmn only|100/100
|
|upkeep
|turn|17
|
|t:|1757947096
|move|p2a: Ogerpon|Synthesis|p2a: Ogerpon
|-heal|p2a: Ogerpon|100/100
|move|p1a: Ordinary Pkmn only|Giga Drain|p2a: Ogerpon
|-damage|p2a: Ogerpon|70/100
|
|upkeep
|turn|18
|
|t:|1757947102
|move|p2a: Ogerpon|U-turn|p1a: Ordinary Pkmn only
|-damage|p1a: Ordinary Pkmn only|85/100
|
|t:|1757947116
|switch|p2a: Slowking|Slowking-Galar, F|46/100|[from] U-turn
|move|p1a: Ordinary Pkmn only|Sludge Wave|p2a: Slowking
|-resisted|p2a: Slowking
|-damage|p2a: Slowking|36/100
|
|upkeep
|turn|19
|
|t:|1757947125
|switch|p1a: BST＞540 Pkmn sucks|Gyarados, M, shiny|72/100
|-ability|p1a: BST＞540 Pkmn sucks|Intimidate|boost
|-unboost|p2a: Slowking|atk|1
|move|p2a: Slowking|Psyshock|p1a: BST＞540 Pkmn sucks
|-damage|p1a: BST＞540 Pkmn sucks|42/100
|
|upkeep
|turn|20
|
|t:|1757947133
|switch|p2a: Ogerpon|Ogerpon-Wellspring, F|70/100
|move|p1a: BST＞540 Pkmn sucks|Thunder Wave|p2a: Ogerpon
|-status|p2a: Ogerpon|par
|
|upkeep
|turn|21
|
|t:|1757947140
|switch|p1a: Ordinary Pkmn only|Vileplume, M|85/100
|move|p2a: Ogerpon|Ivy Cudgel|p1a: Ordinary Pkmn only|[anim] Ivy Cudgel Water
|-resisted|p1a: Ordinary Pkmn only
|-damage|p1a: Ordinary Pkmn only|64/100
|
|upkeep
|turn|22
|
|t:|1757947146
|switch|p2a: Slowking|Slowking-Galar, F|69/100
|move|p1a: Ordinary Pkmn only|Leech Seed|p2a: Slowking
|-start|p2a: Slowking|move: Leech Seed
|
|-damage|p2a: Slowking|57/100|[from] Leech Seed|[of] p1a: Ordinary Pkmn only
|-heal|p1a: Ordinary Pkmn only|78/100|[silent]
|upkeep
|turn|23
|
|t:|1757947153
|switch|p1a: BST＞540 Pkmn sucks|Gyarados, M, shiny|42/100
|-ability|p1a: BST＞540 Pkmn sucks|Intimidate|boost
|-unboost|p2a: Slowking|atk|1
|move|p2a: Slowking|Flamethrower|p1a: BST＞540 Pkmn sucks
|-resisted|p1a: BST＞540 Pkmn sucks
|-damage|p1a: BST＞540 Pkmn sucks|29/100
|
|-damage|p2a: Slowking|45/100|[from] Leech Seed|[of] p1a: BST＞540 Pkmn sucks
|-heal|p1a: BST＞540 Pkmn sucks|44/100|[silent]
|upkeep
|turn|24
|
|t:|1757947164
|switch|p2a: Kingambit|Kingambit, M|100/100
|-activate|p2a: Kingambit|ability: Supreme Overlord
|-start|p2a: Kingambit|fallen3|[silent]
|move|p1a: BST＞540 Pkmn sucks|Earthquake|p2a: Kingambit
|-supereffective|p2a: Kingambit
|-damage|p2a: Kingambit|45/100
|
|-heal|p2a: Kingambit|51/100|[from] item: Leftovers
|upkeep
|turn|25
|
|t:|1757947174
|move|p1a: BST＞540 Pkmn sucks|Thunder Wave|p2a: Kingambit
|-status|p2a: Kingambit|par
|move|p2a: Kingambit|Kowtow Cleave|p1a: BST＞540 Pkmn sucks
|-damage|p1a: BST＞540 Pkmn sucks|0 fnt
|faint|p1a: BST＞540 Pkmn sucks
|
|-heal|p2a: Kingambit|57/100 par|[from] item: Leftovers
|upkeep
|
|t:|1757947186
|switch|p1a: Terrain Team sucks|Mamoswine, F|100/100
|turn|26
|
|t:|1757947199
|-end|p2a: Kingambit|fallen3|[silent]
|switch|p2a: Ogerpon|Ogerpon-Wellspring, F|70/100 par
|move|p1a: Terrain Team sucks|High Horsepower|p2a: Ogerpon
|-resisted|p2a: Ogerpon
|-damage|p2a: Ogerpon|37/100 par
|
|upkeep
|turn|27
|
|t:|1757947208
|switch|p1a: Ordinary Pkmn only|Vileplume, M|78/100
|move|p2a: Ogerpon|Knock Off|p1a: Ordinary Pkmn only
|-damage|p1a: Ordinary Pkmn only|56/100
|
|upkeep
|turn|28
|
|t:|1757947217
|move|p2a: Ogerpon|Synthesis|p2a: Ogerpon
|-heal|p2a: Ogerpon|87/100 par
|move|p1a: Ordinary Pkmn only|Sludge Wave|p2a: Ogerpon
|-supereffective|p2a: Ogerpon
|-damage|p2a: Ogerpon|9/100 par
|
|upkeep
|turn|29
|
|t:|1757947223
|cant|p2a: Ogerpon|par
|move|p1a: Ordinary Pkmn only|Leech Seed|p2a: Ogerpon
|-immune|p2a: Ogerpon
|
|upkeep
|turn|30
|
|t:|1757947229
|switch|p2a: Slowking|Slowking-Galar, F|78/100
|move|p1a: Ordinary Pkmn only|Sludge Wave|p2a: Slowking
|-resisted|p2a: Slowking
|-crit|p2a: Slowking
|-damage|p2a: Slowking|63/100
|
|upkeep
|turn|31
|
|t:|1757947237
|switch|p1a: Terrain Team sucks|Mamoswine, F|100/100
|move|p2a: Slowking|Psyshock|p1a: Terrain Team sucks
|-damage|p1a: Terrain Team sucks|71/100
|
|upkeep
|turn|32
|
|t:|1757947245
|move|p1a: Terrain Team sucks|High Horsepower|p2a: Slowking
|-supereffective|p2a: Slowking
|-damage|p2a: Slowking|0 fnt
|faint|p2a: Slowking
|
|upkeep
|
|t:|1757947250
|switch|p2a: Kingambit|Kingambit, M|57/100 par
|-activate|p2a: Kingambit|ability: Supreme Overlord
|-start|p2a: Kingambit|fallen4|[silent]
|turn|33
|
|t:|1757947257
|move|p2a: Kingambit|Sucker Punch|p1a: Terrain Team sucks
|-damage|p1a: Terrain Team sucks|16/100
|move|p1a: Terrain Team sucks|High Horsepower|p2a: Kingambit
|-supereffective|p2a: Kingambit
|-damage|p2a: Kingambit|0 fnt
|faint|p2a: Kingambit
|-end|p2a: Kingambit|fallen4|[silent]
|
|upkeep
|-message|Magibullet Shooter forfeited.
|
|win|Passerby bye
|raw|Passerby bye's rating: 1412 &rarr; <strong>1430</strong><br />(+18 for winning)
|raw|Magibullet Shooter's rating: 1378 &rarr; <strong>1360</strong><br />(-18 for losing)
|l|☆Magibullet Shooter
|player|p2|
