|j|☆sfinch1
|j|☆hindu's curry
|t:|1757886021
|gametype|singles
|player|p1|sfinch1|102|1343
|player|p2|hindu's curry|hiker-gen4|1317
|gen|9
|tier|[Gen 9] OU
|rated|
|rule|HP Percentage Mod: HP is shown in percentages
|rule|Endless Battle Clause: Forcing endless battles is banned
|rule|Species Clause: Limit one of each Pokémon
|rule|OHKO Clause: OHKO moves are banned
|rule|Evasion Items Clause: Evasion items are banned
|rule|Evasion Moves Clause: Evasion moves are banned
|rule|Evasion Abilities Clause: Evasion abilities are banned
|rule|Sleep Moves Clause: Sleep-inducing moves are banned
|clearpoke
|poke|p1|Kyurem|
|poke|p1|Landorus-Therian, M|
|poke|p1|Hatterene, F|
|poke|p1|Tinkaton, F|
|poke|p1|Zamazenta-*|
|poke|p1|Infernape, M|
|poke|p2|Heatran, F|
|poke|p2|Gliscor, M|
|poke|p2|Kyurem|
|poke|p2|Hatterene, F|
|poke|p2|Zamazenta-*|
|poke|p2|Tornadus-Therian, M|
|teampreview
|
|t:|1757886029
|teamsize|p1|6
|teamsize|p2|6
|start
|switch|p1a: Infernape|Infernape, M|100/100
|switch|p2a: Tornadus|Tornadus-Therian, M|100/100
|-item|p1a: Infernape|Air Balloon
|turn|1
|inactive|Battle timer is ON: inactive players will automatically lose when time's up. (requested by hindu's curry)
|
|t:|1757886038
|switch|p1a: Tinkaton|Tinkaton, F|100/100
|-ability|p1a: Tinkaton|Mold Breaker
|move|p2a: Tornadus|Knock Off|p1a: Tinkaton
|-resisted|p1a: Tinkaton
|-damage|p1a: Tinkaton|88/100
|-enditem|p1a: Tinkaton|Custap Berry|[from] move: Knock Off|[of] p2a: Tornadus
|
|upkeep
|turn|2
|
|t:|1757886049
|move|p2a: Tornadus|U-turn|p1a: Tinkaton
|-resisted|p1a: Tinkaton
|-damage|p1a: Tinkaton|83/100
|
|t:|1757886050
|switch|p2a: Gliscor|Gliscor, M|100/100|[from] U-turn
|move|p1a: Tinkaton|Gigaton Hammer|p2a: Gliscor
|-damage|p2a: Gliscor|63/100
|
|-status|p2a: Gliscor|tox|[from] item: Toxic Orb
|upkeep
|turn|3
|
|t:|1757886058
|switch|p2a: Hatterene|Hatterene, F|100/100
|move|p1a: Tinkaton|Swords Dance|p1a: Tinkaton
|-boost|p1a: Tinkaton|atk|2
|
|upkeep
|turn|4
|
|t:|1757886063
|switch|p2a: Heatran|Heatran, F|100/100
|move|p1a: Tinkaton|Gigaton Hammer|p2a: Heatran
|-resisted|p2a: Heatran
|-damage|p2a: Heatran|70/100
|
|-heal|p2a: Heatran|77/100|[from] item: Leftovers
|upkeep
|turn|5
|
|t:|1757886068
|switch|p1a: Infernape|Infernape, M|100/100
|-item|p1a: Infernape|Air Balloon
|switch|p2a: Gliscor|Gliscor, M|63/100 tox
|
|-heal|p2a: Gliscor|75/100 tox|[from] ability: Poison Heal
|upkeep
|turn|6
|
|t:|1757886078
|switch|p2a: Hatterene|Hatterene, F|100/100
|move|p1a: Infernape|Stealth Rock|p2a: Hatterene
|move|p2a: Hatterene|Stealth Rock|p1a: Infernape|[from] ability: Magic Bounce
|-sidestart|p1: sfinch1|move: Stealth Rock
|
|upkeep
|turn|7
|c|☆sfinch1|good 1
|
|t:|1757886089
|move|p1a: Infernape|Fire Blast|p2a: Hatterene
|-damage|p2a: Hatterene|51/100
|move|p2a: Hatterene|Psychic Noise|p1a: Infernape
|-supereffective|p1a: Infernape
|-damage|p1a: Infernape|0 fnt
|-enditem|p1a: Infernape|Air Balloon
|faint|p1a: Infernape
|
|upkeep
|c|☆hindu's curry|ur just bad dude
|
|t:|1757886110
|switch|p1a: Tinkaton|Tinkaton, F|83/100
|-damage|p1a: Tinkaton|77/100|[from] Stealth Rock
|-ability|p1a: Tinkaton|Mold Breaker
|turn|8
|
|t:|1757886118
|switch|p2a: Gliscor|Gliscor, M|75/100 tox
|move|p1a: Tinkaton|Swords Dance|p1a: Tinkaton
|-boost|p1a: Tinkaton|atk|2
|
|-heal|p2a: Gliscor|88/100 tox|[from] ability: Poison Heal
|upkeep
|turn|9
|
|t:|1757886125
|move|p2a: Gliscor|Protect|p2a: Gliscor
|-singleturn|p2a: Gliscor|Protect
|move|p1a: Tinkaton|Gigaton Hammer|p2a: Gliscor
|-activate|p2a: Gliscor|move: Protect
|
|-heal|p2a: Gliscor|99/100 tox|[from] ability: Poison Heal
|upkeep
|turn|10
|
|t:|1757886130
|move|p1a: Tinkaton|Ice Hammer|p2a: Gliscor
|-supereffective|p2a: Gliscor
|-damage|p2a: Gliscor|0 fnt
|-unboost|p1a: Tinkaton|spe|1
|faint|p2a: Gliscor
|
|upkeep
|
|t:|1757886138
|switch|p2a: Heatran|Heatran, F|77/100
|turn|11
|
|t:|1757886163
|switch|p1a: Hatterene|Hatterene, F|100/100
|-damage|p1a: Hatterene|88/100|[from] Stealth Rock
|move|p2a: Heatran|Lava Plume|p1a: Hatterene
|-damage|p1a: Hatterene|45/100
|
|-heal|p2a: Heatran|83/100|[from] item: Leftovers
|-heal|p1a: Hatterene|51/100|[from] item: Leftovers
|upkeep
|turn|12
|
|t:|1757886171
|move|p2a: Heatran|Lava Plume|p1a: Hatterene
|-damage|p1a: Hatterene|9/100
|-status|p1a: Hatterene|brn
|move|p1a: Hatterene|Calm Mind|p1a: Hatterene
|-boost|p1a: Hatterene|spa|1
|-boost|p1a: Hatterene|spd|1
|
|-heal|p2a: Heatran|89/100|[from] item: Leftovers
|-heal|p1a: Hatterene|15/100 brn|[from] item: Leftovers
|-damage|p1a: Hatterene|9/100 brn|[from] brn
|upkeep
|turn|13
|
|t:|1757886175
|move|p2a: Heatran|Lava Plume|p1a: Hatterene
|-damage|p1a: Hatterene|0 fnt
|faint|p1a: Hatterene
|
|-heal|p2a: Heatran|95/100|[from] item: Leftovers
|upkeep
|
|t:|1757886180
|switch|p1a: Landorus|Landorus-Therian, M|100/100
|-damage|p1a: Landorus|88/100|[from] Stealth Rock
|-ability|p1a: Landorus|Intimidate|boost
|-unboost|p2a: Heatran|atk|1
|turn|14
|
|t:|1757886188
|switch|p2a: Tornadus|Tornadus-Therian, M|100/100
|move|p1a: Landorus|Earthquake|p2a: Tornadus
|-immune|p2a: Tornadus
|
|upkeep
|turn|15
|
|t:|1757886193
|move|p2a: Tornadus|U-turn|p1a: Landorus
|-resisted|p1a: Landorus
|-damage|p1a: Landorus|80/100
|-damage|p2a: Tornadus|84/100|[from] item: Rocky Helmet|[of] p1a: Landorus
|
|t:|1757886197
|switch|p2a: Hatterene|Hatterene, F|51/100|[from] U-turn
|move|p1a: Landorus|Stone Edge|p2a: Hatterene
|-damage|p2a: Hatterene|19/100
|
|upkeep
|turn|16
|
|t:|1757886204
|move|p1a: Landorus|U-turn|p2a: Hatterene
|-damage|p2a: Hatterene|0 fnt
|-damage|p1a: Landorus|63/100|[from] item: Rocky Helmet|[of] p2a: Hatterene
|faint|p2a: Hatterene
|
|t:|1757886212
|switch|p1a: Tinkaton|Tinkaton, F|77/100|[from] U-turn
|-damage|p1a: Tinkaton|71/100|[from] Stealth Rock
|-ability|p1a: Tinkaton|Mold Breaker
|
|upkeep
|
|t:|1757886226
|switch|p2a: Heatran|Heatran, F|95/100
|turn|17
|
|t:|1757886233
|move|p1a: Tinkaton|Swords Dance|p1a: Tinkaton
|-boost|p1a: Tinkaton|atk|2
|move|p2a: Heatran|Lava Plume|p1a: Tinkaton
|-supereffective|p1a: Tinkaton
|-damage|p1a: Tinkaton|0 fnt
|faint|p1a: Tinkaton
|
|-heal|p2a: Heatran|100/100|[from] item: Leftovers
|upkeep
|
|t:|1757886240
|switch|p1a: Landorus|Landorus-Therian, M|63/100
|-damage|p1a: Landorus|51/100|[from] Stealth Rock
|-ability|p1a: Landorus|Intimidate|boost
|-unboost|p2a: Heatran|atk|1
|turn|18
|
|t:|1757886261
|switch|p2a: Zamazenta|Zamazenta|100/100
|-ability|p2a: Zamazenta|Dauntless Shield|boost
|-boost|p2a: Zamazenta|def|1
|move|p1a: Landorus|Earthquake|p2a: Zamazenta
|-damage|p2a: Zamazenta|73/100
|
|-heal|p2a: Zamazenta|80/100|[from] item: Leftovers
|upkeep
|turn|19
|
|t:|1757886269
|move|p2a: Zamazenta|Iron Defense|p2a: Zamazenta
|-boost|p2a: Zamazenta|def|2
|move|p1a: Landorus|U-turn|p2a: Zamazenta
|-resisted|p2a: Zamazenta
|-damage|p2a: Zamazenta|75/100
|
|t:|1757886271
|switch|p1a: Zamazenta|Zamazenta|100/100|[from] U-turn
|-damage|p1a: Zamazenta|94/100|[from] Stealth Rock
|-ability|p1a: Zamazenta|Dauntless Shield|boost
|-boost|p1a: Zamazenta|def|1
|
|-heal|p1a: Zamazenta|100/100|[from] item: Leftovers
|-heal|p2a: Zamazenta|82/100|[from] item: Leftovers
|upkeep
|turn|20
|
|t:|1757886274
|move|p1a: Zamazenta|Iron Defense|p1a: Zamazenta
|-boost|p1a: Zamazenta|def|2
|move|p2a: Zamazenta|Roar|p1a: Zamazenta
|drag|p1a: Kyurem|Kyurem|100/100
|-damage|p1a: Kyurem|76/100|[from] Stealth Rock
|-ability|p1a: Kyurem|Pressure
|
|-heal|p2a: Zamazenta|88/100|[from] item: Leftovers
|upkeep
|turn|21
|
|t:|1757886290
|-terastallize|p1a: Kyurem|Electric
|move|p2a: Zamazenta|Body Press|p1a: Kyurem
|-damage|p1a: Kyurem|0 fnt
|faint|p1a: Kyurem
|
|-heal|p2a: Zamazenta|94/100|[from] item: Leftovers
|upkeep
|-message|sfinch1 forfeited.
|
|win|hindu's curry
|raw|sfinch1's rating: 1343 &rarr; <strong>1322</strong><br />(-21 for losing)
|raw|hindu&apos;s curry's rating: 1317 &rarr; <strong>1338</strong><br />(+21 for winning)
|l|☆sfinch1
|player|p1|
