|j|☆Jirachi75
|j|☆GermanDude5
|t:|1757933819
|gametype|singles
|player|p1|Jirachi75|169|1378
|player|p2|GermanDude5|1|1438
|gen|9
|tier|[Gen 9] OU
|rated|
|rule|HP Percentage Mod: HP is shown in percentages
|rule|Endless Battle Clause: Forcing endless battles is banned
|rule|Species Clause: Limit one of each Pokémon
|rule|OHKO Clause: OHKO moves are banned
|rule|Evasion Items Clause: Evasion items are banned
|rule|Evasion Moves Clause: Evasion moves are banned
|rule|Evasion Abilities Clause: Evasion abilities are banned
|rule|Sleep Moves Clause: Sleep-inducing moves are banned
|clearpoke
|poke|p1|Whimsicott, F|
|poke|p1|Alomomola, F|
|poke|p1|Kyurem|
|poke|p1|Great Tusk|
|poke|p1|Slowking-Galar, M|
|poke|p1|Arcanine-Hisui, M|
|poke|p2|Heatran, F|
|poke|p2|Gliscor, M|
|poke|p2|Alomomola, M|
|poke|p2|Sinistcha|
|poke|p2|Darkrai|
|poke|p2|Zamazenta-*|
|teampreview
|
|t:|1757933836
|teamsize|p1|6
|teamsize|p2|6
|start
|switch|p1a: Kyurem|Kyurem|100/100
|switch|p2a: Alomomola|Alomomola, M|100/100
|-ability|p1a: Kyurem|Pressure
|turn|1
|
|t:|1757933843
|move|p2a: Alomomola|Protect|p2a: Alomomola
|-singleturn|p2a: Alomomola|Protect
|move|p1a: Kyurem|Freeze-Dry|p2a: Alomomola
|-activate|p2a: Alomomola|move: Protect
|
|upkeep
|turn|2
|
|t:|1757933848
|switch|p2a: Heatran|Heatran, F|100/100
|move|p1a: Kyurem|Freeze-Dry|p2a: Heatran
|-resisted|p2a: Heatran
|-damage|p2a: Heatran|94/100
|
|upkeep
|turn|3
|
|t:|1757933854
|move|p1a: Kyurem|Earth Power|p2a: Heatran
|-supereffective|p2a: Heatran
|-damage|p2a: Heatran|14/100
|-unboost|p2a: Heatran|spd|1
|move|p2a: Heatran|Stealth Rock|p1a: Kyurem
|-sidestart|p1: Jirachi75|move: Stealth Rock
|
|upkeep
|turn|4
|
|t:|1757933868
|switch|p2a: Alomomola|Alomomola, M|100/100
|move|p1a: Kyurem|Earth Power|p2a: Alomomola
|-damage|p2a: Alomomola|74/100
|
|upkeep
|turn|5
|
|t:|1757933880
|switch|p2a: Zamazenta|Zamazenta|100/100
|-ability|p2a: Zamazenta|Dauntless Shield|boost
|-boost|p2a: Zamazenta|def|1
|move|p1a: Kyurem|Freeze-Dry|p2a: Zamazenta
|-damage|p2a: Zamazenta|64/100
|
|upkeep
|turn|6
|
|t:|1757933891
|switch|p1a: Farfi|Whimsicott, F|100/100
|-damage|p1a: Farfi|88/100|[from] Stealth Rock
|move|p2a: Zamazenta|Close Combat|p1a: Farfi
|-resisted|p1a: Farfi
|-damage|p1a: Farfi|47/100
|-unboost|p2a: Zamazenta|def|1
|-unboost|p2a: Zamazenta|spd|1
|
|upkeep
|turn|7
|
|t:|1757933906
|switch|p2a: Gliscor|Gliscor, M|100/100
|switch|p1a: Alomomola|Alomomola, F|100/100
|-damage|p1a: Alomomola|88/100|[from] Stealth Rock
|
|-status|p2a: Gliscor|tox|[from] item: Toxic Orb
|upkeep
|turn|8
|
|t:|1757933915
|move|p2a: Gliscor|Spikes|p1a: Alomomola
|-sidestart|p1: Jirachi75|Spikes
|move|p1a: Alomomola|Flip Turn|p2a: Gliscor
|-supereffective|p2a: Gliscor
|-damage|p2a: Gliscor|75/100 tox
|
|t:|1757933920
|switch|p1a: Great Tusk|Great Tusk|100/100|[from] Flip Turn
|-damage|p1a: Great Tusk|97/100|[from] Stealth Rock
|-damage|p1a: Great Tusk|85/100|[from] Spikes
|
|-heal|p2a: Gliscor|87/100 tox|[from] ability: Poison Heal
|upkeep
|turn|9
|
|t:|1757933928
|move|p2a: Gliscor|Protect|p2a: Gliscor
|-singleturn|p2a: Gliscor|Protect
|move|p1a: Great Tusk|Knock Off|p2a: Gliscor
|-activate|p2a: Gliscor|move: Protect
|
|-heal|p2a: Gliscor|99/100 tox|[from] ability: Poison Heal
|upkeep
|turn|10
|
|t:|1757933934
|switch|p2a: Sinistcha|Sinistcha|100/100
|move|p1a: Great Tusk|Knock Off|p2a: Sinistcha
|-supereffective|p2a: Sinistcha
|-damage|p2a: Sinistcha|65/100
|-enditem|p2a: Sinistcha|Heavy-Duty Boots|[from] move: Knock Off|[of] p1a: Great Tusk
|
|upkeep
|turn|11
|
|t:|1757933950
|-end|p1a: Great Tusk|Protosynthesis|[silent]
|switch|p1a: Kyurem|Kyurem|100/100
|-ability|p1a: Kyurem|Pressure
|switch|p2a: Gliscor|Gliscor, M|99/100 tox
|
|-heal|p2a: Gliscor|100/100 tox|[from] ability: Poison Heal
|upkeep
|turn|12
|
|t:|1757933959
|switch|p2a: Heatran|Heatran, F|14/100
|move|p1a: Kyurem|Freeze-Dry|p2a: Heatran
|-resisted|p2a: Heatran
|-damage|p2a: Heatran|9/100
|
|upkeep
|turn|13
|
|t:|1757933965
|move|p1a: Kyurem|Earth Power|p2a: Heatran
|-supereffective|p2a: Heatran
|-damage|p2a: Heatran|0 fnt
|faint|p2a: Heatran
|
|upkeep
|
|t:|1757933968
|switch|p2a: Zamazenta|Zamazenta|64/100
|turn|14
|
|t:|1757933973
|switch|p1a: Alomomola|Alomomola, F|100/100
|-damage|p1a: Alomomola|88/100|[from] Stealth Rock
|-damage|p1a: Alomomola|76/100|[from] Spikes
|move|p2a: Zamazenta|Close Combat|p1a: Alomomola
|-damage|p1a: Alomomola|34/100
|-unboost|p2a: Zamazenta|def|1
|-unboost|p2a: Zamazenta|spd|1
|-damage|p2a: Zamazenta|47/100|[from] item: Rocky Helmet|[of] p1a: Alomomola
|
|upkeep
|turn|15
|
|t:|1757933985
|switch|p1a: Slowking|Slowking-Galar, M|100/100
|move|p2a: Zamazenta|Close Combat|p1a: Slowking
|-resisted|p1a: Slowking
|-damage|p1a: Slowking|85/100
|-unboost|p2a: Zamazenta|def|1
|-unboost|p2a: Zamazenta|spd|1
|
|upkeep
|turn|16
|
|t:|1757933996
|switch|p2a: Alomomola|Alomomola, M|100/100
|-prepare|p1a: Slowking|Chilly Reception|[premajor]
|move|p1a: Slowking|Chilly Reception|p1a: Slowking
|-weather|Snowscape
|
|t:|1757934001
|switch|p1a: Kyurem|Kyurem|100/100|[from] Chilly Reception
|-ability|p1a: Kyurem|Pressure
|
|-weather|Snowscape|[upkeep]
|upkeep
|turn|17
|
|t:|1757934009
|move|p1a: Kyurem|Freeze-Dry|p2a: Alomomola
|-supereffective|p2a: Alomomola
|-damage|p2a: Alomomola|38/100
|move|p2a: Alomomola|Wish|p2a: Alomomola
|
|-weather|Snowscape|[upkeep]
|upkeep
|turn|18
|
|t:|1757934014
|switch|p2a: Zamazenta|Zamazenta|47/100
|move|p1a: Kyurem|Freeze-Dry|p2a: Zamazenta
|-damage|p2a: Zamazenta|10/100
|
|-weather|Snowscape|[upkeep]
|-heal|p2a: Zamazenta|83/100|[from] move: Wish|[wisher] Alomomola
|upkeep
|turn|19
|
|t:|1757934023
|switch|p2a: Darkrai|Darkrai|100/100
|switch|p1a: Slowking|Slowking-Galar, M|100/100
|
|-weather|Snowscape|[upkeep]
|upkeep
|turn|20
|
|t:|1757934043
|move|p2a: Darkrai|Knock Off|p1a: Slowking
|-supereffective|p1a: Slowking
|-damage|p1a: Slowking|40/100
|-enditem|p1a: Slowking|Heavy-Duty Boots|[from] move: Knock Off|[of] p2a: Darkrai
|move|p1a: Slowking|Sludge Bomb|p2a: Darkrai
|-damage|p2a: Darkrai|59/100
|
|-weather|none
|upkeep
|turn|21
|
|t:|1757934053
|switch|p1a: Great Tusk|Great Tusk|85/100
|-damage|p1a: Great Tusk|82/100|[from] Stealth Rock
|-damage|p1a: Great Tusk|70/100|[from] Spikes
|move|p2a: Darkrai|Dark Pulse|p1a: Great Tusk
|-resisted|p1a: Great Tusk
|-damage|p1a: Great Tusk|40/100
|
|upkeep
|turn|22
|
|t:|1757934065
|move|p2a: Darkrai|Ice Beam|p1a: Great Tusk
|-supereffective|p1a: Great Tusk
|-crit|p1a: Great Tusk
|-damage|p1a: Great Tusk|0 fnt
|faint|p1a: Great Tusk
|-end|p1a: Great Tusk|Protosynthesis|[silent]
|
|upkeep
|
|t:|1757934073
|switch|p1a: Arcanine|Arcanine-Hisui, M|100/100
|-damage|p1a: Arcanine|76/100|[from] Stealth Rock
|-damage|p1a: Arcanine|63/100|[from] Spikes
|turn|23
|
|t:|1757934087
|switch|p2a: Alomomola|Alomomola, M|71/100
|-terastallize|p1a: Arcanine|Fire
|move|p1a: Arcanine|Flare Blitz|p2a: Alomomola
|-resisted|p2a: Alomomola
|-damage|p2a: Alomomola|48/100
|-status|p2a: Alomomola|brn
|
|-damage|p2a: Alomomola|42/100 brn|[from] brn
|upkeep
|turn|24
|
|t:|1757934104
|switch|p1a: Kyurem|Kyurem|100/100
|-ability|p1a: Kyurem|Pressure
|switch|p2a: Zamazenta|Zamazenta|83/100
|
|upkeep
|turn|25
|
|t:|1757934128
|switch|p1a: Slowking|Slowking-Galar, M|73/100
|-damage|p1a: Slowking|61/100|[from] Stealth Rock
|-damage|p1a: Slowking|49/100|[from] Spikes
|move|p2a: Zamazenta|Close Combat|p1a: Slowking
|-resisted|p1a: Slowking
|-damage|p1a: Slowking|34/100
|-unboost|p2a: Zamazenta|def|1
|-unboost|p2a: Zamazenta|spd|1
|
|upkeep
|turn|26
|
|t:|1757934139
|move|p2a: Zamazenta|Crunch|p1a: Slowking
|-supereffective|p1a: Slowking
|-damage|p1a: Slowking|0 fnt
|faint|p1a: Slowking
|
|upkeep
|
|t:|1757934145
|switch|p1a: Farfi|Whimsicott, F|47/100
|-damage|p1a: Farfi|35/100|[from] Stealth Rock
|-damage|p1a: Farfi|23/100|[from] Spikes
|turn|27
|
|t:|1757934153
|switch|p2a: Alomomola|Alomomola, M|75/100 brn
|move|p1a: Farfi|Sunny Day|p1a: Farfi
|-weather|SunnyDay
|
|-weather|SunnyDay|[upkeep]
|-damage|p2a: Alomomola|69/100 brn|[from] brn
|upkeep
|turn|28
|
|t:|1757934159
|move|p1a: Farfi|Moonblast|p2a: Alomomola
|-damage|p2a: Alomomola|36/100 brn
|-unboost|p2a: Alomomola|spa|1
|move|p2a: Alomomola|Wish|p2a: Alomomola
|
|-weather|SunnyDay|[upkeep]
|-damage|p2a: Alomomola|30/100 brn|[from] brn
|upkeep
|turn|29
|
|t:|1757934183
|switch|p2a: Gliscor|Gliscor, M|100/100 tox
|move|p1a: Farfi|Moonblast|p2a: Gliscor
|-damage|p2a: Gliscor|71/100 tox
|
|-weather|SunnyDay|[upkeep]
|-heal|p2a: Gliscor|100/100 tox|[from] move: Wish|[wisher] Alomomola
|upkeep
|turn|30
|
|t:|1757934191
|move|p1a: Farfi|U-turn|p2a: Gliscor
|-resisted|p2a: Gliscor
|-damage|p2a: Gliscor|97/100 tox
|
|t:|1757934194
|switch|p1a: Kyurem|Kyurem|100/100|[from] U-turn
|-ability|p1a: Kyurem|Pressure
|move|p2a: Gliscor|Knock Off|p1a: Kyurem
|-damage|p1a: Kyurem|82/100
|-enditem|p1a: Kyurem|Heavy-Duty Boots|[from] move: Knock Off|[of] p2a: Gliscor
|
|-weather|SunnyDay|[upkeep]
|-heal|p2a: Gliscor|100/100 tox|[from] ability: Poison Heal
|upkeep
|turn|31
|
|t:|1757934207
|move|p2a: Gliscor|Protect|p2a: Gliscor
|-singleturn|p2a: Gliscor|Protect
|move|p1a: Kyurem|Freeze-Dry|p2a: Gliscor
|-activate|p2a: Gliscor|move: Protect
|
|-weather|SunnyDay|[upkeep]
|upkeep
|turn|32
|
|t:|1757934214
|switch|p2a: Zamazenta|Zamazenta|83/100
|move|p1a: Kyurem|Freeze-Dry|p2a: Zamazenta
|-crit|p2a: Zamazenta
|-damage|p2a: Zamazenta|33/100
|
|-weather|SunnyDay|[upkeep]
|upkeep
|turn|33
|
|t:|1757934224
|switch|p1a: Alomomola|Alomomola, F|67/100
|-damage|p1a: Alomomola|55/100|[from] Stealth Rock
|-damage|p1a: Alomomola|42/100|[from] Spikes
|move|p2a: Zamazenta|Close Combat|p1a: Alomomola
|-damage|p1a: Alomomola|1/100
|-unboost|p2a: Zamazenta|def|1
|-unboost|p2a: Zamazenta|spd|1
|-damage|p2a: Zamazenta|16/100|[from] item: Rocky Helmet|[of] p1a: Alomomola
|
|-weather|SunnyDay|[upkeep]
|upkeep
|turn|34
|
|t:|1757934235
|move|p2a: Zamazenta|Close Combat|p1a: Alomomola
|-damage|p1a: Alomomola|0 fnt
|-unboost|p2a: Zamazenta|def|1
|-unboost|p2a: Zamazenta|spd|1
|-damage|p2a: Zamazenta|0 fnt|[from] item: Rocky Helmet|[of] p1a: Alomomola
|faint|p1a: Alomomola
|faint|p2a: Zamazenta
|
|-weather|none
|upkeep
|
|t:|1757934293
|switch|p2a: Gliscor|Gliscor, M|100/100 tox
|switch|p1a: Arcanine|Arcanine-Hisui, M, tera:Fire|63/100
|-damage|p1a: Arcanine|39/100|[from] Stealth Rock
|-damage|p1a: Arcanine|26/100|[from] Spikes
|turn|35
|
|t:|1757934316
|move|p1a: Arcanine|Head Smash|p2a: Gliscor
|-damage|p2a: Gliscor|36/100 tox
|move|p2a: Gliscor|Spikes|p1a: Arcanine
|-sidestart|p1: Jirachi75|Spikes
|
|-heal|p2a: Gliscor|49/100 tox|[from] ability: Poison Heal
|upkeep
|turn|36
|
|t:|1757934323
|move|p2a: Gliscor|Protect|p2a: Gliscor
|-singleturn|p2a: Gliscor|Protect
|move|p1a: Arcanine|Head Smash|p2a: Gliscor
|-activate|p2a: Gliscor|move: Protect
|
|-heal|p2a: Gliscor|61/100 tox|[from] ability: Poison Heal
|upkeep
|turn|37
|
|t:|1757934376
|switch|p2a: Sinistcha|Sinistcha|65/100
|move|p1a: Arcanine|Head Smash|p2a: Sinistcha
|-damage|p2a: Sinistcha|14/100
|
|upkeep
|turn|38
|
|t:|1757934384
|move|p1a: Arcanine|Head Smash|p2a: Sinistcha
|-damage|p2a: Sinistcha|0 fnt
|faint|p2a: Sinistcha
|
|upkeep
|
|t:|1757934386
|switch|p2a: Darkrai|Darkrai|59/100
|turn|39
|
|t:|1757934391
|move|p1a: Arcanine|Head Smash|p2a: Darkrai
|-damage|p2a: Darkrai|0 fnt
|faint|p2a: Darkrai
|
|upkeep
|
|t:|1757934408
|switch|p2a: Alomomola|Alomomola, M|63/100 brn
|turn|40
|
|t:|1757934440
|move|p1a: Arcanine|Head Smash|p2a: Alomomola
|-damage|p2a: Alomomola|16/100 brn
|move|p2a: Alomomola|Wish|p2a: Alomomola
|
|-damage|p2a: Alomomola|10/100 brn|[from] brn
|upkeep
|turn|41
|
|t:|1757934447
|move|p2a: Alomomola|Protect|p2a: Alomomola
|-singleturn|p2a: Alomomola|Protect
|move|p1a: Arcanine|Head Smash|p2a: Alomomola
|-activate|p2a: Alomomola|move: Protect
|
|-heal|p2a: Alomomola|60/100 brn|[from] move: Wish|[wisher] Alomomola
|-damage|p2a: Alomomola|54/100 brn|[from] brn
|upkeep
|turn|42
|
|t:|1757934456
|move|p1a: Arcanine|Head Smash|p2a: Alomomola
|-damage|p2a: Alomomola|6/100 brn
|move|p2a: Alomomola|Flip Turn|p1a: Arcanine
|-supereffective|p1a: Arcanine
|-damage|p1a: Arcanine|7/100
|
|t:|1757934462
|switch|p2a: Gliscor|Gliscor, M|61/100 tox|[from] Flip Turn
|
|-heal|p2a: Gliscor|74/100 tox|[from] ability: Poison Heal
|upkeep
|turn|43
|
|t:|1757934467
|move|p2a: Gliscor|Protect|p2a: Gliscor
|-singleturn|p2a: Gliscor|Protect
|-activate|p1a: Arcanine|move: Struggle
|move|p1a: Arcanine|Struggle|p2a: Gliscor
|-activate|p2a: Gliscor|move: Protect
|
|-heal|p2a: Gliscor|86/100 tox|[from] ability: Poison Heal
|upkeep
|turn|44
|
|t:|1757934477
|-activate|p1a: Arcanine|move: Struggle
|move|p1a: Arcanine|Struggle|p2a: Gliscor
|-damage|p2a: Gliscor|73/100 tox
|-damage|p1a: Arcanine|0 fnt|[from] recoil
|faint|p1a: Arcanine
|move|p2a: Gliscor|Knock Off|p1: Arcanine|[notarget]
|-fail|p2a: Gliscor
|
|-heal|p2a: Gliscor|85/100 tox|[from] ability: Poison Heal
|upkeep
|
|t:|1757934486
|switch|p1a: Kyurem|Kyurem|82/100
|-damage|p1a: Kyurem|57/100|[from] Stealth Rock
|-damage|p1a: Kyurem|40/100|[from] Spikes
|-ability|p1a: Kyurem|Pressure
|turn|45
|
|t:|1757934521
|move|p2a: Gliscor|Protect|p2a: Gliscor
|-singleturn|p2a: Gliscor|Protect
|move|p1a: Kyurem|Freeze-Dry|p2a: Gliscor
|-activate|p2a: Gliscor|move: Protect
|
|-heal|p2a: Gliscor|98/100 tox|[from] ability: Poison Heal
|upkeep
|turn|46
|
|t:|1757934528
|move|p1a: Kyurem|Freeze-Dry|p2a: Gliscor
|-supereffective|p2a: Gliscor
|-damage|p2a: Gliscor|0 fnt
|faint|p2a: Gliscor
|
|upkeep
|
|t:|1757934533
|switch|p2a: Alomomola|Alomomola, M|39/100 brn
|turn|47
|-message|GermanDude5 forfeited.
|
|win|Jirachi75
|raw|Jirachi75's rating: 1378 &rarr; <strong>1401</strong><br />(+23 for winning)
|raw|GermanDude5's rating: 1438 &rarr; <strong>1415</strong><br />(-23 for losing)
|l|☆GermanDude5
|player|p2|
|l|☆Jirachi75
|player|p1|
