|j|☆sheility_elite
|j|☆jhonss
|t:|1757913738
|gametype|singles
|player|p1|sheility_elite|steven|1247
|player|p2|jhonss|volkner|1197
|gen|9
|tier|[Gen 9] OU
|rated|
|rule|HP Percentage Mod: HP is shown in percentages
|rule|Endless Battle Clause: Forcing endless battles is banned
|rule|Species Clause: Limit one of each Pokémon
|rule|OHKO Clause: OHKO moves are banned
|rule|Evasion Items Clause: Evasion items are banned
|rule|Evasion Moves Clause: Evasion moves are banned
|rule|Evasion Abilities Clause: Evasion abilities are banned
|rule|Sleep Moves Clause: Sleep-inducing moves are banned
|clearpoke
|poke|p1|Araquanid, F|
|poke|p1|Magmortar, M|
|poke|p1|Conkeldurr, F|
|poke|p1|Porygon2|
|poke|p1|Persian-Alola, F|
|poke|p1|Scream Tail|
|poke|p2|Walking Wake|
|poke|p2|Torkoal, F|
|poke|p2|Lilligant-Hisui, F|
|poke|p2|Thundurus, M|
|poke|p2|Gholdengo|
|poke|p2|Great Tusk|
|teampreview
|inactive|Battle timer is ON: inactive players will automatically lose when time's up. (requested by sheility_elite)
|
|t:|1757913750
|teamsize|p1|6
|teamsize|p2|6
|start
|switch|p1a: Persian|Persian-Alola, F|100/100
|switch|p2a: G0lduck|Gholdengo, shiny|100/100
|turn|1
|
|t:|1757913759
|move|p2a: G0lduck|Focus Blast|p1a: Persian
|-supereffective|p1a: Persian
|-damage|p1a: Persian|0 fnt
|faint|p1a: Persian
|
|upkeep
|
|t:|1757913764
|switch|p1a: Scream Tail|Scream Tail|100/100
|-enditem|p1a: Scream Tail|Booster Energy
|-activate|p1a: Scream Tail|ability: Protosynthesis|[fromitem]
|-start|p1a: Scream Tail|protosynthesisspe
|turn|2
|
|t:|1757913770
|switch|p2a: Torkoal|Torkoal, F|100/100
|-weather|SunnyDay|[from] ability: Drought|[of] p2a: Torkoal
|move|p1a: Scream Tail|Calm Mind|p1a: Scream Tail
|-boost|p1a: Scream Tail|spa|1
|-boost|p1a: Scream Tail|spd|1
|
|-weather|SunnyDay|[upkeep]
|upkeep
|turn|3
|
|t:|1757913778
|switch|p2a: G0lduck|Gholdengo, shiny|100/100
|move|p1a: Scream Tail|Boomburst|p2a: G0lduck
|-immune|p2a: G0lduck
|
|-weather|SunnyDay|[upkeep]
|upkeep
|turn|4
|
|t:|1757913784
|move|p1a: Scream Tail|Calm Mind|p1a: Scream Tail
|-boost|p1a: Scream Tail|spa|1
|-boost|p1a: Scream Tail|spd|1
|move|p2a: G0lduck|Make It Rain|p1a: Scream Tail
|-supereffective|p1a: Scream Tail
|-damage|p1a: Scream Tail|50/100
|-unboost|p2a: G0lduck|spa|1
|
|-weather|SunnyDay|[upkeep]
|upkeep
|turn|5
|
|t:|1757913789
|switch|p2a: Lilligant|Lilligant-Hisui, F, shiny|100/100
|move|p1a: Scream Tail|Wish|p1a: Scream Tail
|
|-weather|SunnyDay|[upkeep]
|upkeep
|turn|6
|
|t:|1757913795
|move|p2a: Lilligant|Solar Blade||[still]
|-prepare|p2a: Lilligant|Solar Blade
|-anim|p2a: Lilligant|Solar Blade|p1a: Scream Tail
|-damage|p1a: Scream Tail|0 fnt
|faint|p1a: Scream Tail
|-end|p1a: Scream Tail|Protosynthesis|[silent]
|-damage|p2a: Lilligant|91/100|[from] item: Life Orb
|
|-weather|SunnyDay|[upkeep]
|upkeep
|
|t:|1757913803
|switch|p1a: Porygon2|Porygon2|100/100
|-ability|p1a: Porygon2|Download|boost
|-boost|p1a: Porygon2|atk|1
|turn|7
|
|t:|1757913808
|move|p2a: Lilligant|Close Combat|p1a: Porygon2
|-supereffective|p1a: Porygon2
|-damage|p1a: Porygon2|4/100
|-unboost|p2a: Lilligant|def|1
|-unboost|p2a: Lilligant|spd|1
|-damage|p2a: Lilligant|81/100|[from] item: Life Orb
|move|p1a: Porygon2|Ice Beam|p2a: Lilligant
|-supereffective|p2a: Lilligant
|-damage|p2a: Lilligant|0 fnt
|faint|p2a: Lilligant
|
|-weather|SunnyDay|[upkeep]
|upkeep
|
|t:|1757913815
|switch|p2a: G0lduck|Gholdengo, shiny|100/100
|turn|8
|
|t:|1757913819
|move|p2a: G0lduck|Make It Rain|p1a: Porygon2
|-damage|p1a: Porygon2|0 fnt
|-unboost|p2a: G0lduck|spa|1
|faint|p1a: Porygon2
|
|-weather|SunnyDay|[upkeep]
|upkeep
|
|t:|1757913822
|switch|p1a: Magmortar|Magmortar, M|100/100
|turn|9
|
|t:|1757913825
|switch|p2a: Walking Wake|Walking Wake|100/100
|-activate|p2a: Walking Wake|ability: Protosynthesis
|-start|p2a: Walking Wake|protosynthesisspe
|move|p1a: Magmortar|Belly Drum|p1a: Magmortar
|-damage|p1a: Magmortar|50/100
|-setboost|p1a: Magmortar|atk|6|[from] move: Belly Drum
|-enditem|p1a: Magmortar|Sitrus Berry|[eat]
|-heal|p1a: Magmortar|75/100|[from] item: Sitrus Berry
|
|-weather|none
|-end|p2a: Walking Wake|Protosynthesis
|upkeep
|turn|10
|
|t:|1757913837
|-terastallize|p1a: Magmortar|Grass
|move|p2a: Walking Wake|Hydro Steam|p1a: Magmortar
|-resisted|p1a: Magmortar
|-damage|p1a: Magmortar|42/100
|move|p1a: Magmortar|Flame Charge|p2a: Walking Wake
|-resisted|p2a: Walking Wake
|-damage|p2a: Walking Wake|78/100
|-boost|p1a: Magmortar|spe|1
|
|upkeep
|turn|11
|
|t:|1757913844
|-end|p2a: Walking Wake|Protosynthesis|[silent]
|switch|p2a: Torkoal|Torkoal, F|100/100
|-weather|SunnyDay|[from] ability: Drought|[of] p2a: Torkoal
|move|p1a: Magmortar|Tera Blast|p2a: Torkoal|[anim] Tera Blast Grass
|-resisted|p2a: Torkoal
|-damage|p2a: Torkoal|64/100
|
|-weather|SunnyDay|[upkeep]
|upkeep
|turn|12
|
|t:|1757913851
|move|p1a: Magmortar|Flame Charge|p2a: Torkoal
|-resisted|p2a: Torkoal
|-damage|p2a: Torkoal|30/100
|-boost|p1a: Magmortar|spe|1
|move|p2a: Torkoal|Lava Plume|p1a: Magmortar
|-supereffective|p1a: Magmortar
|-damage|p1a: Magmortar|0 fnt
|faint|p1a: Magmortar
|
|-weather|SunnyDay|[upkeep]
|upkeep
|
|t:|1757913854
|switch|p1a: Conkeldurr|Conkeldurr, F|100/100
|turn|13
|
|t:|1757913861
|move|p1a: Conkeldurr|Dynamic Punch|p2a: Torkoal|[miss]
|-miss|p1a: Conkeldurr|p2a: Torkoal
|-enditem|p1a: Conkeldurr|Blunder Policy
|-boost|p1a: Conkeldurr|spe|2
|move|p2a: Torkoal|Stealth Rock|p1a: Conkeldurr
|-sidestart|p1: sheility_elite|move: Stealth Rock
|
|-weather|SunnyDay|[upkeep]
|upkeep
|turn|14
|
|t:|1757913872
|move|p1a: Conkeldurr|Bulk Up|p1a: Conkeldurr
|-boost|p1a: Conkeldurr|atk|1
|-boost|p1a: Conkeldurr|def|1
|move|p2a: Torkoal|Will-O-Wisp|p1a: Conkeldurr
|-status|p1a: Conkeldurr|brn
|
|-weather|SunnyDay|[upkeep]
|-damage|p1a: Conkeldurr|94/100 brn|[from] brn
|upkeep
|turn|15
|
|t:|1757913877
|move|p1a: Conkeldurr|Bulk Up|p1a: Conkeldurr
|-boost|p1a: Conkeldurr|atk|1
|-boost|p1a: Conkeldurr|def|1
|move|p2a: Torkoal|Lava Plume|p1a: Conkeldurr
|-damage|p1a: Conkeldurr|43/100 brn
|
|-weather|SunnyDay|[upkeep]
|-damage|p1a: Conkeldurr|37/100 brn|[from] brn
|upkeep
|turn|16
|
|t:|1757913885
|move|p1a: Conkeldurr|Dynamic Punch|p2a: Torkoal
|-damage|p2a: Torkoal|0 fnt
|faint|p2a: Torkoal
|
|-weather|SunnyDay|[upkeep]
|-damage|p1a: Conkeldurr|30/100 brn|[from] brn
|upkeep
|
|t:|1757913894
|switch|p2a: Walking Wake|Walking Wake|78/100
|-activate|p2a: Walking Wake|ability: Protosynthesis
|-start|p2a: Walking Wake|protosynthesisspe
|turn|17
|
|t:|1757913898
|move|p2a: Walking Wake|Dragon Pulse|p1a: Conkeldurr
|-damage|p1a: Conkeldurr|0 fnt
|faint|p1a: Conkeldurr
|
|-weather|SunnyDay|[upkeep]
|upkeep
|
|t:|1757913900
|switch|p1a: Araquanid|Araquanid, F|100/100
|-damage|p1a: Araquanid|75/100|[from] Stealth Rock
|turn|18
|
|t:|1757913905
|move|p2a: Walking Wake|Dragon Pulse|p1a: Araquanid
|-damage|p1a: Araquanid|22/100
|move|p1a: Araquanid|Mirror Coat|p2a: Walking Wake
|-damage|p2a: Walking Wake|0 fnt
|faint|p2a: Walking Wake
|-end|p2a: Walking Wake|Protosynthesis|[silent]
|
|-weather|none
|upkeep
|-message|sheility_elite forfeited.
|
|win|jhonss
|raw|sheility_elite's rating: 1247 &rarr; <strong>1218</strong><br />(-29 for losing)
|raw|jhonss's rating: 1197 &rarr; <strong>1226</strong><br />(+29 for winning)
|l|☆sheility_elite
|player|p1|
|l|☆jhonss
|player|p2|
