|j|☆nube4real
|j|☆Paindeathsad
|t:|1757915916
|gametype|singles
|player|p1|nube4real|red|1143
|player|p2|Paindeathsad|fisherman|1211
|gen|9
|tier|[Gen 9] OU
|rated|
|rule|HP Percentage Mod: HP is shown in percentages
|rule|Endless Battle Clause: Forcing endless battles is banned
|rule|Species Clause: Limit one of each Pokémon
|rule|OHKO Clause: OHKO moves are banned
|rule|Evasion Items Clause: Evasion items are banned
|rule|Evasion Moves Clause: Evasion moves are banned
|rule|Evasion Abilities Clause: Evasion abilities are banned
|rule|Sleep Moves Clause: Sleep-inducing moves are banned
|clearpoke
|poke|p1|Raging Bolt|
|poke|p1|Ninetales, M|
|poke|p1|Torkoal, F|
|poke|p1|Walking Wake|
|poke|p1|Hoopa-Unbound|
|poke|p1|Ursaluna, M|
|poke|p2|Emboar, F|
|poke|p2|Whimsicott, M|
|poke|p2|Kingambit, M|
|poke|p2|Tornadus-Therian, M|
|poke|p2|Great Tusk|
|poke|p2|Kyurem|
|teampreview
|
|t:|1757915928
|teamsize|p1|6
|teamsize|p2|6
|start
|switch|p1a: Ninetales|Ninetales, M|100/100
|switch|p2a: Whimsicott|Whimsicott, M|100/100
|-weather|SunnyDay|[from] ability: Drought|[of] p1a: Ninetales
|turn|1
|
|t:|1757915937
|move|p2a: Whimsicott|Tailwind|p2a: Whimsicott
|-sidestart|p2: Paindeathsad|move: Tailwind
|move|p1a: Ninetales|Overheat|p2a: Whimsicott
|-supereffective|p2a: Whimsicott
|-damage|p2a: Whimsicott|0 fnt
|-unboost|p1a: Ninetales|spa|2
|faint|p2a: Whimsicott
|
|-weather|SunnyDay|[upkeep]
|upkeep
|
|t:|1757915942
|switch|p2a: Emboar|Emboar, F|100/100
|turn|2
|
|t:|1757915954
|-terastallize|p2a: Emboar|Fire
|move|p2a: Emboar|Flare Blitz|p1a: Ninetales
|-resisted|p1a: Ninetales
|-damage|p1a: Ninetales|0 fnt
|faint|p1a: Ninetales
|-damage|p2a: Emboar|74/100|[from] Recoil
|
|-weather|SunnyDay|[upkeep]
|upkeep
|
|t:|1757915967
|switch|p1a: Hoopa|Hoopa-Unbound|100/100
|turn|3
|
|t:|1757915973
|move|p2a: Emboar|Flare Blitz|p1a: Hoopa
|-crit|p1a: Hoopa
|-damage|p1a: Hoopa|0 fnt
|faint|p1a: Hoopa
|-damage|p2a: Emboar|47/100|[from] Recoil
|
|-weather|SunnyDay|[upkeep]
|upkeep
|inactive|Battle timer is ON: inactive players will automatically lose when time's up. (requested by Paindeathsad)
|
|t:|1757915984
|switch|p1a: Raging Bolt|Raging Bolt|100/100
|-activate|p1a: Raging Bolt|ability: Protosynthesis
|-start|p1a: Raging Bolt|protosynthesisspa
|turn|4
|
|t:|1757915990
|move|p1a: Raging Bolt|Thunderclap|p2a: Emboar
|-damage|p2a: Emboar|0 fnt
|faint|p2a: Emboar
|
|-weather|SunnyDay|[upkeep]
|-sideend|p2: Paindeathsad|move: Tailwind
|upkeep
|
|t:|1757915996
|switch|p2a: Great Tusk|Great Tusk|100/100
|-activate|p2a: Great Tusk|ability: Protosynthesis
|-start|p2a: Great Tusk|protosynthesisatk
|turn|5
|
|t:|1757916004
|move|p2a: Great Tusk|Headlong Rush|p1a: Raging Bolt
|-supereffective|p1a: Raging Bolt
|-crit|p1a: Raging Bolt
|-damage|p1a: Raging Bolt|0 fnt
|-unboost|p2a: Great Tusk|def|1
|-unboost|p2a: Great Tusk|spd|1
|faint|p1a: Raging Bolt
|-end|p1a: Raging Bolt|Protosynthesis|[silent]
|
|-weather|SunnyDay|[upkeep]
|upkeep
|
|t:|1757916012
|switch|p1a: Walking Wake|Walking Wake|100/100
|-activate|p1a: Walking Wake|ability: Protosynthesis
|-start|p1a: Walking Wake|protosynthesisspe
|turn|6
|
|t:|1757916023
|-end|p2a: Great Tusk|Protosynthesis|[silent]
|switch|p2a: Kyurem|Kyurem|100/100
|-ability|p2a: Kyurem|Pressure
|move|p1a: Walking Wake|Hydro Steam|p2a: Kyurem
|-resisted|p2a: Kyurem
|-damage|p2a: Kyurem|79/100
|
|-weather|SunnyDay|[upkeep]
|upkeep
|turn|7
|
|t:|1757916036
|-terastallize|p1a: Walking Wake|Fairy
|move|p1a: Walking Wake|Weather Ball|p2a: Kyurem
|-damage|p2a: Kyurem|36/100
|move|p2a: Kyurem|Draco Meteor|p1a: Walking Wake
|-immune|p1a: Walking Wake
|
|-weather|SunnyDay|[upkeep]
|upkeep
|turn|8
|
|t:|1757916050
|switch|p2a: Tornadus|Tornadus-Therian, M|100/100
|move|p1a: Walking Wake|Draco Meteor|p2a: Tornadus
|-damage|p2a: Tornadus|43/100
|-unboost|p1a: Walking Wake|spa|2
|
|-weather|none
|-end|p1a: Walking Wake|Protosynthesis
|upkeep
|turn|9
|
|t:|1757916060
|-end|p1a: Walking Wake|Protosynthesis|[silent]
|switch|p1a: Torkoal|Torkoal, F|100/100
|-weather|SunnyDay|[from] ability: Drought|[of] p1a: Torkoal
|move|p2a: Tornadus|Tailwind|p2a: Tornadus
|-sidestart|p2: Paindeathsad|move: Tailwind
|
|-weather|SunnyDay|[upkeep]
|upkeep
|turn|10
|
|t:|1757916073
|switch|p2a: Great Tusk|Great Tusk|100/100
|-activate|p2a: Great Tusk|ability: Protosynthesis
|-start|p2a: Great Tusk|protosynthesisatk
|move|p1a: Torkoal|Iron Defense|p1a: Torkoal
|-boost|p1a: Torkoal|def|2
|
|-weather|SunnyDay|[upkeep]
|upkeep
|turn|11
|
|t:|1757916082
|move|p2a: Great Tusk|Rapid Spin|p1a: Torkoal
|-damage|p1a: Torkoal|94/100
|-boost|p2a: Great Tusk|spe|1
|move|p1a: Torkoal|Iron Defense|p1a: Torkoal
|-boost|p1a: Torkoal|def|2
|
|-weather|SunnyDay|[upkeep]
|upkeep
|turn|12
|
|t:|1757916092
|move|p2a: Great Tusk|Headlong Rush|p1a: Torkoal
|-supereffective|p1a: Torkoal
|-damage|p1a: Torkoal|64/100
|-unboost|p2a: Great Tusk|def|1
|-unboost|p2a: Great Tusk|spd|1
|move|p1a: Torkoal|Body Press|p2a: Great Tusk
|-damage|p2a: Great Tusk|0 fnt
|faint|p2a: Great Tusk
|-end|p2a: Great Tusk|Protosynthesis|[silent]
|
|-weather|SunnyDay|[upkeep]
|-sideend|p2: Paindeathsad|move: Tailwind
|upkeep
|
|t:|1757916100
|switch|p2a: Kyurem|Kyurem|36/100
|-ability|p2a: Kyurem|Pressure
|turn|13
|
|t:|1757916109
|move|p2a: Kyurem|Earth Power|p1a: Torkoal
|-supereffective|p1a: Torkoal
|-damage|p1a: Torkoal|0 fnt
|faint|p1a: Torkoal
|
|-weather|SunnyDay|[upkeep]
|upkeep
|
|t:|1757916115
|switch|p1a: Walking Wake|Walking Wake, tera:Fairy|100/100
|-activate|p1a: Walking Wake|ability: Protosynthesis
|-start|p1a: Walking Wake|protosynthesisspe
|turn|14
|
|t:|1757916123
|switch|p2a: Tornadus|Tornadus-Therian, M|76/100
|move|p1a: Walking Wake|Weather Ball|p2a: Tornadus
|-damage|p2a: Tornadus|36/100
|
|-weather|SunnyDay|[upkeep]
|upkeep
|turn|15
|
|t:|1757916133
|move|p1a: Walking Wake|Weather Ball|p2a: Tornadus
|-damage|p2a: Tornadus|0 fnt
|faint|p2a: Tornadus
|
|-weather|SunnyDay|[upkeep]
|upkeep
|
|t:|1757916141
|switch|p2a: Kyurem|Kyurem|36/100
|-ability|p2a: Kyurem|Pressure
|turn|16
|
|t:|1757916147
|move|p1a: Walking Wake|Weather Ball|p2a: Kyurem
|-crit|p2a: Kyurem
|-damage|p2a: Kyurem|0 fnt
|faint|p2a: Kyurem
|
|-weather|none
|-end|p1a: Walking Wake|Protosynthesis
|upkeep
|
|t:|1757916150
|switch|p2a: Kingambit|Kingambit, M|100/100
|-activate|p2a: Kingambit|ability: Supreme Overlord
|-start|p2a: Kingambit|fallen5|[silent]
|turn|17
|
|t:|1757916174
|move|p1a: Walking Wake|Noble Roar|p2a: Kingambit
|-unboost|p2a: Kingambit|atk|1
|-unboost|p2a: Kingambit|spa|1
|-enditem|p1a: Walking Wake|Throat Spray
|-boost|p1a: Walking Wake|spa|1|[from] item: Throat Spray
|move|p2a: Kingambit|Iron Head|p1a: Walking Wake
|-supereffective|p1a: Walking Wake
|-damage|p1a: Walking Wake|7/100
|
|upkeep
|turn|18
|
|t:|1757916186
|move|p1a: Walking Wake|Draco Meteor|p2a: Kingambit
|-resisted|p2a: Kingambit
|-damage|p2a: Kingambit|58/100
|-unboost|p1a: Walking Wake|spa|2
|move|p2a: Kingambit|Iron Head|p1a: Walking Wake
|-supereffective|p1a: Walking Wake
|-damage|p1a: Walking Wake|0 fnt
|faint|p1a: Walking Wake
|-end|p1a: Walking Wake|Protosynthesis|[silent]
|
|upkeep
|
|t:|1757916191
|switch|p1a: Ursaluna|Ursaluna, M, shiny|100/100
|turn|19
|
|t:|1757916199
|move|p2a: Kingambit|Kowtow Cleave|p1a: Ursaluna
|-damage|p1a: Ursaluna|65/100
|move|p1a: Ursaluna|Drain Punch|p2a: Kingambit
|-supereffective|p2a: Kingambit
|-damage|p2a: Kingambit|0 fnt
|-heal|p1a: Ursaluna|86/100|[from] drain|[of] p2a: Kingambit
|faint|p2a: Kingambit
|-end|p2a: Kingambit|fallen5|[silent]
|
|win|nube4real
|raw|nube4real's rating: 1143 &rarr; <strong>1173</strong><br />(+30 for winning)
|raw|Paindeathsad's rating: 1211 &rarr; <strong>1181</strong><br />(-30 for losing)
|l|☆Paindeathsad
|player|p2|
|c|☆nube4real|GG
|l|☆nube4real
|player|p1|
