|j|☆MAGAboominGOOCH
|j|☆l30_09
|t:|1757815773
|gametype|singles
|player|p1|MAGAboominGOOCH|supernerd|1097
|player|p2|l30_09|lucas-gen4pt|1102
|gen|9
|tier|[Gen 9] OU
|rated|
|rule|HP Percentage Mod: HP is shown in percentages
|rule|Endless Battle Clause: Forcing endless battles is banned
|rule|Species Clause: Limit one of each Pokémon
|rule|OHKO Clause: OHKO moves are banned
|rule|Evasion Items Clause: Evasion items are banned
|rule|Evasion Moves Clause: Evasion moves are banned
|rule|Evasion Abilities Clause: Evasion abilities are banned
|rule|Sleep Moves Clause: Sleep-inducing moves are banned
|clearpoke
|poke|p1|Mew|
|poke|p1|Krookodile, F|
|poke|p1|Infernape, F|
|poke|p1|Salazzle, F|
|poke|p1|Mismagius, M|
|poke|p1|Swampert, F|
|poke|p2|Quaquaval, M|
|poke|p2|Pawmot, M|
|poke|p2|Maushold|
|poke|p2|Tatsugiri-Droopy, M|
|poke|p2|Clodsire, M|
|poke|p2|Dachsbun, M|
|teampreview
|
|t:|1757815781
|teamsize|p1|6
|teamsize|p2|6
|start
|switch|p1a: Swampert|Swampert, F, shiny|100/100
|switch|p2a: Quaquaval|Quaquaval, M|100/100
|turn|1
|
|t:|1757815807
|move|p1a: Swampert|Outrage|p2a: Quaquaval
|-damage|p2a: Quaquaval|53/100
|move|p2a: Quaquaval|Ice Spinner|p1a: Swampert
|-damage|p1a: Swampert|65/100
|-damage|p2a: Quaquaval|43/100|[from] item: Life Orb
|
|upkeep
|turn|2
|
|t:|1757815815
|move|p1a: Swampert|Outrage|p2a: Quaquaval|[from] lockedmove
|-damage|p2a: Quaquaval|0 fnt
|faint|p2a: Quaquaval
|
|upkeep
|
|t:|1757815829
|switch|p2a: Tatsugiri|Tatsugiri-Droopy, M, shiny|100/100
|turn|3
|
|t:|1757815835
|-terastallize|p2a: Tatsugiri|Dragon
|move|p2a: Tatsugiri|Draco Meteor|p1a: Swampert
|-damage|p1a: Swampert|0 fnt
|-unboost|p2a: Tatsugiri|spa|2
|faint|p1a: Swampert
|
|upkeep
|
|t:|1757815848
|switch|p1a: Mew|Mew|100/100
|turn|4
|
|t:|1757815852
|-terastallize|p1a: Mew|Fairy
|move|p2a: Tatsugiri|Draco Meteor|p1a: Mew
|-immune|p1a: Mew
|move|p1a: Mew|Fire Spin|p2a: Tatsugiri
|-resisted|p2a: Tatsugiri
|-damage|p2a: Tatsugiri|95/100
|-activate|p2a: Tatsugiri|move: Fire Spin|[of] p1a: Mew
|
|-damage|p2a: Tatsugiri|82/100|[from] move: Fire Spin|[partiallytrapped]
|upkeep
|turn|5
|
|t:|1757815861
|move|p2a: Tatsugiri|Draco Meteor|p1a: Mew
|-immune|p1a: Mew
|move|p1a: Mew|Imprison|p1a: Mew
|-start|p1a: Mew|move: Imprison
|
|-damage|p2a: Tatsugiri|70/100|[from] move: Fire Spin|[partiallytrapped]
|upkeep
|turn|6
|
|t:|1757815865
|move|p2a: Tatsugiri|Draco Meteor|p1a: Mew
|-immune|p1a: Mew
|move|p1a: Mew|Transform|p2a: Tatsugiri
|-transform|p1a: Mew|p2a: Tatsugiri
|
|-damage|p2a: Tatsugiri|58/100|[from] move: Fire Spin|[partiallytrapped]
|upkeep
|turn|7
|
|t:|1757815874
|-activate|p2a: Tatsugiri|move: Struggle
|move|p2a: Tatsugiri|Struggle|p1a: Mew
|-damage|p1a: Mew|93/100
|-damage|p2a: Tatsugiri|33/100|[from] recoil
|move|p1a: Mew|Nasty Plot|p1a: Mew
|-boost|p1a: Mew|spa|2
|
|-heal|p1a: Mew|99/100|[from] item: Leftovers
|-damage|p2a: Tatsugiri|21/100|[from] move: Fire Spin|[partiallytrapped]
|upkeep
|turn|8
|
|t:|1757815890
|-activate|p2a: Tatsugiri|move: Struggle
|move|p2a: Tatsugiri|Struggle|p1a: Mew
|-damage|p1a: Mew|92/100
|-damage|p2a: Tatsugiri|0 fnt|[from] recoil
|faint|p2a: Tatsugiri
|move|p1a: Mew|Nasty Plot|p1a: Mew
|-boost|p1a: Mew|spa|2
|
|-heal|p1a: Mew|98/100|[from] item: Leftovers
|upkeep
|
|t:|1757815901
|switch|p2a: Clodsire|Clodsire, M|100/100
|turn|9
|
|t:|1757815914
|move|p1a: Mew|Surf|p2a: Clodsire
|-supereffective|p2a: Clodsire
|-damage|p2a: Clodsire|50/100
|move|p2a: Clodsire|Toxic|p1a: Mew
|-status|p1a: Mew|tox
|
|-heal|p1a: Mew|100/100 tox|[from] item: Leftovers
|-heal|p2a: Clodsire|56/100|[from] item: Leftovers
|-damage|p1a: Mew|94/100 tox|[from] psn
|upkeep
|turn|10
|
|t:|1757815932
|move|p1a: Mew|Surf|p2a: Clodsire
|-supereffective|p2a: Clodsire
|-damage|p2a: Clodsire|12/100
|move|p2a: Clodsire|Spikes|p1a: Mew
|-sidestart|p1: MAGAboominGOOCH|Spikes
|
|-heal|p1a: Mew|100/100 tox|[from] item: Leftovers
|-heal|p2a: Clodsire|18/100|[from] item: Leftovers
|-damage|p1a: Mew|88/100 tox|[from] psn
|upkeep
|turn|11
|
|t:|1757815946
|move|p1a: Mew|Surf|p2a: Clodsire
|-supereffective|p2a: Clodsire
|-damage|p2a: Clodsire|0 fnt
|faint|p2a: Clodsire
|
|-heal|p1a: Mew|94/100 tox|[from] item: Leftovers
|-damage|p1a: Mew|76/100 tox|[from] psn
|upkeep
|
|t:|1757815955
|switch|p2a: Pawmot|Pawmot, M|100/100
|turn|12
|
|t:|1757815969
|move|p2a: Pawmot|Double Shock|p1a: Mew
|-damage|p1a: Mew|0 fnt
|-start|p2a: Pawmot|typechange|???/Fighting|[from] move: Double Shock
|faint|p1a: Mew
|
|upkeep
|
|t:|1757815978
|switch|p1a: Salazzle|Salazzle, F|100/100
|-item|p1a: Salazzle|Air Balloon
|turn|13
|
|t:|1757815994
|move|p1a: Salazzle|Nasty Plot|p1a: Salazzle
|-boost|p1a: Salazzle|spa|2
|move|p2a: Pawmot|Revival Blessing|p2a: Pawmot
|
|t:|1757815999
|-heal|p2: Quaquaval|50/100|[from] move: Revival Blessing
|
|upkeep
|turn|14
|
|t:|1757816015
|move|p1a: Salazzle|Flamethrower|p2a: Pawmot
|-enditem|p2a: Pawmot|Focus Sash
|-damage|p2a: Pawmot|1/100
|move|p2a: Pawmot|Volt Switch|p1a: Salazzle
|-damage|p1a: Salazzle|79/100
|-enditem|p1a: Salazzle|Air Balloon
|
|t:|1757816028
|switch|p2a: Quaquaval|Quaquaval, M|50/100|[from] Volt Switch
|
|upkeep
|turn|15
|
|t:|1757816052
|move|p1a: Salazzle|Sludge Bomb|p2a: Quaquaval
|-damage|p2a: Quaquaval|0 fnt
|faint|p2a: Quaquaval
|
|upkeep
|
|t:|1757816057
|switch|p2a: Pawmot|Pawmot, M|1/100
|turn|16
|
|t:|1757816128
|move|p1a: Salazzle|Sludge Bomb|p2a: Pawmot
|-damage|p2a: Pawmot|0 fnt
|faint|p2a: Pawmot
|
|upkeep
|
|t:|1757816133
|switch|p2a: Maushold|Maushold|100/100
|turn|17
|
|t:|1757816164
|move|p1a: Salazzle|Flamethrower|p2a: Maushold
|-damage|p2a: Maushold|0 fnt
|faint|p2a: Maushold
|
|upkeep
|
|t:|1757816170
|switch|p2a: Dachsbun|Dachsbun, M|100/100
|turn|18
|-message|l30_09 forfeited.
|
|win|MAGAboominGOOCH
|raw|MAGAboominGOOCH's rating: 1097 &rarr; <strong>1123</strong><br />(+26 for winning)
|raw|l30_09's rating: 1102 &rarr; <strong>1077</strong><br />(-25 for losing)
|l|☆l30_09
|player|p2|
