|j|☆Flame67
|j|☆YaBoiDon
|t:|1757829434
|gametype|singles
|player|p1|Flame67|dragontamer|1399
|player|p2|YaBoiDon|2|1361
|gen|9
|tier|[Gen 9] OU
|rated|
|rule|HP Percentage Mod: HP is shown in percentages
|rule|Endless Battle Clause: Forcing endless battles is banned
|rule|Species Clause: Limit one of each Pokémon
|rule|OHKO Clause: OHKO moves are banned
|rule|Evasion Items Clause: Evasion items are banned
|rule|Evasion Moves Clause: Evasion moves are banned
|rule|Evasion Abilities Clause: Evasion abilities are banned
|rule|Sleep Moves Clause: Sleep-inducing moves are banned
|clearpoke
|poke|p1|Araquanid, M|
|poke|p1|Gholdengo|
|poke|p1|Great Tusk|
|poke|p1|Ogerpon-Wellspring, F|
|poke|p1|Ceruledge, F|
|poke|p1|Raging Bolt|
|poke|p2|Chesnaught, M|
|poke|p2|Goodra, M|
|poke|p2|Greninja-*, M|
|poke|p2|Avalugg, M|
|poke|p2|Malamar, M|
|poke|p2|Clawitzer, M|
|teampreview
|inactive|Battle timer is ON: inactive players will automatically lose when time's up. (requested by Flame67)
|
|t:|1757829464
|teamsize|p1|6
|teamsize|p2|6
|start
|switch|p1a: Araquanid|Araquanid, M|100/100
|switch|p2a: Chesnaught|Chesnaught, M, shiny|100/100
|turn|1
|
|t:|1757829467
|move|p2a: Chesnaught|Leech Seed|p1a: Araquanid
|-start|p1a: Araquanid|move: Leech Seed
|move|p1a: Araquanid|Sticky Web|p2a: Chesnaught
|-sidestart|p2: YaBoiDon|move: Sticky Web
|
|-damage|p1a: Araquanid|88/100|[from] Leech Seed|[of] p2a: Chesnaught
|upkeep
|turn|2
|
|t:|1757829475
|switch|p1a: Ceruledge|Ceruledge, F|100/100
|move|p2a: Chesnaught|Knock Off|p1a: Ceruledge
|-supereffective|p1a: Ceruledge
|-damage|p1a: Ceruledge|31/100
|-enditem|p1a: Ceruledge|Covert Cloak|[from] move: Knock Off|[of] p2a: Chesnaught
|
|upkeep
|turn|3
|
|t:|1757829481
|move|p2a: Chesnaught|Spiky Shield|p2a: Chesnaught
|-singleturn|p2a: Chesnaught|move: Protect
|move|p1a: Ceruledge|Bitter Blade|p2a: Chesnaught
|-activate|p2a: Chesnaught|move: Protect
|-damage|p1a: Ceruledge|19/100|[from] Spiky Shield|[of] p2a: Chesnaught
|
|upkeep
|turn|4
|
|t:|1757829493
|move|p1a: Ceruledge|Bitter Blade|p2a: Chesnaught
|-supereffective|p2a: Chesnaught
|-damage|p2a: Chesnaught|48/100
|-heal|p1a: Ceruledge|53/100|[from] drain|[of] p2a: Chesnaught
|move|p2a: Chesnaught|Knock Off|p1a: Ceruledge
|-supereffective|p1a: Ceruledge
|-damage|p1a: Ceruledge|7/100
|
|-heal|p2a: Chesnaught|54/100|[from] item: Leftovers
|upkeep
|turn|5
|
|t:|1757829507
|move|p1a: Ceruledge|Bitter Blade|p2a: Chesnaught
|-supereffective|p2a: Chesnaught
|-damage|p2a: Chesnaught|1/100
|-heal|p1a: Ceruledge|41/100|[from] drain|[of] p2a: Chesnaught
|move|p2a: Chesnaught|Leech Seed|p1a: Ceruledge
|-start|p1a: Ceruledge|move: Leech Seed
|
|-heal|p2a: Chesnaught|7/100|[from] item: Leftovers
|-damage|p1a: Ceruledge|29/100|[from] Leech Seed|[of] p2a: Chesnaught
|-heal|p2a: Chesnaught|17/100|[silent]
|upkeep
|turn|6
|
|t:|1757829518
|move|p2a: Chesnaught|Spiky Shield|p2a: Chesnaught
|-singleturn|p2a: Chesnaught|move: Protect
|move|p1a: Ceruledge|Taunt|p2a: Chesnaught
|-activate|p2a: Chesnaught|move: Protect
|
|-heal|p2a: Chesnaught|23/100|[from] item: Leftovers
|-damage|p1a: Ceruledge|17/100|[from] Leech Seed|[of] p2a: Chesnaught
|-heal|p2a: Chesnaught|32/100|[silent]
|upkeep
|turn|7
|inactive|YaBoiDon has 120 seconds left.
|
|t:|1757829551
|switch|p2a: Goodra|Goodra, M|100/100
|-activate|p2a: Goodra|move: Sticky Web
|-unboost|p2a: Goodra|spe|1
|move|p1a: Ceruledge|Bitter Blade|p2a: Goodra
|-resisted|p2a: Goodra
|-damage|p2a: Goodra|71/100
|-heal|p1a: Ceruledge|36/100|[from] drain|[of] p2a: Goodra
|
|-damage|p1a: Ceruledge|24/100|[from] Leech Seed|[of] p2a: Goodra
|-heal|p2a: Goodra|80/100|[silent]
|upkeep
|turn|8
|
|t:|1757829565
|switch|p1a: Araquanid|Araquanid, M|88/100
|move|p2a: Goodra|Surf|p1a: Araquanid
|-resisted|p1a: Araquanid
|-damage|p1a: Araquanid|76/100
|
|upkeep
|turn|9
|
|t:|1757829571
|move|p2a: Goodra|Dragon Pulse|p1a: Araquanid
|-damage|p1a: Araquanid|39/100
|move|p1a: Araquanid|Mirror Coat|p2a: Goodra
|-damage|p2a: Goodra|16/100
|
|upkeep
|turn|10
|inactive|YaBoiDon has 120 seconds left.
|
|t:|1757829597
|move|p2a: Goodra|Dragon Pulse|p1a: Araquanid
|-damage|p1a: Araquanid|7/100
|move|p1a: Araquanid|Endeavor|p2a: Goodra
|-damage|p2a: Goodra|6/100
|
|upkeep
|turn|11
|inactive|YaBoiDon has 120 seconds left.
|-enditem|p1a: Araquanid|Custap Berry|[eat]
|-activate|p1a: Araquanid|item: Custap Berry|[consumed]
|
|t:|1757829608
|move|p1a: Araquanid|Surf|p2a: Goodra
|-resisted|p2a: Goodra
|-damage|p2a: Goodra|0 fnt
|faint|p2a: Goodra
|
|upkeep
|
|t:|1757829616
|switch|p2a: Malamar|Malamar, M|100/100
|-activate|p2a: Malamar|move: Sticky Web
|-boost|p2a: Malamar|spe|1
|turn|12
|
|t:|1757829624
|switch|p1a: Ceruledge|Ceruledge, F|24/100
|move|p2a: Malamar|Superpower|p1a: Ceruledge
|-immune|p1a: Ceruledge
|
|upkeep
|turn|13
|
|t:|1757829633
|move|p1a: Ceruledge|Shadow Sneak|p2a: Malamar
|-damage|p2a: Malamar|81/100
|move|p2a: Malamar|Knock Off|p1a: Ceruledge
|-supereffective|p1a: Ceruledge
|-damage|p1a: Ceruledge|0 fnt
|faint|p1a: Ceruledge
|
|upkeep
|
|t:|1757829652
|switch|p1a: Raging Bolt|Raging Bolt|100/100
|-enditem|p1a: Raging Bolt|Booster Energy
|-activate|p1a: Raging Bolt|ability: Protosynthesis|[fromitem]
|-start|p1a: Raging Bolt|protosynthesisspa
|turn|14
|
|t:|1757829666
|move|p2a: Malamar|Superpower|p1a: Raging Bolt
|-damage|p1a: Raging Bolt|75/100
|-boost|p2a: Malamar|atk|1
|-boost|p2a: Malamar|def|1
|move|p1a: Raging Bolt|Thunderbolt|p2a: Malamar
|-damage|p2a: Malamar|29/100
|
|upkeep
|turn|15
|
|t:|1757829672
|move|p1a: Raging Bolt|Thunderclap||[still]
|-fail|p1a: Raging Bolt
|move|p2a: Malamar|Rest|p2a: Malamar
|-status|p2a: Malamar|slp|[from] move: Rest
|-heal|p2a: Malamar|100/100 slp|[silent]
|-enditem|p2a: Malamar|Chesto Berry|[eat]
|-curestatus|p2a: Malamar|slp|[msg]
|
|upkeep
|turn|16
|
|t:|1757829680
|move|p2a: Malamar|Superpower|p1a: Raging Bolt
|-damage|p1a: Raging Bolt|40/100
|-boost|p2a: Malamar|atk|1
|-boost|p2a: Malamar|def|1
|move|p1a: Raging Bolt|Thunderbolt|p2a: Malamar
|-damage|p2a: Malamar|45/100
|
|upkeep
|turn|17
|
|t:|1757829690
|-terastallize|p1a: Raging Bolt|Electric
|move|p1a: Raging Bolt|Thunderclap|p2a: Malamar
|-damage|p2a: Malamar|0 fnt
|faint|p2a: Malamar
|
|upkeep
|
|t:|1757829719
|switch|p2a: Avalugg|Avalugg, M|100/100
|turn|18
|
|t:|1757829723
|move|p1a: Raging Bolt|Thunderbolt|p2a: Avalugg
|-ability|p2a: Avalugg|Sturdy
|-damage|p2a: Avalugg|1/100
|move|p2a: Avalugg|Rapid Spin|p1a: Raging Bolt
|-damage|p1a: Raging Bolt|28/100
|-boost|p2a: Avalugg|spe|1
|-sideend|p2: YaBoiDon|Sticky Web|[from] move: Rapid Spin|[of] p2a: Avalugg
|
|upkeep
|turn|19
|
|t:|1757829731
|move|p1a: Raging Bolt|Dragon Pulse|p2a: Avalugg
|-damage|p2a: Avalugg|0 fnt
|faint|p2a: Avalugg
|
|upkeep
|
|t:|1757829733
|switch|p2a: Greninja|Greninja, M|100/100
|turn|20
|
|t:|1757829739
|move|p2a: Greninja|Water Shuriken|p1a: Raging Bolt
|-damage|p1a: Raging Bolt|18/100
|-damage|p1a: Raging Bolt|8/100
|-damage|p1a: Raging Bolt|0 fnt
|faint|p1a: Raging Bolt
|-end|p1a: Raging Bolt|Protosynthesis|[silent]
|-ability|p2a: Greninja|Battle Bond|boost
|-boost|p2a: Greninja|atk|1
|-boost|p2a: Greninja|spa|1
|-boost|p2a: Greninja|spe|1
|-activate|p2a: Greninja|ability: Battle Bond
|-hitcount|p1: Raging Bolt|3
|-damage|p2a: Greninja|91/100|[from] item: Life Orb
|
|upkeep
|
|t:|1757829747
|switch|p1a: Ogerpon|Ogerpon-Wellspring, F|100/100
|turn|21
|
|t:|1757829753
|-terastallize|p2a: Greninja|Poison
|move|p2a: Greninja|Sludge Wave|p1a: Ogerpon
|-supereffective|p1a: Ogerpon
|-damage|p1a: Ogerpon|0 fnt
|faint|p1a: Ogerpon
|-damage|p2a: Greninja|81/100|[from] item: Life Orb
|
|upkeep
|
|t:|1757829761
|switch|p1a: Great Tusk|Great Tusk|100/100
|-enditem|p1a: Great Tusk|Booster Energy
|-activate|p1a: Great Tusk|ability: Protosynthesis|[fromitem]
|-start|p1a: Great Tusk|protosynthesisatk
|turn|22
|
|t:|1757829764
|move|p2a: Greninja|Surf|p1a: Great Tusk
|-supereffective|p1a: Great Tusk
|-damage|p1a: Great Tusk|0 fnt
|faint|p1a: Great Tusk
|-end|p1a: Great Tusk|Protosynthesis|[silent]
|-damage|p2a: Greninja|71/100|[from] item: Life Orb
|
|upkeep
|
|t:|1757829767
|switch|p1a: Gholdengo|Gholdengo|100/100
|turn|23
|
|t:|1757829771
|move|p2a: Greninja|Dark Pulse|p1a: Gholdengo
|-supereffective|p1a: Gholdengo
|-damage|p1a: Gholdengo|0 fnt
|faint|p1a: Gholdengo
|-damage|p2a: Greninja|61/100|[from] item: Life Orb
|
|upkeep
|-message|Flame67 forfeited.
|
|win|YaBoiDon
|raw|Flame67's rating: 1399 &rarr; <strong>1377</strong><br />(-22 for losing)
|raw|YaBoiDon's rating: 1361 &rarr; <strong>1383</strong><br />(+22 for winning)
|l|☆Flame67
|player|p1|
|l|☆YaBoiDon
|player|p2|
