|j|☆15cleaner
|j|☆ekengir
|t:|1757920769
|gametype|singles
|player|p1|15cleaner|2|1040
|player|p2|ekengir|lucas|1045
|gen|9
|tier|[Gen 9] OU
|rated|
|rule|HP Percentage Mod: HP is shown in percentages
|rule|Endless Battle Clause: Forcing endless battles is banned
|rule|Species Clause: Limit one of each Pokémon
|rule|OHKO Clause: OHKO moves are banned
|rule|Evasion Items Clause: Evasion items are banned
|rule|Evasion Moves Clause: Evasion moves are banned
|rule|Evasion Abilities Clause: Evasion abilities are banned
|rule|Sleep Moves Clause: Sleep-inducing moves are banned
|clearpoke
|poke|p1|Scizor, F|
|poke|p1|Lokix, M|
|poke|p1|Kleavor, M|
|poke|p1|Frosmoth, F|
|poke|p1|Illumise, F|
|poke|p1|Slither Wing|
|poke|p2|Kleavor, F|
|poke|p2|Samurott-Hisui, F|
|poke|p2|Muk-Alola, M|
|poke|p2|Rillaboom, M|
|poke|p2|Glimmora, F|
|poke|p2|Slowking-Galar, M|
|teampreview
|inactive|Battle timer is ON: inactive players will automatically lose when time's up. (requested by ekengir)
|
|t:|1757920776
|teamsize|p1|6
|teamsize|p2|6
|start
|switch|p1a: Illumise|Illumise, F|100/100
|switch|p2a: Kleavor|Kleavor, F|100/100
|turn|1
|
|t:|1757920783
|move|p1a: Illumise|Thunder Wave|p2a: Kleavor
|-status|p2a: Kleavor|par
|cant|p2a: Kleavor|par
|
|upkeep
|turn|2
|
|t:|1757920790
|move|p1a: Illumise|Light Screen|p1a: Illumise
|-sidestart|p1: 15cleaner|move: Light Screen
|move|p2a: Kleavor|Stone Axe|p1a: Illumise
|-supereffective|p1a: Illumise
|-enditem|p1a: Illumise|Focus Sash
|-damage|p1a: Illumise|1/100
|-sidestart|p1: 15cleaner|move: Stealth Rock
|
|upkeep
|turn|3
|
|t:|1757920798
|switch|p2a: Glimmora|Glimmora, F|100/100
|move|p1a: Illumise|Endeavor|p2a: Glimmora
|-damage|p2a: Glimmora|1/100
|-activate|p2a: Glimmora|ability: Toxic Debris
|-sidestart|p1: 15cleaner|move: Toxic Spikes
|
|-heal|p2a: Glimmora|7/100|[from] item: Leftovers
|upkeep
|turn|4
|
|t:|1757920814
|move|p1a: Illumise|Thunder Wave|p2a: Glimmora
|-status|p2a: Glimmora|par
|move|p2a: Glimmora|Mortal Spin|p1a: Illumise
|-damage|p1a: Illumise|0 fnt
|faint|p1a: Illumise
|
|-heal|p2a: Glimmora|13/100 par|[from] item: Leftovers
|upkeep
|
|t:|1757920828
|switch|p1a: Slither Wing|Slither Wing|100/100
|-damage|p1a: Slither Wing|88/100|[from] Stealth Rock
|-status|p1a: Slither Wing|psn
|-enditem|p1a: Slither Wing|Booster Energy
|-activate|p1a: Slither Wing|ability: Protosynthesis|[fromitem]
|-start|p1a: Slither Wing|protosynthesisatk
|turn|5
|
|t:|1757920835
|move|p1a: Slither Wing|First Impression|p2a: Glimmora
|-resisted|p2a: Glimmora
|-damage|p2a: Glimmora|0 fnt
|-activate|p2a: Glimmora|ability: Toxic Debris
|-sidestart|p1: 15cleaner|move: Toxic Spikes
|faint|p2a: Glimmora
|
|-damage|p1a: Slither Wing|75/100 psn|[from] psn
|upkeep
|
|t:|1757920846
|switch|p2a: Slowking|Slowking-Galar, M|100/100
|turn|6
|
|t:|1757920867
|move|p1a: Slither Wing|U-turn|p2a: Slowking
|-damage|p2a: Slowking|63/100
|
|t:|1757920870
|-end|p1a: Slither Wing|Protosynthesis|[silent]
|switch|p1a: Scizor|Scizor, F|100/100|[from] U-turn
|-damage|p1a: Scizor|88/100|[from] Stealth Rock
|move|p2a: Slowking|Flamethrower|p1a: Scizor
|-supereffective|p1a: Scizor
|-damage|p1a: Scizor|27/100
|
|-heal|p2a: Slowking|69/100|[from] item: Leftovers
|-sideend|p1: 15cleaner|move: Light Screen
|upkeep
|turn|7
|
|t:|1757920886
|move|p1a: Scizor|Bullet Punch|p2a: Slowking
|-damage|p2a: Slowking|43/100
|move|p2a: Slowking|Flamethrower|p1a: Scizor
|-supereffective|p1a: Scizor
|-damage|p1a: Scizor|0 fnt
|faint|p1a: Scizor
|
|-heal|p2a: Slowking|49/100|[from] item: Leftovers
|upkeep
|
|t:|1757920894
|switch|p1a: Lokix|Lokix, M|100/100
|-damage|p1a: Lokix|75/100|[from] Stealth Rock
|-status|p1a: Lokix|tox
|turn|8
|
|t:|1757920900
|switch|p2a: Kleavor|Kleavor, F|100/100 par
|-terastallize|p1a: Lokix|Bug
|move|p1a: Lokix|First Impression|p2a: Kleavor
|-damage|p2a: Kleavor|0 fnt
|faint|p2a: Kleavor
|-damage|p1a: Lokix|66/100 tox|[from] item: Life Orb
|
|-damage|p1a: Lokix|60/100 tox|[from] psn
|upkeep
|
|t:|1757920916
|switch|p2a: Slowking|Slowking-Galar, M|83/100
|turn|9
|
|t:|1757920928
|-terastallize|p2a: Slowking|Poison
|move|p1a: Lokix|U-turn|p2a: Slowking
|-resisted|p2a: Slowking
|-damage|p2a: Slowking|42/100
|-damage|p1a: Lokix|50/100 tox|[from] item: Life Orb
|
|t:|1757920946
|switch|p1a: Frosmoth|Frosmoth, F|100/100|[from] U-turn
|move|p2a: Slowking|Flamethrower|p1a: Frosmoth
|-supereffective|p1a: Frosmoth
|-damage|p1a: Frosmoth|40/100
|
|-heal|p2a: Slowking|48/100|[from] item: Leftovers
|upkeep
|turn|10
|
|t:|1757920958
|move|p1a: Frosmoth|Ice Beam|p2a: Slowking
|-damage|p2a: Slowking|10/100
|move|p2a: Slowking|Flamethrower|p1a: Frosmoth
|-supereffective|p1a: Frosmoth
|-damage|p1a: Frosmoth|0 fnt
|faint|p1a: Frosmoth
|
|-heal|p2a: Slowking|16/100|[from] item: Leftovers
|upkeep
|
|t:|1757920966
|switch|p1a: Slither Wing|Slither Wing|75/100 psn
|-damage|p1a: Slither Wing|63/100 psn|[from] Stealth Rock
|turn|11
|
|t:|1757920973
|switch|p2a: Muk|Muk-Alola, M|100/100
|move|p1a: Slither Wing|First Impression|p2a: Muk
|-damage|p2a: Muk|47/100
|
|-damage|p1a: Slither Wing|50/100 psn|[from] psn
|upkeep
|turn|12
|
|t:|1757920983
|move|p2a: Muk|Shadow Sneak|p1a: Slither Wing
|-damage|p1a: Slither Wing|38/100 psn
|move|p1a: Slither Wing|Close Combat|p2a: Muk
|-damage|p2a: Muk|0 fnt
|-unboost|p1a: Slither Wing|def|1
|-unboost|p1a: Slither Wing|spd|1
|faint|p2a: Muk
|
|-damage|p1a: Slither Wing|25/100 psn|[from] psn
|upkeep
|
|t:|1757920992
|switch|p2a: Rillaboom|Rillaboom, M|100/100
|-fieldstart|move: Grassy Terrain|[from] ability: Grassy Surge|[of] p2a: Rillaboom
|turn|13
|
|t:|1757921001
|move|p2a: Rillaboom|Fake Out|p1a: Slither Wing
|-damage|p1a: Slither Wing|0 fnt
|faint|p1a: Slither Wing
|-end|p1a: Slither Wing|Protosynthesis|[silent]
|
|upkeep
|
|t:|1757921007
|switch|p1a: Lokix|Lokix, M, tera:Bug|50/100 tox
|-damage|p1a: Lokix|25/100 tox|[from] Stealth Rock
|turn|14
|
|t:|1757921012
|move|p1a: Lokix|First Impression|p2a: Rillaboom
|-supereffective|p2a: Rillaboom
|-damage|p2a: Rillaboom|0 fnt
|faint|p2a: Rillaboom
|-damage|p1a: Lokix|15/100 tox|[from] item: Life Orb
|
|-heal|p1a: Lokix|21/100 tox|[from] Grassy Terrain
|-damage|p1a: Lokix|15/100 tox|[from] psn
|upkeep
|
|t:|1757921023
|switch|p2a: Slowking|Slowking-Galar, M, tera:Poison|49/100
|turn|15
|
|t:|1757921036
|move|p1a: Lokix|Knock Off|p2a: Slowking
|-damage|p2a: Slowking|6/100
|-enditem|p2a: Slowking|Leftovers|[from] move: Knock Off|[of] p1a: Lokix
|-damage|p1a: Lokix|5/100 tox|[from] item: Life Orb
|move|p2a: Slowking|Future Sight|p1a: Lokix
|-start|p2a: Slowking|move: Future Sight
|
|-heal|p1a: Lokix|11/100 tox|[from] Grassy Terrain
|-heal|p2a: Slowking|12/100|[from] Grassy Terrain
|-damage|p1a: Lokix|0 fnt|[from] psn
|faint|p1a: Lokix
|upkeep
|
|t:|1757921045
|switch|p1a: Kleavor|Kleavor, M|100/100
|-damage|p1a: Kleavor|76/100|[from] Stealth Rock
|-status|p1a: Kleavor|tox
|turn|16
|
|t:|1757921052
|move|p1a: Kleavor|X-Scissor|p2a: Slowking
|-resisted|p2a: Slowking
|-damage|p2a: Slowking|0 fnt
|faint|p2a: Slowking
|
|-heal|p1a: Kleavor|82/100 tox|[from] Grassy Terrain
|-damage|p1a: Kleavor|76/100 tox|[from] psn
|upkeep
|
|t:|1757921062
|switch|p2a: Samurott|Samurott-Hisui, F|100/100
|turn|17
|
|t:|1757921067
|move|p2a: Samurott|Sucker Punch|p1a: Kleavor
|-damage|p1a: Kleavor|30/100 tox
|move|p1a: Kleavor|X-Scissor|p2a: Samurott
|-supereffective|p2a: Samurott
|-damage|p2a: Samurott|0 fnt
|faint|p2a: Samurott
|
|win|15cleaner
|raw|15cleaner's rating: 1040 &rarr; <strong>1074</strong><br />(+34 for winning)
|raw|ekengir's rating: 1045 &rarr; <strong>1028</strong><br />(-17 for losing)
|l|☆ekengir
|player|p2|
