|j|☆tcloud
|j|☆TheDeivi9
|t:|1757949452
|gametype|singles
|player|p1|tcloud|fisherman-gen4|1462
|player|p2|TheDeivi9|2|1409
|gen|9
|tier|[Gen 9] OU
|rated|
|rule|HP Percentage Mod: HP is shown in percentages
|rule|Endless Battle Clause: Forcing endless battles is banned
|rule|Species Clause: Limit one of each Pokémon
|rule|OHKO Clause: OHKO moves are banned
|rule|Evasion Items Clause: Evasion items are banned
|rule|Evasion Moves Clause: Evasion moves are banned
|rule|Evasion Abilities Clause: Evasion abilities are banned
|rule|Sleep Moves Clause: Sleep-inducing moves are banned
|clearpoke
|poke|p1|Rillaboom, F|
|poke|p1|Ogerpon-Wellspring, F|
|poke|p1|Magnezone|
|poke|p1|Clodsire, F|
|poke|p1|Talonflame, M|
|poke|p1|Meowscarada, F|
|poke|p2|Gliscor, F|
|poke|p2|Politoed, F|
|poke|p2|Darkrai|
|poke|p2|Infernape, F|
|poke|p2|Forretress, F|
|poke|p2|Cresselia, F|
|teampreview
|
|t:|1757949499
|teamsize|p1|6
|teamsize|p2|6
|start
|switch|p1a: Ogerpon|Ogerpon-Wellspring, F|100/100
|switch|p2a: Darkrai|Darkrai|100/100
|turn|1
|
|t:|1757949505
|-terastallize|p2a: Darkrai|Poison
|move|p2a: Darkrai|Sludge Bomb|p1a: Ogerpon
|-supereffective|p1a: Ogerpon
|-damage|p1a: Ogerpon|0 fnt
|faint|p1a: Ogerpon
|
|upkeep
|
|t:|1757949510
|switch|p1a: Clodsire|Clodsire, F|100/100
|turn|2
|inactive|Battle timer is ON: inactive players will automatically lose when time's up. (requested by tcloud)
|
|t:|1757949556
|switch|p2a: Gliscor|Gliscor, F|100/100
|move|p1a: Clodsire|Stealth Rock|p2a: Gliscor
|-sidestart|p2: TheDeivi9|move: Stealth Rock
|
|-status|p2a: Gliscor|tox|[from] item: Toxic Orb
|upkeep
|turn|3
|
|t:|1757949561
|switch|p1a: Rillaboom|Rillaboom, F|100/100
|-fieldstart|move: Grassy Terrain|[from] ability: Grassy Surge|[of] p1a: Rillaboom
|move|p2a: Gliscor|Substitute|p2a: Gliscor
|-start|p2a: Gliscor|Substitute
|-damage|p2a: Gliscor|76/100 tox
|
|-heal|p2a: Gliscor|88/100 tox|[from] ability: Poison Heal
|upkeep
|turn|4
|inactive|TheDeivi9 has 120 seconds left.
|
|t:|1757949595
|move|p1a: Rillaboom|Wood Hammer|p2a: Gliscor
|-end|p2a: Gliscor|Substitute
|-damage|p1a: Rillaboom|92/100|[from] Recoil|[of] p2a: Gliscor
|move|p2a: Gliscor|Toxic|p1a: Rillaboom
|-status|p1a: Rillaboom|tox
|
|-heal|p1a: Rillaboom|99/100 tox|[from] Grassy Terrain
|-damage|p1a: Rillaboom|92/100 tox|[from] psn
|-heal|p2a: Gliscor|100/100 tox|[from] ability: Poison Heal
|upkeep
|turn|5
|
|t:|1757949601
|move|p1a: Rillaboom|Wood Hammer|p2a: Gliscor
|-damage|p2a: Gliscor|4/100 tox
|-damage|p1a: Rillaboom|61/100 tox|[from] Recoil
|move|p2a: Gliscor|Substitute|p2a: Gliscor
|-fail|p2a: Gliscor|move: Substitute|[weak]
|
|-heal|p1a: Rillaboom|67/100 tox|[from] Grassy Terrain
|-damage|p1a: Rillaboom|55/100 tox|[from] psn
|-heal|p2a: Gliscor|16/100 tox|[from] ability: Poison Heal
|upkeep
|turn|6
|
|t:|1757949604
|move|p2a: Gliscor|Protect|p2a: Gliscor
|-singleturn|p2a: Gliscor|Protect
|move|p1a: Rillaboom|Wood Hammer|p2a: Gliscor
|-activate|p2a: Gliscor|move: Protect
|
|-heal|p1a: Rillaboom|61/100 tox|[from] Grassy Terrain
|-damage|p1a: Rillaboom|42/100 tox|[from] psn
|-heal|p2a: Gliscor|29/100 tox|[from] ability: Poison Heal
|upkeep
|turn|7
|
|t:|1757949607
|switch|p2a: Forretress|Forretress, F, shiny|100/100
|-damage|p2a: Forretress|88/100|[from] Stealth Rock
|move|p1a: Rillaboom|Wood Hammer|p2a: Forretress
|-resisted|p2a: Forretress
|-damage|p2a: Forretress|66/100
|-damage|p1a: Rillaboom|35/100 tox|[from] Recoil
|
|-heal|p1a: Rillaboom|41/100 tox|[from] Grassy Terrain
|-heal|p2a: Forretress|72/100|[from] Grassy Terrain
|-damage|p1a: Rillaboom|16/100 tox|[from] psn
|-fieldend|move: Grassy Terrain
|upkeep
|turn|8
|
|t:|1757949612
|switch|p1a: Magnezone|Magnezone|100/100
|move|p2a: Forretress|Rapid Spin|p1a: Magnezone
|-resisted|p1a: Magnezone
|-damage|p1a: Magnezone|93/100
|-boost|p2a: Forretress|spe|1
|-sideend|p2: TheDeivi9|Stealth Rock|[from] move: Rapid Spin|[of] p2a: Forretress
|
|upkeep
|turn|9
|
|t:|1757949615
|move|p1a: Magnezone|Thunderbolt|p2a: Forretress
|-damage|p2a: Forretress|0 fnt
|faint|p2a: Forretress
|
|upkeep
|
|t:|1757949623
|switch|p2a: Gliscor|Gliscor, F|29/100 tox
|turn|10
|
|t:|1757949627
|switch|p1a: Talonflame|Talonflame, M|100/100
|move|p2a: Gliscor|Substitute|p2a: Gliscor
|-start|p2a: Gliscor|Substitute
|-damage|p2a: Gliscor|4/100 tox
|
|-heal|p2a: Gliscor|16/100 tox|[from] ability: Poison Heal
|upkeep
|turn|11
|
|t:|1757949631
|move|p1a: Talonflame|Flare Blitz|p2a: Gliscor
|-activate|p2a: Gliscor|move: Substitute|[damage]
|-damage|p1a: Talonflame|93/100|[from] Recoil|[of] p2a: Gliscor
|move|p2a: Gliscor|Toxic|p1a: Talonflame
|-status|p1a: Talonflame|tox
|
|-damage|p1a: Talonflame|87/100 tox|[from] psn
|-heal|p2a: Gliscor|29/100 tox|[from] ability: Poison Heal
|upkeep
|turn|12
|
|t:|1757949634
|move|p2a: Gliscor|Protect|p2a: Gliscor
|-singleturn|p2a: Gliscor|Protect
|move|p1a: Talonflame|U-turn|p2a: Gliscor
|-activate|p2a: Gliscor|move: Protect
|
|-damage|p1a: Talonflame|75/100 tox|[from] psn
|-heal|p2a: Gliscor|41/100 tox|[from] ability: Poison Heal
|upkeep
|turn|13
|
|t:|1757949638
|move|p1a: Talonflame|U-turn|p2a: Gliscor
|-resisted|p2a: Gliscor
|-end|p2a: Gliscor|Substitute
|
|t:|1757949641
|switch|p1a: Magnezone|Magnezone|93/100|[from] U-turn
|move|p2a: Gliscor|Earthquake|p1a: Magnezone
|-supereffective|p1a: Magnezone
|-damage|p1a: Magnezone|0 fnt
|faint|p1a: Magnezone
|
|-heal|p2a: Gliscor|54/100 tox|[from] ability: Poison Heal
|upkeep
|
|t:|1757949646
|switch|p1a: Rillaboom|Rillaboom, F|16/100 tox
|-fieldstart|move: Grassy Terrain|[from] ability: Grassy Surge|[of] p1a: Rillaboom
|turn|14
|
|t:|1757949648
|move|p2a: Gliscor|Protect|p2a: Gliscor
|-singleturn|p2a: Gliscor|Protect
|move|p1a: Rillaboom|Grassy Glide|p2a: Gliscor
|-activate|p2a: Gliscor|move: Protect
|
|-heal|p1a: Rillaboom|23/100 tox|[from] Grassy Terrain
|-damage|p1a: Rillaboom|16/100 tox|[from] psn
|-heal|p2a: Gliscor|66/100 tox|[from] ability: Poison Heal
|upkeep
|turn|15
|
|t:|1757949656
|switch|p2a: Infernape|Infernape, F|100/100
|move|p1a: Rillaboom|Grassy Glide|p2a: Infernape
|-resisted|p2a: Infernape
|-damage|p2a: Infernape|53/100
|
|-heal|p2a: Infernape|60/100|[from] Grassy Terrain
|-heal|p1a: Rillaboom|23/100 tox|[from] Grassy Terrain
|-damage|p1a: Rillaboom|10/100 tox|[from] psn
|upkeep
|turn|16
|
|t:|1757949658
|move|p2a: Infernape|Mach Punch|p1a: Rillaboom
|-damage|p1a: Rillaboom|0 fnt
|faint|p1a: Rillaboom
|-damage|p2a: Infernape|50/100|[from] item: Life Orb
|
|-heal|p2a: Infernape|56/100|[from] Grassy Terrain
|upkeep
|
|t:|1757949662
|switch|p1a: Clodsire|Clodsire, F|100/100
|turn|17
|
|t:|1757949666
|move|p2a: Infernape|Will-O-Wisp|p1a: Clodsire
|-status|p1a: Clodsire|brn
|move|p1a: Clodsire|Stealth Rock|p2a: Infernape
|-sidestart|p2: TheDeivi9|move: Stealth Rock
|
|-heal|p2a: Infernape|62/100|[from] Grassy Terrain
|-damage|p1a: Clodsire|94/100 brn|[from] brn
|upkeep
|turn|18
|
|t:|1757949668
|move|p2a: Infernape|Flare Blitz|p1a: Clodsire
|-damage|p1a: Clodsire|10/100 brn
|-damage|p2a: Infernape|18/100|[from] Recoil
|-damage|p2a: Infernape|8/100|[from] item: Life Orb
|move|p1a: Clodsire|Toxic|p2a: Infernape
|-status|p2a: Infernape|tox
|
|-heal|p2a: Infernape|14/100 tox|[from] Grassy Terrain
|-heal|p1a: Clodsire|16/100 brn|[from] Grassy Terrain
|-heal|p1a: Clodsire|23/100 brn|[from] item: Leftovers
|-damage|p2a: Infernape|8/100 tox|[from] psn
|-damage|p1a: Clodsire|16/100 brn|[from] brn
|-fieldend|move: Grassy Terrain
|upkeep
|turn|19
|
|t:|1757949672
|move|p2a: Infernape|Flare Blitz|p1a: Clodsire
|-damage|p1a: Clodsire|0 fnt
|faint|p1a: Clodsire
|-damage|p2a: Infernape|0 fnt|[from] Recoil
|faint|p2a: Infernape
|
|upkeep
|
|t:|1757949681
|switch|p2a: Gliscor|Gliscor, F|66/100 tox
|switch|p1a: Meowscarada|Meowscarada, F|100/100
|-damage|p2a: Gliscor|54/100 tox|[from] Stealth Rock
|turn|20
|
|t:|1757949684
|move|p2a: Gliscor|Protect|p2a: Gliscor
|-singleturn|p2a: Gliscor|Protect
|move|p1a: Meowscarada|Flower Trick|p2a: Gliscor
|-start|p1a: Meowscarada|typechange|Grass|[from] ability: Protean
|-activate|p2a: Gliscor|move: Protect
|
|-heal|p2a: Gliscor|66/100 tox|[from] ability: Poison Heal
|upkeep
|turn|21
|
|t:|1757949689
|move|p1a: Meowscarada|Flower Trick|p2a: Gliscor
|-crit|p2a: Gliscor
|-damage|p2a: Gliscor|30/100 tox
|move|p2a: Gliscor|Toxic|p1a: Meowscarada
|-status|p1a: Meowscarada|tox
|
|-damage|p1a: Meowscarada|94/100 tox|[from] psn
|-heal|p2a: Gliscor|42/100 tox|[from] ability: Poison Heal
|upkeep
|turn|22
|-message|tcloud forfeited.
|
|win|TheDeivi9
|raw|tcloud's rating: 1462 &rarr; <strong>1439</strong><br />(-23 for losing)
|raw|TheDeivi9's rating: 1409 &rarr; <strong>1432</strong><br />(+23 for winning)
|l|☆tcloud
|player|p1|
|l|☆TheDeivi9
|player|p2|
