|j|☆ratonsuelo
|j|‽denixal
|t:|1757873057
|gametype|singles
|player|p1|ratonsuelo|102|1100
|player|p2|denixal|1|1000
|gen|9
|tier|[Gen 9] OU
|rated|
|rule|HP Percentage Mod: HP is shown in percentages
|rule|Endless Battle Clause: Forcing endless battles is banned
|rule|Species Clause: Limit one of each Pokémon
|rule|OHKO Clause: OHKO moves are banned
|rule|Evasion Items Clause: Evasion items are banned
|rule|Evasion Moves Clause: Evasion moves are banned
|rule|Evasion Abilities Clause: Evasion abilities are banned
|rule|Sleep Moves Clause: Sleep-inducing moves are banned
|clearpoke
|poke|p1|Floatzel, M|
|poke|p1|Raging Bolt|
|poke|p1|Pelipper, M|
|poke|p1|Ogerpon-Wellspring, F|
|poke|p1|Kingambit, M|
|poke|p1|Weezing-Galar, M|
|poke|p2|Garganacl, F|
|poke|p2|Dragapult, M|
|poke|p2|Landorus-Therian, M|
|poke|p2|Pecharunt|
|poke|p2|Walking Wake|
|poke|p2|Glimmora, F|
|teampreview
|inactive|Battle timer is ON: inactive players will automatically lose when time's up. (requested by ratonsuelo)
|
|t:|1757873067
|teamsize|p1|6
|teamsize|p2|6
|start
|switch|p1a: Abascal|Ogerpon-Wellspring, F|100/100
|switch|p2a: Walking Wake|Walking Wake|100/100
|-enditem|p2a: Walking Wake|Booster Energy
|-activate|p2a: Walking Wake|ability: Protosynthesis|[fromitem]
|-start|p2a: Walking Wake|protosynthesisspa
|turn|1
|
|t:|1757873079
|switch|p1a: Este es de podemos|Weezing-Galar, M|100/100
|-ability|p1a: Este es de podemos|Neutralizing Gas
|move|p2a: Walking Wake|Draco Meteor|p1a: Este es de podemos
|-immune|p1a: Este es de podemos
|
|upkeep
|turn|2
|
|t:|1757873090
|-end|p2a: Walking Wake|Protosynthesis|[silent]
|switch|p2a: Garganacl|Garganacl, F|100/100
|move|p1a: Este es de podemos|Strange Steam|p2a: Garganacl
|-damage|p2a: Garganacl|75/100
|
|-heal|p2a: Garganacl|81/100|[from] item: Leftovers
|upkeep
|turn|3
|
|t:|1757873101
|-end|p1a: Este es de podemos|ability: Neutralizing Gas
|switch|p1a: Rajoi|Raging Bolt|100/100
|move|p2a: Garganacl|Iron Defense|p2a: Garganacl
|-boost|p2a: Garganacl|def|2
|
|-heal|p2a: Garganacl|87/100|[from] item: Leftovers
|upkeep
|turn|4
|
|t:|1757873111
|move|p1a: Rajoi|Draco Meteor|p2a: Garganacl|[miss]
|-miss|p1a: Rajoi|p2a: Garganacl
|move|p2a: Garganacl|Iron Defense|p2a: Garganacl
|-boost|p2a: Garganacl|def|2
|
|-heal|p2a: Garganacl|94/100|[from] item: Leftovers
|upkeep
|turn|5
|
|t:|1757873124
|move|p1a: Rajoi|Draco Meteor|p2a: Garganacl
|-damage|p2a: Garganacl|24/100
|-unboost|p1a: Rajoi|spa|2
|move|p2a: Garganacl|Iron Defense|p2a: Garganacl
|-boost|p2a: Garganacl|def|2
|
|-heal|p2a: Garganacl|30/100|[from] item: Leftovers
|upkeep
|turn|6
|
|t:|1757873135
|-end|p1a: Rajoi|Protosynthesis|[silent]
|switch|p1a: Bertrand Ndongo|Pelipper, M|100/100
|-weather|RainDance|[from] ability: Drizzle|[of] p1a: Bertrand Ndongo
|move|p2a: Garganacl|Recover|p2a: Garganacl
|-heal|p2a: Garganacl|80/100
|
|-weather|RainDance|[upkeep]
|-heal|p2a: Garganacl|86/100|[from] item: Leftovers
|upkeep
|turn|7
|
|t:|1757873145
|move|p1a: Bertrand Ndongo|Weather Ball|p2a: Garganacl
|-supereffective|p2a: Garganacl
|-damage|p2a: Garganacl|0 fnt
|faint|p2a: Garganacl
|
|-weather|RainDance|[upkeep]
|upkeep
|
|t:|1757873154
|switch|p2a: Walking Wake|Walking Wake|100/100
|turn|8
|
|t:|1757873157
|switch|p1a: Este es de podemos|Weezing-Galar, M|100/100
|-ability|p1a: Este es de podemos|Neutralizing Gas
|move|p2a: Walking Wake|Draco Meteor|p1a: Este es de podemos
|-immune|p1a: Este es de podemos
|
|-weather|RainDance|[upkeep]
|upkeep
|turn|9
|
|t:|1757873166
|-end|p1a: Este es de podemos|ability: Neutralizing Gas
|switch|p1a: Abascal|Ogerpon-Wellspring, F|100/100
|move|p2a: Walking Wake|Hydro Pump|p1a: Abascal
|-immune|p1a: Abascal|[from] ability: Water Absorb
|
|-weather|RainDance|[upkeep]
|upkeep
|turn|10
|
|t:|1757873179
|move|p1a: Abascal|Horn Leech|p2a: Walking Wake
|-damage|p2a: Walking Wake|56/100
|move|p2a: Walking Wake|Draco Meteor|p1a: Abascal
|-damage|p1a: Abascal|15/100
|-unboost|p2a: Walking Wake|spa|2
|
|-weather|RainDance|[upkeep]
|upkeep
|turn|11
|
|t:|1757873194
|-end|p2a: Walking Wake|Protosynthesis|[silent]
|switch|p2a: Dragapult|Dragapult, M, shiny|100/100
|-terastallize|p1a: Abascal|Water
|detailschange|p1a: Abascal|Ogerpon-Wellspring-Tera, F, tera:Water
|-ability|p1a: Abascal|Embody Aspect (Wellspring)|boost
|-boost|p1a: Abascal|spd|1
|move|p1a: Abascal|Horn Leech|p2a: Dragapult
|-resisted|p2a: Dragapult
|-crit|p2a: Dragapult
|-damage|p2a: Dragapult|57/100
|-heal|p1a: Abascal|38/100|[from] drain|[of] p2a: Dragapult
|
|-weather|RainDance|[upkeep]
|upkeep
|turn|12
|
|t:|1757873211
|switch|p1a: Este es de podemos|Weezing-Galar, M|100/100
|-ability|p1a: Este es de podemos|Neutralizing Gas
|move|p2a: Dragapult|Sucker Punch||[still]
|-fail|p2a: Dragapult
|
|-weather|RainDance|[upkeep]
|upkeep
|turn|13
|
|t:|1757873214
|move|p2a: Dragapult|Dragon Darts|p1a: Este es de podemos
|-immune|p1a: Este es de podemos
|move|p1a: Este es de podemos|Strange Steam|p2a: Dragapult
|-supereffective|p2a: Dragapult
|-damage|p2a: Dragapult|0 fnt
|faint|p2a: Dragapult
|
|-weather|none
|upkeep
|-message|denixal forfeited.
|
|win|ratonsuelo
|raw|ratonsuelo's rating: 1100 &rarr; <strong>1118</strong><br />(+18 for winning)
|raw|denixal's rating: 1000 &rarr; <strong>1000</strong><br />(+0 for losing)
|l|‽denixal
|player|p2|
