|j|☆PISSjumper
|j|☆iwannabeeeee
|t:|1757826199
|gametype|singles
|player|p1|PISSjumper|gentleman-gen4|1181
|player|p2|iwannabeeeee|backers|1164
|gen|9
|tier|[Gen 9] OU
|rated|
|rule|HP Percentage Mod: HP is shown in percentages
|rule|Endless Battle Clause: Forcing endless battles is banned
|rule|Species Clause: Limit one of each Pokémon
|rule|OHKO Clause: OHKO moves are banned
|rule|Evasion Items Clause: Evasion items are banned
|rule|Evasion Moves Clause: Evasion moves are banned
|rule|Evasion Abilities Clause: Evasion abilities are banned
|rule|Sleep Moves Clause: Sleep-inducing moves are banned
|clearpoke
|poke|p1|Venusaur, F|
|poke|p1|Ninetales, F|
|poke|p1|Kyurem|
|poke|p1|Minior-Indigo|
|poke|p1|Zapdos|
|poke|p1|Gengar, F|
|poke|p2|Raging Bolt|
|poke|p2|Gholdengo|
|poke|p2|Great Tusk|
|poke|p2|Alomomola, M|
|poke|p2|Dragonite, F|
|poke|p2|Garganacl, M|
|teampreview
|inactive|Battle timer is ON: inactive players will automatically lose when time's up. (requested by PISSjumper)
|c|☆PISSjumper|dude
|c|☆PISSjumper|f u
|
|t:|1757826221
|teamsize|p1|6
|teamsize|p2|6
|start
|switch|p1a: Fox News|Minior-Indigo, shiny|100/100
|switch|p2a: Great Tusk|Great Tusk|100/100
|-formechange|p1a: Fox News|Minior-Meteor||[from] ability: Shields Down
|turn|1
|inactive|iwannabeeeee has 120 seconds left.
|
|t:|1757826251
|move|p2a: Great Tusk|Knock Off|p1a: Fox News
|-damage|p1a: Fox News|52/100
|-enditem|p1a: Fox News|White Herb|[from] move: Knock Off|[of] p2a: Great Tusk
|move|p1a: Fox News|Shell Smash|p1a: Fox News
|-unboost|p1a: Fox News|def|1
|-unboost|p1a: Fox News|spd|1
|-boost|p1a: Fox News|atk|2
|-boost|p1a: Fox News|spa|2
|-boost|p1a: Fox News|spe|2
|
|upkeep
|turn|2
|c|☆PISSjumper|hurry
|inactive|iwannabeeeee has 120 seconds left.
|c|☆PISSjumper|HURRY
|inactive|iwannabeeeee has 90 seconds left.
|
|t:|1757826292
|-end|p2a: Great Tusk|Protosynthesis|[silent]
|switch|p2a: Gholdengo|Gholdengo|100/100
|-terastallize|p1a: Fox News|Grass
|move|p1a: Fox News|Tera Blast|p2a: Gholdengo|[anim] Tera Blast Grass
|-resisted|p2a: Gholdengo
|-damage|p2a: Gholdengo|70/100
|
|upkeep
|turn|3
|inactive|iwannabeeeee has 90 seconds left.
|
|t:|1757826304
|move|p2a: Gholdengo|Shadow Ball|p1a: Fox News
|-damage|p1a: Fox News|0 fnt
|faint|p1a: Fox News
|
|upkeep
|c|☆PISSjumper|WTF
|c|☆PISSjumper|WTF
|c|☆PISSjumper|howd you outspeed me
|
|t:|1757826321
|switch|p1a: Melania|Ninetales, F, shiny|100/100
|-weather|SunnyDay|[from] ability: Drought|[of] p1a: Melania
|turn|4
|
|t:|1757826327
|switch|p2a: Alomomola|Alomomola, M|100/100
|move|p1a: Melania|Flamethrower|p2a: Alomomola
|-resisted|p2a: Alomomola
|-damage|p2a: Alomomola|81/100
|
|-weather|SunnyDay|[upkeep]
|upkeep
|turn|5
|
|t:|1757826341
|switch|p1a: Donald Trump|Venusaur, F|100/100
|move|p2a: Alomomola|Wish|p2a: Alomomola
|
|-weather|SunnyDay|[upkeep]
|upkeep
|turn|6
|
|t:|1757826356
|switch|p2a: Garganacl|Garganacl, M|100/100
|move|p1a: Donald Trump|Growth|p1a: Donald Trump
|-boost|p1a: Donald Trump|atk|2
|-boost|p1a: Donald Trump|spa|2
|
|-weather|SunnyDay|[upkeep]
|upkeep
|turn|7
|
|t:|1757826370
|-terastallize|p2a: Garganacl|Fairy
|move|p1a: Donald Trump|Earth Power|p2a: Garganacl
|-damage|p2a: Garganacl|53/100
|-damage|p1a: Donald Trump|91/100|[from] item: Life Orb
|move|p2a: Garganacl|Salt Cure|p1a: Donald Trump
|-damage|p1a: Donald Trump|73/100
|-start|p1a: Donald Trump|Salt Cure
|
|-weather|SunnyDay|[upkeep]
|-heal|p2a: Garganacl|59/100|[from] item: Leftovers
|-damage|p1a: Donald Trump|60/100|[from] Salt Cure
|upkeep
|turn|8
|c|☆PISSjumper|fuck salt cure
|n|!PISSjumper|pissjumper
|
|t:|1757826391
|move|p2a: Garganacl|Protect|p2a: Garganacl
|-singleturn|p2a: Garganacl|Protect
|move|p1a: Donald Trump|Giga Drain|p2a: Garganacl
|-activate|p2a: Garganacl|move: Protect
|
|-weather|SunnyDay|[upkeep]
|-heal|p2a: Garganacl|66/100|[from] item: Leftovers
|-damage|p1a: Donald Trump|48/100|[from] Salt Cure
|upkeep
|turn|9
|
|t:|1757826403
|switch|p2a: Dragonite|Dragonite, F|100/100
|move|p1a: Donald Trump|Giga Drain|p2a: Dragonite
|-resisted|p2a: Dragonite
|-damage|p2a: Dragonite|89/100
|-heal|p1a: Donald Trump|54/100|[from] drain|[of] p2a: Dragonite
|-damage|p1a: Donald Trump|44/100|[from] item: Life Orb
|
|-weather|SunnyDay|[upkeep]
|-damage|p1a: Donald Trump|32/100|[from] Salt Cure
|upkeep
|turn|10
|
|t:|1757826414
|move|p2a: Dragonite|Extreme Speed|p1a: Donald Trump
|-damage|p1a: Donald Trump|0 fnt
|faint|p1a: Donald Trump
|
|-weather|SunnyDay|[upkeep]
|upkeep
|
|t:|1757826420
|switch|p1a: Phallus|Kyurem|100/100
|-ability|p1a: Phallus|Pressure
|turn|11
|
|t:|1757826433
|switch|p2a: Garganacl|Garganacl, M, tera:Fairy|66/100
|move|p1a: Phallus|Draco Meteor|p2a: Garganacl
|-immune|p2a: Garganacl
|
|-weather|none
|-heal|p2a: Garganacl|72/100|[from] item: Leftovers
|upkeep
|turn|12
|inactive|PISSjumper has 120 seconds left.
|
|t:|1757826476
|move|p2a: Garganacl|Salt Cure|p1a: Phallus
|-supereffective|p1a: Phallus
|-damage|p1a: Phallus|74/100
|-start|p1a: Phallus|Salt Cure
|move|p1a: Phallus|Roar|p2a: Garganacl
|drag|p2a: Great Tusk|Great Tusk|100/100
|
|-damage|p1a: Phallus|61/100|[from] Salt Cure
|upkeep
|turn|13
|inactive|iwannabeeeee has 90 seconds left.
|
|t:|1757826512
|switch|p1a: Melania|Ninetales, F, shiny|100/100
|-weather|SunnyDay|[from] ability: Drought|[of] p1a: Melania
|-activate|p2a: Great Tusk|ability: Protosynthesis
|-start|p2a: Great Tusk|protosynthesisatk
|-end|p2a: Great Tusk|Protosynthesis|[silent]
|switch|p2a: Garganacl|Garganacl, M, tera:Fairy|72/100
|
|-weather|SunnyDay|[upkeep]
|-heal|p2a: Garganacl|78/100|[from] item: Leftovers
|upkeep
|turn|14
|inactive|iwannabeeeee has 90 seconds left.
|
|t:|1757826539
|move|p1a: Melania|Will-O-Wisp|p2a: Garganacl
|-immune|p2a: Garganacl|[from] ability: Purifying Salt
|move|p2a: Garganacl|Salt Cure|p1a: Melania
|-supereffective|p1a: Melania
|-crit|p1a: Melania
|-damage|p1a: Melania|50/100
|-start|p1a: Melania|Salt Cure
|
|-weather|SunnyDay|[upkeep]
|-heal|p2a: Garganacl|84/100|[from] item: Leftovers
|-damage|p1a: Melania|38/100|[from] Salt Cure
|upkeep
|turn|15
|inactive|iwannabeeeee has 90 seconds left.
|inactive|PISSjumper has 90 seconds left.
|-message|PISSjumper forfeited.
|
|win|iwannabeeeee
|raw|PISSjumper's rating: 1181 &rarr; <strong>1155</strong><br />(-26 for losing)
|raw|iwannabeeeee's rating: 1164 &rarr; <strong>1190</strong><br />(+26 for winning)
|l|☆iwannabeeeee
|player|p2|
|n|☆PISSjumper|pissjumper
