|j|☆sevenighter
|j|‽Junkilo
|t:|1757913864
|gametype|singles
|player|p1|sevenighter|dawn-gen4pt|1162
|player|p2|Junkilo|102|1080
|gen|9
|tier|[Gen 9] OU
|rated|
|rule|HP Percentage Mod: HP is shown in percentages
|rule|Endless Battle Clause: Forcing endless battles is banned
|rule|Species Clause: Limit one of each Pokémon
|rule|OHKO Clause: OHKO moves are banned
|rule|Evasion Items Clause: Evasion items are banned
|rule|Evasion Moves Clause: Evasion moves are banned
|rule|Evasion Abilities Clause: Evasion abilities are banned
|rule|Sleep Moves Clause: Sleep-inducing moves are banned
|clearpoke
|poke|p1|Tyranitar, F|
|poke|p1|Gholdengo|
|poke|p1|Zamazenta-*|
|poke|p1|Greninja-*, F|
|poke|p1|Garchomp, F|
|poke|p1|Corviknight, F|
|poke|p2|Poliwrath, M|
|poke|p2|Pelipper, M|
|poke|p2|Raichu, M|
|poke|p2|Politoed, M|
|poke|p2|Ludicolo, M|
|poke|p2|Basculegion-F, F|
|teampreview
|inactive|Battle timer is ON: inactive players will automatically lose when time's up. (requested by sevenighter)
|
|t:|1757913877
|teamsize|p1|6
|teamsize|p2|6
|start
|switch|p1a: Tyranitar|Tyranitar, F|100/100
|switch|p2a: Poliwrath|Poliwrath, M|100/100
|-weather|Sandstorm|[from] ability: Sand Stream|[of] p1a: Tyranitar
|turn|1
|
|t:|1757913888
|switch|p2a: Pelipper|Pelipper, M|100/100
|-weather|RainDance|[from] ability: Drizzle|[of] p2a: Pelipper
|switch|p1a: Corviknight|Corviknight, F|100/100
|
|-weather|RainDance|[upkeep]
|upkeep
|turn|2
|
|t:|1757913897
|switch|p1a: Tyranitar|Tyranitar, F|100/100
|-weather|Sandstorm|[from] ability: Sand Stream|[of] p1a: Tyranitar
|move|p2a: Pelipper|U-turn|p1a: Tyranitar
|-supereffective|p1a: Tyranitar
|-damage|p1a: Tyranitar|87/100
|
|t:|1757913900
|switch|p2a: Politoed|Politoed, M|100/100|[from] U-turn
|-weather|RainDance|[from] ability: Drizzle|[of] p2a: Politoed
|
|-weather|RainDance|[upkeep]
|-heal|p1a: Tyranitar|93/100|[from] item: Leftovers
|upkeep
|turn|3
|
|t:|1757913909
|switch|p1a: Gholdengo|Gholdengo|100/100
|-item|p1a: Gholdengo|Air Balloon
|move|p2a: Politoed|Weather Ball|p1a: Gholdengo
|-damage|p1a: Gholdengo|55/100
|-enditem|p1a: Gholdengo|Air Balloon
|
|-weather|RainDance|[upkeep]
|upkeep
|turn|4
|
|t:|1757913918
|move|p1a: Gholdengo|Thunder Wave|p2a: Politoed|[miss]
|-miss|p1a: Gholdengo|p2a: Politoed
|move|p2a: Politoed|Metronome|p2a: Politoed
|move|p2a: Politoed|Superpower|p1a: Gholdengo|[from] move: Metronome
|-immune|p1a: Gholdengo
|
|-weather|RainDance|[upkeep]
|upkeep
|turn|5
|
|t:|1757913925
|switch|p2a: Raichu|Raichu, M|100/100
|move|p1a: Gholdengo|Thunder Wave|p2a: Raichu
|-ability|p2a: Raichu|Lightning Rod|boost
|-boost|p2a: Raichu|spa|1
|
|-weather|RainDance|[upkeep]
|upkeep
|turn|6
|
|t:|1757913933
|switch|p1a: Garchomp|Garchomp, F|100/100
|move|p2a: Raichu|Nasty Plot|p2a: Raichu
|-boost|p2a: Raichu|spa|2
|
|-weather|RainDance|[upkeep]
|upkeep
|turn|7
|
|t:|1757913939
|move|p2a: Raichu|Alluring Voice|p1a: Garchomp
|-supereffective|p1a: Garchomp
|-damage|p1a: Garchomp|0 fnt
|faint|p1a: Garchomp
|-damage|p2a: Raichu|91/100|[from] item: Life Orb
|
|-weather|RainDance|[upkeep]
|upkeep
|-message|sevenighter forfeited.
|
|win|Junkilo
|raw|sevenighter's rating: 1162 &rarr; <strong>1131</strong><br />(-31 for losing)
|raw|Junkilo's rating: 1080 &rarr; <strong>1114</strong><br />(+34 for winning)
|l|☆sevenighter
|player|p1|
|l|‽Junkilo
|player|p2|
