|j|☆xiangladoufunao
|j|☆55555X
|t:|1757941910
|gametype|singles
|player|p1|xiangladoufunao|skyla|1098
|player|p2|55555X|pokemaniac|1123
|gen|9
|tier|[Gen 9] OU
|rated|
|rule|HP Percentage Mod: HP is shown in percentages
|rule|Endless Battle Clause: Forcing endless battles is banned
|rule|Species Clause: Limit one of each Pokémon
|rule|OHKO Clause: OHKO moves are banned
|rule|Evasion Items Clause: Evasion items are banned
|rule|Evasion Moves Clause: Evasion moves are banned
|rule|Evasion Abilities Clause: Evasion abilities are banned
|rule|Sleep Moves Clause: Sleep-inducing moves are banned
|clearpoke
|poke|p1|Corviknight, M|
|poke|p1|Iron Hands|
|poke|p1|Garganacl, M|
|poke|p1|Gliscor, F|
|poke|p1|Ting-Lu|
|poke|p1|Iron Crown|
|poke|p2|Malamar, M|
|poke|p2|Galvantula, M|
|poke|p2|Cinderace, M|
|poke|p2|Serperior, F|
|poke|p2|Falinks|
|poke|p2|Empoleon, M|
|teampreview
|
|t:|1757941931
|teamsize|p1|6
|teamsize|p2|6
|start
|switch|p1a: Gliscor|Gliscor, F|100/100
|switch|p2a: Galvantula|Galvantula, M, shiny|100/100
|turn|1
|
|t:|1757941949
|move|p2a: Galvantula|Sticky Web|p1a: Gliscor
|-sidestart|p1: xiangladoufunao|move: Sticky Web
|move|p1a: Gliscor|Toxic|p2a: Galvantula
|-status|p2a: Galvantula|tox
|
|-damage|p2a: Galvantula|94/100 tox|[from] psn
|-status|p1a: Gliscor|tox|[from] item: Toxic Orb
|upkeep
|turn|2
|
|t:|1757941966
|move|p2a: Galvantula|Bug Buzz|p1a: Gliscor
|-resisted|p1a: Gliscor
|-damage|p1a: Gliscor|80/100 tox
|move|p1a: Gliscor|U-turn|p2a: Galvantula
|-damage|p2a: Galvantula|63/100 tox
|
|t:|1757941983
|switch|p1a: Corviknight|Corviknight, M|100/100|[from] U-turn
|
|-damage|p2a: Galvantula|51/100 tox|[from] psn
|upkeep
|turn|3
|
|t:|1757941997
|move|p2a: Galvantula|Bug Buzz|p1a: Corviknight
|-resisted|p1a: Corviknight
|-damage|p1a: Corviknight|92/100
|move|p1a: Corviknight|Defog|p2a: Galvantula
|-unboost|p2a: Galvantula|evasion|1
|-sideend|p1: xiangladoufunao|Sticky Web|[from] move: Defog|[of] p1a: Corviknight
|
|-heal|p1a: Corviknight|98/100|[from] item: Leftovers
|-damage|p2a: Galvantula|33/100 tox|[from] psn
|upkeep
|turn|4
|
|t:|1757942008
|move|p2a: Galvantula|Sticky Web|p1a: Corviknight
|-sidestart|p1: xiangladoufunao|move: Sticky Web
|move|p1a: Corviknight|Body Press|p2a: Galvantula
|-resisted|p2a: Galvantula
|-damage|p2a: Galvantula|8/100 tox
|
|-heal|p1a: Corviknight|100/100|[from] item: Leftovers
|-damage|p2a: Galvantula|0 fnt|[from] psn
|faint|p2a: Galvantula
|upkeep
|
|t:|1757942012
|switch|p2a: Cinderace|Cinderace, M|100/100
|turn|5
|
|t:|1757942026
|-terastallize|p1a: Corviknight|Water
|move|p2a: Cinderace|Pyro Ball|p1a: Corviknight
|-resisted|p1a: Corviknight
|-damage|p1a: Corviknight|81/100
|move|p1a: Corviknight|Iron Defense|p1a: Corviknight
|-boost|p1a: Corviknight|def|2
|
|-heal|p1a: Corviknight|88/100|[from] item: Leftovers
|upkeep
|turn|6
|
|t:|1757942037
|move|p2a: Cinderace|Court Change|p2a: Cinderace
|-swapsideconditions
|-activate|p2a: Cinderace|move: Court Change
|move|p1a: Corviknight|Body Press|p2a: Cinderace
|-damage|p2a: Cinderace|30/100
|
|-heal|p1a: Corviknight|94/100|[from] item: Leftovers
|upkeep
|turn|7
|
|t:|1757942047
|move|p2a: Cinderace|Low Kick|p1a: Corviknight
|-damage|p1a: Corviknight|86/100
|move|p1a: Corviknight|Body Press|p2a: Cinderace
|-damage|p2a: Cinderace|0 fnt
|faint|p2a: Cinderace
|
|-heal|p1a: Corviknight|92/100|[from] item: Leftovers
|upkeep
|
|t:|1757942052
|switch|p2a: Serperior|Serperior, F|100/100
|-activate|p2a: Serperior|move: Sticky Web
|-boost|p2a: Serperior|spe|1
|turn|8
|
|t:|1757942084
|switch|p1a: Iron Hands|Iron Hands|100/100
|-enditem|p1a: Iron Hands|Booster Energy
|-activate|p1a: Iron Hands|ability: Quark Drive|[fromitem]
|-start|p1a: Iron Hands|quarkdriveatk
|move|p2a: Serperior|Leaf Storm|p1a: Iron Hands|[miss]
|-miss|p2a: Serperior|p1a: Iron Hands
|
|upkeep
|turn|9
|
|t:|1757942095
|-terastallize|p2a: Serperior|Stellar
|move|p1a: Iron Hands|Fake Out|p2a: Serperior
|-damage|p2a: Serperior|77/100
|cant|p2a: Serperior|flinch
|
|upkeep
|turn|10
|
|t:|1757942107
|move|p2a: Serperior|Leaf Storm|p1a: Iron Hands|[miss]
|-miss|p2a: Serperior|p1a: Iron Hands
|move|p1a: Iron Hands|Drain Punch|p2a: Serperior
|-crit|p2a: Serperior
|-damage|p2a: Serperior|0 fnt
|faint|p2a: Serperior
|
|upkeep
|c|☆55555X|Bruh
|c|☆55555X|let I rally the worst possible
|c|☆55555X|literally
|
|t:|1757942130
|switch|p2a: Falinks|Falinks|100/100
|-activate|p2a: Falinks|move: Sticky Web
|-unboost|p2a: Falinks|spe|1
|-ability|p2a: Falinks|Defiant|boost
|-boost|p2a: Falinks|atk|2
|turn|11
|
|t:|1757942150
|-end|p1a: Iron Hands|Quark Drive|[silent]
|switch|p1a: Corviknight|Corviknight, M, tera:Water|92/100
|move|p2a: Falinks|High Horsepower|p1a: Corviknight
|-damage|p1a: Corviknight|57/100
|
|-heal|p1a: Corviknight|63/100|[from] item: Leftovers
|upkeep
|turn|12
|
|t:|1757942168
|move|p2a: Falinks|Close Combat|p1a: Corviknight
|-damage|p1a: Corviknight|0 fnt
|-unboost|p2a: Falinks|def|1
|-unboost|p2a: Falinks|spd|1
|faint|p1a: Corviknight
|
|upkeep
|
|t:|1757942179
|switch|p1a: Iron Crown|Iron Crown|100/100
|turn|13
|
|t:|1757942184
|switch|p2a: Malamar|Malamar, M, shiny|100/100
|-activate|p2a: Malamar|move: Sticky Web
|-boost|p2a: Malamar|spe|1
|move|p1a: Iron Crown|Psychic Noise|p2a: Malamar
|-immune|p2a: Malamar
|
|upkeep
|turn|14
|
|t:|1757942202
|move|p2a: Malamar|Superpower|p1a: Iron Crown
|-damage|p1a: Iron Crown|72/100
|-boost|p2a: Malamar|atk|1
|-boost|p2a: Malamar|def|1
|move|p1a: Iron Crown|Volt Switch|p2a: Malamar
|-damage|p2a: Malamar|79/100
|-damage|p1a: Iron Crown|62/100|[from] item: Life Orb
|
|t:|1757942212
|-end|p1a: Iron Crown|Quark Drive|[silent]
|switch|p1a: Ting-Lu|Ting-Lu|100/100|[from] Volt Switch
|-ability|p1a: Ting-Lu|Vessel of Ruin
|
|upkeep
|turn|15
|
|t:|1757942228
|move|p2a: Malamar|Superpower|p1a: Ting-Lu
|-supereffective|p1a: Ting-Lu
|-damage|p1a: Ting-Lu|59/100
|-boost|p2a: Malamar|atk|1
|-boost|p2a: Malamar|def|1
|move|p1a: Ting-Lu|Ruination|p2a: Malamar
|-damage|p2a: Malamar|40/100
|
|upkeep
|turn|16
|
|t:|1757942265
|move|p2a: Malamar|Superpower|p1a: Ting-Lu
|-supereffective|p1a: Ting-Lu
|-damage|p1a: Ting-Lu|0 fnt
|-boost|p2a: Malamar|atk|1
|-boost|p2a: Malamar|def|1
|faint|p1a: Ting-Lu
|
|upkeep
|
|t:|1757942282
|switch|p1a: Iron Crown|Iron Crown|62/100
|turn|17
|
|t:|1757942287
|move|p2a: Malamar|Superpower|p1a: Iron Crown
|-damage|p1a: Iron Crown|0 fnt
|-boost|p2a: Malamar|atk|1
|-boost|p2a: Malamar|def|1
|faint|p1a: Iron Crown
|-end|p1a: Iron Crown|Quark Drive|[silent]
|
|upkeep
|
|t:|1757942296
|switch|p1a: Iron Hands|Iron Hands|100/100
|turn|18
|
|t:|1757942301
|move|p1a: Iron Hands|Fake Out|p2a: Malamar
|-damage|p2a: Malamar|34/100
|cant|p2a: Malamar|flinch
|
|upkeep
|turn|19
|
|t:|1757942310
|move|p2a: Malamar|Psycho Cut|p1a: Iron Hands
|-supereffective|p1a: Iron Hands
|-damage|p1a: Iron Hands|13/100
|move|p1a: Iron Hands|Supercell Slam|p2a: Malamar
|-damage|p2a: Malamar|10/100
|
|upkeep
|turn|20
|c|☆55555X|How
|
|t:|1757942322
|move|p2a: Malamar|Knock Off|p1a: Iron Hands
|-resisted|p1a: Iron Hands
|-damage|p1a: Iron Hands|0 fnt
|faint|p1a: Iron Hands
|-end|p1a: Iron Hands|Quark Drive|[silent]
|
|upkeep
|
|t:|1757942327
|switch|p1a: Gliscor|Gliscor, F|80/100 tox
|turn|21
|
|t:|1757942334
|move|p2a: Malamar|Knock Off|p1a: Gliscor
|-damage|p1a: Gliscor|11/100 tox
|-enditem|p1a: Gliscor|Toxic Orb|[from] move: Knock Off|[of] p2a: Malamar
|move|p1a: Gliscor|Toxic|p2a: Malamar
|-status|p2a: Malamar|tox
|
|-damage|p2a: Malamar|4/100 tox|[from] psn
|-heal|p1a: Gliscor|23/100 tox|[from] ability: Poison Heal
|upkeep
|turn|22
|
|t:|1757942345
|move|p1a: Gliscor|Protect|p1a: Gliscor
|-singleturn|p1a: Gliscor|Protect
|move|p2a: Malamar|Psycho Cut|p1a: Gliscor
|-activate|p1a: Gliscor|move: Protect
|
|-damage|p2a: Malamar|0 fnt|[from] psn
|faint|p2a: Malamar
|-heal|p1a: Gliscor|35/100 tox|[from] ability: Poison Heal
|upkeep
|
|t:|1757942352
|switch|p2a: Empoleon|Empoleon, M|100/100
|-activate|p2a: Empoleon|move: Sticky Web
|-unboost|p2a: Empoleon|spe|1
|-ability|p2a: Empoleon|Competitive|boost
|-boost|p2a: Empoleon|spa|2
|turn|23
|
|t:|1757942363
|move|p1a: Gliscor|Earthquake|p2a: Empoleon
|-supereffective|p2a: Empoleon
|-damage|p2a: Empoleon|29/100
|move|p2a: Empoleon|Ice Beam|p1a: Gliscor
|-supereffective|p1a: Gliscor
|-damage|p1a: Gliscor|0 fnt
|faint|p1a: Gliscor
|
|upkeep
|
|t:|1757942372
|switch|p1a: Garganacl|Garganacl, M|100/100
|turn|24
|
|t:|1757942376
|move|p1a: Garganacl|Salt Cure|p2a: Empoleon
|-resisted|p2a: Empoleon
|-crit|p2a: Empoleon
|-damage|p2a: Empoleon|18/100
|-start|p2a: Empoleon|Salt Cure
|move|p2a: Empoleon|Surf|p1a: Garganacl
|-supereffective|p1a: Garganacl
|-damage|p1a: Garganacl|0 fnt
|faint|p1a: Garganacl
|
|win|55555X
|raw|xiangladoufunao's rating: 1098 &rarr; <strong>1075</strong><br />(-23 for losing)
|raw|55555X's rating: 1123 &rarr; <strong>1146</strong><br />(+23 for winning)
|l|☆55555X
|player|p2|
|l|☆xiangladoufunao
|player|p1|
