|j|☆woshishui000
|j|☆4DEF+4SPD=GG
|t:|1757817867
|gametype|singles
|player|p1|woshishui000|hilda-wonderlauncher|1184
|player|p2|4DEF+4SPD=GG|preschooler|1235
|gen|9
|tier|[Gen 9] OU
|rated|
|rule|HP Percentage Mod: HP is shown in percentages
|rule|Endless Battle Clause: Forcing endless battles is banned
|rule|Species Clause: Limit one of each Pokémon
|rule|OHKO Clause: OHKO moves are banned
|rule|Evasion Items Clause: Evasion items are banned
|rule|Evasion Moves Clause: Evasion moves are banned
|rule|Evasion Abilities Clause: Evasion abilities are banned
|rule|Sleep Moves Clause: Sleep-inducing moves are banned
|clearpoke
|poke|p1|Raging Bolt|
|poke|p1|Walking Wake|
|poke|p1|Torkoal, M|
|poke|p1|Ninetales, F|
|poke|p1|Venusaur, M|
|poke|p1|Zamazenta-*|
|poke|p2|Tyranitar, M|
|poke|p2|Excadrill, M|
|poke|p2|Corviknight, M|
|poke|p2|Glimmora, M|
|poke|p2|Hippowdon, M|
|poke|p2|Scizor, M|
|teampreview
|inactive|Battle timer is ON: inactive players will automatically lose when time's up. (requested by 4DEF+4SPD=GG)
|
|t:|1757817876
|teamsize|p1|6
|teamsize|p2|6
|start
|switch|p1a: Walking Wake|Walking Wake|100/100
|switch|p2a: Scizor|Scizor, M|100/100
|turn|1
|
|t:|1757817881
|move|p1a: Walking Wake|Flamethrower|p2a: Scizor
|-supereffective|p2a: Scizor
|-damage|p2a: Scizor|0 fnt
|faint|p2a: Scizor
|
|upkeep
|
|t:|1757817890
|switch|p2a: Tyranitar|Tyranitar, M|100/100
|-weather|Sandstorm|[from] ability: Sand Stream|[of] p2a: Tyranitar
|turn|2
|
|t:|1757817906
|-end|p1a: Walking Wake|Protosynthesis|[silent]
|switch|p1a: Torkoal|Torkoal, M|100/100
|-weather|SunnyDay|[from] ability: Drought|[of] p1a: Torkoal
|switch|p2a: Corviknight|Corviknight, M|100/100
|
|-weather|SunnyDay|[upkeep]
|upkeep
|turn|3
|
|t:|1757817914
|move|p2a: Corviknight|U-turn|p1a: Torkoal
|-resisted|p1a: Torkoal
|-damage|p1a: Torkoal|96/100
|
|t:|1757817916
|switch|p2a: Hippowdon|Hippowdon, M|100/100|[from] U-turn
|-weather|Sandstorm|[from] ability: Sand Stream|[of] p2a: Hippowdon
|move|p1a: Torkoal|Will-O-Wisp|p2a: Hippowdon
|-status|p2a: Hippowdon|brn
|
|-weather|Sandstorm|[upkeep]
|-damage|p1a: Torkoal|90/100|[from] Sandstorm
|-damage|p2a: Hippowdon|94/100 brn|[from] brn
|upkeep
|turn|4
|
|t:|1757817927
|switch|p1a: Ninetales|Ninetales, F|100/100
|-weather|SunnyDay|[from] ability: Drought|[of] p1a: Ninetales
|move|p2a: Hippowdon|Stealth Rock|p1a: Ninetales
|-sidestart|p1: woshishui000|move: Stealth Rock
|
|-weather|SunnyDay|[upkeep]
|-damage|p2a: Hippowdon|88/100 brn|[from] brn
|upkeep
|turn|5
|
|t:|1757817934
|switch|p2a: Tyranitar|Tyranitar, M|100/100
|-weather|Sandstorm|[from] ability: Sand Stream|[of] p2a: Tyranitar
|move|p1a: Ninetales|Encore||[still]
|-fail|p1a: Ninetales
|
|-weather|Sandstorm|[upkeep]
|-damage|p1a: Ninetales|94/100|[from] Sandstorm
|upkeep
|turn|6
|
|t:|1757817942
|switch|p2a: Glimmora|Glimmora, M|100/100
|-terastallize|p1a: Ninetales|Grass
|move|p1a: Ninetales|Will-O-Wisp|p2a: Glimmora
|-status|p2a: Glimmora|brn
|
|-weather|Sandstorm|[upkeep]
|-damage|p1a: Ninetales|88/100|[from] Sandstorm
|-damage|p2a: Glimmora|94/100 brn|[from] brn
|upkeep
|turn|7
|
|t:|1757817953
|switch|p1a: Torkoal|Torkoal, M|90/100
|-damage|p1a: Torkoal|66/100|[from] Stealth Rock
|-weather|SunnyDay|[from] ability: Drought|[of] p1a: Torkoal
|move|p2a: Glimmora|Rock Polish|p2a: Glimmora
|-boost|p2a: Glimmora|spe|2
|
|-weather|SunnyDay|[upkeep]
|-damage|p2a: Glimmora|88/100 brn|[from] brn
|upkeep
|turn|8
|
|t:|1757817963
|move|p2a: Glimmora|Meteor Beam||[still]
|-prepare|p2a: Glimmora|Meteor Beam
|-boost|p2a: Glimmora|spa|1
|-enditem|p2a: Glimmora|Power Herb
|-anim|p2a: Glimmora|Meteor Beam|p1a: Torkoal
|-supereffective|p1a: Torkoal
|-damage|p1a: Torkoal|0 fnt
|faint|p1a: Torkoal
|
|-weather|SunnyDay|[upkeep]
|-damage|p2a: Glimmora|82/100 brn|[from] brn
|upkeep
|
|t:|1757817974
|switch|p1a: Zamazenta|Zamazenta|100/100
|-damage|p1a: Zamazenta|94/100|[from] Stealth Rock
|-ability|p1a: Zamazenta|Dauntless Shield|boost
|-boost|p1a: Zamazenta|def|1
|turn|9
|
|t:|1757817981
|-terastallize|p2a: Glimmora|Bug
|move|p2a: Glimmora|Sludge Wave|p1a: Zamazenta
|-damage|p1a: Zamazenta|33/100
|move|p1a: Zamazenta|Body Press|p2a: Glimmora
|-resisted|p2a: Glimmora
|-damage|p2a: Glimmora|53/100 brn
|-activate|p2a: Glimmora|ability: Toxic Debris
|-sidestart|p1: woshishui000|move: Toxic Spikes
|
|-weather|SunnyDay|[upkeep]
|-heal|p1a: Zamazenta|39/100|[from] item: Leftovers
|-damage|p2a: Glimmora|46/100 brn|[from] brn
|upkeep
|turn|10
|-message|woshishui000 forfeited.
|
|win|4DEF+4SPD=GG
|raw|woshishui000's rating: 1184 &rarr; <strong>1163</strong><br />(-21 for losing)
|raw|4DEF+4SPD=GG's rating: 1235 &rarr; <strong>1256</strong><br />(+21 for winning)
|l|☆woshishui000
|player|p1|
