|j|☆St. Saturn
|j|☆saltspray314
|t:|1757945933
|gametype|singles
|player|p1|St. Saturn|hilbert|1348
|player|p2|saltspray314|blaine|1322
|gen|9
|tier|[Gen 9] OU
|rated|
|rule|HP Percentage Mod: HP is shown in percentages
|rule|Endless Battle Clause: Forcing endless battles is banned
|rule|Species Clause: Limit one of each Pokémon
|rule|OHKO Clause: OHKO moves are banned
|rule|Evasion Items Clause: Evasion items are banned
|rule|Evasion Moves Clause: Evasion moves are banned
|rule|Evasion Abilities Clause: Evasion abilities are banned
|rule|Sleep Moves Clause: Sleep-inducing moves are banned
|clearpoke
|poke|p1|Clefable, F|
|poke|p1|Dondozo, F|
|poke|p1|Blissey, F|
|poke|p1|Clodsire, M|
|poke|p1|Corviknight, F|
|poke|p1|Gliscor, F|
|poke|p2|Garganacl, F|
|poke|p2|Sylveon, F|
|poke|p2|Gholdengo|
|poke|p2|Incineroar, F|
|poke|p2|Ninetales-Alola, M|
|poke|p2|Scyther, F|
|teampreview
|inactive|Battle timer is ON: inactive players will automatically lose when time's up. (requested by St. Saturn)
|
|t:|1757945939
|teamsize|p1|6
|teamsize|p2|6
|start
|switch|p1a: Gliscor|Gliscor, F|100/100
|switch|p2a: Ninetales|Ninetales-Alola, M|100/100
|-weather|Snowscape|[from] ability: Snow Warning|[of] p2a: Ninetales
|turn|1
|
|t:|1757945944
|move|p2a: Ninetales|Aurora Veil|p2a: Ninetales
|-sidestart|p2: saltspray314|move: Aurora Veil
|move|p1a: Gliscor|Toxic|p2a: Ninetales
|-status|p2a: Ninetales|tox
|
|-weather|Snowscape|[upkeep]
|-damage|p2a: Ninetales|95/100 tox|[from] psn
|-status|p1a: Gliscor|tox|[from] item: Toxic Orb
|upkeep
|turn|2
|
|t:|1757945949
|move|p1a: Gliscor|Protect|p1a: Gliscor
|-singleturn|p1a: Gliscor|Protect
|move|p2a: Ninetales|Blizzard|p1a: Gliscor
|-activate|p1a: Gliscor|move: Protect
|
|-weather|Snowscape|[upkeep]
|-damage|p2a: Ninetales|83/100 tox|[from] psn
|upkeep
|turn|3
|
|t:|1757945955
|switch|p2a: Garganacl|Garganacl, F|100/100
|switch|p1a: Blissey|Blissey, F|100/100
|
|-weather|Snowscape|[upkeep]
|upkeep
|turn|4
|
|t:|1757945960
|switch|p1a: Dondozo|Dondozo, F|100/100
|move|p2a: Garganacl|Stealth Rock|p1a: Dondozo
|-sidestart|p1: St. Saturn|move: Stealth Rock
|
|-weather|Snowscape|[upkeep]
|upkeep
|turn|5
|
|t:|1757945964
|move|p1a: Dondozo|Waterfall|p2a: Garganacl
|-supereffective|p2a: Garganacl
|-damage|p2a: Garganacl|86/100
|move|p2a: Garganacl|Salt Cure|p1a: Dondozo
|-damage|p1a: Dondozo|94/100
|-start|p1a: Dondozo|Salt Cure
|
|-weather|none
|-damage|p1a: Dondozo|69/100|[from] Salt Cure
|-sideend|p2: saltspray314|move: Aurora Veil
|upkeep
|turn|6
|
|t:|1757945974
|switch|p2a: Gholdengo|Gholdengo|100/100
|switch|p1a: Clefable|Clefable, F|100/100
|
|upkeep
|turn|7
|
|t:|1757945981
|move|p2a: Gholdengo|Trick|p1a: Clefable
|-activate|p2a: Gholdengo|move: Trick|[of] p1a: Clefable
|-item|p1a: Clefable|Choice Scarf|[from] move: Trick
|-item|p2a: Gholdengo|Leftovers|[from] move: Trick
|move|p1a: Clefable|Stealth Rock|p2a: Gholdengo
|-sidestart|p2: saltspray314|move: Stealth Rock
|
|upkeep
|turn|8
|
|t:|1757945988
|switch|p1a: Blissey|Blissey, F|100/100
|move|p2a: Gholdengo|Make It Rain|p1a: Blissey
|-damage|p1a: Blissey|82/100
|-unboost|p2a: Gholdengo|spa|1
|
|upkeep
|turn|9
|
|t:|1757946000
|move|p2a: Gholdengo|Trick|p1a: Blissey
|-activate|p2a: Gholdengo|move: Trick|[of] p1a: Blissey
|-item|p1a: Blissey|Leftovers|[from] move: Trick
|-item|p2a: Gholdengo|Heavy-Duty Boots|[from] move: Trick
|move|p1a: Blissey|Shadow Ball|p2a: Gholdengo
|-supereffective|p2a: Gholdengo
|-damage|p2a: Gholdengo|64/100
|
|-heal|p1a: Blissey|89/100|[from] item: Leftovers
|upkeep
|turn|10
|
|t:|1757946008
|switch|p2a: Ninetales|Ninetales-Alola, M|83/100 tox
|-damage|p2a: Ninetales|58/100 tox|[from] Stealth Rock
|-weather|Snowscape|[from] ability: Snow Warning|[of] p2a: Ninetales
|move|p1a: Blissey|Shadow Ball|p2a: Ninetales
|-damage|p2a: Ninetales|42/100 tox
|
|-weather|Snowscape|[upkeep]
|-heal|p1a: Blissey|95/100|[from] item: Leftovers
|-damage|p2a: Ninetales|36/100 tox|[from] psn
|upkeep
|turn|11
|
|t:|1757946015
|move|p2a: Ninetales|Aurora Veil|p2a: Ninetales
|-sidestart|p2: saltspray314|move: Aurora Veil
|move|p1a: Blissey|Seismic Toss|p2a: Ninetales
|-damage|p2a: Ninetales|1/100 tox
|
|-weather|Snowscape|[upkeep]
|-heal|p1a: Blissey|100/100|[from] item: Leftovers
|-damage|p2a: Ninetales|0 fnt|[from] psn
|faint|p2a: Ninetales
|upkeep
|
|t:|1757946026
|switch|p2a: Incineroar|Incineroar, F|100/100
|-damage|p2a: Incineroar|76/100|[from] Stealth Rock
|-ability|p2a: Incineroar|Intimidate|boost
|-unboost|p1a: Blissey|atk|1
|turn|12
|
|t:|1757946029
|switch|p1a: Dondozo|Dondozo, F|69/100
|move|p2a: Incineroar|Knock Off|p1a: Dondozo
|-damage|p1a: Dondozo|46/100
|-enditem|p1a: Dondozo|Heavy-Duty Boots|[from] move: Knock Off|[of] p2a: Incineroar
|
|-weather|Snowscape|[upkeep]
|upkeep
|turn|13
|
|t:|1757946033
|move|p2a: Incineroar|U-turn|p1a: Dondozo
|-damage|p1a: Dondozo|36/100
|
|t:|1757946039
|switch|p2a: Sylveon|Sylveon, F|100/100|[from] U-turn
|-damage|p2a: Sylveon|88/100|[from] Stealth Rock
|move|p1a: Dondozo|Rest|p1a: Dondozo
|-status|p1a: Dondozo|slp|[from] move: Rest
|-heal|p1a: Dondozo|100/100 slp|[silent]
|
|-weather|Snowscape|[upkeep]
|upkeep
|turn|14
|
|t:|1757946045
|switch|p1a: Clodsire|Clodsire, M|100/100
|move|p2a: Sylveon|Calm Mind|p2a: Sylveon
|-boost|p2a: Sylveon|spa|1
|-boost|p2a: Sylveon|spd|1
|
|-weather|none
|upkeep
|turn|15
|
|t:|1757946054
|switch|p2a: Incineroar|Incineroar, F|76/100
|-damage|p2a: Incineroar|51/100|[from] Stealth Rock
|-ability|p2a: Incineroar|Intimidate|boost
|-unboost|p1a: Clodsire|atk|1
|move|p1a: Clodsire|Poison Jab|p2a: Incineroar
|-damage|p2a: Incineroar|43/100
|
|-sideend|p2: saltspray314|move: Aurora Veil
|upkeep
|turn|16
|
|t:|1757946062
|switch|p1a: Dondozo|Dondozo, F|100/100 slp
|-damage|p1a: Dondozo|88/100 slp|[from] Stealth Rock
|move|p2a: Incineroar|Knock Off|p1a: Dondozo
|-damage|p1a: Dondozo|74/100 slp
|
|upkeep
|turn|17
|
|t:|1757946067
|move|p2a: Incineroar|U-turn|p1a: Dondozo
|-damage|p1a: Dondozo|62/100 slp
|
|t:|1757946071
|switch|p2a: Scyther|Scyther, F|100/100|[from] U-turn
|-damage|p2a: Scyther|51/100|[from] Stealth Rock
|cant|p1a: Dondozo|slp
|move|p1a: Dondozo|Sleep Talk|p1a: Dondozo
|move|p1a: Dondozo|Curse|p1a: Dondozo|[from] move: Sleep Talk
|-unboost|p1a: Dondozo|spe|1
|-boost|p1a: Dondozo|atk|1
|-boost|p1a: Dondozo|def|1
|
|upkeep
|turn|18
|
|t:|1757946082
|move|p2a: Scyther|Dual Wingbeat|p1a: Dondozo
|-damage|p1a: Dondozo|54/100 slp
|-damage|p1a: Dondozo|45/100 slp
|-hitcount|p1a: Dondozo|2
|cant|p1a: Dondozo|slp
|move|p1a: Dondozo|Sleep Talk|p1a: Dondozo
|move|p1a: Dondozo|Curse|p1a: Dondozo|[from] move: Sleep Talk
|-unboost|p1a: Dondozo|spe|1
|-boost|p1a: Dondozo|atk|1
|-boost|p1a: Dondozo|def|1
|
|upkeep
|turn|19
|
|t:|1757946089
|move|p2a: Scyther|U-turn|p1a: Dondozo
|-damage|p1a: Dondozo|37/100 slp
|
|t:|1757946093
|switch|p2a: Garganacl|Garganacl, F|86/100|[from] U-turn
|-damage|p2a: Garganacl|73/100|[from] Stealth Rock
|-curestatus|p1a: Dondozo|slp|[msg]
|move|p1a: Dondozo|Waterfall|p2a: Garganacl
|-supereffective|p2a: Garganacl
|-damage|p2a: Garganacl|13/100
|
|upkeep
|turn|20
|
|t:|1757946100
|move|p2a: Garganacl|Salt Cure|p1a: Dondozo
|-damage|p1a: Dondozo|34/100
|-start|p1a: Dondozo|Salt Cure
|move|p1a: Dondozo|Waterfall|p2a: Garganacl
|-supereffective|p2a: Garganacl
|-damage|p2a: Garganacl|0 fnt
|faint|p2a: Garganacl
|
|-damage|p1a: Dondozo|9/100|[from] Salt Cure
|upkeep
|
|t:|1757946108
|switch|p2a: Scyther|Scyther, F|51/100
|-damage|p2a: Scyther|1/100|[from] Stealth Rock
|turn|21
|
|t:|1757946113
|move|p2a: Scyther|Dual Wingbeat|p1a: Dondozo
|-damage|p1a: Dondozo|2/100
|-damage|p1a: Dondozo|0 fnt
|faint|p1a: Dondozo
|-hitcount|p1: Dondozo|2
|
|upkeep
|
|t:|1757946126
|switch|p1a: Corviknight|Corviknight, F|100/100
|-damage|p1a: Corviknight|88/100|[from] Stealth Rock
|-ability|p1a: Corviknight|Pressure
|turn|22
|
|t:|1757946128
|move|p2a: Scyther|Close Combat|p1a: Corviknight
|-crit|p1a: Corviknight
|-damage|p1a: Corviknight|52/100
|-unboost|p2a: Scyther|def|1
|-unboost|p2a: Scyther|spd|1
|-damage|p2a: Scyther|0 fnt|[from] item: Rocky Helmet|[of] p1a: Corviknight
|faint|p2a: Scyther
|move|p1a: Corviknight|Body Press|p2: Scyther|[notarget]
|-fail|p1a: Corviknight
|
|upkeep
|
|t:|1757946135
|switch|p2a: Incineroar|Incineroar, F|43/100
|-damage|p2a: Incineroar|19/100|[from] Stealth Rock
|-ability|p2a: Incineroar|Intimidate|boost
|-unboost|p1a: Corviknight|atk|1
|turn|23
|
|t:|1757946141
|switch|p1a: Gliscor|Gliscor, F|100/100 tox
|-damage|p1a: Gliscor|88/100 tox|[from] Stealth Rock
|move|p2a: Incineroar|Flare Blitz|p1a: Gliscor
|-damage|p1a: Gliscor|51/100 tox
|-damage|p2a: Incineroar|8/100|[from] Recoil
|
|-heal|p1a: Gliscor|64/100 tox|[from] ability: Poison Heal
|upkeep
|turn|24
|
|t:|1757946149
|move|p1a: Gliscor|Protect|p1a: Gliscor
|-singleturn|p1a: Gliscor|Protect
|move|p2a: Incineroar|Flare Blitz|p1a: Gliscor
|-activate|p1a: Gliscor|move: Protect
|
|-heal|p1a: Gliscor|76/100 tox|[from] ability: Poison Heal
|upkeep
|turn|25
|
|t:|1757946155
|move|p1a: Gliscor|Spikes|p2a: Incineroar
|-sidestart|p2: saltspray314|Spikes
|move|p2a: Incineroar|Flare Blitz|p1a: Gliscor
|-damage|p1a: Gliscor|39/100 tox
|-damage|p2a: Incineroar|0 fnt|[from] Recoil
|faint|p2a: Incineroar
|
|-heal|p1a: Gliscor|52/100 tox|[from] ability: Poison Heal
|upkeep
|
|t:|1757946163
|switch|p2a: Gholdengo|Gholdengo|64/100
|turn|26
|
|t:|1757946167
|move|p1a: Gliscor|Protect|p1a: Gliscor
|-singleturn|p1a: Gliscor|Protect
|move|p2a: Gholdengo|Shadow Ball|p1a: Gliscor
|-activate|p1a: Gliscor|move: Protect
|
|-heal|p1a: Gliscor|64/100 tox|[from] ability: Poison Heal
|upkeep
|turn|27
|
|t:|1757946174
|switch|p1a: Blissey|Blissey, F|100/100
|-damage|p1a: Blissey|88/100|[from] Stealth Rock
|move|p2a: Gholdengo|Shadow Ball|p1a: Blissey
|-immune|p1a: Blissey
|
|-heal|p1a: Blissey|94/100|[from] item: Leftovers
|upkeep
|turn|28
|
|t:|1757946180
|move|p2a: Gholdengo|Power Gem|p1a: Blissey
|-damage|p1a: Blissey|85/100
|move|p1a: Blissey|Shadow Ball|p2a: Gholdengo
|-supereffective|p2a: Gholdengo
|-damage|p2a: Gholdengo|33/100
|
|-heal|p1a: Blissey|91/100|[from] item: Leftovers
|upkeep
|turn|29
|
|t:|1757946188
|move|p2a: Gholdengo|Make It Rain|p1a: Blissey
|-damage|p1a: Blissey|72/100
|-unboost|p2a: Gholdengo|spa|1
|move|p1a: Blissey|Shadow Ball|p2a: Gholdengo
|-supereffective|p2a: Gholdengo
|-damage|p2a: Gholdengo|1/100
|
|-heal|p1a: Blissey|78/100|[from] item: Leftovers
|upkeep
|turn|30
|
|t:|1757946196
|move|p2a: Gholdengo|Make It Rain|p1a: Blissey
|-damage|p1a: Blissey|64/100
|-unboost|p2a: Gholdengo|spa|1
|move|p1a: Blissey|Shadow Ball|p2a: Gholdengo
|-supereffective|p2a: Gholdengo
|-damage|p2a: Gholdengo|0 fnt
|faint|p2a: Gholdengo
|
|-heal|p1a: Blissey|71/100|[from] item: Leftovers
|upkeep
|
|t:|1757946197
|switch|p2a: Sylveon|Sylveon, F|88/100
|-damage|p2a: Sylveon|76/100|[from] Stealth Rock
|-damage|p2a: Sylveon|63/100|[from] Spikes
|turn|31
|
|t:|1757946201
|-terastallize|p2a: Sylveon|Fairy
|move|p2a: Sylveon|Wish|p2a: Sylveon
|move|p1a: Blissey|Seismic Toss|p2a: Sylveon
|-damage|p2a: Sylveon|38/100
|
|-heal|p1a: Blissey|77/100|[from] item: Leftovers
|upkeep
|turn|32
|
|t:|1757946206
|move|p2a: Sylveon|Protect|p2a: Sylveon
|-singleturn|p2a: Sylveon|Protect
|move|p1a: Blissey|Seismic Toss|p2a: Sylveon
|-activate|p2a: Sylveon|move: Protect
|
|-heal|p2a: Sylveon|88/100|[from] move: Wish|[wisher] Sylveon
|-heal|p1a: Blissey|83/100|[from] item: Leftovers
|upkeep
|turn|33
|
|t:|1757946209
|move|p2a: Sylveon|Calm Mind|p2a: Sylveon
|-boost|p2a: Sylveon|spa|1
|-boost|p2a: Sylveon|spd|1
|move|p1a: Blissey|Seismic Toss|p2a: Sylveon
|-damage|p2a: Sylveon|62/100
|
|-heal|p1a: Blissey|89/100|[from] item: Leftovers
|upkeep
|turn|34
|
|t:|1757946214
|move|p2a: Sylveon|Wish|p2a: Sylveon
|move|p1a: Blissey|Seismic Toss|p2a: Sylveon
|-damage|p2a: Sylveon|37/100
|
|-heal|p1a: Blissey|95/100|[from] item: Leftovers
|upkeep
|turn|35
|
|t:|1757946219
|move|p2a: Sylveon|Calm Mind|p2a: Sylveon
|-boost|p2a: Sylveon|spa|1
|-boost|p2a: Sylveon|spd|1
|move|p1a: Blissey|Calm Mind|p1a: Blissey
|-boost|p1a: Blissey|spa|1
|-boost|p1a: Blissey|spd|1
|
|-heal|p2a: Sylveon|87/100|[from] move: Wish|[wisher] Sylveon
|-heal|p1a: Blissey|100/100|[from] item: Leftovers
|upkeep
|turn|36
|
|t:|1757946225
|move|p2a: Sylveon|Calm Mind|p2a: Sylveon
|-boost|p2a: Sylveon|spa|1
|-boost|p2a: Sylveon|spd|1
|move|p1a: Blissey|Seismic Toss|p2a: Sylveon
|-damage|p2a: Sylveon|62/100
|
|upkeep
|turn|37
|
|t:|1757946229
|move|p2a: Sylveon|Calm Mind|p2a: Sylveon
|-boost|p2a: Sylveon|spa|1
|-boost|p2a: Sylveon|spd|1
|move|p1a: Blissey|Calm Mind|p1a: Blissey
|-boost|p1a: Blissey|spa|1
|-boost|p1a: Blissey|spd|1
|
|upkeep
|turn|38
|
|t:|1757946232
|move|p2a: Sylveon|Wish|p2a: Sylveon
|move|p1a: Blissey|Calm Mind|p1a: Blissey
|-boost|p1a: Blissey|spa|1
|-boost|p1a: Blissey|spd|1
|
|upkeep
|turn|39
|
|t:|1757946234
|move|p2a: Sylveon|Calm Mind|p2a: Sylveon
|-boost|p2a: Sylveon|spa|1
|-boost|p2a: Sylveon|spd|1
|move|p1a: Blissey|Calm Mind|p1a: Blissey
|-boost|p1a: Blissey|spa|1
|-boost|p1a: Blissey|spd|1
|
|-heal|p2a: Sylveon|100/100|[from] move: Wish|[wisher] Sylveon
|upkeep
|turn|40
|
|t:|1757946236
|move|p2a: Sylveon|Calm Mind|p2a: Sylveon
|-boost|p2a: Sylveon|spa|1
|-boost|p2a: Sylveon|spd|1
|move|p1a: Blissey|Calm Mind|p1a: Blissey
|-boost|p1a: Blissey|spa|1
|-boost|p1a: Blissey|spd|1
|
|upkeep
|turn|41
|
|t:|1757946237
|move|p2a: Sylveon|Hyper Voice|p1a: Blissey
|-damage|p1a: Blissey|83/100
|-enditem|p2a: Sylveon|Throat Spray
|-boost|p2a: Sylveon|spa|0
|move|p1a: Blissey|Calm Mind|p1a: Blissey
|-boost|p1a: Blissey|spa|1
|-boost|p1a: Blissey|spd|1
|
|-heal|p1a: Blissey|89/100|[from] item: Leftovers
|upkeep
|turn|42
|
|t:|1757946244
|move|p2a: Sylveon|Hyper Voice|p1a: Blissey
|-damage|p1a: Blissey|74/100
|move|p1a: Blissey|Shadow Ball|p2a: Sylveon
|-damage|p2a: Sylveon|93/100
|
|-heal|p1a: Blissey|80/100|[from] item: Leftovers
|upkeep
|turn|43
|
|t:|1757946249
|move|p2a: Sylveon|Hyper Voice|p1a: Blissey
|-damage|p1a: Blissey|64/100
|move|p1a: Blissey|Seismic Toss|p2a: Sylveon
|-damage|p2a: Sylveon|67/100
|
|-heal|p1a: Blissey|70/100|[from] item: Leftovers
|upkeep
|turn|44
|-message|saltspray314 forfeited.
|
|win|St. Saturn
|raw|St. Saturn's rating: 1348 &rarr; <strong>1367</strong><br />(+19 for winning)
|raw|saltspray314's rating: 1322 &rarr; <strong>1303</strong><br />(-19 for losing)
|l|☆saltspray314
|player|p2|
|l|☆St. Saturn
|player|p1|
