|j|☆FEFE200000008
|j|☆ThatBrownBoy
|t:|1757786623
|gametype|singles
|player|p1|FEFE200000008|2|1313
|player|p2|ThatBrownBoy|2|1262
|gen|9
|tier|[Gen 9] OU
|rated|
|rule|HP Percentage Mod: HP is shown in percentages
|rule|Endless Battle Clause: Forcing endless battles is banned
|rule|Species Clause: Limit one of each Pokémon
|rule|OHKO Clause: OHKO moves are banned
|rule|Evasion Items Clause: Evasion items are banned
|rule|Evasion Moves Clause: Evasion moves are banned
|rule|Evasion Abilities Clause: Evasion abilities are banned
|rule|Sleep Moves Clause: Sleep-inducing moves are banned
|clearpoke
|poke|p1|Blaziken, M|
|poke|p1|Garchomp, F|
|poke|p1|Corviknight, F|
|poke|p1|Primarina, M|
|poke|p1|Slowking-Galar, F|
|poke|p1|Darkrai|
|poke|p2|Ambipom, F|
|poke|p2|Grimmsnarl, M|
|poke|p2|Ursaluna, F|
|poke|p2|Dragonite, M|
|poke|p2|Zoroark-Hisui, M|
|poke|p2|Corviknight, M|
|teampreview
|inactive|Battle timer is ON: inactive players will automatically lose when time's up. (requested by ThatBrownBoy)
|inactive|FEFE200000008 has 120 seconds left.
|
|t:|1757786654
|teamsize|p1|6
|teamsize|p2|6
|start
|switch|p1a: Darkrai|Darkrai|100/100
|switch|p2a: Ambipom|Ambipom, F, shiny|100/100
|turn|1
|
|t:|1757786671
|-terastallize|p2a: Ambipom|Normal
|move|p2a: Ambipom|Fake Out|p1a: Darkrai
|-damage|p1a: Darkrai|43/100
|cant|p1a: Darkrai|flinch
|
|upkeep
|turn|2
|
|t:|1757786680
|switch|p2a: Grimmsnarl|Grimmsnarl, M, shiny|100/100
|move|p1a: Darkrai|Dark Pulse|p2a: Grimmsnarl
|-resisted|p2a: Grimmsnarl
|-damage|p2a: Grimmsnarl|90/100
|
|upkeep
|turn|3
|
|t:|1757786686
|move|p2a: Grimmsnarl|Fake Out|p1a: Darkrai
|-damage|p1a: Darkrai|24/100
|cant|p1a: Darkrai|flinch
|
|upkeep
|turn|4
|
|t:|1757786692
|switch|p2a: Corviknight|Corviknight, M|100/100
|-ability|p2a: Corviknight|Pressure
|move|p1a: Darkrai|Taunt|p2a: Corviknight
|-start|p2a: Corviknight|move: Taunt
|
|upkeep
|turn|5
|
|t:|1757786699
|move|p1a: Darkrai|Dark Pulse|p2a: Corviknight
|-damage|p2a: Corviknight|60/100
|move|p2a: Corviknight|U-turn|p1a: Darkrai
|-supereffective|p1a: Darkrai
|-damage|p1a: Darkrai|0 fnt
|faint|p1a: Darkrai
|
|t:|1757786705
|switch|p2a: Ursaluna|Ursaluna, F, shiny|100/100|[from] U-turn
|
|-status|p2a: Ursaluna|brn|[from] item: Flame Orb
|upkeep
|
|t:|1757786712
|switch|p1a: Primarina|Primarina, M|100/100
|turn|6
|
|t:|1757786716
|move|p1a: Primarina|Surf|p2a: Ursaluna
|-supereffective|p2a: Ursaluna
|-damage|p2a: Ursaluna|19/100 brn
|move|p2a: Ursaluna|Facade|p1a: Primarina
|-damage|p1a: Primarina|0 fnt
|faint|p1a: Primarina
|
|-damage|p2a: Ursaluna|13/100 brn|[from] brn
|upkeep
|
|t:|1757786727
|switch|p1a: Corviknight|Corviknight, F|100/100
|turn|7
|
|t:|1757786730
|move|p1a: Corviknight|U-turn|p2a: Ursaluna
|-damage|p2a: Ursaluna|3/100 brn
|
|t:|1757786739
|switch|p1a: Slowking|Slowking-Galar, F|100/100|[from] U-turn
|move|p2a: Ursaluna|Fire Punch|p1a: Slowking
|-damage|p1a: Slowking|53/100
|-status|p1a: Slowking|brn
|
|-heal|p1a: Slowking|59/100 brn|[from] item: Leftovers
|-damage|p2a: Ursaluna|0 fnt|[from] brn
|faint|p2a: Ursaluna
|-damage|p1a: Slowking|53/100 brn|[from] brn
|upkeep
|
|t:|1757786749
|switch|p2a: Dragonite|Dragonite, M, shiny|100/100
|turn|8
|
|t:|1757786755
|switch|p1a: Garchomp|Garchomp, F|100/100
|move|p2a: Dragonite|Nasty Plot|p2a: Dragonite
|-boost|p2a: Dragonite|spa|2
|
|upkeep
|turn|9
|
|t:|1757786765
|move|p1a: Garchomp|Earthquake|p2a: Dragonite
|-damage|p2a: Dragonite|2/100
|replace|p2a: Zoroark|Zoroark-Hisui, M, shiny
|-end|p2a: Zoroark|Illusion
|move|p2a: Zoroark|Hyper Voice|p1a: Garchomp
|-damage|p1a: Garchomp|0 fnt
|faint|p1a: Garchomp
|
|upkeep
|
|t:|1757786777
|switch|p1a: Corviknight|Corviknight, F|100/100
|turn|10
|
|t:|1757786780
|move|p2a: Zoroark|Flamethrower|p1a: Corviknight
|-supereffective|p1a: Corviknight
|-damage|p1a: Corviknight|0 fnt
|faint|p1a: Corviknight
|
|upkeep
|
|t:|1757786786
|switch|p1a: Slowking|Slowking-Galar, F|86/100 brn
|turn|11
|
|t:|1757786794
|move|p2a: Zoroark|Shadow Ball|p1a: Slowking
|-supereffective|p1a: Slowking
|-crit|p1a: Slowking
|-damage|p1a: Slowking|0 fnt
|faint|p1a: Slowking
|
|upkeep
|-message|FEFE200000008 forfeited.
|
|win|ThatBrownBoy
|raw|FEFE200000008's rating: 1313 &rarr; <strong>1290</strong><br />(-23 for losing)
|raw|ThatBrownBoy's rating: 1262 &rarr; <strong>1291</strong><br />(+29 for winning)
|l|☆FEFE200000008
|player|p1|
