|j|☆rami777
|j|☆Buraiha
|t:|1757825114
|gametype|singles
|player|p1|rami777|skierf|1181
|player|p2|Buraiha|red|1165
|gen|9
|tier|[Gen 9] OU
|rated|
|rule|HP Percentage Mod: HP is shown in percentages
|rule|Endless Battle Clause: Forcing endless battles is banned
|rule|Species Clause: Limit one of each Pokémon
|rule|OHKO Clause: OHKO moves are banned
|rule|Evasion Items Clause: Evasion items are banned
|rule|Evasion Moves Clause: Evasion moves are banned
|rule|Evasion Abilities Clause: Evasion abilities are banned
|rule|Sleep Moves Clause: Sleep-inducing moves are banned
|clearpoke
|poke|p1|Rampardos, M|
|poke|p1|Tyranitar, M|
|poke|p1|Garganacl, M|
|poke|p1|Glimmora, M|
|poke|p1|Kleavor, M|
|poke|p1|Arcanine-Hisui, M|
|poke|p2|Meowscarada, F|
|poke|p2|Donphan, M|
|poke|p2|Gallade, M|
|poke|p2|Gardevoir, F|
|poke|p2|Arcanine, M|
|poke|p2|Raichu, M|
|teampreview
|inactive|Battle timer is ON: inactive players will automatically lose when time's up. (requested by rami777)
|
|t:|1757825133
|teamsize|p1|6
|teamsize|p2|6
|start
|switch|p1a: Kleavor|Kleavor, M|100/100
|switch|p2a: Donphan|Donphan, M|100/100
|turn|1
|
|t:|1757825142
|move|p1a: Kleavor|Stone Axe|p2a: Donphan
|-resisted|p2a: Donphan
|-damage|p2a: Donphan|85/100
|-sidestart|p2: Buraiha|move: Stealth Rock
|move|p2a: Donphan|Curse|p2a: Donphan
|-unboost|p2a: Donphan|spe|1
|-boost|p2a: Donphan|atk|1
|-boost|p2a: Donphan|def|1
|
|-heal|p2a: Donphan|92/100|[from] item: Leftovers
|upkeep
|turn|2
|
|t:|1757825153
|switch|p1a: Glimmora|Glimmora, M|100/100
|move|p2a: Donphan|Curse|p2a: Donphan
|-unboost|p2a: Donphan|spe|1
|-boost|p2a: Donphan|atk|1
|-boost|p2a: Donphan|def|1
|
|-heal|p2a: Donphan|98/100|[from] item: Leftovers
|upkeep
|turn|3
|
|t:|1757825166
|move|p1a: Glimmora|Sludge Bomb|p2a: Donphan
|-resisted|p2a: Donphan
|-damage|p2a: Donphan|61/100
|move|p2a: Donphan|Earthquake|p1a: Glimmora
|-supereffective|p1a: Glimmora
|-enditem|p1a: Glimmora|Focus Sash
|-damage|p1a: Glimmora|1/100
|-activate|p1a: Glimmora|ability: Toxic Debris
|-sidestart|p2: Buraiha|move: Toxic Spikes
|
|-heal|p2a: Donphan|67/100|[from] item: Leftovers
|upkeep
|turn|4
|
|t:|1757825182
|move|p1a: Glimmora|Mortal Spin|p2a: Donphan
|-resisted|p2a: Donphan
|-damage|p2a: Donphan|66/100
|-status|p2a: Donphan|psn
|move|p2a: Donphan|Rapid Spin|p1a: Glimmora
|-resisted|p1a: Glimmora
|-damage|p1a: Glimmora|0 fnt
|-boost|p2a: Donphan|spe|1
|-activate|p1a: Glimmora|ability: Toxic Debris
|-sidestart|p2: Buraiha|move: Toxic Spikes
|-sideend|p2: Buraiha|Toxic Spikes|[from] move: Rapid Spin|[of] p2a: Donphan
|-sideend|p2: Buraiha|Stealth Rock|[from] move: Rapid Spin|[of] p2a: Donphan
|faint|p1a: Glimmora
|
|-heal|p2a: Donphan|73/100 psn|[from] item: Leftovers
|-damage|p2a: Donphan|60/100 psn|[from] psn
|upkeep
|inactive|rami777 has 120 seconds left.
|
|t:|1757825227
|switch|p1a: Arcanine|Arcanine-Hisui, M|100/100
|turn|5
|inactive|Buraiha has 120 seconds left.
|inactive|Buraiha has 90 seconds left.
|
|t:|1757825294
|move|p1a: Arcanine|Flare Blitz|p2a: Donphan
|-damage|p2a: Donphan|33/100 psn
|move|p2a: Donphan|Earthquake|p1a: Arcanine
|-supereffective|p1a: Arcanine
|-damage|p1a: Arcanine|0 fnt
|faint|p1a: Arcanine
|
|-heal|p2a: Donphan|40/100 psn|[from] item: Leftovers
|-damage|p2a: Donphan|27/100 psn|[from] psn
|upkeep
|inactive|rami777 has 90 seconds left.
|
|t:|1757825310
|switch|p1a: Rampardos|Rampardos, M|100/100
|turn|6
|
|t:|1757825318
|move|p1a: Rampardos|Crunch|p2a: Donphan
|-damage|p2a: Donphan|11/100 psn
|move|p2a: Donphan|Earthquake|p1a: Rampardos
|-supereffective|p1a: Rampardos
|-damage|p1a: Rampardos|0 fnt
|faint|p1a: Rampardos
|
|-heal|p2a: Donphan|18/100 psn|[from] item: Leftovers
|-damage|p2a: Donphan|5/100 psn|[from] psn
|upkeep
|inactive|rami777 has 90 seconds left.
|
|t:|1757825329
|switch|p1a: Kleavor|Kleavor, M|100/100
|turn|7
|
|t:|1757825332
|move|p1a: Kleavor|Stone Axe|p2a: Donphan
|-resisted|p2a: Donphan
|-damage|p2a: Donphan|0 fnt
|-sidestart|p2: Buraiha|move: Stealth Rock
|faint|p2a: Donphan
|
|upkeep
|
|t:|1757825337
|switch|p2a: Arcanine|Arcanine, M, shiny|100/100
|-damage|p2a: Arcanine|75/100|[from] Stealth Rock
|-ability|p2a: Arcanine|Intimidate|boost
|-unboost|p1a: Kleavor|atk|1
|turn|8
|inactive|Buraiha has 120 seconds left.
|
|t:|1757825347
|move|p1a: Kleavor|Stone Axe|p2a: Arcanine
|-supereffective|p2a: Arcanine
|-crit|p2a: Arcanine
|-damage|p2a: Arcanine|0 fnt
|faint|p2a: Arcanine
|
|upkeep
|inactive|Buraiha has 120 seconds left.
|
|t:|1757825357
|switch|p2a: Raichu|Raichu, M|100/100
|-damage|p2a: Raichu|88/100|[from] Stealth Rock
|turn|9
|inactive|rami777 has 120 seconds left.
|
|t:|1757825363
|move|p1a: Kleavor|Stone Axe|p2a: Raichu
|-damage|p2a: Raichu|20/100
|move|p2a: Raichu|Surf|p1a: Kleavor
|-supereffective|p1a: Kleavor
|-damage|p1a: Kleavor|25/100
|
|upkeep
|turn|10
|
|t:|1757825371
|move|p1a: Kleavor|Stone Axe|p2a: Raichu
|-damage|p2a: Raichu|0 fnt
|-status|p1a: Kleavor|par|[from] ability: Static|[of] p2a: Raichu
|faint|p2a: Raichu
|
|upkeep
|
|t:|1757825379
|switch|p2a: Gallade|Gallade, M|100/100
|-damage|p2a: Gallade|94/100|[from] Stealth Rock
|turn|11
|
|t:|1757825386
|move|p2a: Gallade|Leaf Blade|p1a: Kleavor
|-crit|p1a: Kleavor
|-damage|p1a: Kleavor|0 fnt
|faint|p1a: Kleavor
|
|upkeep
|
|t:|1757825392
|switch|p1a: Tyranitar|Tyranitar, M|100/100
|-weather|Sandstorm|[from] ability: Sand Stream|[of] p1a: Tyranitar
|turn|12
|
|t:|1757825400
|move|p2a: Gallade|Sacred Sword|p1a: Tyranitar
|-supereffective|p1a: Tyranitar
|-damage|p1a: Tyranitar|0 fnt
|faint|p1a: Tyranitar
|
|-weather|Sandstorm|[upkeep]
|-damage|p2a: Gallade|88/100|[from] Sandstorm
|upkeep
|
|t:|1757825408
|switch|p1a: Garganacl|Garganacl, M|100/100
|turn|13
|
|t:|1757825412
|move|p2a: Gallade|Sacred Sword|p1a: Garganacl
|-supereffective|p1a: Garganacl
|-damage|p1a: Garganacl|0 fnt
|faint|p1a: Garganacl
|
|win|Buraiha
|raw|rami777's rating: 1181 &rarr; <strong>1155</strong><br />(-26 for losing)
|raw|Buraiha's rating: 1165 &rarr; <strong>1191</strong><br />(+26 for winning)
|l|☆Buraiha
|player|p2|
|l|☆rami777
|player|p1|
