|j|☆StarPollution
|j|☆desma.222
|t:|1757955702
|gametype|singles
|player|p1|StarPollution|cheryl|1085
|player|p2|desma.222|1|1076
|gen|9
|tier|[Gen 9] OU
|rated|
|rule|HP Percentage Mod: HP is shown in percentages
|rule|Endless Battle Clause: Forcing endless battles is banned
|rule|Species Clause: Limit one of each Pokémon
|rule|OHKO Clause: OHKO moves are banned
|rule|Evasion Items Clause: Evasion items are banned
|rule|Evasion Moves Clause: Evasion moves are banned
|rule|Evasion Abilities Clause: Evasion abilities are banned
|rule|Sleep Moves Clause: Sleep-inducing moves are banned
|clearpoke
|poke|p1|Glimmora, F|
|poke|p1|Hatterene, F|
|poke|p1|Espeon, M|
|poke|p1|Kingambit, F|
|poke|p1|Umbreon, F|
|poke|p1|Dondozo, M|
|poke|p2|Ting-Lu|
|poke|p2|Toxapex, M|
|poke|p2|Dragonite, F|
|poke|p2|Morpeko, M|
|poke|p2|Ditto|
|poke|p2|Iron Valiant|
|teampreview
|
|t:|1757955742
|teamsize|p1|6
|teamsize|p2|6
|start
|switch|p1a: Glimmora|Glimmora, F|100/100
|switch|p2a: Morpeko|Morpeko, M|100/100
|-item|p1a: Glimmora|Air Balloon
|turn|1
|
|t:|1757955750
|move|p2a: Morpeko|Rapid Spin|p1a: Glimmora
|-resisted|p1a: Glimmora
|-crit|p1a: Glimmora
|-damage|p1a: Glimmora|93/100
|-boost|p2a: Morpeko|spe|1
|-enditem|p1a: Glimmora|Air Balloon
|move|p1a: Glimmora|Toxic|p2a: Morpeko
|-status|p2a: Morpeko|tox
|
|-damage|p2a: Morpeko|95/100 tox|[from] psn
|-formechange|p2a: Morpeko|Morpeko-Hangry||[from] ability: Hunger Switch
|upkeep
|turn|2
|
|t:|1757955781
|move|p1a: Glimmora|Protect|p1a: Glimmora
|-singleturn|p1a: Glimmora|Protect
|move|p2a: Morpeko|Aura Wheel|p1a: Glimmora
|-activate|p1a: Glimmora|move: Protect
|
|-damage|p2a: Morpeko|83/100 tox|[from] psn
|-formechange|p2a: Morpeko|Morpeko||[from] ability: Hunger Switch
|upkeep
|turn|3
|
|t:|1757955799
|switch|p2a: Ting-Lu|Ting-Lu|100/100
|-ability|p2a: Ting-Lu|Vessel of Ruin
|move|p1a: Glimmora|Toxic|p2a: Ting-Lu
|-status|p2a: Ting-Lu|tox
|
|-damage|p2a: Ting-Lu|94/100 tox|[from] psn
|upkeep
|turn|4
|
|t:|1757955810
|move|p1a: Glimmora|Protect|p1a: Glimmora
|-singleturn|p1a: Glimmora|Protect
|move|p2a: Ting-Lu|Ruination|p1a: Glimmora
|-activate|p1a: Glimmora|move: Protect
|
|-heal|p2a: Ting-Lu|100/100 tox|[from] item: Leftovers
|-damage|p2a: Ting-Lu|88/100 tox|[from] psn
|upkeep
|turn|5
|
|t:|1757955833
|switch|p1a: Kingambit|Kingambit, F|100/100
|move|p2a: Ting-Lu|Whirlwind|p1a: Kingambit
|-end|p1a: Kingambit|fallenundefined|[silent]
|drag|p1a: Glimmora|Glimmora, F|93/100
|
|-heal|p2a: Ting-Lu|94/100 tox|[from] item: Leftovers
|-damage|p2a: Ting-Lu|76/100 tox|[from] psn
|upkeep
|turn|6
|
|t:|1757955852
|move|p1a: Glimmora|Protect|p1a: Glimmora
|-singleturn|p1a: Glimmora|Protect
|move|p2a: Ting-Lu|Spikes|p1a: Glimmora
|-sidestart|p1: StarPollution|Spikes
|
|-heal|p2a: Ting-Lu|82/100 tox|[from] item: Leftovers
|-damage|p2a: Ting-Lu|57/100 tox|[from] psn
|upkeep
|turn|7
|
|t:|1757955865
|switch|p1a: Espeon|Espeon, M|100/100
|-damage|p1a: Espeon|88/100|[from] Spikes
|move|p2a: Ting-Lu|Earthquake|p1a: Espeon
|-crit|p1a: Espeon
|-damage|p1a: Espeon|0 fnt
|faint|p1a: Espeon
|
|-heal|p2a: Ting-Lu|63/100 tox|[from] item: Leftovers
|-damage|p2a: Ting-Lu|32/100 tox|[from] psn
|upkeep
|
|t:|1757955876
|switch|p1a: Dondozo|Dondozo, M|100/100
|-damage|p1a: Dondozo|88/100|[from] Spikes
|turn|8
|
|t:|1757955890
|move|p1a: Dondozo|Protect|p1a: Dondozo
|-singleturn|p1a: Dondozo|Protect
|move|p2a: Ting-Lu|Earthquake|p1a: Dondozo
|-activate|p1a: Dondozo|move: Protect
|
|-heal|p2a: Ting-Lu|38/100 tox|[from] item: Leftovers
|-heal|p1a: Dondozo|94/100|[from] item: Leftovers
|-damage|p2a: Ting-Lu|1/100 tox|[from] psn
|upkeep
|turn|9
|
|t:|1757955918
|switch|p1a: Umbreon|Umbreon, F|100/100
|-damage|p1a: Umbreon|88/100|[from] Spikes
|move|p2a: Ting-Lu|Spikes|p1a: Umbreon
|-sidestart|p1: StarPollution|Spikes
|
|-heal|p2a: Ting-Lu|7/100 tox|[from] item: Leftovers
|-heal|p1a: Umbreon|94/100|[from] item: Leftovers
|-damage|p2a: Ting-Lu|0 fnt|[from] psn
|faint|p2a: Ting-Lu
|upkeep
|
|t:|1757955932
|switch|p2a: Ditto|Ditto|100/100
|-transform|p2a: Ditto|p1a: Umbreon|[from] ability: Imposter
|turn|10
|
|t:|1757955953
|-terastallize|p1a: Umbreon|Poison
|move|p2a: Ditto|Moonlight|p2a: Ditto
|-fail|p2a: Ditto|heal
|move|p1a: Umbreon|Toxic|p2a: Ditto
|-status|p2a: Ditto|tox
|
|-heal|p1a: Umbreon|99/100|[from] item: Leftovers
|-damage|p2a: Ditto|94/100 tox|[from] psn
|upkeep
|turn|11
|
|t:|1757955973
|switch|p2a: Iron Valiant|Iron Valiant|100/100
|move|p1a: Umbreon|Protect||[still]
|-fail|p1a: Umbreon
|
|-heal|p1a: Umbreon|100/100|[from] item: Leftovers
|upkeep
|turn|12
|
|t:|1757955983
|move|p2a: Iron Valiant|Psyshock|p1a: Umbreon
|-supereffective|p1a: Umbreon
|-damage|p1a: Umbreon|38/100
|move|p1a: Umbreon|Toxic|p2a: Iron Valiant
|-status|p2a: Iron Valiant|tox
|
|-heal|p1a: Umbreon|44/100|[from] item: Leftovers
|-damage|p2a: Iron Valiant|94/100 tox|[from] psn
|upkeep
|turn|13
|
|t:|1757955999
|move|p1a: Umbreon|Protect|p1a: Umbreon
|-singleturn|p1a: Umbreon|Protect
|move|p2a: Iron Valiant|Psyshock|p1a: Umbreon
|-activate|p1a: Umbreon|move: Protect
|
|-heal|p1a: Umbreon|50/100|[from] item: Leftovers
|-damage|p2a: Iron Valiant|82/100 tox|[from] psn
|upkeep
|turn|14
|
|t:|1757956011
|-end|p2a: Iron Valiant|Quark Drive|[silent]
|switch|p2a: Dragonite|Dragonite, F|100/100
|switch|p1a: Kingambit|Kingambit, F|100/100
|-damage|p1a: Kingambit|84/100|[from] Spikes
|-activate|p1a: Kingambit|ability: Supreme Overlord
|-start|p1a: Kingambit|fallen1|[silent]
|
|upkeep
|turn|15
|
|t:|1757956024
|move|p2a: Dragonite|Earthquake|p1a: Kingambit
|-supereffective|p1a: Kingambit
|-damage|p1a: Kingambit|23/100
|move|p1a: Kingambit|Iron Head|p2a: Dragonite
|-damage|p2a: Dragonite|47/100
|
|upkeep
|turn|16
|
|t:|1757956032
|move|p2a: Dragonite|Extreme Speed|p1a: Kingambit
|-resisted|p1a: Kingambit
|-damage|p1a: Kingambit|10/100
|move|p1a: Kingambit|Sucker Punch||[still]
|-fail|p1a: Kingambit
|
|upkeep
|turn|17
|
|t:|1757956040
|move|p1a: Kingambit|Sucker Punch|p2a: Dragonite
|-damage|p2a: Dragonite|0 fnt
|faint|p2a: Dragonite
|
|upkeep
|
|t:|1757956044
|switch|p2a: Toxapex|Toxapex, M|100/100
|turn|18
|
|t:|1757956048
|-end|p1a: Kingambit|fallen1|[silent]
|switch|p1a: Hatterene|Hatterene, F|100/100
|-damage|p1a: Hatterene|84/100|[from] Spikes
|move|p2a: Toxapex|Haze|p2a: Toxapex
|-clearallboost
|
|-heal|p1a: Hatterene|90/100|[from] item: Leftovers
|upkeep
|turn|19
|
|t:|1757956060
|move|p2a: Toxapex|Toxic Spikes|p1a: Hatterene
|move|p1a: Hatterene|Toxic Spikes|p2a: Toxapex|[from] ability: Magic Bounce
|-sidestart|p2: desma.222|move: Toxic Spikes
|move|p1a: Hatterene|Psychic|p2a: Toxapex
|-supereffective|p2a: Toxapex
|-damage|p2a: Toxapex|16/100
|
|-heal|p2a: Toxapex|22/100|[from] item: Black Sludge
|-heal|p1a: Hatterene|96/100|[from] item: Leftovers
|upkeep
|turn|20
|
|t:|1757956071
|move|p2a: Toxapex|Surf|p1a: Hatterene
|-damage|p1a: Hatterene|77/100
|move|p1a: Hatterene|Trick Room|p1a: Hatterene
|-fieldstart|move: Trick Room|[of] p1a: Hatterene
|
|-heal|p1a: Hatterene|83/100|[from] item: Leftovers
|-heal|p2a: Toxapex|28/100|[from] item: Black Sludge
|upkeep
|turn|21
|
|t:|1757956085
|move|p1a: Hatterene|Calm Mind|p1a: Hatterene
|-boost|p1a: Hatterene|spa|1
|-boost|p1a: Hatterene|spd|1
|move|p2a: Toxapex|Recover|p2a: Toxapex
|-heal|p2a: Toxapex|78/100
|
|-heal|p1a: Hatterene|89/100|[from] item: Leftovers
|-heal|p2a: Toxapex|84/100|[from] item: Black Sludge
|upkeep
|turn|22
|
|t:|1757956100
|move|p1a: Hatterene|Psychic|p2a: Toxapex
|-supereffective|p2a: Toxapex
|-damage|p2a: Toxapex|0 fnt
|faint|p2a: Toxapex
|
|-heal|p1a: Hatterene|95/100|[from] item: Leftovers
|upkeep
|
|t:|1757956107
|switch|p2a: Iron Valiant|Iron Valiant|82/100 tox
|turn|23
|
|t:|1757956116
|move|p1a: Hatterene|Draining Kiss|p2a: Iron Valiant
|-supereffective|p2a: Iron Valiant
|-damage|p2a: Iron Valiant|0 fnt
|-heal|p1a: Hatterene|100/100|[from] drain|[of] p2a: Iron Valiant
|faint|p2a: Iron Valiant
|-end|p2a: Iron Valiant|Quark Drive|[silent]
|
|upkeep
|
|t:|1757956121
|switch|p2a: Ditto|Ditto|94/100 tox
|-transform|p2a: Ditto|p1a: Hatterene|[from] ability: Imposter
|turn|24
|
|t:|1757956131
|move|p1a: Hatterene|Psychic|p2a: Ditto
|-resisted|p2a: Ditto
|-damage|p2a: Ditto|63/100 tox
|move|p2a: Ditto|Draining Kiss|p1a: Hatterene
|-damage|p1a: Hatterene|69/100
|-heal|p2a: Ditto|88/100 tox|[from] drain|[of] p1a: Hatterene
|
|-heal|p1a: Hatterene|75/100|[from] item: Leftovers
|-damage|p2a: Ditto|82/100 tox|[from] psn
|-fieldend|move: Trick Room
|upkeep
|turn|25
|
|t:|1757956142
|move|p2a: Ditto|Draining Kiss|p1a: Hatterene
|-damage|p1a: Hatterene|47/100
|-heal|p2a: Ditto|100/100 tox|[from] drain|[of] p1a: Hatterene
|move|p1a: Hatterene|Draining Kiss|p2a: Ditto
|-damage|p2a: Ditto|69/100 tox
|-heal|p1a: Hatterene|69/100|[from] drain|[of] p2a: Ditto
|
|-heal|p1a: Hatterene|75/100|[from] item: Leftovers
|-damage|p2a: Ditto|57/100 tox|[from] psn
|upkeep
|turn|26
|
|t:|1757956152
|move|p2a: Ditto|Draining Kiss|p1a: Hatterene
|-damage|p1a: Hatterene|45/100
|-heal|p2a: Ditto|81/100 tox|[from] drain|[of] p1a: Hatterene
|move|p1a: Hatterene|Draining Kiss|p2a: Ditto
|-damage|p2a: Ditto|49/100 tox
|-heal|p1a: Hatterene|68/100|[from] drain|[of] p2a: Ditto
|
|-heal|p1a: Hatterene|74/100|[from] item: Leftovers
|-damage|p2a: Ditto|31/100 tox|[from] psn
|upkeep
|turn|27
|
|t:|1757956164
|move|p2a: Ditto|Draining Kiss|p1a: Hatterene
|-damage|p1a: Hatterene|43/100
|-heal|p2a: Ditto|55/100 tox|[from] drain|[of] p1a: Hatterene
|move|p1a: Hatterene|Draining Kiss|p2a: Ditto
|-damage|p2a: Ditto|20/100 tox
|-heal|p1a: Hatterene|68/100|[from] drain|[of] p2a: Ditto
|
|-heal|p1a: Hatterene|74/100|[from] item: Leftovers
|-damage|p2a: Ditto|0 fnt|[from] psn
|faint|p2a: Ditto
|upkeep
|
|t:|1757956175
|switch|p2a: Morpeko|Morpeko, M|83/100 tox
|turn|28
|
|t:|1757956192
|move|p2a: Morpeko|Rapid Spin|p1a: Hatterene
|-damage|p1a: Hatterene|62/100
|-boost|p2a: Morpeko|spe|1
|-sideend|p2: desma.222|Toxic Spikes|[from] move: Rapid Spin|[of] p2a: Morpeko
|move|p1a: Hatterene|Draining Kiss|p2a: Morpeko
|-supereffective|p2a: Morpeko
|-damage|p2a: Morpeko|0 fnt
|-heal|p1a: Hatterene|100/100|[from] drain|[of] p2a: Morpeko
|faint|p2a: Morpeko
|
|win|StarPollution
|raw|StarPollution's rating: 1085 &rarr; <strong>1112</strong><br />(+27 for winning)
|raw|desma.222's rating: 1076 &rarr; <strong>1055</strong><br />(-21 for losing)
