|j|‽Lucid Coffee
|j|☆mkyn
|t:|1757859941
|gametype|singles
|player|p1|Lucid Coffee|blue|1721
|player|p2|mkyn|1|1675
|gen|9
|tier|[Gen 9] OU
|rated|
|rule|HP Percentage Mod: HP is shown in percentages
|rule|Endless Battle Clause: Forcing endless battles is banned
|rule|Species Clause: Limit one of each Pokémon
|rule|OHKO Clause: OHKO moves are banned
|rule|Evasion Items Clause: Evasion items are banned
|rule|Evasion Moves Clause: Evasion moves are banned
|rule|Evasion Abilities Clause: Evasion abilities are banned
|rule|Sleep Moves Clause: Sleep-inducing moves are banned
|clearpoke
|poke|p1|Dragapult, M|
|poke|p1|Glimmora, M|
|poke|p1|Comfey, M|
|poke|p1|Kingambit, M|
|poke|p1|Ogerpon-Wellspring, F|
|poke|p1|Blaziken, M|
|poke|p2|Tyranitar, M|
|poke|p2|Excadrill, F|
|poke|p2|Pecharunt|
|poke|p2|Alomomola, F|
|poke|p2|Ogerpon, F|
|poke|p2|Iron Valiant|
|teampreview
|j| poawh
|l| poawh
|
|t:|1757859975
|teamsize|p1|6
|teamsize|p2|6
|start
|switch|p1a: Blaziken|Blaziken, M, shiny|100/100
|switch|p2a: Tyranitar|Tyranitar, M|100/100
|-weather|Sandstorm|[from] ability: Sand Stream|[of] p2a: Tyranitar
|turn|1
|
|t:|1757859991
|switch|p2a: Pecharunt|Pecharunt|100/100
|move|p1a: Blaziken|Close Combat|p2a: Pecharunt
|-immune|p2a: Pecharunt
|
|-weather|Sandstorm|[upkeep]
|-damage|p2a: Pecharunt|94/100|[from] Sandstorm
|-damage|p1a: Blaziken|95/100|[from] Sandstorm
|-ability|p1a: Blaziken|Speed Boost|boost
|-boost|p1a: Blaziken|spe|1
|upkeep
|turn|2
|
|t:|1757860000
|switch|p1a: Kingambit|Kingambit, M, shiny|100/100
|move|p2a: Pecharunt|Parting Shot|p1a: Kingambit
|-unboost|p1a: Kingambit|atk|1
|-unboost|p1a: Kingambit|spa|1
|j| huejack
|
|t:|1757860005
|switch|p2a: Iron Valiant|Iron Valiant|100/100|[from] Parting Shot
|-enditem|p2a: Iron Valiant|Booster Energy
|-activate|p2a: Iron Valiant|ability: Quark Drive|[fromitem]
|-start|p2a: Iron Valiant|quarkdrivespe
|
|-weather|Sandstorm|[upkeep]
|-damage|p2a: Iron Valiant|94/100|[from] Sandstorm
|upkeep
|turn|3
|
|t:|1757860009
|-end|p1a: Kingambit|fallenundefined|[silent]
|switch|p1a: Glimmora|Glimmora, M, shiny|100/100
|move|p2a: Iron Valiant|Close Combat|p1a: Glimmora
|-damage|p1a: Glimmora|65/100
|-unboost|p2a: Iron Valiant|def|1
|-unboost|p2a: Iron Valiant|spd|1
|-activate|p1a: Glimmora|ability: Toxic Debris
|-sidestart|p2: mkyn|move: Toxic Spikes
|-enditem|p1a: Glimmora|Red Card|[of] p2a: Iron Valiant
|-end|p2a: Iron Valiant|Quark Drive|[silent]
|drag|p2a: Tyranitar|Tyranitar, M|100/100
|-status|p2a: Tyranitar|psn
|
|-weather|Sandstorm|[upkeep]
|-damage|p2a: Tyranitar|88/100 psn|[from] psn
|upkeep
|turn|4
|
|t:|1757860023
|move|p1a: Glimmora|Stealth Rock|p2a: Tyranitar
|-sidestart|p2: mkyn|move: Stealth Rock
|move|p2a: Tyranitar|Stealth Rock|p1a: Glimmora
|-sidestart|p1: Lucid Coffee|move: Stealth Rock
|
|-weather|Sandstorm|[upkeep]
|-damage|p2a: Tyranitar|76/100 psn|[from] psn
|upkeep
|turn|5
|
|t:|1757860031
|switch|p2a: Excadrill|Excadrill, F|100/100
|-damage|p2a: Excadrill|97/100|[from] Stealth Rock
|-item|p2a: Excadrill|Air Balloon
|move|p1a: Glimmora|Earth Power|p2a: Excadrill
|-immune|p2a: Excadrill
|
|-weather|Sandstorm|[upkeep]
|upkeep
|turn|6
|
|t:|1757860042
|move|p2a: Excadrill|Earthquake|p1a: Glimmora
|-supereffective|p1a: Glimmora
|-damage|p1a: Glimmora|0 fnt
|-activate|p1a: Glimmora|ability: Toxic Debris
|-sidestart|p2: mkyn|move: Toxic Spikes
|faint|p1a: Glimmora
|
|-weather|Sandstorm|[upkeep]
|upkeep
|
|t:|1757860048
|switch|p1a: Blaziken|Blaziken, M, shiny|95/100
|-damage|p1a: Blaziken|82/100|[from] Stealth Rock
|turn|7
|
|t:|1757860075
|move|p1a: Blaziken|Protect|p1a: Blaziken
|-singleturn|p1a: Blaziken|Protect
|move|p2a: Excadrill|Earthquake|p1a: Blaziken
|-activate|p1a: Blaziken|move: Protect
|
|-weather|Sandstorm|[upkeep]
|-damage|p1a: Blaziken|76/100|[from] Sandstorm
|-ability|p1a: Blaziken|Speed Boost|boost
|-boost|p1a: Blaziken|spe|1
|upkeep
|turn|8
|
|t:|1757860092
|switch|p1a: Ogerpon|Ogerpon-Wellspring, F|100/100
|-damage|p1a: Ogerpon|88/100|[from] Stealth Rock
|move|p2a: Excadrill|Earthquake|p1a: Ogerpon
|-resisted|p1a: Ogerpon
|-damage|p1a: Ogerpon|54/100
|
|-weather|none
|upkeep
|turn|9
|j| jxnsksnsksn
|
|t:|1757860106
|switch|p2a: Pecharunt|Pecharunt|94/100
|-sideend|p2: mkyn|move: Toxic Spikes|[of] p2a: Pecharunt
|-damage|p2a: Pecharunt|82/100|[from] Stealth Rock
|move|p1a: Ogerpon|Spikes|p2a: Pecharunt
|-sidestart|p2: mkyn|Spikes
|
|upkeep
|turn|10
|
|t:|1757860115
|move|p1a: Ogerpon|U-turn|p2a: Pecharunt
|-resisted|p2a: Pecharunt
|-damage|p2a: Pecharunt|78/100
|-damage|p1a: Ogerpon|38/100|[from] item: Rocky Helmet|[of] p2a: Pecharunt
|
|t:|1757860124
|switch|p1a: Kingambit|Kingambit, M, shiny|100/100|[from] U-turn
|-damage|p1a: Kingambit|94/100|[from] Stealth Rock
|-activate|p1a: Kingambit|ability: Supreme Overlord
|-start|p1a: Kingambit|fallen1|[silent]
|move|p2a: Pecharunt|Malignant Chain|p1a: Kingambit
|-immune|p1a: Kingambit
|
|-heal|p1a: Kingambit|100/100|[from] item: Leftovers
|upkeep
|turn|11
|
|t:|1757860131
|-end|p1a: Kingambit|fallen1|[silent]
|switch|p1a: Dragapult|Dragapult, M, shiny|100/100
|-damage|p1a: Dragapult|88/100|[from] Stealth Rock
|move|p2a: Pecharunt|Parting Shot|p1a: Dragapult
|-fail|p1a: Dragapult|unboost|[from] ability: Clear Body|[of] p1a: Dragapult
|
|upkeep
|turn|12
|
|t:|1757860148
|move|p1a: Dragapult|Shadow Ball|p2a: Pecharunt
|-supereffective|p2a: Pecharunt
|-damage|p2a: Pecharunt|0 fnt
|faint|p2a: Pecharunt
|-damage|p1a: Dragapult|78/100|[from] item: Life Orb
|
|upkeep
|
|t:|1757860158
|switch|p2a: Ogerpon|Ogerpon, F|100/100
|turn|13
|
|t:|1757860171
|-terastallize|p1a: Dragapult|Dragon
|-terastallize|p2a: Ogerpon|Grass
|detailschange|p2a: Ogerpon|Ogerpon-Teal-Tera, F, tera:Grass
|-ability|p2a: Ogerpon|Embody Aspect (Teal)|boost
|-boost|p2a: Ogerpon|spe|1
|move|p2a: Ogerpon|Knock Off|p1a: Dragapult
|-damage|p1a: Dragapult|36/100
|-enditem|p1a: Dragapult|Life Orb|[from] move: Knock Off|[of] p2a: Ogerpon
|move|p1a: Dragapult|Draco Meteor|p2a: Ogerpon
|-damage|p2a: Ogerpon|15/100
|-unboost|p1a: Dragapult|spa|2
|
|upkeep
|turn|14
|
|t:|1757860184
|move|p2a: Ogerpon|Ivy Cudgel|p1a: Dragapult
|-resisted|p1a: Dragapult
|-damage|p1a: Dragapult|0 fnt
|faint|p1a: Dragapult
|
|upkeep
|
|t:|1757860194
|switch|p1a: Kingambit|Kingambit, M, shiny|100/100
|-damage|p1a: Kingambit|94/100|[from] Stealth Rock
|-activate|p1a: Kingambit|ability: Supreme Overlord
|-start|p1a: Kingambit|fallen2|[silent]
|turn|15
|
|t:|1757860232
|switch|p2a: Alomomola|Alomomola, F|100/100
|-end|p1a: Kingambit|fallen2|[silent]
|switch|p1a: Blaziken|Blaziken, M, shiny|76/100
|-damage|p1a: Blaziken|64/100|[from] Stealth Rock
|
|upkeep
|turn|16
|
|t:|1757860270
|switch|p1a: Ogerpon|Ogerpon-Wellspring, F|38/100
|-damage|p1a: Ogerpon|25/100|[from] Stealth Rock
|move|p2a: Alomomola|Flip Turn|p1a: Ogerpon
|-heal|p1a: Ogerpon|50/100|[from] ability: Water Absorb|[of] p2a: Alomomola
|
|upkeep
|turn|17
|
|t:|1757860282
|switch|p2a: Iron Valiant|Iron Valiant|94/100
|-damage|p2a: Iron Valiant|88/100|[from] Stealth Rock
|-damage|p2a: Iron Valiant|76/100|[from] Spikes
|move|p1a: Ogerpon|Ivy Cudgel|p2a: Iron Valiant|[anim] Ivy Cudgel Water
|-damage|p2a: Iron Valiant|0 fnt
|faint|p2a: Iron Valiant
|-end|p2a: Iron Valiant|Quark Drive|[silent]
|
|upkeep
|
|t:|1757860285
|switch|p2a: Ogerpon|Ogerpon-Teal-Tera, F, tera:Grass|15/100
|-ability|p2a: Ogerpon|Embody Aspect (Teal)|boost
|-boost|p2a: Ogerpon|spe|1
|turn|18
|
|t:|1757860291
|switch|p1a: Kingambit|Kingambit, M, shiny|94/100
|-damage|p1a: Kingambit|88/100|[from] Stealth Rock
|-activate|p1a: Kingambit|ability: Supreme Overlord
|-start|p1a: Kingambit|fallen2|[silent]
|move|p2a: Ogerpon|Ivy Cudgel|p1a: Kingambit
|-resisted|p1a: Kingambit
|-damage|p1a: Kingambit|66/100
|
|-heal|p1a: Kingambit|72/100|[from] item: Leftovers
|upkeep
|turn|19
|
|t:|1757860305
|switch|p2a: Tyranitar|Tyranitar, M|76/100 psn
|-damage|p2a: Tyranitar|63/100 psn|[from] Stealth Rock
|-damage|p2a: Tyranitar|51/100 psn|[from] Spikes
|-weather|Sandstorm|[from] ability: Sand Stream|[of] p2a: Tyranitar
|move|p1a: Kingambit|Kowtow Cleave|p2a: Tyranitar
|-resisted|p2a: Tyranitar
|-damage|p2a: Tyranitar|23/100 psn
|
|-weather|Sandstorm|[upkeep]
|-heal|p1a: Kingambit|78/100|[from] item: Leftovers
|-damage|p2a: Tyranitar|11/100 psn|[from] psn
|upkeep
|turn|20
|
|t:|1757860312
|move|p1a: Kingambit|Sucker Punch||[still]
|-fail|p1a: Kingambit
|move|p2a: Tyranitar|Thunder Wave|p1a: Kingambit
|-status|p1a: Kingambit|par
|
|-weather|Sandstorm|[upkeep]
|-heal|p1a: Kingambit|85/100 par|[from] item: Leftovers
|-damage|p2a: Tyranitar|0 fnt|[from] psn
|faint|p2a: Tyranitar
|upkeep
|
|t:|1757860323
|switch|p2a: Excadrill|Excadrill, F|97/100
|-damage|p2a: Excadrill|94/100|[from] Stealth Rock
|-item|p2a: Excadrill|Air Balloon
|turn|21
|
|t:|1757860369
|-end|p1a: Kingambit|fallen2|[silent]
|switch|p1a: Ogerpon|Ogerpon-Wellspring, F|50/100
|-damage|p1a: Ogerpon|38/100|[from] Stealth Rock
|move|p2a: Excadrill|Earthquake|p1a: Ogerpon
|-resisted|p1a: Ogerpon
|-damage|p1a: Ogerpon|4/100
|
|-weather|Sandstorm|[upkeep]
|-damage|p1a: Ogerpon|0 fnt|[from] Sandstorm
|faint|p1a: Ogerpon
|upkeep
|
|t:|1757860376
|switch|p1a: Blaziken|Blaziken, M, shiny|64/100
|-damage|p1a: Blaziken|52/100|[from] Stealth Rock
|turn|22
|
|t:|1757860380
|move|p1a: Blaziken|Protect|p1a: Blaziken
|-singleturn|p1a: Blaziken|Protect
|move|p2a: Excadrill|Earthquake|p1a: Blaziken
|-activate|p1a: Blaziken|move: Protect
|
|-weather|Sandstorm|[upkeep]
|-damage|p1a: Blaziken|46/100|[from] Sandstorm
|-ability|p1a: Blaziken|Speed Boost|boost
|-boost|p1a: Blaziken|spe|1
|upkeep
|turn|23
|
|t:|1757860395
|switch|p1a: Comfey|Comfey, M, shiny|100/100
|-damage|p1a: Comfey|88/100|[from] Stealth Rock
|move|p2a: Excadrill|Earthquake|p1a: Comfey
|-damage|p1a: Comfey|18/100
|
|-weather|Sandstorm|[upkeep]
|-damage|p1a: Comfey|12/100|[from] Sandstorm
|upkeep
|turn|24
|
|t:|1757860402
|move|p1a: Comfey|Draining Kiss|p2a: Excadrill
|-resisted|p2a: Excadrill
|-damage|p2a: Excadrill|76/100
|-heal|p1a: Comfey|28/100|[from] drain|[of] p2a: Excadrill
|-enditem|p2a: Excadrill|Air Balloon
|-damage|p1a: Comfey|18/100|[from] item: Life Orb
|move|p2a: Excadrill|Rapid Spin|p1a: Comfey
|-damage|p1a: Comfey|0 fnt
|-boost|p2a: Excadrill|spe|1
|-sideend|p2: mkyn|Spikes|[from] move: Rapid Spin|[of] p2a: Excadrill
|-sideend|p2: mkyn|Stealth Rock|[from] move: Rapid Spin|[of] p2a: Excadrill
|faint|p1a: Comfey
|
|-weather|Sandstorm|[upkeep]
|upkeep
|
|t:|1757860408
|switch|p1a: Blaziken|Blaziken, M, shiny|46/100
|-damage|p1a: Blaziken|33/100|[from] Stealth Rock
|turn|25
|
|t:|1757860417
|move|p1a: Blaziken|Protect|p1a: Blaziken
|-singleturn|p1a: Blaziken|Protect
|move|p2a: Excadrill|Earthquake|p1a: Blaziken
|-activate|p1a: Blaziken|move: Protect
|
|-weather|Sandstorm|[upkeep]
|-damage|p1a: Blaziken|27/100|[from] Sandstorm
|-ability|p1a: Blaziken|Speed Boost|boost
|-boost|p1a: Blaziken|spe|1
|upkeep
|turn|26
|
|t:|1757860422
|move|p1a: Blaziken|Protect|p1a: Blaziken
|-singleturn|p1a: Blaziken|Protect
|move|p2a: Excadrill|Earthquake|p1a: Blaziken
|-activate|p1a: Blaziken|move: Protect
|
|-weather|none
|-ability|p1a: Blaziken|Speed Boost|boost
|-boost|p1a: Blaziken|spe|1
|upkeep
|turn|27
|
|t:|1757860429
|switch|p2a: Alomomola|Alomomola, F|100/100
|move|p1a: Blaziken|Close Combat|p2a: Alomomola
|-damage|p2a: Alomomola|56/100
|-unboost|p1a: Blaziken|def|1
|-unboost|p1a: Blaziken|spd|1
|-damage|p1a: Blaziken|17/100|[from] item: Life Orb
|
|-ability|p1a: Blaziken|Speed Boost|boost
|-boost|p1a: Blaziken|spe|1
|upkeep
|turn|28
|
|t:|1757860436
|move|p1a: Blaziken|Close Combat|p2a: Alomomola
|-damage|p2a: Alomomola|15/100
|-unboost|p1a: Blaziken|def|1
|-unboost|p1a: Blaziken|spd|1
|-damage|p1a: Blaziken|7/100|[from] item: Life Orb
|move|p2a: Alomomola|Flip Turn|p1a: Blaziken
|-supereffective|p1a: Blaziken
|-damage|p1a: Blaziken|0 fnt
|faint|p1a: Blaziken
|j| Jey2
|
|t:|1757860443
|switch|p2a: Excadrill|Excadrill, F|76/100|[from] Flip Turn
|
|upkeep
|
|t:|1757860447
|switch|p1a: Kingambit|Kingambit, M, shiny|85/100 par
|-damage|p1a: Kingambit|78/100 par|[from] Stealth Rock
|-activate|p1a: Kingambit|ability: Supreme Overlord
|-start|p1a: Kingambit|fallen5|[silent]
|turn|29
|
|t:|1757860450
|move|p2a: Excadrill|Earthquake|p1a: Kingambit
|-supereffective|p1a: Kingambit
|-damage|p1a: Kingambit|7/100 par
|move|p1a: Kingambit|Swords Dance|p1a: Kingambit
|-boost|p1a: Kingambit|atk|2
|
|-heal|p1a: Kingambit|13/100 par|[from] item: Leftovers
|upkeep
|turn|30
|
|t:|1757860455
|switch|p2a: Ogerpon|Ogerpon-Teal-Tera, F, tera:Grass|15/100
|-ability|p2a: Ogerpon|Embody Aspect (Teal)|boost
|-boost|p2a: Ogerpon|spe|1
|move|p1a: Kingambit|Sucker Punch||[still]
|-fail|p1a: Kingambit
|
|-heal|p1a: Kingambit|19/100 par|[from] item: Leftovers
|upkeep
|turn|31
|
|t:|1757860457
|move|p1a: Kingambit|Sucker Punch||[still]
|-fail|p1a: Kingambit
|move|p2a: Ogerpon|Encore|p1a: Kingambit
|-start|p1a: Kingambit|Encore
|
|-heal|p1a: Kingambit|26/100 par|[from] item: Leftovers
|upkeep
|turn|32
|
|t:|1757860461
|switch|p2a: Alomomola|Alomomola, F|49/100
|move|p1a: Kingambit|Sucker Punch||[still]
|-fail|p1a: Kingambit
|
|-heal|p1a: Kingambit|32/100 par|[from] item: Leftovers
|upkeep
|turn|33
|
|t:|1757860463
|switch|p2a: Ogerpon|Ogerpon-Teal-Tera, F, tera:Grass|15/100
|-ability|p2a: Ogerpon|Embody Aspect (Teal)|boost
|-boost|p2a: Ogerpon|spe|1
|move|p1a: Kingambit|Sucker Punch||[still]
|-fail|p1a: Kingambit
|
|-heal|p1a: Kingambit|38/100 par|[from] item: Leftovers
|upkeep
|turn|34
|
|t:|1757860468
|move|p1a: Kingambit|Sucker Punch||[still]
|-fail|p1a: Kingambit
|move|p2a: Ogerpon|Encore||[still]
|-fail|p2a: Ogerpon
|
|-heal|p1a: Kingambit|44/100 par|[from] item: Leftovers
|-end|p1a: Kingambit|Encore
|upkeep
|turn|35
|
|t:|1757860472
|move|p1a: Kingambit|Sucker Punch||[still]
|-fail|p1a: Kingambit
|move|p2a: Ogerpon|Encore|p1a: Kingambit
|-start|p1a: Kingambit|Encore
|
|-heal|p1a: Kingambit|50/100 par|[from] item: Leftovers
|upkeep
|turn|36
|
|t:|1757860477
|move|p1a: Kingambit|Sucker Punch|p2a: Ogerpon
|-damage|p2a: Ogerpon|0 fnt
|faint|p2a: Ogerpon
|detailschange|p2: Ogerpon|Ogerpon, F|[silent]
|
|-heal|p1a: Kingambit|57/100 par|[from] item: Leftovers
|-end|p1a: Kingambit|Encore
|upkeep
|
|t:|1757860478
|switch|p2a: Excadrill|Excadrill, F|76/100
|turn|37
|
|t:|1757860483
|move|p2a: Excadrill|Earthquake|p1a: Kingambit
|-supereffective|p1a: Kingambit
|-damage|p1a: Kingambit|0 fnt
|faint|p1a: Kingambit
|-end|p1a: Kingambit|fallen5|[silent]
|
|win|mkyn
|raw|Lucid Coffee's rating: 1721 &rarr; <strong>1698</strong><br />(-23 for losing)
|raw|mkyn's rating: 1675 &rarr; <strong>1698</strong><br />(+23 for winning)
|l|‽Lucid Coffee
|player|p1|
|l| huejack
|l| Jey2
