|j|☆Tytohbird
|j|☆top 500 mainstay
|t:|1757868073
|gametype|singles
|player|p1|Tytohbird|hilbert-wonderlauncher|1596
|player|p2|top 500 mainstay|169|1690
|gen|9
|tier|[Gen 9] OU
|rated|
|rule|HP Percentage Mod: HP is shown in percentages
|rule|Endless Battle Clause: Forcing endless battles is banned
|rule|Species Clause: Limit one of each Pokémon
|rule|OHKO Clause: OHKO moves are banned
|rule|Evasion Items Clause: Evasion items are banned
|rule|Evasion Moves Clause: Evasion moves are banned
|rule|Evasion Abilities Clause: Evasion abilities are banned
|rule|Sleep Moves Clause: Sleep-inducing moves are banned
|clearpoke
|poke|p1|Inteleon, M|
|poke|p1|Meowscarada, F|
|poke|p1|Hatterene, F|
|poke|p1|Kingambit, M|
|poke|p1|Pecharunt|
|poke|p1|Landorus-Therian, M|
|poke|p2|Iron Crown|
|poke|p2|Deoxys-Speed|
|poke|p2|Rillaboom, F|
|poke|p2|Hawlucha, F|
|poke|p2|Raging Bolt|
|poke|p2|Kingambit, M|
|teampreview
|inactive|Battle timer is ON: inactive players will automatically lose when time's up. (requested by Tytohbird)
|
|t:|1757868084
|teamsize|p1|6
|teamsize|p2|6
|start
|switch|p1a: DMR Demon|Meowscarada, F|100/100
|switch|p2a: Iron Crown|Iron Crown|100/100
|-enditem|p2a: Iron Crown|Booster Energy
|-activate|p2a: Iron Crown|ability: Quark Drive|[fromitem]
|-start|p2a: Iron Crown|quarkdrivespe
|turn|1
|j| firecharmander004
|
|t:|1757868091
|move|p2a: Iron Crown|Focus Blast|p1a: DMR Demon
|-supereffective|p1a: DMR Demon
|-damage|p1a: DMR Demon|0 fnt
|faint|p1a: DMR Demon
|
|upkeep
|
|t:|1757868098
|switch|p1a: SMG Sweat|Landorus-Therian, M|100/100
|-ability|p1a: SMG Sweat|Intimidate|boost
|-unboost|p2a: Iron Crown|atk|1
|turn|2
|
|t:|1757868102
|move|p2a: Iron Crown|Tachyon Cutter|p1a: SMG Sweat
|-damage|p1a: SMG Sweat|73/100
|-damage|p1a: SMG Sweat|46/100
|-hitcount|p1a: SMG Sweat|2
|move|p1a: SMG Sweat|U-turn|p2a: Iron Crown
|-damage|p2a: Iron Crown|80/100
|
|t:|1757868104
|switch|p1a: AA-12 Abuser|Kingambit, M|100/100|[from] U-turn
|-activate|p1a: AA-12 Abuser|ability: Supreme Overlord
|-start|p1a: AA-12 Abuser|fallen1|[silent]
|
|upkeep
|turn|3
|
|t:|1757868111
|-terastallize|p2a: Iron Crown|Fighting
|move|p1a: AA-12 Abuser|Sucker Punch|p2a: Iron Crown
|-resisted|p2a: Iron Crown
|-damage|p2a: Iron Crown|58/100
|move|p2a: Iron Crown|Focus Blast|p1a: AA-12 Abuser|[miss]
|-miss|p2a: Iron Crown|p1a: AA-12 Abuser
|
|upkeep
|turn|4
|
|t:|1757868137
|move|p2a: Iron Crown|Calm Mind|p2a: Iron Crown
|-boost|p2a: Iron Crown|spa|1
|-boost|p2a: Iron Crown|spd|1
|move|p1a: AA-12 Abuser|Iron Head|p2a: Iron Crown
|-damage|p2a: Iron Crown|3/100
|
|upkeep
|turn|5
|
|t:|1757868143
|move|p2a: Iron Crown|Calm Mind|p2a: Iron Crown
|-boost|p2a: Iron Crown|spa|1
|-boost|p2a: Iron Crown|spd|1
|move|p1a: AA-12 Abuser|Swords Dance|p1a: AA-12 Abuser
|-boost|p1a: AA-12 Abuser|atk|2
|
|upkeep
|turn|6
|
|t:|1757868148
|move|p1a: AA-12 Abuser|Sucker Punch|p2a: Iron Crown
|-resisted|p2a: Iron Crown
|-damage|p2a: Iron Crown|0 fnt
|faint|p2a: Iron Crown
|-end|p2a: Iron Crown|Quark Drive|[silent]
|
|upkeep
|
|t:|1757868151
|switch|p2a: Rillaboom|Rillaboom, F|100/100
|-fieldstart|move: Grassy Terrain|[from] ability: Grassy Surge|[of] p2a: Rillaboom
|turn|7
|inactive|Tytohbird has 120 seconds left.
|
|t:|1757868185
|-end|p1a: AA-12 Abuser|fallen1|[silent]
|switch|p1a: SMG Sweat|Landorus-Therian, M|46/100
|-ability|p1a: SMG Sweat|Intimidate|boost
|-unboost|p2a: Rillaboom|atk|1
|move|p2a: Rillaboom|Drain Punch|p1a: SMG Sweat
|-resisted|p1a: SMG Sweat
|-damage|p1a: SMG Sweat|35/100
|-damage|p2a: Rillaboom|84/100|[from] item: Rocky Helmet|[of] p1a: SMG Sweat
|-damage|p2a: Rillaboom|74/100|[from] item: Life Orb
|
|-heal|p2a: Rillaboom|80/100|[from] Grassy Terrain
|upkeep
|turn|8
|
|t:|1757868198
|switch|p2a: Deoxys|Deoxys-Speed|100/100
|-ability|p2a: Deoxys|Pressure
|move|p1a: SMG Sweat|U-turn|p2a: Deoxys
|-supereffective|p2a: Deoxys
|-damage|p2a: Deoxys|49/100
|
|t:|1757868202
|switch|p1a: AR + Aim Assist|Hatterene, F|100/100|[from] U-turn
|
|-heal|p2a: Deoxys|55/100|[from] Grassy Terrain
|upkeep
|turn|9
|
|t:|1757868207
|switch|p2a: Kingambit|Kingambit, M|100/100
|-activate|p2a: Kingambit|ability: Supreme Overlord
|-start|p2a: Kingambit|fallen1|[silent]
|move|p1a: AR + Aim Assist|Nuzzle|p2a: Kingambit
|-damage|p2a: Kingambit|98/100
|-status|p2a: Kingambit|par
|
|-heal|p2a: Kingambit|100/100 par|[from] Grassy Terrain
|upkeep
|turn|10
|
|t:|1757868227
|switch|p1a: SMG Sweat|Landorus-Therian, M|35/100
|-ability|p1a: SMG Sweat|Intimidate|boost
|-unboost|p2a: Kingambit|atk|1
|move|p2a: Kingambit|Swords Dance|p2a: Kingambit
|-boost|p2a: Kingambit|atk|2
|
|upkeep
|turn|11
|
|t:|1757868234
|cant|p2a: Kingambit|par
|move|p1a: SMG Sweat|Stealth Rock|p2a: Kingambit
|-sidestart|p2: top 500 mainstay|move: Stealth Rock
|
|-fieldend|move: Grassy Terrain
|upkeep
|turn|12
|
|t:|1757868238
|move|p1a: SMG Sweat|Taunt|p2a: Kingambit
|-start|p2a: Kingambit|move: Taunt
|move|p2a: Kingambit|Kowtow Cleave|p1a: SMG Sweat
|-damage|p1a: SMG Sweat|0 fnt
|-damage|p2a: Kingambit|84/100 par|[from] item: Rocky Helmet|[of] p1a: SMG Sweat
|faint|p1a: SMG Sweat
|
|-heal|p2a: Kingambit|90/100 par|[from] item: Leftovers
|upkeep
|
|t:|1757868246
|switch|p1a: AR + Aim Assist|Hatterene, F|100/100
|turn|13
|
|t:|1757868258
|move|p1a: AR + Aim Assist|Mystical Fire|p2a: Kingambit
|-supereffective|p2a: Kingambit
|-damage|p2a: Kingambit|41/100 par
|-unboost|p2a: Kingambit|spa|1
|move|p2a: Kingambit|Iron Head|p1a: AR + Aim Assist
|-supereffective|p1a: AR + Aim Assist
|-damage|p1a: AR + Aim Assist|0 fnt
|faint|p1a: AR + Aim Assist
|
|-heal|p2a: Kingambit|47/100 par|[from] item: Leftovers
|upkeep
|
|t:|1757868271
|switch|p1a: AA-12 Abuser|Kingambit, M|100/100
|-activate|p1a: AA-12 Abuser|ability: Supreme Overlord
|-start|p1a: AA-12 Abuser|fallen3|[silent]
|turn|14
|
|t:|1757868278
|-end|p2a: Kingambit|fallen1|[silent]
|switch|p2a: Rillaboom|Rillaboom, F|80/100
|-damage|p2a: Rillaboom|68/100|[from] Stealth Rock
|-fieldstart|move: Grassy Terrain|[from] ability: Grassy Surge|[of] p2a: Rillaboom
|move|p1a: AA-12 Abuser|Swords Dance|p1a: AA-12 Abuser
|-boost|p1a: AA-12 Abuser|atk|2
|
|-heal|p2a: Rillaboom|74/100|[from] Grassy Terrain
|upkeep
|turn|15
|
|t:|1757868293
|move|p1a: AA-12 Abuser|Sucker Punch|p2a: Rillaboom
|-damage|p2a: Rillaboom|0 fnt
|faint|p2a: Rillaboom
|
|upkeep
|
|t:|1757868299
|switch|p2a: Hawlucha|Hawlucha, F|100/100
|-damage|p2a: Hawlucha|88/100|[from] Stealth Rock
|-enditem|p2a: Hawlucha|Grassy Seed
|-boost|p2a: Hawlucha|def|1|[from] item: Grassy Seed
|turn|16
|
|t:|1757868302
|-end|p1a: AA-12 Abuser|fallen3|[silent]
|switch|p1a: Grenade Gremlin|Pecharunt|100/100
|move|p2a: Hawlucha|Substitute|p2a: Hawlucha
|-start|p2a: Hawlucha|Substitute
|-damage|p2a: Hawlucha|63/100
|
|upkeep
|turn|17
|
|t:|1757868308
|move|p2a: Hawlucha|Swords Dance|p2a: Hawlucha
|-boost|p2a: Hawlucha|atk|2
|move|p1a: Grenade Gremlin|Malignant Chain|p2a: Hawlucha
|-end|p2a: Hawlucha|Substitute
|
|upkeep
|turn|18
|
|t:|1757868314
|move|p2a: Hawlucha|Acrobatics|p1a: Grenade Gremlin
|-damage|p1a: Grenade Gremlin|55/100
|move|p1a: Grenade Gremlin|Malignant Chain|p2a: Hawlucha
|-damage|p2a: Hawlucha|15/100
|
|-heal|p1a: Grenade Gremlin|61/100|[from] Grassy Terrain
|-fieldend|move: Grassy Terrain
|upkeep
|turn|19
|
|t:|1757868321
|move|p2a: Hawlucha|Acrobatics|p1a: Grenade Gremlin
|-damage|p1a: Grenade Gremlin|10/100
|move|p1a: Grenade Gremlin|Shadow Ball|p2a: Hawlucha
|-damage|p2a: Hawlucha|0 fnt
|faint|p2a: Hawlucha
|
|upkeep
|
|t:|1757868342
|switch|p2a: Raging Bolt|Raging Bolt|100/100
|-damage|p2a: Raging Bolt|88/100|[from] Stealth Rock
|-enditem|p2a: Raging Bolt|Booster Energy
|-activate|p2a: Raging Bolt|ability: Protosynthesis|[fromitem]
|-start|p2a: Raging Bolt|protosynthesisspa
|turn|20
|
|t:|1757868349
|move|p1a: Grenade Gremlin|Malignant Chain|p2a: Raging Bolt
|-damage|p2a: Raging Bolt|62/100
|move|p2a: Raging Bolt|Thunderbolt|p1a: Grenade Gremlin
|-damage|p1a: Grenade Gremlin|0 fnt
|faint|p1a: Grenade Gremlin
|
|upkeep
|
|t:|1757868358
|switch|p1a: BFG Camper|Inteleon, M|100/100
|turn|21
|
|t:|1757868360
|move|p1a: BFG Camper|Taunt|p2a: Raging Bolt
|-start|p2a: Raging Bolt|move: Taunt
|move|p2a: Raging Bolt|Thunderbolt|p1a: BFG Camper
|-supereffective|p1a: BFG Camper
|-damage|p1a: BFG Camper|0 fnt
|faint|p1a: BFG Camper
|
|upkeep
|
|t:|1757868363
|switch|p1a: AA-12 Abuser|Kingambit, M|100/100
|-activate|p1a: AA-12 Abuser|ability: Supreme Overlord
|-start|p1a: AA-12 Abuser|fallen5|[silent]
|turn|22
|
|t:|1757868365
|move|p1a: AA-12 Abuser|Kowtow Cleave|p2a: Raging Bolt
|-damage|p2a: Raging Bolt|5/100
|move|p2a: Raging Bolt|Thunderbolt|p1a: AA-12 Abuser
|-damage|p1a: AA-12 Abuser|20/100
|
|-heal|p1a: AA-12 Abuser|26/100|[from] item: Leftovers
|upkeep
|turn|23
|
|t:|1757868374
|move|p1a: AA-12 Abuser|Sucker Punch|p2a: Raging Bolt
|-damage|p2a: Raging Bolt|0 fnt
|faint|p2a: Raging Bolt
|-end|p2a: Raging Bolt|Protosynthesis|[silent]
|
|-heal|p1a: AA-12 Abuser|32/100|[from] item: Leftovers
|upkeep
|j| Rakshards
|
|t:|1757868377
|switch|p2a: Kingambit|Kingambit, M|47/100 par
|-damage|p2a: Kingambit|41/100 par|[from] Stealth Rock
|-activate|p2a: Kingambit|ability: Supreme Overlord
|-start|p2a: Kingambit|fallen4|[silent]
|turn|24
|
|t:|1757868381
|move|p1a: AA-12 Abuser|Iron Head|p2a: Kingambit
|-resisted|p2a: Kingambit
|-damage|p2a: Kingambit|14/100 par
|cant|p2a: Kingambit|par
|
|-heal|p1a: AA-12 Abuser|39/100|[from] item: Leftovers
|-heal|p2a: Kingambit|20/100 par|[from] item: Leftovers
|upkeep
|turn|25
|
|t:|1757868389
|move|p2a: Kingambit|Sucker Punch|p1a: AA-12 Abuser
|-resisted|p1a: AA-12 Abuser
|-damage|p1a: AA-12 Abuser|13/100
|move|p1a: AA-12 Abuser|Iron Head|p2a: Kingambit
|-resisted|p2a: Kingambit
|-damage|p2a: Kingambit|0 fnt
|faint|p2a: Kingambit
|-end|p2a: Kingambit|fallen4|[silent]
|
|-heal|p1a: AA-12 Abuser|19/100|[from] item: Leftovers
|upkeep
|l| Rakshards
|-message|top 500 mainstay forfeited.
|
|win|Tytohbird
|raw|Tytohbird's rating: 1596 &rarr; <strong>1621</strong><br />(+25 for winning)
|raw|top 500 mainstay's rating: 1690 &rarr; <strong>1665</strong><br />(-25 for losing)
|l|☆top 500 mainstay
|player|p2|
|l|☆Tytohbird
|player|p1|
