|j|☆Lechonkworshipper
|j|☆Passerby bye
|t:|1757921300
|gametype|singles
|player|p1|Lechonkworshipper|beauty-gen4dp|1390
|player|p2|Passerby bye|cyclist|1399
|gen|9
|tier|[Gen 9] OU
|rated|
|rule|HP Percentage Mod: HP is shown in percentages
|rule|Endless Battle Clause: Forcing endless battles is banned
|rule|Species Clause: Limit one of each Pokémon
|rule|OHKO Clause: OHKO moves are banned
|rule|Evasion Items Clause: Evasion items are banned
|rule|Evasion Moves Clause: Evasion moves are banned
|rule|Evasion Abilities Clause: Evasion abilities are banned
|rule|Sleep Moves Clause: Sleep-inducing moves are banned
|clearpoke
|poke|p1|Dragapult, F|
|poke|p1|Kingambit, F|
|poke|p1|Iron Crown|
|poke|p1|Samurott-Hisui, M|
|poke|p1|Primarina, F|
|poke|p1|Landorus-Therian, M|
|poke|p2|Magnezone|
|poke|p2|Vileplume, M|
|poke|p2|Gyarados, M|
|poke|p2|Houndoom, M|
|poke|p2|Mamoswine, M|
|poke|p2|Azumarill, F|
|teampreview
|inactive|Battle timer is ON: inactive players will automatically lose when time's up. (requested by Lechonkworshipper)
|inactive|Passerby bye has 120 seconds left.
|inactive|Passerby bye has 90 seconds left.
|
|t:|1757921368
|teamsize|p1|6
|teamsize|p2|6
|start
|switch|p1a: Landorus|Landorus-Therian, M|100/100
|switch|p2a: Ordinary Pkmn only|Vileplume, M|100/100
|-ability|p1a: Landorus|Intimidate|boost
|-unboost|p2a: Ordinary Pkmn only|atk|1
|turn|1
|
|t:|1757921385
|move|p1a: Landorus|Stealth Rock|p2a: Ordinary Pkmn only
|-sidestart|p2: Passerby bye|move: Stealth Rock
|move|p2a: Ordinary Pkmn only|Leech Seed|p1a: Landorus
|-start|p1a: Landorus|move: Leech Seed
|
|-damage|p1a: Landorus|88/100|[from] Leech Seed|[of] p2a: Ordinary Pkmn only
|upkeep
|turn|2
|
|t:|1757921390
|move|p1a: Landorus|U-turn|p2a: Ordinary Pkmn only
|-damage|p2a: Ordinary Pkmn only|82/100
|-damage|p1a: Landorus|72/100|[from] item: Rocky Helmet|[of] p2a: Ordinary Pkmn only
|
|t:|1757921399
|switch|p1a: Samurott|Samurott-Hisui, M|100/100|[from] U-turn
|move|p2a: Ordinary Pkmn only|Strength Sap|p1a: Samurott
|-unboost|p1a: Samurott|atk|1
|-heal|p2a: Ordinary Pkmn only|100/100
|
|upkeep
|turn|3
|
|t:|1757921410
|move|p1a: Samurott|Encore|p2a: Ordinary Pkmn only
|-start|p2a: Ordinary Pkmn only|Encore
|move|p2a: Ordinary Pkmn only|Strength Sap|p1a: Samurott
|-unboost|p1a: Samurott|atk|1
|
|upkeep
|turn|4
|
|t:|1757921416
|switch|p2a: Sample Team sucks|Azumarill, F|100/100
|-damage|p2a: Sample Team sucks|88/100|[from] Stealth Rock
|move|p1a: Samurott|Ceaseless Edge|p2a: Sample Team sucks
|-resisted|p2a: Sample Team sucks
|-crit|p2a: Sample Team sucks
|-damage|p2a: Sample Team sucks|57/100
|-sidestart|p2: Passerby bye|Spikes
|
|upkeep
|turn|5
|
|t:|1757921429
|switch|p1a: Iron Crown|Iron Crown|100/100
|move|p2a: Sample Team sucks|Knock Off|p1a: Iron Crown
|-supereffective|p1a: Iron Crown
|-damage|p1a: Iron Crown|7/100
|-enditem|p1a: Iron Crown|Assault Vest|[from] move: Knock Off|[of] p2a: Sample Team sucks
|
|upkeep
|turn|6
|
|t:|1757921434
|move|p2a: Sample Team sucks|Aqua Jet|p1a: Iron Crown
|-damage|p1a: Iron Crown|0 fnt
|faint|p1a: Iron Crown
|-end|p1a: Iron Crown|Quark Drive|[silent]
|
|upkeep
|
|t:|1757921439
|switch|p1a: Primarina|Primarina, F|100/100
|turn|7
|
|t:|1757921443
|move|p1a: Primarina|Moonblast|p2a: Sample Team sucks
|-damage|p2a: Sample Team sucks|22/100
|-unboost|p2a: Sample Team sucks|spa|1
|move|p2a: Sample Team sucks|Play Rough|p1a: Primarina
|-damage|p1a: Primarina|19/100
|
|upkeep
|turn|8
|
|t:|1757921451
|move|p2a: Sample Team sucks|Aqua Jet|p1a: Primarina
|-resisted|p1a: Primarina
|-damage|p1a: Primarina|3/100
|move|p1a: Primarina|Moonblast|p2a: Sample Team sucks
|-damage|p2a: Sample Team sucks|0 fnt
|faint|p2a: Sample Team sucks
|
|upkeep
|
|t:|1757921461
|switch|p2a: Weather Team sucks|Houndoom, M|100/100
|turn|9
|inactive|Lechonkworshipper has 120 seconds left.
|
|t:|1757921496
|move|p2a: Weather Team sucks|Dark Pulse|p1a: Primarina
|-resisted|p1a: Primarina
|-damage|p1a: Primarina|0 fnt
|faint|p1a: Primarina
|
|upkeep
|
|t:|1757921500
|switch|p1a: Dragapult|Dragapult, F, shiny|100/100
|turn|10
|
|t:|1757921505
|switch|p1a: Landorus|Landorus-Therian, M|72/100
|-ability|p1a: Landorus|Intimidate|boost
|-unboost|p2a: Weather Team sucks|atk|1
|move|p2a: Weather Team sucks|Dark Pulse|p1a: Landorus
|-damage|p1a: Landorus|32/100
|
|upkeep
|turn|11
|inactive|Lechonkworshipper has 120 seconds left.
|
|t:|1757921549
|switch|p2a: BST＞540 Pkmn sucks|Gyarados, M, shiny|100/100
|-ability|p2a: BST＞540 Pkmn sucks|Intimidate|boost
|-unboost|p1a: Landorus|atk|1
|move|p1a: Landorus|Stealth Rock||[still]
|-fail|p1a: Landorus
|
|upkeep
|turn|12
|
|t:|1757921558
|switch|p1a: Samurott|Samurott-Hisui, M|100/100
|move|p2a: BST＞540 Pkmn sucks|Dragon Dance|p2a: BST＞540 Pkmn sucks
|-boost|p2a: BST＞540 Pkmn sucks|atk|1
|-boost|p2a: BST＞540 Pkmn sucks|spe|1
|
|upkeep
|turn|13
|
|t:|1757921563
|move|p2a: BST＞540 Pkmn sucks|Earthquake|p1a: Samurott
|-damage|p1a: Samurott|33/100
|move|p1a: Samurott|Encore|p2a: BST＞540 Pkmn sucks
|-start|p2a: BST＞540 Pkmn sucks|Encore
|
|upkeep
|turn|14
|
|t:|1757921568
|switch|p1a: Landorus|Landorus-Therian, M|32/100
|-ability|p1a: Landorus|Intimidate|boost
|-unboost|p2a: BST＞540 Pkmn sucks|atk|1
|move|p2a: BST＞540 Pkmn sucks|Earthquake|p1a: Landorus
|-immune|p1a: Landorus
|
|upkeep
|turn|15
|
|t:|1757921582
|switch|p2a: Terrain Team sucks|Mamoswine, M|100/100
|-damage|p2a: Terrain Team sucks|88/100|[from] Stealth Rock
|-damage|p2a: Terrain Team sucks|75/100|[from] Spikes
|move|p1a: Landorus|Grass Knot|p2a: Terrain Team sucks
|-supereffective|p2a: Terrain Team sucks
|-damage|p2a: Terrain Team sucks|27/100
|
|upkeep
|turn|16
|
|t:|1757921590
|move|p2a: Terrain Team sucks|Ice Shard|p1a: Landorus
|-supereffective|p1a: Landorus
|-damage|p1a: Landorus|0 fnt
|faint|p1a: Landorus
|
|upkeep
|
|t:|1757921593
|switch|p1a: Samurott|Samurott-Hisui, M|33/100
|turn|17
|
|t:|1757921599
|move|p1a: Samurott|Ceaseless Edge|p2a: Terrain Team sucks
|-damage|p2a: Terrain Team sucks|0 fnt
|-sidestart|p2: Passerby bye|Spikes
|faint|p2a: Terrain Team sucks
|
|upkeep
|
|t:|1757921604
|switch|p2a: BST＞540 Pkmn sucks|Gyarados, M, shiny|100/100
|-ability|p2a: BST＞540 Pkmn sucks|Intimidate|boost
|-unboost|p1a: Samurott|atk|1
|turn|18
|
|t:|1757921613
|move|p1a: Samurott|Knock Off|p2a: BST＞540 Pkmn sucks
|-crit|p2a: BST＞540 Pkmn sucks
|-damage|p2a: BST＞540 Pkmn sucks|36/100
|-enditem|p2a: BST＞540 Pkmn sucks|Heavy-Duty Boots|[from] move: Knock Off|[of] p1a: Samurott
|move|p2a: BST＞540 Pkmn sucks|Earthquake|p1a: Samurott
|-damage|p1a: Samurott|0 fnt
|faint|p1a: Samurott
|
|upkeep
|
|t:|1757921617
|switch|p1a: Dragapult|Dragapult, F, shiny|100/100
|turn|19
|
|t:|1757921623
|move|p1a: Dragapult|Dragon Darts|p2a: BST＞540 Pkmn sucks
|-damage|p2a: BST＞540 Pkmn sucks|0 fnt
|faint|p2a: BST＞540 Pkmn sucks
|
|upkeep
|
|t:|1757921631
|switch|p2a: Legend Pkmn sucks|Magnezone|100/100
|-damage|p2a: Legend Pkmn sucks|94/100|[from] Stealth Rock
|-damage|p2a: Legend Pkmn sucks|78/100|[from] Spikes
|turn|20
|
|t:|1757921635
|move|p1a: Dragapult|Dragon Darts|p2a: Legend Pkmn sucks
|-resisted|p2a: Legend Pkmn sucks
|-damage|p2a: Legend Pkmn sucks|63/100
|-anim|p1a: Dragapult|Dragon Darts|p2a: Legend Pkmn sucks
|-resisted|p2a: Legend Pkmn sucks
|-crit|p2a: Legend Pkmn sucks
|-damage|p2a: Legend Pkmn sucks|38/100
|move|p2a: Legend Pkmn sucks|Flash Cannon|p1a: Dragapult
|-damage|p1a: Dragapult|0 fnt
|faint|p1a: Dragapult
|
|upkeep
|
|t:|1757921639
|switch|p1a: Kingambit|Kingambit, F|100/100
|-activate|p1a: Kingambit|ability: Supreme Overlord
|-start|p1a: Kingambit|fallen5|[silent]
|turn|21
|
|t:|1757921642
|switch|p2a: Weather Team sucks|Houndoom, M|100/100
|move|p1a: Kingambit|Sucker Punch||[still]
|-fail|p1a: Kingambit
|
|upkeep
|turn|22
|
|t:|1757921649
|-terastallize|p1a: Kingambit|Dark
|move|p2a: Weather Team sucks|Fire Blast|p1a: Kingambit|[miss]
|-miss|p2a: Weather Team sucks|p1a: Kingambit
|move|p1a: Kingambit|Kowtow Cleave|p2a: Weather Team sucks
|-resisted|p2a: Weather Team sucks
|-damage|p2a: Weather Team sucks|0 fnt
|faint|p2a: Weather Team sucks
|
|upkeep
|
|t:|1757921659
|switch|p2a: Ordinary Pkmn only|Vileplume, M|100/100
|-damage|p2a: Ordinary Pkmn only|88/100|[from] Stealth Rock
|-damage|p2a: Ordinary Pkmn only|71/100|[from] Spikes
|turn|23
|
|t:|1757921662
|move|p1a: Kingambit|Kowtow Cleave|p2a: Ordinary Pkmn only
|-damage|p2a: Ordinary Pkmn only|0 fnt
|-damage|p1a: Kingambit|84/100|[from] item: Rocky Helmet|[of] p2a: Ordinary Pkmn only
|-status|p1a: Kingambit|psn|[from] ability: Effect Spore|[of] p2a: Ordinary Pkmn only
|faint|p2a: Ordinary Pkmn only
|
|-heal|p1a: Kingambit|90/100 psn|[from] item: Leftovers
|-damage|p1a: Kingambit|78/100 psn|[from] psn
|upkeep
|
|t:|1757921665
|switch|p2a: Legend Pkmn sucks|Magnezone|38/100
|-damage|p2a: Legend Pkmn sucks|32/100|[from] Stealth Rock
|-damage|p2a: Legend Pkmn sucks|15/100|[from] Spikes
|turn|24
|
|t:|1757921670
|move|p1a: Kingambit|Sucker Punch|p2a: Legend Pkmn sucks
|-damage|p2a: Legend Pkmn sucks|0 fnt
|faint|p2a: Legend Pkmn sucks
|
|win|Lechonkworshipper
|raw|Lechonkworshipper's rating: 1390 &rarr; <strong>1411</strong><br />(+21 for winning)
|raw|Passerby bye's rating: 1399 &rarr; <strong>1378</strong><br />(-21 for losing)
|l|☆Lechonkworshipper
|player|p1|
|l|☆Passerby bye
|player|p2|
