|j|☆harc
|j|☆Leroswend
|t:|1757833149
|gametype|singles
|player|p1|harc|lady|1331
|player|p2|Leroswend|cynthia-gen4|1352
|gen|9
|tier|[Gen 9] OU
|rated|
|rule|HP Percentage Mod: HP is shown in percentages
|rule|Endless Battle Clause: Forcing endless battles is banned
|rule|Species Clause: Limit one of each Pokémon
|rule|OHKO Clause: OHKO moves are banned
|rule|Evasion Items Clause: Evasion items are banned
|rule|Evasion Moves Clause: Evasion moves are banned
|rule|Evasion Abilities Clause: Evasion abilities are banned
|rule|Sleep Moves Clause: Sleep-inducing moves are banned
|clearpoke
|poke|p1|Corviknight, M|
|poke|p1|Clefable, M|
|poke|p1|Tyranitar, M|
|poke|p1|Dondozo, F|
|poke|p1|Forretress, M|
|poke|p1|Eelektross, M|
|poke|p2|Scizor, M|
|poke|p2|Primarina, F|
|poke|p2|Great Tusk|
|poke|p2|Tyranitar, M|
|poke|p2|Iron Moth|
|poke|p2|Enamorus, F|
|teampreview
|inactive|Battle timer is ON: inactive players will automatically lose when time's up. (requested by Leroswend)
|
|t:|1757833168
|teamsize|p1|6
|teamsize|p2|6
|start
|switch|p1a: Eelektross|Eelektross, M|100/100
|switch|p2a: Tyranitar|Tyranitar, M|100/100
|-weather|Sandstorm|[from] ability: Sand Stream|[of] p2a: Tyranitar
|turn|1
|
|t:|1757833185
|-terastallize|p2a: Tyranitar|Fire
|move|p2a: Tyranitar|Dragon Dance|p2a: Tyranitar
|-boost|p2a: Tyranitar|atk|1
|-boost|p2a: Tyranitar|spe|1
|move|p1a: Eelektross|Knock Off|p2a: Tyranitar
|-damage|p2a: Tyranitar|77/100
|-enditem|p2a: Tyranitar|Heavy-Duty Boots|[from] move: Knock Off|[of] p1a: Eelektross
|
|-weather|Sandstorm|[upkeep]
|-damage|p2a: Tyranitar|71/100|[from] Sandstorm
|-damage|p1a: Eelektross|94/100|[from] Sandstorm
|upkeep
|turn|2
|
|t:|1757833198
|move|p2a: Tyranitar|Dragon Dance|p2a: Tyranitar
|-boost|p2a: Tyranitar|atk|1
|-boost|p2a: Tyranitar|spe|1
|move|p1a: Eelektross|Supercell Slam|p2a: Tyranitar
|-damage|p2a: Tyranitar|35/100
|
|-weather|Sandstorm|[upkeep]
|-damage|p2a: Tyranitar|29/100|[from] Sandstorm
|-damage|p1a: Eelektross|88/100|[from] Sandstorm
|upkeep
|turn|3
|
|t:|1757833208
|switch|p1a: Dondozo|Dondozo, F|100/100
|move|p2a: Tyranitar|Crunch|p1a: Dondozo
|-damage|p1a: Dondozo|79/100
|
|-weather|Sandstorm|[upkeep]
|-damage|p2a: Tyranitar|23/100|[from] Sandstorm
|-damage|p1a: Dondozo|73/100|[from] Sandstorm
|-heal|p1a: Dondozo|79/100|[from] item: Leftovers
|upkeep
|turn|4
|
|t:|1757833219
|move|p2a: Tyranitar|Stone Edge|p1a: Dondozo
|-damage|p1a: Dondozo|54/100
|move|p1a: Dondozo|Liquidation|p2a: Tyranitar
|-supereffective|p2a: Tyranitar
|-damage|p2a: Tyranitar|0 fnt
|faint|p2a: Tyranitar
|
|-weather|Sandstorm|[upkeep]
|-damage|p1a: Dondozo|48/100|[from] Sandstorm
|-heal|p1a: Dondozo|54/100|[from] item: Leftovers
|upkeep
|
|t:|1757833229
|switch|p2a: Iron Moth|Iron Moth|100/100
|-enditem|p2a: Iron Moth|Booster Energy
|-activate|p2a: Iron Moth|ability: Quark Drive|[fromitem]
|-start|p2a: Iron Moth|quarkdrivespe
|turn|5
|
|t:|1757833238
|move|p2a: Iron Moth|Discharge|p1a: Dondozo
|-supereffective|p1a: Dondozo
|-damage|p1a: Dondozo|0 fnt
|faint|p1a: Dondozo
|
|-weather|none
|upkeep
|
|t:|1757833246
|switch|p1a: Tyranitar|Tyranitar, M|100/100
|-weather|Sandstorm|[from] ability: Sand Stream|[of] p1a: Tyranitar
|turn|6
|
|t:|1757833255
|move|p2a: Iron Moth|Dazzling Gleam|p1a: Tyranitar
|-supereffective|p1a: Tyranitar
|-damage|p1a: Tyranitar|86/100
|move|p1a: Tyranitar|Stone Edge|p2a: Iron Moth|[miss]
|-miss|p1a: Tyranitar|p2a: Iron Moth
|
|-weather|Sandstorm|[upkeep]
|-damage|p2a: Iron Moth|95/100|[from] Sandstorm
|upkeep
|turn|7
|
|t:|1757833265
|-end|p2a: Iron Moth|Quark Drive|[silent]
|switch|p2a: Great Tusk|Great Tusk|100/100
|move|p1a: Tyranitar|Stone Edge|p2a: Great Tusk
|-resisted|p2a: Great Tusk
|-crit|p2a: Great Tusk
|-damage|p2a: Great Tusk|91/100
|
|-weather|Sandstorm|[upkeep]
|-heal|p2a: Great Tusk|97/100|[from] item: Leftovers
|upkeep
|turn|8
|
|t:|1757833277
|switch|p1a: Eelektross|Eelektross, M|88/100
|move|p2a: Great Tusk|Knock Off|p1a: Eelektross
|-crit|p1a: Eelektross
|-damage|p1a: Eelektross|54/100
|-enditem|p1a: Eelektross|Assault Vest|[from] move: Knock Off|[of] p2a: Great Tusk
|
|-weather|Sandstorm|[upkeep]
|-damage|p1a: Eelektross|48/100|[from] Sandstorm
|-heal|p2a: Great Tusk|100/100|[from] item: Leftovers
|upkeep
|turn|9
|
|t:|1757833288
|move|p2a: Great Tusk|Ice Spinner|p1a: Eelektross
|-damage|p1a: Eelektross|31/100
|move|p1a: Eelektross|Knock Off|p2a: Great Tusk
|-resisted|p2a: Great Tusk
|-damage|p2a: Great Tusk|92/100
|-enditem|p2a: Great Tusk|Leftovers|[from] move: Knock Off|[of] p1a: Eelektross
|
|-weather|Sandstorm|[upkeep]
|-damage|p1a: Eelektross|25/100|[from] Sandstorm
|upkeep
|turn|10
|
|t:|1757833298
|move|p2a: Great Tusk|Ice Spinner|p1a: Eelektross
|-damage|p1a: Eelektross|6/100
|move|p1a: Eelektross|Lunge|p2a: Great Tusk
|-resisted|p2a: Great Tusk
|-damage|p2a: Great Tusk|87/100
|-unboost|p2a: Great Tusk|atk|1
|
|-weather|none
|upkeep
|turn|11
|
|t:|1757833320
|move|p2a: Great Tusk|Ice Spinner|p1a: Eelektross
|-damage|p1a: Eelektross|0 fnt
|faint|p1a: Eelektross
|
|upkeep
|
|t:|1757833333
|switch|p1a: Clefable|Clefable, M|100/100
|turn|12
|
|t:|1757833339
|-end|p2a: Great Tusk|Protosynthesis|[silent]
|switch|p2a: Iron Moth|Iron Moth|95/100
|move|p1a: Clefable|Alluring Voice|p2a: Iron Moth
|-resisted|p2a: Iron Moth
|-damage|p2a: Iron Moth|89/100
|
|upkeep
|turn|13
|
|t:|1757833357
|switch|p1a: Tyranitar|Tyranitar, M|86/100
|-weather|Sandstorm|[from] ability: Sand Stream|[of] p1a: Tyranitar
|move|p2a: Iron Moth|Fiery Dance|p1a: Tyranitar
|-resisted|p1a: Tyranitar
|-damage|p1a: Tyranitar|81/100
|
|-weather|Sandstorm|[upkeep]
|-damage|p2a: Iron Moth|83/100|[from] Sandstorm
|upkeep
|turn|14
|
|t:|1757833372
|-end|p2a: Iron Moth|Quark Drive|[silent]
|switch|p2a: Great Tusk|Great Tusk|87/100
|move|p1a: Tyranitar|Dragon Tail|p2a: Great Tusk
|-crit|p2a: Great Tusk
|-damage|p2a: Great Tusk|70/100
|-end|p2a: Great Tusk|Protosynthesis|[silent]
|drag|p2a: Primarina|Primarina, F|100/100
|
|-weather|Sandstorm|[upkeep]
|-damage|p2a: Primarina|94/100|[from] Sandstorm
|upkeep
|turn|15
|
|t:|1757833384
|move|p2a: Primarina|Surf|p1a: Tyranitar
|-supereffective|p1a: Tyranitar
|-damage|p1a: Tyranitar|51/100
|move|p1a: Tyranitar|Stone Edge|p2a: Primarina|[miss]
|-miss|p1a: Tyranitar|p2a: Primarina
|
|-weather|Sandstorm|[upkeep]
|-damage|p2a: Primarina|88/100|[from] Sandstorm
|upkeep
|turn|16
|c|☆harc|Luck mf
|
|t:|1757833400
|move|p2a: Primarina|Moonblast|p1a: Tyranitar
|-supereffective|p1a: Tyranitar
|-damage|p1a: Tyranitar|20/100
|move|p1a: Tyranitar|Stone Edge|p2a: Primarina
|-crit|p2a: Primarina
|-damage|p2a: Primarina|0 fnt
|faint|p2a: Primarina
|
|-weather|Sandstorm|[upkeep]
|upkeep
|
|t:|1757833408
|switch|p2a: Scizor|Scizor, M|100/100
|turn|17
|
|t:|1757833414
|switch|p1a: Forretress|Forretress, M|100/100
|move|p2a: Scizor|Bullet Punch|p1a: Forretress
|-resisted|p1a: Forretress
|-damage|p1a: Forretress|83/100
|
|-weather|none
|upkeep
|turn|18
|
|t:|1757833424
|switch|p2a: Iron Moth|Iron Moth|83/100
|move|p1a: Forretress|Stealth Rock|p2a: Iron Moth
|-sidestart|p2: Leroswend|move: Stealth Rock
|
|upkeep
|turn|19
|
|t:|1757833440
|switch|p1a: Tyranitar|Tyranitar, M|20/100
|-weather|Sandstorm|[from] ability: Sand Stream|[of] p1a: Tyranitar
|move|p2a: Iron Moth|Fiery Dance|p1a: Tyranitar
|-resisted|p1a: Tyranitar
|-damage|p1a: Tyranitar|14/100
|-boost|p2a: Iron Moth|spa|1
|
|-weather|Sandstorm|[upkeep]
|-damage|p2a: Iron Moth|77/100|[from] Sandstorm
|upkeep
|turn|20
|
|t:|1757833452
|move|p2a: Iron Moth|Dazzling Gleam|p1a: Tyranitar
|-supereffective|p1a: Tyranitar
|-damage|p1a: Tyranitar|0 fnt
|faint|p1a: Tyranitar
|
|-weather|Sandstorm|[upkeep]
|-damage|p2a: Iron Moth|71/100|[from] Sandstorm
|upkeep
|c|☆harc|Iron mothapt bitch shoul ne death
|n|‽harc|harc
|c|~|/log harc was locked from talking by Artemis. (☆harc: Iron mothapt bitch shoul ne death)
|c|~|/raw <small>This action was done automatically. Want to learn more about the AI? <a href="https://www.smogon.com/forums/threads/3570628/#post-9056769">Visit the information thread</a>.</small>
|inactive|harc has 120 seconds left.
|
|t:|1757833484
|switch|p1a: Corviknight|Corviknight, M|100/100
|turn|21
|
|t:|1757833494
|-terastallize|p1a: Corviknight|Stellar
|move|p2a: Iron Moth|Fiery Dance|p1a: Corviknight
|-supereffective|p1a: Corviknight
|-damage|p1a: Corviknight|17/100
|-boost|p2a: Iron Moth|spa|1
|move|p1a: Corviknight|Bulk Up|p1a: Corviknight
|-boost|p1a: Corviknight|atk|1
|-boost|p1a: Corviknight|def|1
|
|-weather|Sandstorm|[upkeep]
|-damage|p2a: Iron Moth|65/100|[from] Sandstorm
|-heal|p1a: Corviknight|24/100|[from] item: Leftovers
|upkeep
|turn|22
|-message|harc forfeited.
|
|win|Leroswend
|raw|harc's rating: 1331 &rarr; <strong>1312</strong><br />(-19 for losing)
|raw|Leroswend's rating: 1352 &rarr; <strong>1371</strong><br />(+19 for winning)
|l|‽harc
|player|p1|
|l|☆Leroswend
|player|p2|
