|j|☆michaelgoalise
|j|☆Catactual
|t:|1757915110
|gametype|singles
|player|p1|michaelgoalise|170|1610
|player|p2|Catactual|1|1606
|gen|9
|tier|[Gen 9] OU
|rated|
|rule|HP Percentage Mod: HP is shown in percentages
|rule|Endless Battle Clause: Forcing endless battles is banned
|rule|Species Clause: Limit one of each Pokémon
|rule|OHKO Clause: OHKO moves are banned
|rule|Evasion Items Clause: Evasion items are banned
|rule|Evasion Moves Clause: Evasion moves are banned
|rule|Evasion Abilities Clause: Evasion abilities are banned
|rule|Sleep Moves Clause: Sleep-inducing moves are banned
|clearpoke
|poke|p1|Empoleon, F|
|poke|p1|Rillaboom, F|
|poke|p1|Raging Bolt|
|poke|p1|Great Tusk|
|poke|p1|Moltres|
|poke|p1|Samurott-Hisui, F|
|poke|p2|Weezing-Galar, M|
|poke|p2|Alomomola, M|
|poke|p2|Great Tusk|
|poke|p2|Heatran, F|
|poke|p2|Hydrapple, F|
|poke|p2|Darkrai|
|teampreview
|inactive|Battle timer is ON: inactive players will automatically lose when time's up. (requested by Catactual)
|j| Shucklepilled
|inactive|michaelgoalise has 120 seconds left.
|j| wyjmjl
|inactive|michaelgoalise has 90 seconds left.
|l| wyjmjl
|
|t:|1757915228
|teamsize|p1|6
|teamsize|p2|6
|start
|switch|p1a: Samurott|Samurott-Hisui, F|100/100
|switch|p2a: Hydrapple|Hydrapple, F|100/100
|turn|1
|
|t:|1757915240
|switch|p1a: Rillaboom|Rillaboom, F|100/100
|-fieldstart|move: Grassy Terrain|[from] ability: Grassy Surge|[of] p1a: Rillaboom
|move|p2a: Hydrapple|Fickle Beam|p1a: Rillaboom
|-damage|p1a: Rillaboom|53/100
|
|-heal|p1a: Rillaboom|59/100|[from] Grassy Terrain
|upkeep
|turn|2
|inactive|michaelgoalise has 120 seconds left.
|
|t:|1757915272
|move|p1a: Rillaboom|U-turn|p2a: Hydrapple
|-supereffective|p2a: Hydrapple
|-damage|p2a: Hydrapple|51/100
|-damage|p1a: Rillaboom|42/100|[from] item: Rocky Helmet|[of] p2a: Hydrapple
|inactive|michaelgoalise has 90 seconds left.
|
|t:|1757915302
|switch|p1a: Moltres|Moltres|100/100|[from] U-turn
|move|p2a: Hydrapple|Giga Drain|p1a: Moltres
|-resisted|p1a: Moltres
|-damage|p1a: Moltres|90/100
|-heal|p2a: Hydrapple|56/100|[from] drain|[of] p1a: Moltres
|
|-heal|p2a: Hydrapple|62/100|[from] Grassy Terrain
|upkeep
|turn|3
|inactive|michaelgoalise has 90 seconds left.
|
|t:|1757915315
|switch|p2a: Heatran|Heatran, F|100/100
|move|p1a: Moltres|U-turn|p2a: Heatran
|-resisted|p2a: Heatran
|-damage|p2a: Heatran|98/100
|inactive|michaelgoalise has 90 seconds left.
|
|t:|1757915335
|switch|p1a: Great Tusk|Great Tusk|100/100|[from] U-turn
|
|-heal|p2a: Heatran|100/100|[from] Grassy Terrain
|upkeep
|turn|4
|
|t:|1757915341
|switch|p2a: Hydrapple|Hydrapple, F|96/100
|move|p1a: Great Tusk|Stealth Rock|p2a: Hydrapple
|-sidestart|p2: Catactual|move: Stealth Rock
|
|-heal|p2a: Hydrapple|100/100|[from] Grassy Terrain
|upkeep
|turn|5
|
|t:|1757915349
|-end|p1a: Great Tusk|Protosynthesis|[silent]
|switch|p1a: Moltres|Moltres|90/100
|move|p2a: Hydrapple|Fickle Beam|p1a: Moltres
|-damage|p1a: Moltres|56/100
|
|-fieldend|move: Grassy Terrain
|upkeep
|turn|6
|
|t:|1757915364
|switch|p2a: Heatran|Heatran, F|100/100
|-damage|p2a: Heatran|88/100|[from] Stealth Rock
|move|p1a: Moltres|Roost|p1a: Moltres
|-heal|p1a: Moltres|100/100
|-singleturn|p1a: Moltres|move: Roost
|
|-heal|p2a: Heatran|94/100|[from] item: Leftovers
|upkeep
|turn|7
|
|t:|1757915375
|move|p1a: Moltres|U-turn|p2a: Heatran
|-resisted|p2a: Heatran
|-crit|p2a: Heatran
|-damage|p2a: Heatran|90/100
|
|t:|1757915378
|switch|p1a: Samurott|Samurott-Hisui, F|100/100|[from] U-turn
|move|p2a: Heatran|Stealth Rock|p1a: Samurott
|-sidestart|p1: michaelgoalise|move: Stealth Rock
|
|-heal|p2a: Heatran|96/100|[from] item: Leftovers
|upkeep
|turn|8
|
|t:|1757915384
|switch|p2a: Weezing|Weezing-Galar, M|100/100
|-ability|p2a: Weezing|Neutralizing Gas
|move|p1a: Samurott|Knock Off|p2a: Weezing
|-resisted|p2a: Weezing
|-damage|p2a: Weezing|87/100
|-enditem|p2a: Weezing|Heavy-Duty Boots|[from] move: Knock Off|[of] p1a: Samurott
|
|upkeep
|turn|9
|
|t:|1757915397
|switch|p1a: Empoleon|Empoleon, F|100/100
|-damage|p1a: Empoleon|94/100|[from] Stealth Rock
|move|p2a: Weezing|Will-O-Wisp|p1a: Empoleon
|-status|p1a: Empoleon|brn
|
|-heal|p1a: Empoleon|100/100 brn|[from] item: Leftovers
|-damage|p1a: Empoleon|94/100 brn|[from] brn
|upkeep
|turn|10
|
|t:|1757915407
|-end|p2a: Weezing|ability: Neutralizing Gas
|switch|p2a: Alomomola|Alomomola, M|100/100
|-damage|p2a: Alomomola|88/100|[from] Stealth Rock
|move|p1a: Empoleon|Knock Off|p2a: Alomomola
|-damage|p2a: Alomomola|82/100
|-enditem|p2a: Alomomola|Assault Vest|[from] move: Knock Off|[of] p1a: Empoleon
|
|-heal|p1a: Empoleon|100/100 brn|[from] item: Leftovers
|-damage|p1a: Empoleon|94/100 brn|[from] brn
|upkeep
|turn|11
|inactive|michaelgoalise has 90 seconds left.
|
|t:|1757915447
|switch|p1a: Samurott|Samurott-Hisui, F|100/100
|-damage|p1a: Samurott|88/100|[from] Stealth Rock
|move|p2a: Alomomola|Flip Turn|p1a: Samurott
|-resisted|p1a: Samurott
|-damage|p1a: Samurott|78/100
|
|t:|1757915455
|switch|p2a: Hydrapple|Hydrapple, F|100/100|[from] Flip Turn
|-damage|p2a: Hydrapple|88/100|[from] Stealth Rock
|
|upkeep
|turn|12
|inactive|michaelgoalise has 90 seconds left.
|
|t:|1757915461
|switch|p1a: Moltres|Moltres|100/100
|move|p2a: Hydrapple|Fickle Beam|p1a: Moltres
|-damage|p1a: Moltres|64/100
|
|upkeep
|turn|13
|inactive|michaelgoalise has 90 seconds left.
|
|t:|1757915477
|move|p1a: Moltres|Roost|p1a: Moltres
|-heal|p1a: Moltres|100/100
|-singleturn|p1a: Moltres|move: Roost
|move|p2a: Hydrapple|Nasty Plot|p2a: Hydrapple
|-boost|p2a: Hydrapple|spa|2
|
|upkeep
|turn|14
|inactive|michaelgoalise has 90 seconds left.
|
|t:|1757915485
|move|p2a: Hydrapple|Fickle Beam|p1a: Moltres
|-damage|p1a: Moltres|23/100
|move|p1a: Moltres|Roar|p2a: Hydrapple
|drag|p2a: Darkrai|Darkrai|100/100
|-damage|p2a: Darkrai|88/100|[from] Stealth Rock
|
|upkeep
|turn|15
|
|t:|1757915502
|switch|p1a: Empoleon|Empoleon, F|94/100 brn
|-damage|p1a: Empoleon|88/100 brn|[from] Stealth Rock
|move|p2a: Darkrai|Dark Pulse|p1a: Empoleon
|-damage|p1a: Empoleon|57/100 brn
|
|-heal|p1a: Empoleon|63/100 brn|[from] item: Leftovers
|-damage|p1a: Empoleon|57/100 brn|[from] brn
|upkeep
|turn|16
|j| biryanilover
|inactive|michaelgoalise has 90 seconds left.
|
|t:|1757915518
|move|p2a: Darkrai|Dark Pulse|p1a: Empoleon
|-damage|p1a: Empoleon|28/100 brn
|move|p1a: Empoleon|Roost|p1a: Empoleon
|-heal|p1a: Empoleon|78/100 brn
|-singleturn|p1a: Empoleon|move: Roost
|
|-heal|p1a: Empoleon|84/100 brn|[from] item: Leftovers
|-damage|p1a: Empoleon|78/100 brn|[from] brn
|upkeep
|turn|17
|
|t:|1757915527
|switch|p2a: Alomomola|Alomomola, M|100/100
|-damage|p2a: Alomomola|88/100|[from] Stealth Rock
|switch|p1a: Samurott|Samurott-Hisui, F|78/100
|-damage|p1a: Samurott|65/100|[from] Stealth Rock
|
|upkeep
|turn|18
|
|t:|1757915534
|move|p1a: Samurott|Ceaseless Edge|p2a: Alomomola
|-damage|p2a: Alomomola|60/100
|-sidestart|p2: Catactual|Spikes
|move|p2a: Alomomola|Flip Turn|p1a: Samurott
|-resisted|p1a: Samurott
|-damage|p1a: Samurott|54/100
|
|t:|1757915538
|switch|p2a: Weezing|Weezing-Galar, M|87/100|[from] Flip Turn
|-ability|p2a: Weezing|Neutralizing Gas
|-damage|p2a: Weezing|74/100|[from] Stealth Rock
|-damage|p2a: Weezing|62/100|[from] Spikes
|
|upkeep
|turn|19
|
|t:|1757915540
|switch|p1a: Empoleon|Empoleon, F|78/100 brn
|-damage|p1a: Empoleon|71/100 brn|[from] Stealth Rock
|move|p2a: Weezing|Defog|p1a: Empoleon
|-unboost|p1a: Empoleon|evasion|1
|-sideend|p1: michaelgoalise|Stealth Rock|[from] move: Defog|[of] p2a: Weezing
|-sideend|p2: Catactual|Spikes|[from] move: Defog|[of] p2a: Weezing
|-sideend|p2: Catactual|Stealth Rock|[from] move: Defog|[of] p2a: Weezing
|
|-heal|p1a: Empoleon|78/100 brn|[from] item: Leftovers
|-damage|p1a: Empoleon|71/100 brn|[from] brn
|upkeep
|turn|20
|inactive|michaelgoalise has 120 seconds left.
|
|t:|1757915556
|-end|p2a: Weezing|ability: Neutralizing Gas
|switch|p2a: Alomomola|Alomomola, M|93/100
|move|p1a: Empoleon|Roost|p1a: Empoleon
|-heal|p1a: Empoleon|100/100 brn
|-singleturn|p1a: Empoleon|move: Roost
|
|-damage|p1a: Empoleon|94/100 brn|[from] brn
|upkeep
|turn|21
|inactive|michaelgoalise has 120 seconds left.
|
|t:|1757915562
|switch|p1a: Samurott|Samurott-Hisui, F|54/100
|move|p2a: Alomomola|Flip Turn|p1a: Samurott
|-resisted|p1a: Samurott
|-damage|p1a: Samurott|44/100
|
|t:|1757915568
|switch|p2a: Hydrapple|Hydrapple, F|100/100|[from] Flip Turn
|
|upkeep
|turn|22
|
|t:|1757915573
|switch|p1a: Moltres|Moltres|23/100
|move|p2a: Hydrapple|Fickle Beam|p1a: Moltres|[anim] Fickle Beam All Out
|-activate|p2a: Hydrapple|move: Fickle Beam
|-damage|p1a: Moltres|0 fnt
|faint|p1a: Moltres
|
|upkeep
|inactive|michaelgoalise has 120 seconds left.
|
|t:|1757915606
|switch|p1a: Raging Bolt|Raging Bolt|100/100
|turn|23
|
|t:|1757915612
|switch|p2a: Heatran|Heatran, F|96/100
|-terastallize|p1a: Raging Bolt|Fairy
|move|p1a: Raging Bolt|Dragon Pulse|p2a: Heatran
|-resisted|p2a: Heatran
|-damage|p2a: Heatran|81/100
|
|-heal|p2a: Heatran|87/100|[from] item: Leftovers
|upkeep
|turn|24
|inactive|michaelgoalise has 120 seconds left.
|
|t:|1757915618
|-end|p1a: Raging Bolt|Protosynthesis|[silent]
|switch|p1a: Samurott|Samurott-Hisui, F|44/100
|move|p2a: Heatran|Taunt|p1a: Samurott
|-start|p1a: Samurott|move: Taunt
|
|-heal|p2a: Heatran|93/100|[from] item: Leftovers
|upkeep
|turn|25
|inactive|michaelgoalise has 120 seconds left.
|inactive|michaelgoalise has 90 seconds left.
|
|t:|1757915662
|switch|p1a: Rillaboom|Rillaboom, F|42/100
|-fieldstart|move: Grassy Terrain|[from] ability: Grassy Surge|[of] p1a: Rillaboom
|switch|p2a: Hydrapple|Hydrapple, F|100/100
|
|-heal|p1a: Rillaboom|48/100|[from] Grassy Terrain
|upkeep
|turn|26
|
|t:|1757915669
|move|p1a: Rillaboom|Knock Off|p2a: Hydrapple
|-damage|p2a: Hydrapple|70/100
|-damage|p1a: Rillaboom|32/100|[from] item: Rocky Helmet|[of] p2a: Hydrapple
|-enditem|p2a: Hydrapple|Rocky Helmet|[from] move: Knock Off|[of] p1a: Rillaboom
|move|p2a: Hydrapple|Giga Drain|p1a: Rillaboom
|-resisted|p1a: Rillaboom
|-damage|p1a: Rillaboom|5/100
|-heal|p2a: Hydrapple|81/100|[from] drain|[of] p1a: Rillaboom
|
|-heal|p1a: Rillaboom|11/100|[from] Grassy Terrain
|-heal|p2a: Hydrapple|87/100|[from] Grassy Terrain
|upkeep
|turn|27
|
|t:|1757915674
|switch|p1a: Raging Bolt|Raging Bolt, tera:Fairy|100/100
|move|p2a: Hydrapple|Giga Drain|p1a: Raging Bolt
|-damage|p1a: Raging Bolt|65/100
|-heal|p2a: Hydrapple|100/100|[from] drain|[of] p1a: Raging Bolt
|
|-heal|p1a: Raging Bolt|71/100|[from] Grassy Terrain
|-heal|p1a: Raging Bolt|77/100|[from] item: Leftovers
|upkeep
|turn|28
|
|t:|1757915694
|-end|p1a: Raging Bolt|Protosynthesis|[silent]
|switch|p1a: Great Tusk|Great Tusk|100/100
|switch|p2a: Heatran|Heatran, F|93/100
|
|-heal|p2a: Heatran|99/100|[from] Grassy Terrain
|-heal|p2a: Heatran|100/100|[from] item: Leftovers
|upkeep
|turn|29
|
|t:|1757915700
|switch|p2a: Hydrapple|Hydrapple, F|100/100
|move|p1a: Great Tusk|Stealth Rock|p2a: Hydrapple
|-sidestart|p2: Catactual|move: Stealth Rock
|
|-fieldend|move: Grassy Terrain
|upkeep
|turn|30
|
|t:|1757915707
|-end|p1a: Great Tusk|Protosynthesis|[silent]
|switch|p1a: Raging Bolt|Raging Bolt, tera:Fairy|77/100
|move|p2a: Hydrapple|Giga Drain|p1a: Raging Bolt
|-damage|p1a: Raging Bolt|49/100
|
|-heal|p1a: Raging Bolt|55/100|[from] item: Leftovers
|upkeep
|turn|31
|inactive|michaelgoalise has 120 seconds left.
|
|t:|1757915734
|switch|p2a: Heatran|Heatran, F|100/100
|-damage|p2a: Heatran|88/100|[from] Stealth Rock
|move|p1a: Raging Bolt|Calm Mind|p1a: Raging Bolt
|-boost|p1a: Raging Bolt|spa|1
|-boost|p1a: Raging Bolt|spd|1
|
|-heal|p2a: Heatran|94/100|[from] item: Leftovers
|-heal|p1a: Raging Bolt|61/100|[from] item: Leftovers
|upkeep
|turn|32
|
|t:|1757915740
|move|p2a: Heatran|Taunt|p1a: Raging Bolt
|-start|p1a: Raging Bolt|move: Taunt
|move|p1a: Raging Bolt|Thunderbolt|p2a: Heatran
|-damage|p2a: Heatran|36/100
|-status|p2a: Heatran|par
|
|-heal|p1a: Raging Bolt|67/100|[from] item: Leftovers
|-heal|p2a: Heatran|42/100 par|[from] item: Leftovers
|upkeep
|turn|33
|
|t:|1757915753
|move|p1a: Raging Bolt|Thunderbolt|p2a: Heatran
|-damage|p2a: Heatran|0 fnt
|faint|p2a: Heatran
|
|-heal|p1a: Raging Bolt|73/100|[from] item: Leftovers
|upkeep
|
|t:|1757915756
|switch|p2a: Great Tusk|Great Tusk|100/100
|-damage|p2a: Great Tusk|98/100|[from] Stealth Rock
|turn|34
|inactive|michaelgoalise has 120 seconds left.
|
|t:|1757915764
|-end|p1a: Raging Bolt|Protosynthesis|[silent]
|switch|p1a: Great Tusk|Great Tusk|100/100
|move|p2a: Great Tusk|Headlong Rush|p1a: Great Tusk
|-damage|p1a: Great Tusk|40/100
|-unboost|p2a: Great Tusk|def|1
|-unboost|p2a: Great Tusk|spd|1
|
|upkeep
|turn|35
|inactive|michaelgoalise has 120 seconds left.
|
|t:|1757915785
|move|p1a: Great Tusk|Ice Spinner|p2a: Great Tusk
|-supereffective|p2a: Great Tusk
|-damage|p2a: Great Tusk|44/100
|move|p2a: Great Tusk|Headlong Rush|p1a: Great Tusk
|-damage|p1a: Great Tusk|0 fnt
|-unboost|p2a: Great Tusk|def|1
|-unboost|p2a: Great Tusk|spd|1
|faint|p1a: Great Tusk
|-end|p1a: Great Tusk|Protosynthesis|[silent]
|
|upkeep
|
|t:|1757915808
|switch|p1a: Samurott|Samurott-Hisui, F|44/100
|turn|36
|
|t:|1757915816
|-end|p2a: Great Tusk|Protosynthesis|[silent]
|switch|p2a: Hydrapple|Hydrapple, F|100/100
|-damage|p2a: Hydrapple|88/100|[from] Stealth Rock
|move|p1a: Samurott|Sacred Sword|p2a: Hydrapple
|-damage|p2a: Hydrapple|62/100
|
|upkeep
|turn|37
|
|t:|1757915823
|switch|p1a: Raging Bolt|Raging Bolt, tera:Fairy|73/100
|move|p2a: Hydrapple|Giga Drain|p1a: Raging Bolt
|-damage|p1a: Raging Bolt|44/100
|-heal|p2a: Hydrapple|77/100|[from] drain|[of] p1a: Raging Bolt
|
|-heal|p1a: Raging Bolt|50/100|[from] item: Leftovers
|upkeep
|turn|38
|
|t:|1757915832
|switch|p2a: Weezing|Weezing-Galar, M|62/100
|-ability|p2a: Weezing|Neutralizing Gas
|-damage|p2a: Weezing|50/100|[from] Stealth Rock
|move|p1a: Raging Bolt|Dragon Pulse|p2a: Weezing
|-immune|p2a: Weezing
|
|-heal|p1a: Raging Bolt|56/100|[from] item: Leftovers
|upkeep
|turn|39
|inactive|michaelgoalise has 120 seconds left.
|
|t:|1757915840
|move|p1a: Raging Bolt|Thunderbolt|p2a: Weezing
|-damage|p2a: Weezing|0 fnt
|faint|p2a: Weezing
|-end|p2a: Weezing|ability: Neutralizing Gas
|
|-heal|p1a: Raging Bolt|63/100|[from] item: Leftovers
|upkeep
|
|t:|1757915843
|switch|p2a: Great Tusk|Great Tusk|44/100
|-damage|p2a: Great Tusk|41/100|[from] Stealth Rock
|turn|40
|
|t:|1757915849
|-end|p1a: Raging Bolt|Protosynthesis|[silent]
|switch|p1a: Samurott|Samurott-Hisui, F|44/100
|move|p2a: Great Tusk|Headlong Rush|p1a: Samurott
|-damage|p1a: Samurott|0 fnt
|-unboost|p2a: Great Tusk|def|1
|-unboost|p2a: Great Tusk|spd|1
|faint|p1a: Samurott
|
|upkeep
|
|t:|1757915854
|switch|p1a: Rillaboom|Rillaboom, F|11/100
|-fieldstart|move: Grassy Terrain|[from] ability: Grassy Surge|[of] p1a: Rillaboom
|turn|41
|
|t:|1757915863
|-end|p2a: Great Tusk|Protosynthesis|[silent]
|switch|p2a: Hydrapple|Hydrapple, F|100/100
|-damage|p2a: Hydrapple|88/100|[from] Stealth Rock
|move|p1a: Rillaboom|U-turn|p2a: Hydrapple
|-supereffective|p2a: Hydrapple
|-damage|p2a: Hydrapple|38/100
|l| Shucklepilled
|
|t:|1757915876
|switch|p1a: Raging Bolt|Raging Bolt, tera:Fairy|63/100|[from] U-turn
|
|-heal|p1a: Raging Bolt|69/100|[from] Grassy Terrain
|-heal|p1a: Raging Bolt|75/100|[from] item: Leftovers
|-heal|p2a: Hydrapple|44/100|[from] Grassy Terrain
|upkeep
|turn|42
|
|t:|1757915881
|switch|p2a: Darkrai|Darkrai|88/100
|-damage|p2a: Darkrai|76/100|[from] Stealth Rock
|move|p1a: Raging Bolt|Dragon Pulse|p2a: Darkrai
|-damage|p2a: Darkrai|9/100
|
|-heal|p2a: Darkrai|15/100|[from] Grassy Terrain
|-heal|p1a: Raging Bolt|81/100|[from] Grassy Terrain
|-heal|p1a: Raging Bolt|87/100|[from] item: Leftovers
|upkeep
|turn|43
|
|t:|1757915885
|-end|p1a: Raging Bolt|Protosynthesis|[silent]
|switch|p1a: Empoleon|Empoleon, F|94/100 brn
|move|p2a: Darkrai|Trick|p1a: Empoleon
|-activate|p2a: Darkrai|move: Trick|[of] p1a: Empoleon
|-item|p1a: Empoleon|Choice Scarf|[from] move: Trick
|-item|p2a: Darkrai|Leftovers|[from] move: Trick
|
|-heal|p2a: Darkrai|21/100|[from] Grassy Terrain
|-heal|p2a: Darkrai|28/100|[from] item: Leftovers
|-heal|p1a: Empoleon|100/100 brn|[from] Grassy Terrain
|-damage|p1a: Empoleon|94/100 brn|[from] brn
|upkeep
|turn|44
|inactive|michaelgoalise has 120 seconds left.
|
|t:|1757915935
|switch|p2a: Alomomola|Alomomola, M|100/100
|-damage|p2a: Alomomola|88/100|[from] Stealth Rock
|move|p1a: Empoleon|Flash Cannon|p2a: Alomomola
|-resisted|p2a: Alomomola
|-damage|p2a: Alomomola|76/100
|
|-heal|p1a: Empoleon|100/100 brn|[from] Grassy Terrain
|-heal|p2a: Alomomola|82/100|[from] Grassy Terrain
|-damage|p1a: Empoleon|94/100 brn|[from] brn
|upkeep
|turn|45
|
|t:|1757915942
|switch|p1a: Raging Bolt|Raging Bolt, tera:Fairy|87/100
|move|p2a: Alomomola|Flip Turn|p1a: Raging Bolt
|-damage|p1a: Raging Bolt|74/100
|
|t:|1757915953
|switch|p2a: Great Tusk|Great Tusk|41/100|[from] Flip Turn
|-damage|p2a: Great Tusk|38/100|[from] Stealth Rock
|
|-heal|p2a: Great Tusk|44/100|[from] Grassy Terrain
|-heal|p1a: Raging Bolt|80/100|[from] Grassy Terrain
|-heal|p1a: Raging Bolt|86/100|[from] item: Leftovers
|-fieldend|move: Grassy Terrain
|upkeep
|turn|46
|inactive|michaelgoalise has 120 seconds left.
|
|t:|1757915984
|move|p2a: Great Tusk|Headlong Rush|p1a: Raging Bolt
|-damage|p1a: Raging Bolt|6/100
|-unboost|p2a: Great Tusk|def|1
|-unboost|p2a: Great Tusk|spd|1
|move|p1a: Raging Bolt|Dragon Pulse|p2a: Great Tusk
|-damage|p2a: Great Tusk|0 fnt
|faint|p2a: Great Tusk
|-end|p2a: Great Tusk|Protosynthesis|[silent]
|
|-heal|p1a: Raging Bolt|13/100|[from] item: Leftovers
|upkeep
|
|t:|1757916006
|switch|p2a: Alomomola|Alomomola, M|100/100
|-damage|p2a: Alomomola|88/100|[from] Stealth Rock
|turn|47
|
|t:|1757916023
|-end|p1a: Raging Bolt|Protosynthesis|[silent]
|switch|p1a: Empoleon|Empoleon, F|94/100 brn
|-terastallize|p2a: Alomomola|Fairy
|move|p2a: Alomomola|Flip Turn|p1a: Empoleon
|-resisted|p1a: Empoleon
|-damage|p1a: Empoleon|87/100 brn
|
|t:|1757916028
|switch|p2a: Hydrapple|Hydrapple, F|77/100|[from] Flip Turn
|-damage|p2a: Hydrapple|65/100|[from] Stealth Rock
|
|-damage|p1a: Empoleon|80/100 brn|[from] brn
|upkeep
|turn|48
|
|t:|1757916034
|switch|p1a: Rillaboom|Rillaboom, F|11/100
|-fieldstart|move: Grassy Terrain|[from] ability: Grassy Surge|[of] p1a: Rillaboom
|move|p2a: Hydrapple|Earth Power|p1a: Rillaboom
|-resisted|p1a: Rillaboom
|-damage|p1a: Rillaboom|0 fnt
|faint|p1a: Rillaboom
|
|-heal|p2a: Hydrapple|71/100|[from] Grassy Terrain
|upkeep
|
|t:|1757916036
|switch|p1a: Raging Bolt|Raging Bolt, tera:Fairy|13/100
|turn|49
|
|t:|1757916045
|switch|p2a: Darkrai|Darkrai|28/100
|-damage|p2a: Darkrai|15/100|[from] Stealth Rock
|move|p1a: Raging Bolt|Dragon Pulse|p2a: Darkrai
|-crit|p2a: Darkrai
|-damage|p2a: Darkrai|0 fnt
|faint|p2a: Darkrai
|
|-heal|p1a: Raging Bolt|19/100|[from] Grassy Terrain
|-heal|p1a: Raging Bolt|25/100|[from] item: Leftovers
|upkeep
|
|t:|1757916047
|switch|p2a: Alomomola|Alomomola, M, tera:Fairy|100/100
|-damage|p2a: Alomomola|88/100|[from] Stealth Rock
|turn|50
|
|t:|1757916066
|move|p1a: Raging Bolt|Calm Mind|p1a: Raging Bolt
|-boost|p1a: Raging Bolt|spa|1
|-boost|p1a: Raging Bolt|spd|1
|move|p2a: Alomomola|Play Rough|p1a: Raging Bolt
|-crit|p1a: Raging Bolt
|-damage|p1a: Raging Bolt|0 fnt
|faint|p1a: Raging Bolt
|-end|p1a: Raging Bolt|Protosynthesis|[silent]
|
|-heal|p2a: Alomomola|94/100|[from] Grassy Terrain
|upkeep
|inactive|michaelgoalise has 120 seconds left.
|
|t:|1757916093
|switch|p1a: Empoleon|Empoleon, F|80/100 brn
|turn|51
|
|t:|1757916096
|move|p1a: Empoleon|Flash Cannon|p2a: Alomomola
|-supereffective|p2a: Alomomola
|-damage|p2a: Alomomola|40/100
|move|p2a: Alomomola|Mirror Coat|p1a: Empoleon
|-damage|p1a: Empoleon|0 fnt
|faint|p1a: Empoleon
|
|win|Catactual
|raw|michaelgoalise's rating: 1610 &rarr; <strong>1590</strong><br />(-20 for losing)
|raw|Catactual's rating: 1606 &rarr; <strong>1626</strong><br />(+20 for winning)
|l|☆Catactual
|player|p2|
|l|☆michaelgoalise
|player|p1|
|l| biryanilover
