|badge|p1|bronze|gen9randombattle|100-6
|uhtml|medal-msg|<div class="broadcast-blue">Curious what those medals under the avatar are? PS now has Ladder Seasons! For more information, check out the <a href="https://www.smogon.com/forums/threads/3740067/">thread on Smogon.</a></div>
|j|☆larp legion
|j|☆Prav33n
|t:|1757812448
|gametype|singles
|player|p1|larp legion|clown|1565
|player|p2|Prav33n|koga|1780
|gen|9
|tier|[Gen 9] OU
|rated|
|rule|HP Percentage Mod: HP is shown in percentages
|rule|Endless Battle Clause: Forcing endless battles is banned
|rule|Species Clause: Limit one of each Pokémon
|rule|OHKO Clause: OHKO moves are banned
|rule|Evasion Items Clause: Evasion items are banned
|rule|Evasion Moves Clause: Evasion moves are banned
|rule|Evasion Abilities Clause: Evasion abilities are banned
|rule|Sleep Moves Clause: Sleep-inducing moves are banned
|clearpoke
|poke|p1|Walking Wake|
|poke|p1|Sinistcha|
|poke|p1|Volcanion|
|poke|p1|Slowbro, F|
|poke|p1|Coalossal, F|
|poke|p1|Emboar, M|
|poke|p2|Deoxys-Speed|
|poke|p2|Kyurem|
|poke|p2|Gholdengo|
|poke|p2|Great Tusk|
|poke|p2|Primarina, M|
|poke|p2|Dragonite, M|
|teampreview
|inactive|Battle timer is ON: inactive players will automatically lose when time's up. (requested by larp legion)
|c|☆larp legion|after this
|c|☆larp legion|may be time
|c|☆larp legion|to load some other heat
|c|☆larp legion|ok
|j| LuLuNaNaRaRa
|
|t:|1757812474
|teamsize|p1|6
|teamsize|p2|6
|start
|switch|p1a: Volcanion|Volcanion|100/100
|switch|p2a: Deoxys|Deoxys-Speed|100/100
|-ability|p2a: Deoxys|Pressure
|turn|1
|
|t:|1757812478
|move|p2a: Deoxys|Spikes|p1a: Volcanion
|-sidestart|p1: larp legion|Spikes
|move|p1a: Volcanion|Steam Eruption|p2a: Deoxys|[miss]
|-miss|p1a: Volcanion|p2a: Deoxys
|
|upkeep
|turn|2
|
|t:|1757812481
|move|p2a: Deoxys|Spikes|p1a: Volcanion
|-sidestart|p1: larp legion|Spikes
|move|p1a: Volcanion|Steam Eruption|p2a: Deoxys
|-damage|p2a: Deoxys|18/100
|-enditem|p2a: Deoxys|Red Card|[of] p1a: Volcanion
|drag|p1a: Sinistcha|Sinistcha|100/100
|-damage|p1a: Sinistcha|84/100|[from] Spikes
|
|-heal|p1a: Sinistcha|90/100|[from] item: Leftovers
|upkeep
|turn|3
|
|t:|1757812490
|move|p2a: Deoxys|Knock Off|p1a: Sinistcha
|-supereffective|p1a: Sinistcha
|-damage|p1a: Sinistcha|49/100
|-enditem|p1a: Sinistcha|Leftovers|[from] move: Knock Off|[of] p2a: Deoxys
|move|p1a: Sinistcha|Giga Drain|p2a: Deoxys
|-damage|p2a: Deoxys|0 fnt
|-heal|p1a: Sinistcha|57/100|[from] drain|[of] p2a: Deoxys
|faint|p2a: Deoxys
|
|upkeep
|
|t:|1757812494
|switch|p2a: Gholdengo|Gholdengo|100/100
|turn|4
|
|t:|1757812499
|switch|p1a: Emboar|Emboar, M|100/100
|-damage|p1a: Emboar|84/100|[from] Spikes
|move|p2a: Gholdengo|Shadow Ball|p1a: Emboar
|-damage|p1a: Emboar|57/100
|
|upkeep
|turn|5
|
|t:|1757812511
|switch|p2a: Dragonite|Dragonite, M, shiny|100/100
|move|p1a: Emboar|Scald|p2a: Dragonite
|-resisted|p2a: Dragonite
|-damage|p2a: Dragonite|97/100
|-status|p2a: Dragonite|brn
|
|-damage|p2a: Dragonite|91/100 brn|[from] brn
|upkeep
|turn|6
|
|t:|1757812519
|switch|p1a: Slowbro|Slowbro, F|100/100
|-damage|p1a: Slowbro|84/100|[from] Spikes
|move|p2a: Dragonite|Earthquake|p1a: Slowbro
|-damage|p1a: Slowbro|73/100
|
|-damage|p2a: Dragonite|85/100 brn|[from] brn
|upkeep
|turn|7
|c|☆larp legion|we're so good
|
|t:|1757812523
|switch|p2a: Gholdengo|Gholdengo|100/100
|move|p1a: Slowbro|Scald|p2a: Gholdengo
|-damage|p2a: Gholdengo|67/100
|
|upkeep
|turn|8
|
|t:|1757812527
|switch|p1a: Coalossal|Coalossal, F|100/100
|move|p2a: Gholdengo|Shadow Ball|p1a: Coalossal
|-damage|p1a: Coalossal|61/100
|
|upkeep
|turn|9
|
|t:|1757812535
|switch|p2a: Great Tusk|Great Tusk|100/100
|move|p1a: Coalossal|Overheat|p2a: Great Tusk
|-damage|p2a: Great Tusk|42/100
|-unboost|p1a: Coalossal|spa|2
|
|upkeep
|turn|10
|
|t:|1757812539
|-end|p2a: Great Tusk|Protosynthesis|[silent]
|switch|p2a: Gholdengo|Gholdengo|67/100
|switch|p1a: Slowbro|Slowbro, F|100/100
|-damage|p1a: Slowbro|84/100|[from] Spikes
|
|upkeep
|turn|11
|
|t:|1757812543
|switch|p1a: Emboar|Emboar, M|57/100
|-damage|p1a: Emboar|41/100|[from] Spikes
|move|p2a: Gholdengo|Shadow Ball|p1a: Emboar
|-damage|p1a: Emboar|13/100
|
|upkeep
|turn|12
|
|t:|1757812546
|move|p2a: Gholdengo|Shadow Ball|p1a: Emboar
|-damage|p1a: Emboar|0 fnt
|faint|p1a: Emboar
|
|upkeep
|
|t:|1757812548
|switch|p1a: Volcanion|Volcanion|100/100
|-damage|p1a: Volcanion|84/100|[from] Spikes
|turn|13
|
|t:|1757812552
|switch|p2a: Dragonite|Dragonite, M, shiny|85/100 brn
|move|p1a: Volcanion|Steam Eruption|p2a: Dragonite
|-resisted|p2a: Dragonite
|-damage|p2a: Dragonite|54/100 brn
|
|-damage|p2a: Dragonite|47/100 brn|[from] brn
|upkeep
|turn|14
|
|t:|1757812559
|switch|p1a: Slowbro|Slowbro, F|100/100
|-damage|p1a: Slowbro|84/100|[from] Spikes
|move|p2a: Dragonite|Earthquake|p1a: Slowbro
|-damage|p1a: Slowbro|73/100
|
|-damage|p2a: Dragonite|41/100 brn|[from] brn
|upkeep
|turn|15
|
|t:|1757812562
|switch|p2a: Primarina|Primarina, M|100/100
|move|p1a: Slowbro|Scald|p2a: Primarina
|-resisted|p2a: Primarina
|-crit|p2a: Primarina
|-damage|p2a: Primarina|87/100
|
|upkeep
|turn|16
|
|t:|1757812573
|switch|p1a: Volcanion|Volcanion|84/100
|-damage|p1a: Volcanion|68/100|[from] Spikes
|move|p2a: Primarina|Moonblast|p1a: Volcanion
|-resisted|p1a: Volcanion
|-damage|p1a: Volcanion|47/100
|
|upkeep
|turn|17
|
|t:|1757812586
|switch|p2a: Dragonite|Dragonite, M, shiny|41/100 brn
|move|p1a: Volcanion|Sludge Bomb|p2a: Dragonite
|-damage|p2a: Dragonite|8/100 brn
|
|-damage|p2a: Dragonite|2/100 brn|[from] brn
|upkeep
|turn|18
|
|t:|1757812591
|switch|p1a: Sinistcha|Sinistcha|57/100
|-damage|p1a: Sinistcha|41/100|[from] Spikes
|move|p2a: Dragonite|Roost|p2a: Dragonite
|-heal|p2a: Dragonite|52/100 brn
|-singleturn|p2a: Dragonite|move: Roost
|
|-damage|p2a: Dragonite|46/100 brn|[from] brn
|upkeep
|turn|19
|
|t:|1757812602
|switch|p2a: Kyurem|Kyurem, shiny|100/100
|-ability|p2a: Kyurem|Pressure
|move|p1a: Sinistcha|Strength Sap|p2a: Kyurem
|-unboost|p2a: Kyurem|atk|1
|-heal|p1a: Sinistcha|100/100
|
|upkeep
|turn|20
|
|t:|1757812608
|move|p2a: Kyurem|Freeze-Dry|p1a: Sinistcha
|-supereffective|p1a: Sinistcha
|-damage|p1a: Sinistcha|27/100
|move|p1a: Sinistcha|Scald|p2a: Kyurem
|-resisted|p2a: Kyurem
|-damage|p2a: Kyurem|87/100
|
|upkeep
|turn|21
|
|t:|1757812612
|move|p2a: Kyurem|Freeze-Dry|p1a: Sinistcha
|-supereffective|p1a: Sinistcha
|-damage|p1a: Sinistcha|0 fnt
|faint|p1a: Sinistcha
|
|upkeep
|
|t:|1757812614
|switch|p1a: Walking Wake|Walking Wake|100/100
|-damage|p1a: Walking Wake|84/100|[from] Spikes
|turn|22
|
|t:|1757812621
|switch|p2a: Primarina|Primarina, M|87/100
|move|p1a: Walking Wake|Draco Meteor|p2a: Primarina
|-immune|p2a: Primarina
|
|upkeep
|turn|23
|
|t:|1757812624
|-end|p1a: Walking Wake|Protosynthesis|[silent]
|switch|p1a: Volcanion|Volcanion|47/100
|-damage|p1a: Volcanion|31/100|[from] Spikes
|move|p2a: Primarina|Moonblast|p1a: Volcanion
|-resisted|p1a: Volcanion
|-damage|p1a: Volcanion|10/100
|
|upkeep
|turn|24
|
|t:|1757812629
|switch|p2a: Dragonite|Dragonite, M, shiny|46/100 brn
|move|p1a: Volcanion|Sludge Bomb|p2a: Dragonite
|-damage|p2a: Dragonite|11/100 brn
|
|-damage|p2a: Dragonite|5/100 brn|[from] brn
|upkeep
|turn|25
|
|t:|1757812633
|switch|p1a: Coalossal|Coalossal, F|61/100
|move|p2a: Dragonite|Earthquake|p1a: Coalossal
|-supereffective|p1a: Coalossal
|-damage|p1a: Coalossal|23/100
|
|-damage|p2a: Dragonite|0 fnt|[from] brn
|faint|p2a: Dragonite
|upkeep
|
|t:|1757812635
|switch|p2a: Great Tusk|Great Tusk|42/100
|turn|26
|
|t:|1757812643
|move|p2a: Great Tusk|Headlong Rush|p1a: Coalossal
|-supereffective|p1a: Coalossal
|-damage|p1a: Coalossal|0 fnt
|-unboost|p2a: Great Tusk|def|1
|-unboost|p2a: Great Tusk|spd|1
|faint|p1a: Coalossal
|
|upkeep
|-message|larp legion forfeited.
|
|win|Prav33n
|raw|larp legion's rating: 1565 &rarr; <strong>1556</strong><br />(-9 for losing)
|raw|Prav33n's rating: 1780 &rarr; <strong>1789</strong><br />(+9 for winning)
|l|☆larp legion
|player|p1|
