|j|☆kk6923
|j|☆waha8
|t:|1757827550
|gametype|singles
|player|p1|kk6923|candice|1328
|player|p2|waha8|102|1346
|gen|9
|tier|[Gen 9] OU
|rated|
|rule|HP Percentage Mod: HP is shown in percentages
|rule|Endless Battle Clause: Forcing endless battles is banned
|rule|Species Clause: Limit one of each Pokémon
|rule|OHKO Clause: OHKO moves are banned
|rule|Evasion Items Clause: Evasion items are banned
|rule|Evasion Moves Clause: Evasion moves are banned
|rule|Evasion Abilities Clause: Evasion abilities are banned
|rule|Sleep Moves Clause: Sleep-inducing moves are banned
|clearpoke
|poke|p1|Torkoal, F|
|poke|p1|Walking Wake|
|poke|p1|Great Tusk|
|poke|p1|Grimmsnarl, M|
|poke|p1|Corviknight, F|
|poke|p1|Raging Bolt|
|poke|p2|Blaziken, M|
|poke|p2|Ninetales, M|
|poke|p2|Indeedee, M|
|poke|p2|Hatterene, F|
|poke|p2|Slowbro-Galar, F|
|poke|p2|Cinderace, M|
|teampreview
|
|t:|1757827557
|teamsize|p1|6
|teamsize|p2|6
|start
|switch|p1a: Grimmsnarl|Grimmsnarl, M, shiny|100/100
|switch|p2a: DeeDee|Indeedee, M|100/100
|-fieldstart|move: Psychic Terrain|[from] ability: Psychic Surge|[of] p2a: DeeDee
|turn|1
|
|t:|1757827567
|switch|p2a: CaptFalcon|Blaziken, M|100/100
|move|p1a: Grimmsnarl|Reflect|p1a: Grimmsnarl
|-sidestart|p1: kk6923|Reflect
|
|upkeep
|turn|2
|
|t:|1757827572
|move|p1a: Grimmsnarl|Taunt|p2a: CaptFalcon
|-activate|p2a: CaptFalcon|move: Psychic Terrain
|move|p2a: CaptFalcon|Focus Energy|p2a: CaptFalcon
|-start|p2a: CaptFalcon|move: Focus Energy
|
|-ability|p2a: CaptFalcon|Speed Boost|boost
|-boost|p2a: CaptFalcon|spe|1
|upkeep
|turn|3
|
|t:|1757827580
|move|p2a: CaptFalcon|Overheat|p1a: Grimmsnarl|[miss]
|-miss|p2a: CaptFalcon|p1a: Grimmsnarl
|move|p1a: Grimmsnarl|Spirit Break|p2a: CaptFalcon
|-damage|p2a: CaptFalcon|57/100
|-unboost|p2a: CaptFalcon|spa|1
|
|-ability|p2a: CaptFalcon|Speed Boost|boost
|-boost|p2a: CaptFalcon|spe|1
|upkeep
|turn|4
|
|t:|1757827591
|-terastallize|p2a: CaptFalcon|Fire
|move|p2a: CaptFalcon|Overheat|p1a: Grimmsnarl
|-crit|p1a: Grimmsnarl
|-damage|p1a: Grimmsnarl|0 fnt
|-unboost|p2a: CaptFalcon|spa|2
|faint|p1a: Grimmsnarl
|
|-ability|p2a: CaptFalcon|Speed Boost|boost
|-boost|p2a: CaptFalcon|spe|1
|upkeep
|
|t:|1757827601
|switch|p1a: Walking Wake|Walking Wake|100/100
|turn|5
|
|t:|1757827604
|move|p2a: CaptFalcon|Close Combat|p1a: Walking Wake
|-crit|p1a: Walking Wake
|-damage|p1a: Walking Wake|15/100
|-unboost|p2a: CaptFalcon|def|1
|-unboost|p2a: CaptFalcon|spd|1
|move|p1a: Walking Wake|Hydro Steam|p2a: CaptFalcon
|-supereffective|p2a: CaptFalcon
|-damage|p2a: CaptFalcon|0 fnt
|faint|p2a: CaptFalcon
|
|upkeep
|
|t:|1757827613
|switch|p2a: Mavis|Hatterene, F|100/100
|turn|6
|
|t:|1757827618
|move|p1a: Walking Wake|Hydro Steam|p2a: Mavis
|-damage|p2a: Mavis|40/100
|move|p2a: Mavis|Trick Room|p2a: Mavis
|-fieldstart|move: Trick Room|[of] p2a: Mavis
|
|upkeep
|turn|7
|
|t:|1757827625
|-end|p1a: Walking Wake|Protosynthesis|[silent]
|switch|p1a: Torkoal|Torkoal, F, shiny|100/100
|-weather|SunnyDay|[from] ability: Drought|[of] p1a: Torkoal
|move|p2a: Mavis|Draining Kiss|p1a: Torkoal
|-resisted|p1a: Torkoal
|-damage|p1a: Torkoal|76/100
|-heal|p2a: Mavis|59/100|[from] drain|[of] p1a: Torkoal
|-damage|p2a: Mavis|50/100|[from] item: Life Orb
|
|-weather|SunnyDay|[upkeep]
|upkeep
|turn|8
|
|t:|1757827636
|move|p1a: Torkoal|Eruption|p2a: Mavis
|-damage|p2a: Mavis|0 fnt
|faint|p2a: Mavis
|
|-weather|SunnyDay|[upkeep]
|-sideend|p1: kk6923|Reflect
|-fieldend|move: Psychic Terrain
|upkeep
|
|t:|1757827647
|switch|p2a: ReverseUNO|Cinderace, M|100/100
|turn|9
|
|t:|1757827652
|move|p1a: Torkoal|Eruption|p2a: ReverseUNO
|-resisted|p2a: ReverseUNO
|-damage|p2a: ReverseUNO|53/100
|move|p2a: ReverseUNO|High Jump Kick|p1a: Torkoal
|-start|p2a: ReverseUNO|typechange|Fighting|[from] ability: Libero
|-damage|p1a: Torkoal|30/100
|
|-weather|SunnyDay|[upkeep]
|upkeep
|turn|10
|
|t:|1757827667
|switch|p2a: DeeDee|Indeedee, M|100/100
|-fieldstart|move: Psychic Terrain|[from] ability: Psychic Surge|[of] p2a: DeeDee
|move|p1a: Torkoal|Eruption|p2a: DeeDee
|-damage|p2a: DeeDee|65/100
|
|-weather|SunnyDay|[upkeep]
|-fieldend|move: Trick Room
|upkeep
|turn|11
|
|t:|1757827677
|switch|p2a: WildWest|Slowbro-Galar, F|100/100
|move|p1a: Torkoal|Body Press|p2a: WildWest
|-resisted|p2a: WildWest
|-damage|p2a: WildWest|95/100
|
|-weather|SunnyDay|[upkeep]
|upkeep
|turn|12
|
|t:|1757827686
|switch|p1a: Raging Bolt|Raging Bolt|100/100
|-activate|p1a: Raging Bolt|ability: Protosynthesis
|-start|p1a: Raging Bolt|protosynthesisspa
|move|p2a: WildWest|Nasty Plot|p2a: WildWest
|-boost|p2a: WildWest|spa|2
|
|-weather|SunnyDay|[upkeep]
|upkeep
|turn|13
|
|t:|1757827696
|move|p1a: Raging Bolt|Thunderbolt|p2a: WildWest
|-damage|p2a: WildWest|17/100
|-status|p2a: WildWest|par
|move|p2a: WildWest|Expanding Force|p1a: Raging Bolt
|-damage|p1a: Raging Bolt|0 fnt
|faint|p1a: Raging Bolt
|-end|p1a: Raging Bolt|Protosynthesis|[silent]
|
|-weather|SunnyDay|[upkeep]
|upkeep
|
|t:|1757827708
|switch|p1a: Walking Wake|Walking Wake|15/100
|-activate|p1a: Walking Wake|ability: Protosynthesis
|-start|p1a: Walking Wake|protosynthesisspe
|turn|14
|
|t:|1757827714
|move|p1a: Walking Wake|Flip Turn|p2a: WildWest
|-damage|p2a: WildWest|10/100 par
|
|t:|1757827720
|-end|p1a: Walking Wake|Protosynthesis|[silent]
|switch|p1a: Corviknight|Corviknight, F, shiny|100/100|[from] Flip Turn
|move|p2a: WildWest|Expanding Force|p1a: Corviknight
|-resisted|p1a: Corviknight
|-damage|p1a: Corviknight|38/100
|
|-weather|none
|upkeep
|turn|15
|
|t:|1757827731
|switch|p1a: Torkoal|Torkoal, F, shiny|30/100
|-weather|SunnyDay|[from] ability: Drought|[of] p1a: Torkoal
|move|p2a: WildWest|Expanding Force|p1a: Torkoal
|-damage|p1a: Torkoal|0 fnt
|faint|p1a: Torkoal
|
|-weather|SunnyDay|[upkeep]
|upkeep
|
|t:|1757827741
|switch|p1a: Walking Wake|Walking Wake|15/100
|-activate|p1a: Walking Wake|ability: Protosynthesis
|-start|p1a: Walking Wake|protosynthesisspe
|turn|16
|
|t:|1757827746
|move|p1a: Walking Wake|Hydro Steam|p2a: WildWest
|-damage|p2a: WildWest|0 fnt
|faint|p2a: WildWest
|
|-weather|SunnyDay|[upkeep]
|upkeep
|c|☆waha8|gg
|-message|waha8 forfeited.
|
|win|kk6923
|raw|kk6923's rating: 1328 &rarr; <strong>1349</strong><br />(+21 for winning)
|raw|waha8's rating: 1346 &rarr; <strong>1325</strong><br />(-21 for losing)
|l|☆waha8
|player|p2|
|l|☆kk6923
|player|p1|
