|j|☆ZeNiN_K1
|j|☆iguana_droga
|t:|1757956544
|gametype|singles
|player|p1|ZeNiN_K1|acetrainer-gen4|1253
|player|p2|iguana_droga|170|1217
|gen|9
|tier|[Gen 9] OU
|rated|
|rule|HP Percentage Mod: HP is shown in percentages
|rule|Endless Battle Clause: Forcing endless battles is banned
|rule|Species Clause: Limit one of each Pokémon
|rule|OHKO Clause: OHKO moves are banned
|rule|Evasion Items Clause: Evasion items are banned
|rule|Evasion Moves Clause: Evasion moves are banned
|rule|Evasion Abilities Clause: Evasion abilities are banned
|rule|Sleep Moves Clause: Sleep-inducing moves are banned
|clearpoke
|poke|p1|Zamazenta-*|
|poke|p1|Ninetales-Alola, F|
|poke|p1|Darkrai|
|poke|p1|Ceruledge, F|
|poke|p1|Gliscor, M|
|poke|p1|Hatterene, F|
|poke|p2|Great Tusk|
|poke|p2|Bisharp, M|
|poke|p2|Pelipper, M|
|poke|p2|Crawdaunt, M|
|poke|p2|Rotom-Wash|
|poke|p2|Ribombee, M|
|teampreview
|
|t:|1757956570
|teamsize|p1|6
|teamsize|p2|6
|start
|switch|p1a: Darkrai|Darkrai|100/100
|switch|p2a: Ribombee|Ribombee, M|100/100
|turn|1
|inactive|Battle timer is ON: inactive players will automatically lose when time's up. (requested by ZeNiN_K1)
|
|t:|1757956578
|-terastallize|p1a: Darkrai|Poison
|move|p1a: Darkrai|Sludge Bomb|p2a: Ribombee
|-supereffective|p2a: Ribombee
|-enditem|p2a: Ribombee|Focus Sash
|-damage|p2a: Ribombee|1/100
|move|p2a: Ribombee|Sticky Web|p1a: Darkrai
|-sidestart|p1: ZeNiN_K1|move: Sticky Web
|
|upkeep
|turn|2
|
|t:|1757956589
|switch|p2a: Bisharp|Bisharp, M|100/100
|move|p1a: Darkrai|Sludge Bomb|p2a: Bisharp
|-immune|p2a: Bisharp
|
|upkeep
|turn|3
|
|t:|1757956600
|move|p1a: Darkrai|Nasty Plot|p1a: Darkrai
|-boost|p1a: Darkrai|spa|2
|move|p2a: Bisharp|Brick Break|p1a: Darkrai
|-resisted|p1a: Darkrai
|-damage|p1a: Darkrai|84/100
|
|-heal|p1a: Darkrai|90/100|[from] item: Leftovers
|upkeep
|turn|4
|
|t:|1757956609
|move|p1a: Darkrai|Dark Pulse|p2a: Bisharp
|-resisted|p2a: Bisharp
|-damage|p2a: Bisharp|65/100
|move|p2a: Bisharp|Thunder Wave|p1a: Darkrai
|-status|p1a: Darkrai|par
|
|-heal|p1a: Darkrai|96/100 par|[from] item: Leftovers
|upkeep
|turn|5
|
|t:|1757956619
|switch|p2a: Great Tusk|Great Tusk|100/100
|move|p1a: Darkrai|Dark Pulse|p2a: Great Tusk
|-resisted|p2a: Great Tusk
|-damage|p2a: Great Tusk|56/100
|
|-heal|p1a: Darkrai|100/100 par|[from] item: Leftovers
|upkeep
|turn|6
|
|t:|1757956643
|switch|p1a: Gliscor|Gliscor, M|100/100
|move|p2a: Great Tusk|Ice Spinner|p1a: Gliscor
|-supereffective|p1a: Gliscor
|-damage|p1a: Gliscor|20/100
|
|-status|p1a: Gliscor|tox|[from] item: Toxic Orb
|upkeep
|turn|7
|
|t:|1757956660
|move|p2a: Great Tusk|Rapid Spin|p1a: Gliscor
|-damage|p1a: Gliscor|6/100 tox
|-boost|p2a: Great Tusk|spe|1
|move|p1a: Gliscor|Facade|p2a: Great Tusk
|-damage|p2a: Great Tusk|31/100
|
|-heal|p1a: Gliscor|18/100 tox|[from] ability: Poison Heal
|upkeep
|turn|8
|
|t:|1757956673
|move|p2a: Great Tusk|Ice Spinner|p1a: Gliscor
|-supereffective|p1a: Gliscor
|-damage|p1a: Gliscor|0 fnt
|faint|p1a: Gliscor
|
|upkeep
|
|t:|1757956680
|switch|p1a: Hatterene|Hatterene, F|100/100
|-activate|p1a: Hatterene|move: Sticky Web
|-unboost|p1a: Hatterene|spe|1
|turn|9
|
|t:|1757956687
|move|p2a: Great Tusk|Headlong Rush|p1a: Hatterene
|-damage|p1a: Hatterene|30/100
|-unboost|p2a: Great Tusk|def|1
|-unboost|p2a: Great Tusk|spd|1
|move|p1a: Hatterene|Draining Kiss|p2a: Great Tusk
|-supereffective|p2a: Great Tusk
|-damage|p2a: Great Tusk|0 fnt
|-heal|p1a: Hatterene|57/100|[from] drain|[of] p2a: Great Tusk
|faint|p2a: Great Tusk
|-end|p2a: Great Tusk|Protosynthesis|[silent]
|
|upkeep
|
|t:|1757956699
|switch|p2a: Bisharp|Bisharp, M|65/100
|turn|10
|
|t:|1757956712
|switch|p1a: Darkrai|Darkrai, tera:Poison|100/100 par
|-activate|p1a: Darkrai|move: Sticky Web
|-unboost|p1a: Darkrai|spe|1
|move|p2a: Bisharp|Iron Head|p1a: Darkrai
|-damage|p1a: Darkrai|54/100 par
|
|-heal|p1a: Darkrai|60/100 par|[from] item: Leftovers
|upkeep
|turn|11
|
|t:|1757956722
|move|p2a: Bisharp|Iron Head|p1a: Darkrai
|-damage|p1a: Darkrai|6/100 par
|cant|p1a: Darkrai|flinch
|
|-heal|p1a: Darkrai|12/100 par|[from] item: Leftovers
|upkeep
|turn|12
|
|t:|1757956729
|move|p2a: Bisharp|Iron Head|p1a: Darkrai
|-damage|p1a: Darkrai|0 fnt
|faint|p1a: Darkrai
|
|upkeep
|
|t:|1757956744
|switch|p1a: Ceruledge|Ceruledge, F|100/100
|-activate|p1a: Ceruledge|move: Sticky Web
|-unboost|p1a: Ceruledge|spe|1
|turn|13
|
|t:|1757956751
|switch|p2a: Pelipper|Pelipper, M|100/100
|-weather|RainDance|[from] ability: Drizzle|[of] p2a: Pelipper
|move|p1a: Ceruledge|Bulk Up|p1a: Ceruledge
|-boost|p1a: Ceruledge|atk|1
|-boost|p1a: Ceruledge|def|1
|
|-weather|RainDance|[upkeep]
|upkeep
|turn|14
|
|t:|1757956763
|switch|p1a: Hatterene|Hatterene, F|57/100
|-activate|p1a: Hatterene|move: Sticky Web
|-unboost|p1a: Hatterene|spe|1
|move|p2a: Pelipper|Chilling Water|p1a: Hatterene
|-damage|p1a: Hatterene|42/100
|-unboost|p1a: Hatterene|atk|1
|
|-weather|RainDance|[upkeep]
|upkeep
|turn|15
|
|t:|1757956773
|switch|p2a: Bisharp|Bisharp, M|65/100
|move|p1a: Hatterene|Nuzzle|p2a: Bisharp
|-damage|p2a: Bisharp|63/100
|-status|p2a: Bisharp|par
|
|-weather|RainDance|[upkeep]
|upkeep
|turn|16
|
|t:|1757956785
|switch|p1a: Ceruledge|Ceruledge, F|100/100
|-activate|p1a: Ceruledge|move: Sticky Web
|-unboost|p1a: Ceruledge|spe|1
|move|p2a: Bisharp|Iron Head|p1a: Ceruledge
|-resisted|p1a: Ceruledge
|-damage|p1a: Ceruledge|80/100
|
|-weather|RainDance|[upkeep]
|upkeep
|turn|17
|
|t:|1757956795
|move|p2a: Bisharp|Sucker Punch||[still]
|-fail|p2a: Bisharp
|move|p1a: Ceruledge|Taunt|p2a: Bisharp
|-start|p2a: Bisharp|move: Taunt
|
|-weather|RainDance|[upkeep]
|upkeep
|turn|18
|
|t:|1757956803
|switch|p2a: Rotom|Rotom-Wash|100/100
|move|p1a: Ceruledge|Bulk Up|p1a: Ceruledge
|-boost|p1a: Ceruledge|atk|1
|-boost|p1a: Ceruledge|def|1
|
|-weather|RainDance|[upkeep]
|upkeep
|turn|19
|
|t:|1757956818
|switch|p1a: Hatterene|Hatterene, F|42/100
|-activate|p1a: Hatterene|move: Sticky Web
|-unboost|p1a: Hatterene|spe|1
|move|p2a: Rotom|Volt Switch|p1a: Hatterene
|-damage|p1a: Hatterene|10/100
|
|t:|1757956826
|switch|p2a: Crawdaunt|Crawdaunt, M|100/100|[from] Volt Switch
|
|-weather|RainDance|[upkeep]
|upkeep
|turn|20
|
|t:|1757956832
|switch|p1a: Zamazenta|Zamazenta|100/100
|-activate|p1a: Zamazenta|move: Sticky Web
|-unboost|p1a: Zamazenta|spe|1
|-ability|p1a: Zamazenta|Dauntless Shield|boost
|-boost|p1a: Zamazenta|def|1
|move|p2a: Crawdaunt|Knock Off|p1a: Zamazenta
|-resisted|p1a: Zamazenta
|-damage|p1a: Zamazenta|84/100
|-enditem|p1a: Zamazenta|Chesto Berry|[from] move: Knock Off|[of] p2a: Crawdaunt
|
|-weather|none
|upkeep
|turn|21
|
|t:|1757956847
|switch|p2a: Pelipper|Pelipper, M|100/100
|-weather|RainDance|[from] ability: Drizzle|[of] p2a: Pelipper
|move|p1a: Zamazenta|Body Press|p2a: Pelipper
|-resisted|p2a: Pelipper
|-damage|p2a: Pelipper|76/100
|
|-weather|RainDance|[upkeep]
|upkeep
|turn|22
|
|t:|1757956857
|switch|p1a: Ninetales|Ninetales-Alola, F|100/100
|-activate|p1a: Ninetales|move: Sticky Web
|-unboost|p1a: Ninetales|spe|1
|-weather|Snowscape|[from] ability: Snow Warning|[of] p1a: Ninetales
|move|p2a: Pelipper|Hurricane|p1a: Ninetales
|-damage|p1a: Ninetales|62/100
|
|-weather|Snowscape|[upkeep]
|upkeep
|turn|23
|
|t:|1757956868
|move|p1a: Ninetales|Aurora Veil|p1a: Ninetales
|-sidestart|p1: ZeNiN_K1|move: Aurora Veil
|move|p2a: Pelipper|U-turn|p1a: Ninetales
|-resisted|p1a: Ninetales
|-damage|p1a: Ninetales|61/100
|
|t:|1757956874
|switch|p2a: Ribombee|Ribombee, M|1/100|[from] U-turn
|
|-weather|Snowscape|[upkeep]
|upkeep
|turn|24
|
|t:|1757956881
|move|p2a: Ribombee|U-turn|p1a: Ninetales
|-resisted|p1a: Ninetales
|-damage|p1a: Ninetales|58/100
|
|t:|1757956885
|switch|p2a: Pelipper|Pelipper, M|76/100|[from] U-turn
|-weather|RainDance|[from] ability: Drizzle|[of] p2a: Pelipper
|move|p1a: Ninetales|Freeze-Dry|p2a: Pelipper
|-supereffective|p2a: Pelipper
|-damage|p2a: Pelipper|0 fnt
|faint|p2a: Pelipper
|
|-weather|RainDance|[upkeep]
|upkeep
|
|t:|1757956898
|switch|p2a: Bisharp|Bisharp, M|63/100 par
|turn|25
|
|t:|1757956910
|switch|p1a: Hatterene|Hatterene, F|10/100
|-activate|p1a: Hatterene|move: Sticky Web
|-unboost|p1a: Hatterene|spe|1
|switch|p2a: Crawdaunt|Crawdaunt, M|100/100
|
|-weather|RainDance|[upkeep]
|upkeep
|turn|26
|
|t:|1757956919
|move|p2a: Crawdaunt|Aqua Jet|p1a: Hatterene
|-damage|p1a: Hatterene|0 fnt
|faint|p1a: Hatterene
|
|-weather|RainDance|[upkeep]
|upkeep
|
|t:|1757956923
|switch|p1a: Zamazenta|Zamazenta|84/100
|-activate|p1a: Zamazenta|move: Sticky Web
|-unboost|p1a: Zamazenta|spe|1
|turn|27
|
|t:|1757956930
|switch|p2a: Ribombee|Ribombee, M|1/100
|move|p1a: Zamazenta|Iron Defense|p1a: Zamazenta
|-boost|p1a: Zamazenta|def|2
|
|-weather|RainDance|[upkeep]
|upkeep
|turn|28
|
|t:|1757956939
|move|p2a: Ribombee|Moonblast|p1a: Zamazenta
|-supereffective|p1a: Zamazenta
|-damage|p1a: Zamazenta|44/100
|-unboost|p1a: Zamazenta|spa|1
|move|p1a: Zamazenta|Crunch|p2a: Ribombee
|-resisted|p2a: Ribombee
|-damage|p2a: Ribombee|0 fnt
|faint|p2a: Ribombee
|
|-weather|RainDance|[upkeep]
|upkeep
|
|t:|1757956952
|switch|p2a: Rotom|Rotom-Wash|100/100
|turn|29
|
|t:|1757956961
|switch|p1a: Ninetales|Ninetales-Alola, F|58/100
|-activate|p1a: Ninetales|move: Sticky Web
|-unboost|p1a: Ninetales|spe|1
|-weather|Snowscape|[from] ability: Snow Warning|[of] p1a: Ninetales
|move|p2a: Rotom|Hydro Pump|p1a: Ninetales
|-damage|p1a: Ninetales|23/100
|
|-weather|Snowscape|[upkeep]
|upkeep
|turn|30
|
|t:|1757956986
|move|p2a: Rotom|Hydro Pump|p1a: Ninetales|[miss]
|-miss|p2a: Rotom|p1a: Ninetales
|move|p1a: Ninetales|Freeze-Dry|p2a: Rotom
|-supereffective|p2a: Rotom
|-damage|p2a: Rotom|46/100
|
|-weather|Snowscape|[upkeep]
|-sideend|p1: ZeNiN_K1|move: Aurora Veil
|upkeep
|turn|31
|
|t:|1757956995
|move|p2a: Rotom|Hydro Pump|p1a: Ninetales
|-damage|p1a: Ninetales|0 fnt
|faint|p1a: Ninetales
|
|-weather|Snowscape|[upkeep]
|upkeep
|
|t:|1757956997
|switch|p1a: Zamazenta|Zamazenta|44/100
|-activate|p1a: Zamazenta|move: Sticky Web
|-unboost|p1a: Zamazenta|spe|1
|turn|32
|
|t:|1757957005
|move|p2a: Rotom|Hydro Pump|p1a: Zamazenta
|-damage|p1a: Zamazenta|0 fnt
|faint|p1a: Zamazenta
|
|-weather|Snowscape|[upkeep]
|upkeep
|
|t:|1757957007
|switch|p1a: Ceruledge|Ceruledge, F|80/100
|-activate|p1a: Ceruledge|move: Sticky Web
|-unboost|p1a: Ceruledge|spe|1
|turn|33
|
|t:|1757957014
|move|p1a: Ceruledge|Shadow Sneak|p2a: Rotom
|-damage|p2a: Rotom|22/100
|move|p2a: Rotom|Hydro Pump|p1a: Ceruledge|[miss]
|-miss|p2a: Rotom|p1a: Ceruledge
|
|-weather|none
|upkeep
|turn|34
|
|t:|1757957022
|move|p1a: Ceruledge|Shadow Sneak|p2a: Rotom
|-damage|p2a: Rotom|0 fnt
|faint|p2a: Rotom
|
|upkeep
|
|t:|1757957027
|switch|p2a: Crawdaunt|Crawdaunt, M|100/100
|turn|35
|
|t:|1757957031
|move|p1a: Ceruledge|Shadow Sneak|p2a: Crawdaunt
|-resisted|p2a: Crawdaunt
|-damage|p2a: Crawdaunt|89/100
|move|p2a: Crawdaunt|Dragon Dance|p2a: Crawdaunt
|-boost|p2a: Crawdaunt|atk|1
|-boost|p2a: Crawdaunt|spe|1
|
|upkeep
|turn|36
|
|t:|1757957038
|move|p2a: Crawdaunt|Aqua Jet|p1a: Ceruledge
|-supereffective|p1a: Ceruledge
|-damage|p1a: Ceruledge|0 fnt
|faint|p1a: Ceruledge
|
|win|iguana_droga
|raw|ZeNiN_K1's rating: 1253 &rarr; <strong>1225</strong><br />(-28 for losing)
|raw|iguana_droga's rating: 1217 &rarr; <strong>1245</strong><br />(+28 for winning)
|l|☆iguana_droga
|player|p2|
