|j|☆iamclouds
|j|☆ju2508
|t:|1757916323
|gametype|singles
|player|p1|iamclouds|pokemaniac|1135
|player|p2|ju2508|265|1154
|gen|9
|tier|[Gen 9] OU
|rated|
|rule|HP Percentage Mod: HP is shown in percentages
|rule|Endless Battle Clause: Forcing endless battles is banned
|rule|Species Clause: Limit one of each Pokémon
|rule|OHKO Clause: OHKO moves are banned
|rule|Evasion Items Clause: Evasion items are banned
|rule|Evasion Moves Clause: Evasion moves are banned
|rule|Evasion Abilities Clause: Evasion abilities are banned
|rule|Sleep Moves Clause: Sleep-inducing moves are banned
|clearpoke
|poke|p1|Hatterene, F|
|poke|p1|Diancie|
|poke|p1|Kingambit, F|
|poke|p1|Raging Bolt|
|poke|p1|Armarouge, M|
|poke|p1|Sinistcha|
|poke|p2|Galvantula, M|
|poke|p2|Heracross, F|
|poke|p2|Forretress, M|
|poke|p2|Araquanid, M|
|poke|p2|Lokix, F|
|poke|p2|Venomoth, M|
|teampreview
|inactive|Battle timer is ON: inactive players will automatically lose when time's up. (requested by iamclouds)
|
|t:|1757916339
|teamsize|p1|6
|teamsize|p2|6
|start
|switch|p1a: slow down|Hatterene, F|100/100
|switch|p2a: Lokix|Lokix, F|100/100
|turn|1
|
|t:|1757916347
|move|p2a: Lokix|U-turn|p1a: slow down
|-damage|p1a: slow down|48/100
|
|t:|1757916356
|switch|p2a: Venomoth|Venomoth, M|100/100|[from] U-turn
|move|p1a: slow down|Trick Room|p1a: slow down
|-fieldstart|move: Trick Room|[of] p1a: slow down
|
|upkeep
|turn|2
|
|t:|1757916366
|-terastallize|p1a: slow down|Fire
|move|p1a: slow down|Mystical Fire|p2a: Venomoth
|-supereffective|p2a: Venomoth
|-damage|p2a: Venomoth|0 fnt
|faint|p2a: Venomoth
|
|upkeep
|
|t:|1757916374
|switch|p2a: Araquanid|Araquanid, M|100/100
|turn|3
|
|t:|1757916382
|move|p1a: slow down|Mystical Fire|p2a: Araquanid
|-damage|p2a: Araquanid|88/100
|-unboost|p2a: Araquanid|spa|1
|move|p2a: Araquanid|Infestation|p1a: slow down
|-resisted|p1a: slow down
|-damage|p1a: slow down|46/100
|-activate|p1a: slow down|move: Infestation|[of] p2a: Araquanid
|
|-heal|p2a: Araquanid|94/100|[from] item: Leftovers
|-damage|p1a: slow down|34/100|[from] move: Infestation|[partiallytrapped]
|upkeep
|turn|4
|
|t:|1757916393
|move|p1a: slow down|Dazzling Gleam|p2a: Araquanid
|-damage|p2a: Araquanid|68/100
|move|p2a: Araquanid|Liquidation|p1a: slow down
|-supereffective|p1a: slow down
|-damage|p1a: slow down|0 fnt
|faint|p1a: slow down
|
|-heal|p2a: Araquanid|74/100|[from] item: Leftovers
|upkeep
|
|t:|1757916400
|switch|p1a: tea time|Sinistcha|100/100
|turn|5
|
|t:|1757916413
|move|p2a: Araquanid|Infestation|p1a: tea time
|-damage|p1a: tea time|98/100
|-activate|p1a: tea time|move: Infestation|[of] p2a: Araquanid
|move|p1a: tea time|Matcha Gotcha|p2a: Araquanid
|-damage|p2a: Araquanid|46/100
|-heal|p1a: tea time|100/100|[from] drain|[of] p2a: Araquanid
|
|-heal|p2a: Araquanid|52/100|[from] item: Leftovers
|-damage|p1a: tea time|88/100|[from] move: Infestation|[partiallytrapped]
|-fieldend|move: Trick Room
|upkeep
|turn|6
|
|t:|1757916439
|switch|p2a: Heracross|Heracross, F|100/100
|move|p1a: tea time|Strength Sap|p2a: Heracross
|-unboost|p2a: Heracross|atk|1
|-heal|p1a: tea time|100/100
|
|-end|p1a: tea time|Infestation|[partiallytrapped]|[silent]
|upkeep
|turn|7
|
|t:|1757916451
|move|p2a: Heracross|Knock Off|p1a: tea time
|-supereffective|p1a: tea time
|-damage|p1a: tea time|59/100
|-enditem|p1a: tea time|Leftovers|[from] move: Knock Off|[of] p2a: Heracross
|move|p1a: tea time|Trick Room|p1a: tea time
|-fieldstart|move: Trick Room|[of] p1a: tea time
|
|upkeep
|turn|8
|
|t:|1757916463
|switch|p1a: fire pew pew|Armarouge, M|100/100
|switch|p2a: Forretress|Forretress, M|100/100
|
|upkeep
|turn|9
|
|t:|1757916471
|move|p2a: Forretress|Thunder Wave|p1a: fire pew pew
|-status|p1a: fire pew pew|par
|cant|p1a: fire pew pew|par
|
|upkeep
|turn|10
|
|t:|1757916480
|switch|p2a: Araquanid|Araquanid, M|52/100
|cant|p1a: fire pew pew|par
|
|-heal|p2a: Araquanid|58/100|[from] item: Leftovers
|upkeep
|turn|11
|
|t:|1757916488
|move|p1a: fire pew pew|Energy Ball|p2a: Araquanid
|-damage|p2a: Araquanid|35/100
|-damage|p1a: fire pew pew|91/100 par|[from] item: Life Orb
|move|p2a: Araquanid|Liquidation|p1a: fire pew pew
|-supereffective|p1a: fire pew pew
|-damage|p1a: fire pew pew|12/100 par
|
|-heal|p2a: Araquanid|41/100|[from] item: Leftovers
|-fieldend|move: Trick Room
|upkeep
|turn|12
|
|t:|1757916498
|move|p2a: Araquanid|Leech Life|p1a: fire pew pew
|-damage|p1a: fire pew pew|0 fnt
|-heal|p2a: Araquanid|47/100|[from] drain|[of] p1a: fire pew pew
|faint|p1a: fire pew pew
|
|-heal|p2a: Araquanid|53/100|[from] item: Leftovers
|upkeep
|-message|iamclouds forfeited.
|
|win|ju2508
|raw|iamclouds's rating: 1135 &rarr; <strong>1111</strong><br />(-24 for losing)
|raw|ju2508's rating: 1154 &rarr; <strong>1178</strong><br />(+24 for winning)
|l|☆iamclouds
|player|p1|
|l|☆ju2508
|player|p2|
