|j|☆the goobchamponing
|j|☆imgodslayer
|t:|1757866304
|gametype|singles
|player|p1|the goobchamponing|koga|1457
|player|p2|imgodslayer|benga|1452
|gen|9
|tier|[Gen 9] OU
|rated|
|rule|HP Percentage Mod: HP is shown in percentages
|rule|Endless Battle Clause: Forcing endless battles is banned
|rule|Species Clause: Limit one of each Pokémon
|rule|OHKO Clause: OHKO moves are banned
|rule|Evasion Items Clause: Evasion items are banned
|rule|Evasion Moves Clause: Evasion moves are banned
|rule|Evasion Abilities Clause: Evasion abilities are banned
|rule|Sleep Moves Clause: Sleep-inducing moves are banned
|clearpoke
|poke|p1|Ting-Lu|
|poke|p1|Ogerpon-Wellspring, F|
|poke|p1|Gholdengo|
|poke|p1|Moltres|
|poke|p1|Primarina, M|
|poke|p1|Dragonite, M|
|poke|p2|Araquanid, F|
|poke|p2|Pelipper, M|
|poke|p2|Raging Bolt|
|poke|p2|Great Tusk|
|poke|p2|Poliwrath, F|
|poke|p2|Goodra-Hisui, F|
|teampreview
|inactive|Battle timer is ON: inactive players will automatically lose when time's up. (requested by the goobchamponing)
|
|t:|1757866313
|teamsize|p1|6
|teamsize|p2|6
|start
|switch|p1a: Dragonite|Dragonite, M|100/100
|switch|p2a: Pelipper|Pelipper, M|100/100
|-weather|RainDance|[from] ability: Drizzle|[of] p2a: Pelipper
|turn|1
|
|t:|1757866316
|move|p1a: Dragonite|Dragon Dance|p1a: Dragonite
|-boost|p1a: Dragonite|atk|1
|-boost|p1a: Dragonite|spe|1
|move|p2a: Pelipper|U-turn|p1a: Dragonite
|-resisted|p1a: Dragonite
|-damage|p1a: Dragonite|98/100
|
|t:|1757866321
|switch|p2a: Great Tusk|Great Tusk|100/100|[from] U-turn
|
|-weather|RainDance|[upkeep]
|-heal|p1a: Dragonite|100/100|[from] item: Leftovers
|upkeep
|turn|2
|
|t:|1757866326
|-terastallize|p1a: Dragonite|Ghost
|move|p1a: Dragonite|Dragon Dance|p1a: Dragonite
|-boost|p1a: Dragonite|atk|1
|-boost|p1a: Dragonite|spe|1
|move|p2a: Great Tusk|Roar|p1a: Dragonite
|drag|p1a: Gholdengo|Gholdengo|100/100
|
|-weather|RainDance|[upkeep]
|upkeep
|turn|3
|
|t:|1757866333
|-end|p2a: Great Tusk|Protosynthesis|[silent]
|switch|p2a: Araquanid|Araquanid, F|100/100
|move|p1a: Gholdengo|Trick|p2a: Araquanid
|-activate|p1a: Gholdengo|move: Trick|[of] p2a: Araquanid
|-item|p2a: Araquanid|Choice Scarf|[from] move: Trick
|-item|p1a: Gholdengo|Choice Band|[from] move: Trick
|
|-weather|RainDance|[upkeep]
|upkeep
|turn|4
|
|t:|1757866342
|switch|p1a: Ogerpon|Ogerpon-Wellspring, F|100/100
|move|p2a: Araquanid|Sticky Web|p1a: Ogerpon
|-sidestart|p1: the goobchamponing|move: Sticky Web
|
|-weather|RainDance|[upkeep]
|upkeep
|turn|5
|
|t:|1757866349
|switch|p2a: Raging Bolt|Raging Bolt|100/100
|-enditem|p2a: Raging Bolt|Booster Energy
|-activate|p2a: Raging Bolt|ability: Protosynthesis|[fromitem]
|-start|p2a: Raging Bolt|protosynthesisspa
|move|p1a: Ogerpon|Swords Dance|p1a: Ogerpon
|-boost|p1a: Ogerpon|atk|2
|
|-weather|RainDance|[upkeep]
|upkeep
|turn|6
|
|t:|1757866355
|move|p1a: Ogerpon|Ivy Cudgel|p2a: Raging Bolt|[anim] Ivy Cudgel Water
|-resisted|p2a: Raging Bolt
|-crit|p2a: Raging Bolt
|-damage|p2a: Raging Bolt|0 fnt
|faint|p2a: Raging Bolt
|-end|p2a: Raging Bolt|Protosynthesis|[silent]
|
|-weather|RainDance|[upkeep]
|upkeep
|
|t:|1757866362
|switch|p2a: Araquanid|Araquanid, F|100/100
|turn|7
|
|t:|1757866366
|switch|p1a: Moltres|Moltres|100/100
|move|p2a: Araquanid|Leech Life|p1a: Moltres
|-resisted|p1a: Moltres
|-damage|p1a: Moltres|96/100
|
|-weather|RainDance|[upkeep]
|upkeep
|turn|8
|
|t:|1757866369
|switch|p2a: Goodra|Goodra-Hisui, F|100/100
|move|p1a: Moltres|U-turn|p2a: Goodra
|-resisted|p2a: Goodra
|-damage|p2a: Goodra|94/100
|
|t:|1757866373
|switch|p1a: Gholdengo|Gholdengo|100/100|[from] U-turn
|-activate|p1a: Gholdengo|move: Sticky Web
|-unboost|p1a: Gholdengo|spe|1
|
|-weather|none
|upkeep
|turn|9
|
|t:|1757866381
|move|p1a: Gholdengo|Trick|p2a: Goodra
|-activate|p1a: Gholdengo|move: Trick|[of] p2a: Goodra
|-item|p2a: Goodra|Choice Band|[from] move: Trick
|-item|p1a: Gholdengo|Assault Vest|[from] move: Trick
|move|p2a: Goodra|Thunderbolt|p1a: Gholdengo
|-damage|p1a: Gholdengo|77/100
|
|upkeep
|turn|10
|
|t:|1757866386
|switch|p2a: Pelipper|Pelipper, M|100/100
|-weather|RainDance|[from] ability: Drizzle|[of] p2a: Pelipper
|move|p1a: Gholdengo|Shadow Ball|p2a: Pelipper
|-damage|p2a: Pelipper|27/100
|
|-weather|RainDance|[upkeep]
|upkeep
|turn|11
|
|t:|1757866388
|move|p1a: Gholdengo|Shadow Ball|p2a: Pelipper
|-damage|p2a: Pelipper|0 fnt
|faint|p2a: Pelipper
|
|-weather|RainDance|[upkeep]
|upkeep
|
|t:|1757866391
|switch|p2a: Poliwrath|Poliwrath, F|100/100
|turn|12
|
|t:|1757866393
|move|p2a: Poliwrath|Belly Drum|p2a: Poliwrath
|-damage|p2a: Poliwrath|51/100
|-setboost|p2a: Poliwrath|atk|6|[from] move: Belly Drum
|move|p1a: Gholdengo|Shadow Ball|p2a: Poliwrath
|-damage|p2a: Poliwrath|4/100
|-enditem|p2a: Poliwrath|Sitrus Berry|[eat]
|-heal|p2a: Poliwrath|29/100|[from] item: Sitrus Berry
|
|-weather|RainDance|[upkeep]
|upkeep
|turn|13
|
|t:|1757866402
|switch|p1a: Ogerpon|Ogerpon-Wellspring, F|100/100
|-activate|p1a: Ogerpon|move: Sticky Web
|-unboost|p1a: Ogerpon|spe|1
|move|p2a: Poliwrath|Earthquake|p1a: Ogerpon
|-resisted|p1a: Ogerpon
|-damage|p1a: Ogerpon|24/100
|
|-weather|RainDance|[upkeep]
|upkeep
|turn|14
|
|t:|1757866409
|switch|p1a: Moltres|Moltres|96/100
|move|p2a: Poliwrath|Liquidation|p1a: Moltres
|-supereffective|p1a: Moltres
|-damage|p1a: Moltres|0 fnt
|-status|p2a: Poliwrath|brn|[from] ability: Flame Body|[of] p1a: Moltres
|faint|p1a: Moltres
|
|-weather|RainDance|[upkeep]
|-damage|p2a: Poliwrath|22/100 brn|[from] brn
|upkeep
|
|t:|1757866420
|switch|p1a: Dragonite|Dragonite, M, tera:Ghost|100/100
|-activate|p1a: Dragonite|move: Sticky Web
|-unboost|p1a: Dragonite|spe|1
|turn|15
|
|t:|1757866423
|move|p1a: Dragonite|Extreme Speed|p2a: Poliwrath
|-damage|p2a: Poliwrath|0 fnt
|faint|p2a: Poliwrath
|
|-weather|RainDance|[upkeep]
|upkeep
|-message|imgodslayer forfeited.
|
|win|the goobchamponing
|raw|the goobchamponing's rating: 1457 &rarr; <strong>1477</strong><br />(+20 for winning)
|raw|imgodslayer's rating: 1452 &rarr; <strong>1432</strong><br />(-20 for losing)
|l|☆imgodslayer
|player|p2|
