|j|☆Pokrammer
|j|☆iemonemon
|t:|1757823930
|gametype|singles
|player|p1|Pokrammer|2|1335
|player|p2|iemonemon|clown|1392
|gen|9
|tier|[Gen 9] OU
|rated|
|rule|HP Percentage Mod: HP is shown in percentages
|rule|Endless Battle Clause: Forcing endless battles is banned
|rule|Species Clause: Limit one of each Pokémon
|rule|OHKO Clause: OHKO moves are banned
|rule|Evasion Items Clause: Evasion items are banned
|rule|Evasion Moves Clause: Evasion moves are banned
|rule|Evasion Abilities Clause: Evasion abilities are banned
|rule|Sleep Moves Clause: Sleep-inducing moves are banned
|clearpoke
|poke|p1|Iron Hands|
|poke|p1|Pecharunt|
|poke|p1|Corviknight, M|
|poke|p1|Kyurem|
|poke|p1|Necrozma|
|poke|p1|Primarina, F|
|poke|p2|Dragonite, F|
|poke|p2|Zamazenta-*|
|poke|p2|Landorus-Therian, M|
|poke|p2|Gholdengo|
|poke|p2|Darkrai|
|poke|p2|Hatterene, F|
|teampreview
|
|t:|1757824031
|teamsize|p1|6
|teamsize|p2|6
|start
|switch|p1a: Primarina|Primarina, F|100/100
|switch|p2a: Landorus|Landorus-Therian, M|100/100
|-ability|p2a: Landorus|Intimidate|boost
|-unboost|p1a: Primarina|atk|1
|turn|1
|
|t:|1757824041
|move|p2a: Landorus|U-turn|p1a: Primarina
|-resisted|p1a: Primarina
|-damage|p1a: Primarina|87/100
|
|t:|1757824054
|switch|p2a: Hatterene|Hatterene, F|100/100|[from] U-turn
|move|p1a: Primarina|Sparkling Aria|p2a: Hatterene
|-damage|p2a: Hatterene|62/100
|-damage|p1a: Primarina|77/100|[from] item: Life Orb
|
|upkeep
|turn|2
|
|t:|1757824082
|switch|p1a: Pecharunt|Pecharunt|100/100
|move|p2a: Hatterene|Psyshock|p1a: Pecharunt
|-supereffective|p1a: Pecharunt
|-crit|p1a: Pecharunt
|-damage|p1a: Pecharunt|9/100
|
|upkeep
|turn|3
|
|t:|1757824099
|move|p1a: Pecharunt|Memento|p2a: Hatterene
|-unboost|p2a: Hatterene|atk|2
|-unboost|p2a: Hatterene|spa|2
|faint|p1a: Pecharunt
|move|p2a: Hatterene|Draining Kiss|p1: Pecharunt|[notarget]
|-fail|p2a: Hatterene
|
|upkeep
|
|t:|1757824108
|switch|p1a: Necrozma|Necrozma, shiny|100/100
|turn|4
|
|t:|1757824158
|switch|p2a: Landorus|Landorus-Therian, M|100/100
|-ability|p2a: Landorus|Intimidate|boost
|-unboost|p1a: Necrozma|atk|1
|move|p1a: Necrozma|Dragon Dance|p1a: Necrozma
|-boost|p1a: Necrozma|atk|1
|-boost|p1a: Necrozma|spe|1
|
|upkeep
|turn|5
|
|t:|1757824174
|move|p1a: Necrozma|Dragon Dance|p1a: Necrozma
|-boost|p1a: Necrozma|atk|1
|-boost|p1a: Necrozma|spe|1
|move|p2a: Landorus|Taunt|p1a: Necrozma
|-start|p1a: Necrozma|move: Taunt
|
|upkeep
|turn|6
|
|t:|1757824177
|move|p1a: Necrozma|Photon Geyser|p2a: Landorus
|-damage|p2a: Landorus|37/100
|move|p2a: Landorus|U-turn|p1a: Necrozma
|-supereffective|p1a: Necrozma
|-damage|p1a: Necrozma|76/100
|
|t:|1757824213
|switch|p2a: Gholdengo|Gholdengo|100/100|[from] U-turn
|
|upkeep
|turn|7
|
|t:|1757824220
|switch|p1a: Primarina|Primarina, F|77/100
|move|p2a: Gholdengo|Make It Rain|p1a: Primarina
|-damage|p1a: Primarina|16/100
|-unboost|p2a: Gholdengo|spa|1
|
|upkeep
|turn|8
|
|t:|1757824228
|move|p2a: Gholdengo|Nasty Plot|p2a: Gholdengo
|-boost|p2a: Gholdengo|spa|2
|move|p1a: Primarina|Sparkling Aria|p2a: Gholdengo
|-damage|p2a: Gholdengo|0 fnt
|faint|p2a: Gholdengo
|-damage|p1a: Primarina|6/100|[from] item: Life Orb
|
|upkeep
|
|t:|1757824241
|switch|p2a: Darkrai|Darkrai|100/100
|turn|9
|
|t:|1757824246
|move|p2a: Darkrai|Dark Pulse|p1a: Primarina
|-resisted|p1a: Primarina
|-crit|p1a: Primarina
|-damage|p1a: Primarina|0 fnt
|faint|p1a: Primarina
|
|upkeep
|
|t:|1757824251
|switch|p1a: Corviknight|Corviknight, M|100/100
|-ability|p1a: Corviknight|Pressure
|turn|10
|
|t:|1757824254
|move|p2a: Darkrai|Will-O-Wisp|p1a: Corviknight
|-status|p1a: Corviknight|brn
|move|p1a: Corviknight|Body Press|p2a: Darkrai
|-supereffective|p2a: Darkrai
|-damage|p2a: Darkrai|69/100
|
|-damage|p1a: Corviknight|94/100 brn|[from] brn
|upkeep
|turn|11
|
|t:|1757824263
|switch|p2a: Landorus|Landorus-Therian, M|37/100
|-ability|p2a: Landorus|Intimidate|boost
|-unboost|p1a: Corviknight|atk|1
|move|p1a: Corviknight|Body Press|p2a: Landorus
|-resisted|p2a: Landorus
|-damage|p2a: Landorus|31/100
|-damage|p1a: Corviknight|78/100 brn|[from] item: Rocky Helmet|[of] p2a: Landorus
|
|-damage|p1a: Corviknight|72/100 brn|[from] brn
|upkeep
|turn|12
|
|t:|1757824267
|move|p2a: Landorus|Stealth Rock|p1a: Corviknight
|-sidestart|p1: Pokrammer|move: Stealth Rock
|move|p1a: Corviknight|U-turn|p2a: Landorus
|-resisted|p2a: Landorus
|-damage|p2a: Landorus|29/100
|-damage|p1a: Corviknight|55/100 brn|[from] item: Rocky Helmet|[of] p2a: Landorus
|
|t:|1757824271
|switch|p1a: Necrozma|Necrozma, shiny|76/100|[from] U-turn
|-damage|p1a: Necrozma|64/100|[from] Stealth Rock
|
|upkeep
|turn|13
|
|t:|1757824281
|switch|p2a: Zamazenta|Zamazenta|100/100
|-ability|p2a: Zamazenta|Dauntless Shield|boost
|-boost|p2a: Zamazenta|def|1
|move|p1a: Necrozma|Photon Geyser|p2a: Zamazenta
|-supereffective|p2a: Zamazenta
|-damage|p2a: Zamazenta|1/100
|
|-heal|p2a: Zamazenta|7/100|[from] item: Leftovers
|upkeep
|turn|14
|
|t:|1757824301
|move|p2a: Zamazenta|Crunch|p1a: Necrozma
|-supereffective|p1a: Necrozma
|-crit|p1a: Necrozma
|-damage|p1a: Necrozma|24/100
|move|p1a: Necrozma|Stealth Rock|p2a: Zamazenta
|-sidestart|p2: iemonemon|move: Stealth Rock
|
|-heal|p2a: Zamazenta|13/100|[from] item: Leftovers
|upkeep
|turn|15
|
|t:|1757824306
|move|p2a: Zamazenta|Crunch|p1a: Necrozma
|-supereffective|p1a: Necrozma
|-damage|p1a: Necrozma|0 fnt
|faint|p1a: Necrozma
|
|-heal|p2a: Zamazenta|20/100|[from] item: Leftovers
|upkeep
|
|t:|1757824311
|switch|p1a: Corviknight|Corviknight, M|55/100 brn
|-damage|p1a: Corviknight|43/100 brn|[from] Stealth Rock
|-ability|p1a: Corviknight|Pressure
|turn|16
|
|t:|1757824317
|move|p2a: Zamazenta|Iron Defense|p2a: Zamazenta
|-boost|p2a: Zamazenta|def|2
|move|p1a: Corviknight|Roost|p1a: Corviknight
|-heal|p1a: Corviknight|93/100 brn
|-singleturn|p1a: Corviknight|move: Roost
|
|-heal|p2a: Zamazenta|26/100|[from] item: Leftovers
|-damage|p1a: Corviknight|87/100 brn|[from] brn
|upkeep
|turn|17
|
|t:|1757824328
|move|p2a: Zamazenta|Iron Defense|p2a: Zamazenta
|-boost|p2a: Zamazenta|def|2
|move|p1a: Corviknight|U-turn|p2a: Zamazenta
|-resisted|p2a: Zamazenta
|-damage|p2a: Zamazenta|25/100
|
|t:|1757824332
|switch|p1a: Kyurem|Kyurem|100/100|[from] U-turn
|-damage|p1a: Kyurem|76/100|[from] Stealth Rock
|-ability|p1a: Kyurem|Pressure
|
|-heal|p2a: Zamazenta|31/100|[from] item: Leftovers
|upkeep
|turn|18
|
|t:|1757824339
|move|p1a: Kyurem|Freeze-Dry|p2a: Zamazenta
|-damage|p2a: Zamazenta|0 fnt
|faint|p2a: Zamazenta
|
|upkeep
|c|☆iemonemon|you might be the only guy in ou running scarf kyurem
|
|t:|1757824363
|switch|p2a: Hatterene|Hatterene, F|62/100
|-damage|p2a: Hatterene|50/100|[from] Stealth Rock
|turn|19
|
|t:|1757824371
|switch|p1a: Corviknight|Corviknight, M|87/100 brn
|-damage|p1a: Corviknight|75/100 brn|[from] Stealth Rock
|-ability|p1a: Corviknight|Pressure
|move|p2a: Hatterene|Draining Kiss|p1a: Corviknight
|-resisted|p1a: Corviknight
|-damage|p1a: Corviknight|62/100 brn
|-heal|p2a: Hatterene|62/100|[from] drain|[of] p1a: Corviknight
|-damage|p2a: Hatterene|46/100|[from] item: Rocky Helmet|[of] p1a: Corviknight
|
|-damage|p1a: Corviknight|56/100 brn|[from] brn
|upkeep
|turn|20
|
|t:|1757824375
|move|p1a: Corviknight|Roost|p1a: Corviknight
|-heal|p1a: Corviknight|100/100 brn
|-singleturn|p1a: Corviknight|move: Roost
|move|p2a: Hatterene|Mystical Fire|p1a: Corviknight
|-supereffective|p1a: Corviknight
|-damage|p1a: Corviknight|50/100 brn
|-unboost|p1a: Corviknight|spa|1
|
|-damage|p1a: Corviknight|44/100 brn|[from] brn
|upkeep
|turn|21
|
|t:|1757824382
|move|p1a: Corviknight|U-turn|p2a: Hatterene
|-damage|p2a: Hatterene|38/100
|
|t:|1757824387
|switch|p1a: Iron Hands|Iron Hands|100/100|[from] U-turn
|-damage|p1a: Iron Hands|94/100|[from] Stealth Rock
|-enditem|p1a: Iron Hands|Booster Energy
|-activate|p1a: Iron Hands|ability: Quark Drive|[fromitem]
|-start|p1a: Iron Hands|quarkdriveatk
|move|p2a: Hatterene|Psychic Noise|p1a: Iron Hands
|-supereffective|p1a: Iron Hands
|-damage|p1a: Iron Hands|28/100
|-start|p1a: Iron Hands|move: Heal Block
|
|upkeep
|turn|22
|
|t:|1757824401
|switch|p2a: Landorus|Landorus-Therian, M|29/100
|-damage|p2a: Landorus|16/100|[from] Stealth Rock
|-ability|p2a: Landorus|Intimidate|boost
|-unboost|p1a: Iron Hands|atk|1
|move|p1a: Iron Hands|Supercell Slam|p2a: Landorus
|-immune|p2a: Landorus
|-damage|p1a: Iron Hands|0 fnt|[from] supercellslam
|faint|p1a: Iron Hands
|-end|p1a: Iron Hands|Quark Drive|[silent]
|
|upkeep
|
|t:|1757824410
|switch|p1a: Kyurem|Kyurem|76/100
|-damage|p1a: Kyurem|51/100|[from] Stealth Rock
|-ability|p1a: Kyurem|Pressure
|turn|23
|
|t:|1757824419
|move|p1a: Kyurem|Freeze-Dry|p2a: Landorus
|-supereffective|p2a: Landorus
|-damage|p2a: Landorus|0 fnt
|faint|p2a: Landorus
|
|upkeep
|
|t:|1757824425
|switch|p2a: Hatterene|Hatterene, F|38/100
|-damage|p2a: Hatterene|26/100|[from] Stealth Rock
|turn|24
|
|t:|1757824430
|move|p1a: Kyurem|Freeze-Dry|p2a: Hatterene
|-damage|p2a: Hatterene|3/100
|move|p2a: Hatterene|Draining Kiss|p1a: Kyurem
|-supereffective|p1a: Kyurem
|-damage|p1a: Kyurem|0 fnt
|-heal|p2a: Hatterene|49/100|[from] drain|[of] p1a: Kyurem
|faint|p1a: Kyurem
|
|upkeep
|-message|Pokrammer forfeited.
|
|win|iemonemon
|raw|Pokrammer's rating: 1335 &rarr; <strong>1318</strong><br />(-17 for losing)
|raw|iemonemon's rating: 1392 &rarr; <strong>1409</strong><br />(+17 for winning)
|l|☆Pokrammer
|player|p1|
|l|☆iemonemon
|player|p2|
