|j|☆0kapi-57
|j|☆supajay3
|t:|1757928013
|gametype|singles
|player|p1|0kapi-57|2|1047
|player|p2|supajay3|kieran|1028
|gen|9
|tier|[Gen 9] OU
|rated|
|rule|HP Percentage Mod: HP is shown in percentages
|rule|Endless Battle Clause: Forcing endless battles is banned
|rule|Species Clause: Limit one of each Pokémon
|rule|OHKO Clause: OHKO moves are banned
|rule|Evasion Items Clause: Evasion items are banned
|rule|Evasion Moves Clause: Evasion moves are banned
|rule|Evasion Abilities Clause: Evasion abilities are banned
|rule|Sleep Moves Clause: Sleep-inducing moves are banned
|clearpoke
|poke|p1|Goodra, M|
|poke|p1|Zapdos-Galar|
|poke|p1|Cinderace, F|
|poke|p1|Corviknight, M|
|poke|p1|Eevee, M|
|poke|p1|Lycanroc-Dusk, F|
|poke|p2|Meowscarada, F|
|poke|p2|Gliscor, F|
|poke|p2|Glimmora, M|
|poke|p2|Gholdengo|
|poke|p2|Hatterene, F|
|poke|p2|Dragonite, M|
|teampreview
|inactive|Battle timer is ON: inactive players will automatically lose when time's up. (requested by supajay3)
|
|t:|1757928023
|teamsize|p1|6
|teamsize|p2|6
|start
|switch|p1a: Lycanroc|Lycanroc-Dusk, F|100/100
|switch|p2a: Glimmora|Glimmora, M|100/100
|turn|1
|
|t:|1757928032
|switch|p2a: Hatterene|Hatterene, F|100/100
|move|p1a: Lycanroc|Taunt|p2a: Hatterene
|move|p2a: Hatterene|Taunt|p1a: Lycanroc|[from] ability: Magic Bounce
|-start|p1a: Lycanroc|move: Taunt
|
|upkeep
|turn|2
|
|t:|1757928042
|switch|p2a: Glimmora|Glimmora, M|100/100
|move|p1a: Lycanroc|Counter||[still]
|-fail|p1a: Lycanroc
|
|upkeep
|turn|3
|
|t:|1757928055
|move|p2a: Glimmora|Stealth Rock|p1a: Lycanroc
|-sidestart|p1: 0kapi-57|move: Stealth Rock
|move|p1a: Lycanroc|Counter||[still]
|-fail|p1a: Lycanroc
|
|upkeep
|turn|4
|
|t:|1757928064
|switch|p1a: Goodra|Goodra, M|100/100
|-damage|p1a: Goodra|88/100|[from] Stealth Rock
|move|p2a: Glimmora|Toxic Spikes|p1a: Goodra
|-sidestart|p1: 0kapi-57|move: Toxic Spikes
|
|upkeep
|turn|5
|
|t:|1757928074
|move|p2a: Glimmora|Mortal Spin|p1a: Goodra
|-damage|p1a: Goodra|83/100
|-status|p1a: Goodra|psn
|move|p1a: Goodra|Outrage|p2a: Glimmora
|-damage|p2a: Glimmora|52/100
|-activate|p2a: Glimmora|ability: Toxic Debris
|-sidestart|p1: 0kapi-57|move: Toxic Spikes
|
|-damage|p1a: Goodra|71/100 psn|[from] psn
|upkeep
|turn|6
|
|t:|1757928089
|switch|p2a: Hatterene|Hatterene, F|100/100
|move|p1a: Goodra|Outrage|p2a: Hatterene|[from] lockedmove
|-immune|p2a: Hatterene
|
|-damage|p1a: Goodra|58/100 psn|[from] psn
|upkeep
|turn|7
|
|t:|1757928101
|move|p1a: Goodra|Outrage|p2a: Hatterene
|-immune|p2a: Hatterene
|move|p2a: Hatterene|Calm Mind|p2a: Hatterene
|-boost|p2a: Hatterene|spa|1
|-boost|p2a: Hatterene|spd|1
|
|-damage|p1a: Goodra|46/100 psn|[from] psn
|upkeep
|turn|8
|
|t:|1757928112
|move|p2a: Hatterene|Draining Kiss|p1a: Goodra
|-supereffective|p1a: Goodra
|-damage|p1a: Goodra|3/100 psn
|move|p1a: Goodra|Counter||[still]
|-fail|p1a: Goodra
|
|-damage|p1a: Goodra|0 fnt|[from] psn
|faint|p1a: Goodra
|upkeep
|c|☆supajay3|why so many counters
|
|t:|1757928124
|switch|p1a: Cinderace|Cinderace, F|100/100
|-damage|p1a: Cinderace|75/100|[from] Stealth Rock
|-status|p1a: Cinderace|tox
|turn|9
|
|t:|1757928153
|switch|p2a: Glimmora|Glimmora, M|52/100
|move|p1a: Cinderace|Fire Blast|p2a: Glimmora|[miss]
|-miss|p1a: Cinderace|p2a: Glimmora
|
|-damage|p1a: Cinderace|69/100 tox|[from] psn
|upkeep
|turn|10
|
|t:|1757928166
|switch|p2a: Gliscor|Gliscor, F|100/100
|move|p1a: Cinderace|Electro Ball|p2a: Gliscor
|-immune|p2a: Gliscor
|
|-damage|p1a: Cinderace|57/100 tox|[from] psn
|-status|p2a: Gliscor|tox|[from] item: Toxic Orb
|upkeep
|turn|11
|
|t:|1757928175
|move|p1a: Cinderace|Acrobatics|p2a: Gliscor
|-damage|p2a: Gliscor|92/100 tox
|move|p2a: Gliscor|Knock Off|p1a: Cinderace
|-damage|p1a: Cinderace|39/100 tox
|-enditem|p1a: Cinderace|Flame Orb|[from] move: Knock Off|[of] p2a: Gliscor
|
|-damage|p1a: Cinderace|20/100 tox|[from] psn
|-heal|p2a: Gliscor|100/100 tox|[from] ability: Poison Heal
|upkeep
|turn|12
|c|☆supajay3|no court change?
|
|t:|1757928187
|switch|p1a: Corviknight|Corviknight, M|100/100
|-damage|p1a: Corviknight|88/100|[from] Stealth Rock
|-ability|p1a: Corviknight|Pressure
|move|p2a: Gliscor|Protect||[still]
|-fail|p2a: Gliscor
|
|upkeep
|turn|13
|
|t:|1757928200
|switch|p2a: Gholdengo|Gholdengo|100/100
|move|p1a: Corviknight|Defog|p2a: Gholdengo
|-immune|p2a: Gholdengo|[from] ability: Good as Gold
|
|upkeep
|turn|14
|
|t:|1757928219
|move|p2a: Gholdengo|Focus Blast|p1a: Corviknight
|-crit|p1a: Corviknight
|-damage|p1a: Corviknight|2/100
|move|p1a: Corviknight|Air Slash|p2a: Gholdengo
|-resisted|p2a: Gholdengo
|-crit|p2a: Gholdengo
|-damage|p2a: Gholdengo|82/100
|-damage|p1a: Corviknight|0 fnt|[from] item: Life Orb
|faint|p1a: Corviknight
|
|upkeep
|c|☆supajay3|oop
|
|t:|1757928231
|switch|p1a: Lycanroc|Lycanroc-Dusk, F|100/100
|-damage|p1a: Lycanroc|88/100|[from] Stealth Rock
|-status|p1a: Lycanroc|tox
|turn|15
|
|t:|1757928249
|switch|p2a: Gliscor|Gliscor, F|100/100 tox
|move|p1a: Lycanroc|Stealth Rock|p2a: Gliscor
|-sidestart|p2: supajay3|move: Stealth Rock
|
|-damage|p1a: Lycanroc|82/100 tox|[from] psn
|upkeep
|turn|16
|
|t:|1757928258
|move|p1a: Lycanroc|Taunt|p2a: Gliscor
|-start|p2a: Gliscor|move: Taunt
|move|p2a: Gliscor|Earthquake|p1a: Lycanroc
|-supereffective|p1a: Lycanroc
|-damage|p1a: Lycanroc|11/100 tox
|
|-damage|p1a: Lycanroc|0 fnt|[from] psn
|faint|p1a: Lycanroc
|upkeep
|
|t:|1757928268
|switch|p1a: Eevee|Eevee, M|100/100
|-damage|p1a: Eevee|88/100|[from] Stealth Rock
|-status|p1a: Eevee|tox
|turn|17
|
|t:|1757928285
|move|p2a: Gliscor|Knock Off|p1a: Eevee
|-damage|p1a: Eevee|51/100 tox
|-enditem|p1a: Eevee|Fire Stone|[from] move: Knock Off|[of] p2a: Gliscor
|move|p1a: Eevee|Alluring Voice|p2a: Gliscor
|-damage|p2a: Gliscor|89/100 tox
|
|-heal|p2a: Gliscor|100/100 tox|[from] ability: Poison Heal
|-damage|p1a: Eevee|45/100 tox|[from] psn
|upkeep
|turn|18
|
|t:|1757928296
|move|p1a: Eevee|Protect|p1a: Eevee
|-singleturn|p1a: Eevee|Protect
|move|p2a: Gliscor|Knock Off|p1a: Eevee
|-activate|p1a: Eevee|move: Protect
|
|-damage|p1a: Eevee|33/100 tox|[from] psn
|-end|p2a: Gliscor|move: Taunt
|upkeep
|turn|19
|
|t:|1757928304
|move|p2a: Gliscor|Knock Off|p1a: Eevee
|-damage|p1a: Eevee|8/100 tox
|move|p1a: Eevee|Wish|p1a: Eevee
|
|-damage|p1a: Eevee|0 fnt|[from] psn
|faint|p1a: Eevee
|upkeep
|
|t:|1757928310
|switch|p1a: Zapdos|Zapdos-Galar|100/100
|-damage|p1a: Zapdos|88/100|[from] Stealth Rock
|-item|p1a: Zapdos|Air Balloon
|turn|20
|
|t:|1757928316
|move|p1a: Zapdos|Thunderous Kick|p2a: Gliscor
|-resisted|p2a: Gliscor
|-crit|p2a: Gliscor
|-damage|p2a: Gliscor|83/100 tox
|-unboost|p2a: Gliscor|def|1
|move|p2a: Gliscor|Knock Off|p1a: Zapdos
|-resisted|p1a: Zapdos
|-damage|p1a: Zapdos|78/100
|-enditem|p1a: Zapdos|Air Balloon
|
|-heal|p1a: Zapdos|100/100|[from] move: Wish|[wisher] Eevee
|-heal|p2a: Gliscor|96/100 tox|[from] ability: Poison Heal
|upkeep
|turn|21
|inactive|supajay3 has 120 seconds left.
|
|t:|1757928347
|switch|p2a: Gholdengo|Gholdengo|82/100
|-damage|p2a: Gholdengo|76/100|[from] Stealth Rock
|-terastallize|p1a: Zapdos|Fighting
|move|p1a: Zapdos|Brave Bird|p2a: Gholdengo
|-resisted|p2a: Gholdengo
|-damage|p2a: Gholdengo|48/100
|-damage|p1a: Zapdos|92/100|[from] Recoil
|
|upkeep
|turn|22
|inactive|supajay3 has 120 seconds left.
|
|t:|1757928360
|move|p2a: Gholdengo|Shadow Ball|p1a: Zapdos
|-damage|p1a: Zapdos|33/100
|move|p1a: Zapdos|Stomping Tantrum|p2a: Gholdengo
|-supereffective|p2a: Gholdengo
|-damage|p2a: Gholdengo|0 fnt
|faint|p2a: Gholdengo
|
|upkeep
|
|t:|1757928364
|switch|p2a: Glimmora|Glimmora, M|52/100
|-damage|p2a: Glimmora|40/100|[from] Stealth Rock
|turn|23
|
|t:|1757928380
|move|p2a: Glimmora|Mortal Spin|p1a: Zapdos
|-damage|p1a: Zapdos|28/100
|-status|p1a: Zapdos|psn
|-sideend|p2: supajay3|Stealth Rock|[from] move: Mortal Spin|[of] p2a: Glimmora
|move|p1a: Zapdos|Brave Bird|p2a: Glimmora
|-resisted|p2a: Glimmora
|-crit|p2a: Glimmora
|-damage|p2a: Glimmora|0 fnt
|faint|p2a: Glimmora
|-damage|p1a: Zapdos|17/100 psn|[from] Recoil
|
|-damage|p1a: Zapdos|4/100 psn|[from] psn
|upkeep
|
|t:|1757928387
|switch|p2a: Gliscor|Gliscor, F|96/100 tox
|turn|24
|
|t:|1757928396
|move|p2a: Gliscor|Protect|p2a: Gliscor
|-singleturn|p2a: Gliscor|Protect
|move|p1a: Zapdos|Thunderous Kick|p2a: Gliscor
|-activate|p2a: Gliscor|move: Protect
|
|-damage|p1a: Zapdos|0 fnt|[from] psn
|faint|p1a: Zapdos
|-heal|p2a: Gliscor|100/100 tox|[from] ability: Poison Heal
|upkeep
|
|t:|1757928405
|switch|p1a: Cinderace|Cinderace, F|20/100 tox
|-damage|p1a: Cinderace|0 fnt|[from] Stealth Rock
|faint|p1a: Cinderace
|
|win|supajay3
|raw|0kapi-57's rating: 1047 &rarr; <strong>1029</strong><br />(-18 for losing)
|raw|supajay3's rating: 1028 &rarr; <strong>1066</strong><br />(+38 for winning)
|l|☆0kapi-57
|player|p1|
