|j|☆Aggrhy
|j|☆Pyrax69
|t:|1757916127
|gametype|singles
|player|p1|Aggrhy|red-masters|1326
|player|p2|Pyrax69|cynthia-gen4|1321
|gen|9
|tier|[Gen 9] OU
|rated|
|rule|HP Percentage Mod: HP is shown in percentages
|rule|Endless Battle Clause: Forcing endless battles is banned
|rule|Species Clause: Limit one of each Pokémon
|rule|OHKO Clause: OHKO moves are banned
|rule|Evasion Items Clause: Evasion items are banned
|rule|Evasion Moves Clause: Evasion moves are banned
|rule|Evasion Abilities Clause: Evasion abilities are banned
|rule|Sleep Moves Clause: Sleep-inducing moves are banned
|clearpoke
|poke|p1|Pikachu, F|
|poke|p1|Lokix, F|
|poke|p1|Garchomp, F|
|poke|p1|Cyclizar, F|
|poke|p1|Fezandipiti, M|
|poke|p1|Blastoise, F|
|poke|p2|Iron Valiant|
|poke|p2|Iron Boulder|
|poke|p2|Great Tusk|
|poke|p2|Raging Bolt|
|poke|p2|Volcanion|
|poke|p2|Weavile, F|
|teampreview
|inactive|Battle timer is ON: inactive players will automatically lose when time's up. (requested by Aggrhy)
|
|t:|1757916134
|teamsize|p1|6
|teamsize|p2|6
|start
|switch|p1a: Garchomp|Garchomp, F|100/100
|switch|p2a: Great Tusk|Great Tusk|100/100
|turn|1
|
|t:|1757916147
|move|p1a: Garchomp|Outrage|p2a: Great Tusk
|-damage|p2a: Great Tusk|27/100
|-damage|p1a: Garchomp|84/100|[from] item: Rocky Helmet|[of] p2a: Great Tusk
|move|p2a: Great Tusk|Stealth Rock|p1a: Garchomp
|-sidestart|p1: Aggrhy|move: Stealth Rock
|
|upkeep
|turn|2
|
|t:|1757916155
|-end|p2a: Great Tusk|Protosynthesis|[silent]
|switch|p2a: Iron Valiant|Iron Valiant|100/100
|-enditem|p2a: Iron Valiant|Booster Energy
|-activate|p2a: Iron Valiant|ability: Quark Drive|[fromitem]
|-start|p2a: Iron Valiant|quarkdrivespe
|move|p1a: Garchomp|Outrage|p2a: Iron Valiant|[from] lockedmove
|-immune|p2a: Iron Valiant
|
|upkeep
|turn|3
|
|t:|1757916165
|switch|p1a: Fezandipiti|Fezandipiti, M|100/100
|-damage|p1a: Fezandipiti|88/100|[from] Stealth Rock
|move|p2a: Iron Valiant|Moonblast|p1a: Fezandipiti
|-resisted|p1a: Fezandipiti
|-damage|p1a: Fezandipiti|77/100
|-unboost|p1a: Fezandipiti|spa|1
|
|-heal|p1a: Fezandipiti|83/100|[from] item: Leftovers
|upkeep
|turn|4
|
|t:|1757916176
|-end|p2a: Iron Valiant|Quark Drive|[silent]
|switch|p2a: Great Tusk|Great Tusk|27/100
|move|p1a: Fezandipiti|Moonblast|p2a: Great Tusk
|-supereffective|p2a: Great Tusk
|-damage|p2a: Great Tusk|0 fnt
|faint|p2a: Great Tusk
|-end|p2a: Great Tusk|Protosynthesis|[silent]
|
|-heal|p1a: Fezandipiti|89/100|[from] item: Leftovers
|upkeep
|
|t:|1757916189
|switch|p2a: Volcanion|Volcanion|100/100
|turn|5
|
|t:|1757916195
|move|p2a: Volcanion|Steam Eruption|p1a: Fezandipiti
|-damage|p1a: Fezandipiti|35/100
|move|p1a: Fezandipiti|Moonblast|p2a: Volcanion
|-resisted|p2a: Volcanion
|-damage|p2a: Volcanion|90/100
|-status|p2a: Volcanion|tox|[from] ability: Toxic Chain|[of] p1a: Fezandipiti
|
|-heal|p1a: Fezandipiti|42/100|[from] item: Leftovers
|-damage|p2a: Volcanion|84/100 tox|[from] psn
|upkeep
|turn|6
|
|t:|1757916207
|switch|p1a: Cyclizar|Cyclizar, F|100/100
|-damage|p1a: Cyclizar|88/100|[from] Stealth Rock
|move|p2a: Volcanion|Steam Eruption|p1a: Cyclizar
|-resisted|p1a: Cyclizar
|-damage|p1a: Cyclizar|46/100
|-status|p1a: Cyclizar|brn
|
|-damage|p2a: Volcanion|72/100 tox|[from] psn
|-damage|p1a: Cyclizar|40/100 brn|[from] brn
|upkeep
|turn|7
|
|t:|1757916220
|move|p1a: Cyclizar|Knock Off|p2a: Volcanion
|-damage|p2a: Volcanion|61/100 tox
|-enditem|p2a: Volcanion|Choice Specs|[from] move: Knock Off|[of] p1a: Cyclizar
|move|p2a: Volcanion|Steam Eruption|p1a: Cyclizar
|-resisted|p1a: Cyclizar
|-damage|p1a: Cyclizar|12/100 brn
|
|-damage|p2a: Volcanion|44/100 tox|[from] psn
|-damage|p1a: Cyclizar|6/100 brn|[from] brn
|upkeep
|turn|8
|
|t:|1757916235
|switch|p2a: Raging Bolt|Raging Bolt|100/100
|-enditem|p2a: Raging Bolt|Booster Energy
|-activate|p2a: Raging Bolt|ability: Protosynthesis|[fromitem]
|-start|p2a: Raging Bolt|protosynthesisspa
|move|p1a: Cyclizar|Rapid Spin|p2a: Raging Bolt
|-damage|p2a: Raging Bolt|93/100
|-boost|p1a: Cyclizar|spe|1
|-sideend|p1: Aggrhy|Stealth Rock|[from] move: Rapid Spin|[of] p1a: Cyclizar
|
|-damage|p1a: Cyclizar|0 fnt|[from] brn
|faint|p1a: Cyclizar
|upkeep
|
|t:|1757916251
|switch|p1a: Fezandipiti|Fezandipiti, M|42/100
|turn|9
|
|t:|1757916255
|switch|p1a: Pikachu|Pikachu, F|100/100
|move|p2a: Raging Bolt|Thunderbolt|p1a: Pikachu
|-ability|p1a: Pikachu|Lightning Rod|boost
|-boost|p1a: Pikachu|spa|1
|
|upkeep
|turn|10
|
|t:|1757916265
|move|p1a: Pikachu|Substitute|p1a: Pikachu
|-start|p1a: Pikachu|Substitute
|-damage|p1a: Pikachu|75/100
|move|p2a: Raging Bolt|Dragon Pulse|p1a: Pikachu
|-end|p1a: Pikachu|Substitute
|
|upkeep
|turn|11
|
|t:|1757916272
|move|p1a: Pikachu|Alluring Voice|p2a: Raging Bolt
|-supereffective|p2a: Raging Bolt
|-damage|p2a: Raging Bolt|14/100
|move|p2a: Raging Bolt|Dragon Pulse|p1a: Pikachu
|-damage|p1a: Pikachu|0 fnt
|faint|p1a: Pikachu
|
|upkeep
|
|t:|1757916280
|switch|p1a: Garchomp|Garchomp, F|84/100
|turn|12
|
|t:|1757916284
|move|p1a: Garchomp|Earthquake|p2a: Raging Bolt
|-supereffective|p2a: Raging Bolt
|-damage|p2a: Raging Bolt|0 fnt
|faint|p2a: Raging Bolt
|-end|p2a: Raging Bolt|Protosynthesis|[silent]
|
|upkeep
|
|t:|1757916290
|switch|p2a: Weavile|Weavile, F|100/100
|-ability|p2a: Weavile|Pressure
|turn|13
|
|t:|1757916296
|-terastallize|p1a: Garchomp|Fire
|move|p2a: Weavile|Swords Dance|p2a: Weavile
|-boost|p2a: Weavile|atk|2
|move|p1a: Garchomp|Earthquake|p2a: Weavile
|-damage|p2a: Weavile|0 fnt
|faint|p2a: Weavile
|
|upkeep
|
|t:|1757916306
|switch|p2a: Iron Boulder|Iron Boulder|100/100
|-enditem|p2a: Iron Boulder|Booster Energy
|-activate|p2a: Iron Boulder|ability: Quark Drive|[fromitem]
|-start|p2a: Iron Boulder|quarkdrivespe
|turn|14
|
|t:|1757916318
|switch|p1a: Fezandipiti|Fezandipiti, M|42/100
|-terastallize|p2a: Iron Boulder|Fighting
|move|p2a: Iron Boulder|Swords Dance|p2a: Iron Boulder
|-boost|p2a: Iron Boulder|atk|2
|
|-heal|p1a: Fezandipiti|48/100|[from] item: Leftovers
|upkeep
|turn|15
|
|t:|1757916328
|move|p2a: Iron Boulder|Mighty Cleave|p1a: Fezandipiti
|-damage|p1a: Fezandipiti|0 fnt
|faint|p1a: Fezandipiti
|
|upkeep
|
|t:|1757916334
|switch|p1a: Blastoise|Blastoise, F|100/100
|turn|16
|
|t:|1757916337
|move|p2a: Iron Boulder|Close Combat|p1a: Blastoise
|-damage|p1a: Blastoise|0 fnt
|-unboost|p2a: Iron Boulder|def|1
|-unboost|p2a: Iron Boulder|spd|1
|faint|p1a: Blastoise
|
|upkeep
|
|t:|1757916345
|switch|p1a: Lokix|Lokix, F|100/100
|turn|17
|
|t:|1757916348
|move|p1a: Lokix|Sucker Punch|p2a: Iron Boulder
|-resisted|p2a: Iron Boulder
|-damage|p2a: Iron Boulder|39/100
|move|p2a: Iron Boulder|Mighty Cleave|p1a: Lokix
|-supereffective|p1a: Lokix
|-damage|p1a: Lokix|0 fnt
|faint|p1a: Lokix
|
|upkeep
|-message|Aggrhy forfeited.
|
|win|Pyrax69
|raw|Aggrhy's rating: 1326 &rarr; <strong>1306</strong><br />(-20 for losing)
|raw|Pyrax69's rating: 1321 &rarr; <strong>1341</strong><br />(+20 for winning)
|l|☆Aggrhy
|player|p1|
|l|☆Pyrax69
|player|p2|
