|j|☆YQMXLL
|j|☆ezpz0909
|t:|1757917799
|gametype|singles
|player|p1|YQMXLL|2|1478
|player|p2|ezpz0909|266|1438
|gen|9
|tier|[Gen 9] OU
|rated|
|rule|HP Percentage Mod: HP is shown in percentages
|rule|Endless Battle Clause: Forcing endless battles is banned
|rule|Species Clause: Limit one of each Pokémon
|rule|OHKO Clause: OHKO moves are banned
|rule|Evasion Items Clause: Evasion items are banned
|rule|Evasion Moves Clause: Evasion moves are banned
|rule|Evasion Abilities Clause: Evasion abilities are banned
|rule|Sleep Moves Clause: Sleep-inducing moves are banned
|clearpoke
|poke|p1|Alomomola, M|
|poke|p1|Dondozo, F|
|poke|p1|Gliscor, F|
|poke|p1|Toxapex, M|
|poke|p1|Corviknight, F|
|poke|p1|Chansey, F|
|poke|p2|Latios, M|
|poke|p2|Quaquaval, M|
|poke|p2|Pelipper, F|
|poke|p2|Basculegion-F, F|
|poke|p2|Iron Treads|
|poke|p2|Iron Valiant|
|teampreview
|
|t:|1757917814
|teamsize|p1|6
|teamsize|p2|6
|start
|switch|p1a: Toxapex|Toxapex, M|100/100
|switch|p2a: Iron Treads|Iron Treads|100/100
|turn|1
|
|t:|1757917823
|move|p2a: Iron Treads|Stealth Rock|p1a: Toxapex
|-sidestart|p1: YQMXLL|move: Stealth Rock
|move|p1a: Toxapex|Toxic Spikes|p2a: Iron Treads
|-sidestart|p2: ezpz0909|move: Toxic Spikes
|
|upkeep
|turn|2
|
|t:|1757917827
|move|p1a: Toxapex|Baneful Bunker|p1a: Toxapex
|-singleturn|p1a: Toxapex|move: Protect
|move|p2a: Iron Treads|Rapid Spin|p1a: Toxapex
|-activate|p1a: Toxapex|move: Protect
|
|upkeep
|turn|3
|
|t:|1757917863
|switch|p1a: Corviknight|Corviknight, F|100/100
|-ability|p1a: Corviknight|Pressure
|move|p2a: Iron Treads|Knock Off|p1a: Corviknight
|-damage|p1a: Corviknight|82/100
|-enditem|p1a: Corviknight|Heavy-Duty Boots|[from] move: Knock Off|[of] p2a: Iron Treads
|
|upkeep
|turn|4
|
|t:|1757917893
|move|p2a: Iron Treads|Rapid Spin|p1a: Corviknight
|-resisted|p1a: Corviknight
|-damage|p1a: Corviknight|77/100
|-boost|p2a: Iron Treads|spe|1
|-sideend|p2: ezpz0909|Toxic Spikes|[from] move: Rapid Spin|[of] p2a: Iron Treads
|move|p1a: Corviknight|Defog|p2a: Iron Treads
|-unboost|p2a: Iron Treads|evasion|1
|-sideend|p1: YQMXLL|Stealth Rock|[from] move: Defog|[of] p1a: Corviknight
|
|upkeep
|turn|5
|
|t:|1757917899
|move|p2a: Iron Treads|Stealth Rock|p1a: Corviknight
|-sidestart|p1: YQMXLL|move: Stealth Rock
|move|p1a: Corviknight|Roost|p1a: Corviknight
|-heal|p1a: Corviknight|100/100
|-singleturn|p1a: Corviknight|move: Roost
|
|upkeep
|turn|6
|
|t:|1757917914
|-end|p2a: Iron Treads|Quark Drive|[silent]
|switch|p2a: Pelipper|Pelipper, F|100/100
|-weather|RainDance|[from] ability: Drizzle|[of] p2a: Pelipper
|move|p1a: Corviknight|Defog|p2a: Pelipper
|-unboost|p2a: Pelipper|evasion|1
|-sideend|p1: YQMXLL|Stealth Rock|[from] move: Defog|[of] p1a: Corviknight
|
|-weather|RainDance|[upkeep]
|upkeep
|turn|7
|
|t:|1757917918
|switch|p1a: Toxapex|Toxapex, M|100/100
|move|p2a: Pelipper|U-turn|p1a: Toxapex
|-resisted|p1a: Toxapex
|-damage|p1a: Toxapex|97/100
|
|t:|1757917925
|switch|p2a: Basculegion|Basculegion-F, F|100/100|[from] U-turn
|
|-weather|RainDance|[upkeep]
|upkeep
|turn|8
|
|t:|1757917929
|move|p2a: Basculegion|Shadow Ball|p1a: Toxapex
|-damage|p1a: Toxapex|56/100
|-unboost|p1a: Toxapex|spd|1
|move|p1a: Toxapex|Toxic|p2a: Basculegion
|-status|p2a: Basculegion|tox
|
|-weather|RainDance|[upkeep]
|-damage|p2a: Basculegion|94/100 tox|[from] psn
|upkeep
|turn|9
|
|t:|1757917937
|switch|p2a: Duck Jin Woo|Quaquaval, M|100/100
|move|p1a: Toxapex|Baneful Bunker||[still]
|-fail|p1a: Toxapex
|
|-weather|RainDance|[upkeep]
|upkeep
|turn|10
|
|t:|1757917945
|move|p1a: Toxapex|Baneful Bunker|p1a: Toxapex
|-singleturn|p1a: Toxapex|move: Protect
|move|p2a: Duck Jin Woo|Swords Dance|p2a: Duck Jin Woo
|-boost|p2a: Duck Jin Woo|atk|2
|
|-weather|RainDance|[upkeep]
|upkeep
|turn|11
|
|t:|1757917952
|switch|p1a: Dondozo|Dondozo, F|100/100
|move|p2a: Duck Jin Woo|Aqua Step|p1a: Dondozo
|-resisted|p1a: Dondozo
|-damage|p1a: Dondozo|85/100
|-boost|p2a: Duck Jin Woo|spe|1
|
|-weather|RainDance|[upkeep]
|-heal|p1a: Dondozo|91/100|[from] item: Leftovers
|upkeep
|turn|12
|
|t:|1757917956
|switch|p2a: Iron Valiant|Iron Valiant|100/100
|-enditem|p2a: Iron Valiant|Booster Energy
|-activate|p2a: Iron Valiant|ability: Quark Drive|[fromitem]
|-start|p2a: Iron Valiant|quarkdrivespe
|move|p1a: Dondozo|Curse|p1a: Dondozo
|-unboost|p1a: Dondozo|spe|1
|-boost|p1a: Dondozo|atk|1
|-boost|p1a: Dondozo|def|1
|
|-weather|RainDance|[upkeep]
|-heal|p1a: Dondozo|98/100|[from] item: Leftovers
|upkeep
|turn|13
|
|t:|1757917959
|switch|p1a: Toxapex|Toxapex, M|90/100
|move|p2a: Iron Valiant|Encore||[still]
|-fail|p2a: Iron Valiant
|
|-weather|none
|upkeep
|turn|14
|-message|ezpz0909 forfeited.
|
|win|YQMXLL
|raw|YQMXLL's rating: 1478 &rarr; <strong>1496</strong><br />(+18 for winning)
|raw|ezpz0909's rating: 1438 &rarr; <strong>1420</strong><br />(-18 for losing)
|l|☆ezpz0909
|player|p2|
|l|☆YQMXLL
|player|p1|
