|j|☆Mr.X&Y97
|j|‽solascriptura1521
|t:|1757807849
|gametype|singles
|player|p1|Mr.X&Y97|ingo|1540
|player|p2|solascriptura1521|170|1611
|gen|9
|tier|[Gen 9] OU
|rated|
|rule|HP Percentage Mod: HP is shown in percentages
|rule|Endless Battle Clause: Forcing endless battles is banned
|rule|Species Clause: Limit one of each Pokémon
|rule|OHKO Clause: OHKO moves are banned
|rule|Evasion Items Clause: Evasion items are banned
|rule|Evasion Moves Clause: Evasion moves are banned
|rule|Evasion Abilities Clause: Evasion abilities are banned
|rule|Sleep Moves Clause: Sleep-inducing moves are banned
|clearpoke
|poke|p1|Samurott-Hisui, F|
|poke|p1|Gholdengo|
|poke|p1|Great Tusk|
|poke|p1|Raging Bolt|
|poke|p1|Dragonite, F|
|poke|p1|Kingambit, M|
|poke|p2|Kyurem|
|poke|p2|Ceruledge, F|
|poke|p2|Iron Crown|
|poke|p2|Samurott-Hisui, F|
|poke|p2|Enamorus, F|
|poke|p2|Iron Treads|
|teampreview
|inactive|Battle timer is ON: inactive players will automatically lose when time's up. (requested by Mr.X&Y97)
|inactive|solascriptura1521 has 120 seconds left.
|
|t:|1757807885
|teamsize|p1|6
|teamsize|p2|6
|start
|switch|p1a: Samurott|Samurott-Hisui, F|100/100
|switch|p2a: Samurott|Samurott-Hisui, F|100/100
|turn|1
|
|t:|1757807896
|move|p1a: Samurott|Sacred Sword|p2a: Samurott
|-supereffective|p2a: Samurott
|-damage|p2a: Samurott|3/100
|move|p2a: Samurott|Ceaseless Edge|p1a: Samurott
|-resisted|p1a: Samurott
|-crit|p1a: Samurott
|-damage|p1a: Samurott|60/100
|-sidestart|p1: Mr.X&Y97|Spikes
|
|upkeep
|turn|2
|
|t:|1757807906
|switch|p1a: Great Tusk|Great Tusk|100/100
|move|p2a: Samurott|Sucker Punch||[still]
|-fail|p2a: Samurott
|
|upkeep
|turn|3
|
|t:|1757807913
|switch|p2a: Enamorus|Enamorus, F|100/100
|move|p1a: Great Tusk|Knock Off|p2a: Enamorus
|-resisted|p2a: Enamorus
|-damage|p2a: Enamorus|79/100
|-enditem|p2a: Enamorus|Choice Scarf|[from] move: Knock Off|[of] p1a: Great Tusk
|
|upkeep
|turn|4
|inactive|Mr.X&Y97 has 120 seconds left.
|
|t:|1757807963
|-end|p1a: Great Tusk|Protosynthesis|[silent]
|switch|p1a: Gholdengo|Gholdengo|100/100
|-item|p1a: Gholdengo|Air Balloon
|move|p2a: Enamorus|Moonblast|p1a: Gholdengo
|-resisted|p1a: Gholdengo
|-crit|p1a: Gholdengo
|-damage|p1a: Gholdengo|66/100
|-unboost|p1a: Gholdengo|spa|1
|-enditem|p1a: Gholdengo|Air Balloon
|
|upkeep
|turn|5
|
|t:|1757807972
|move|p2a: Enamorus|Earth Power|p1a: Gholdengo
|-supereffective|p1a: Gholdengo
|-damage|p1a: Gholdengo|0 fnt
|faint|p1a: Gholdengo
|
|upkeep
|
|t:|1757807975
|switch|p1a: Samurott|Samurott-Hisui, F|60/100
|-damage|p1a: Samurott|48/100|[from] Spikes
|turn|6
|
|t:|1757807980
|move|p1a: Samurott|Flip Turn|p2a: Enamorus
|-damage|p2a: Enamorus|35/100
|inactive|Mr.X&Y97 has 120 seconds left.
|
|t:|1757807986
|switch|p1a: Kingambit|Kingambit, M|100/100|[from] Flip Turn
|-damage|p1a: Kingambit|88/100|[from] Spikes
|-activate|p1a: Kingambit|ability: Supreme Overlord
|-start|p1a: Kingambit|fallen1|[silent]
|move|p2a: Enamorus|Moonblast|p1a: Kingambit
|-damage|p1a: Kingambit|30/100
|
|upkeep
|turn|7
|
|t:|1757807993
|switch|p2a: Iron Treads|Iron Treads|100/100
|move|p1a: Kingambit|Sucker Punch||[still]
|-fail|p1a: Kingambit
|
|upkeep
|turn|8
|
|t:|1757808002
|move|p1a: Kingambit|Sucker Punch|p2a: Iron Treads
|-damage|p2a: Iron Treads|52/100
|move|p2a: Iron Treads|Earthquake|p1a: Kingambit
|-supereffective|p1a: Kingambit
|-crit|p1a: Kingambit
|-damage|p1a: Kingambit|0 fnt
|faint|p1a: Kingambit
|-end|p1a: Kingambit|fallen1|[silent]
|
|-heal|p2a: Iron Treads|58/100|[from] item: Leftovers
|upkeep
|
|t:|1757808005
|switch|p1a: Samurott|Samurott-Hisui, F|48/100
|-damage|p1a: Samurott|35/100|[from] Spikes
|turn|9
|
|t:|1757808022
|-end|p2a: Iron Treads|Quark Drive|[silent]
|switch|p2a: Samurott|Samurott-Hisui, F|3/100
|move|p1a: Samurott|Razor Shell|p2a: Samurott
|-resisted|p2a: Samurott
|-damage|p2a: Samurott|0 fnt
|faint|p2a: Samurott
|
|upkeep
|
|t:|1757808032
|switch|p2a: Kyurem|Kyurem|100/100
|-ability|p2a: Kyurem|Pressure
|turn|10
|
|t:|1757808039
|move|p1a: Samurott|Razor Shell|p2a: Kyurem
|-resisted|p2a: Kyurem
|-damage|p2a: Kyurem|75/100
|move|p2a: Kyurem|Freeze-Dry|p1a: Samurott
|-supereffective|p1a: Samurott
|-crit|p1a: Samurott
|-damage|p1a: Samurott|0 fnt
|faint|p1a: Samurott
|
|upkeep
|
|t:|1757808049
|switch|p1a: Raging Bolt|Raging Bolt|100/100
|-damage|p1a: Raging Bolt|88/100|[from] Spikes
|-enditem|p1a: Raging Bolt|Booster Energy
|-activate|p1a: Raging Bolt|ability: Protosynthesis|[fromitem]
|-start|p1a: Raging Bolt|protosynthesisspa
|turn|11
|
|t:|1757808055
|-terastallize|p1a: Raging Bolt|Fairy
|move|p2a: Kyurem|Freeze-Dry|p1a: Raging Bolt
|-damage|p1a: Raging Bolt|39/100
|move|p1a: Raging Bolt|Dragon Pulse|p2a: Kyurem
|-supereffective|p2a: Kyurem
|-damage|p2a: Kyurem|0 fnt
|faint|p2a: Kyurem
|
|upkeep
|
|t:|1757808061
|switch|p2a: Iron Treads|Iron Treads|58/100
|turn|12
|
|t:|1757808067
|move|p2a: Iron Treads|Iron Head|p1a: Raging Bolt
|-supereffective|p1a: Raging Bolt
|-damage|p1a: Raging Bolt|0 fnt
|faint|p1a: Raging Bolt
|-end|p1a: Raging Bolt|Protosynthesis|[silent]
|
|-heal|p2a: Iron Treads|64/100|[from] item: Leftovers
|upkeep
|
|t:|1757808069
|switch|p1a: Dragonite|Dragonite, F|100/100
|turn|13
|
|t:|1757808073
|switch|p1a: Great Tusk|Great Tusk|100/100
|move|p2a: Iron Treads|Rapid Spin|p1a: Great Tusk
|-damage|p1a: Great Tusk|90/100
|-boost|p2a: Iron Treads|spe|1
|
|-heal|p2a: Iron Treads|71/100|[from] item: Leftovers
|upkeep
|turn|14
|
|t:|1757808080
|move|p2a: Iron Treads|Earthquake|p1a: Great Tusk
|-damage|p1a: Great Tusk|58/100
|move|p1a: Great Tusk|Rapid Spin|p2a: Iron Treads
|-resisted|p2a: Iron Treads
|-damage|p2a: Iron Treads|64/100
|-boost|p1a: Great Tusk|spe|1
|-sideend|p1: Mr.X&Y97|Spikes|[from] move: Rapid Spin|[of] p1a: Great Tusk
|
|-heal|p2a: Iron Treads|70/100|[from] item: Leftovers
|upkeep
|turn|15
|
|t:|1757808090
|move|p2a: Iron Treads|Earthquake|p1a: Great Tusk
|-damage|p1a: Great Tusk|28/100
|move|p1a: Great Tusk|Headlong Rush|p2a: Iron Treads
|-supereffective|p2a: Iron Treads
|-damage|p2a: Iron Treads|0 fnt
|-unboost|p1a: Great Tusk|def|1
|-unboost|p1a: Great Tusk|spd|1
|faint|p2a: Iron Treads
|-end|p2a: Iron Treads|Quark Drive|[silent]
|
|upkeep
|
|t:|1757808094
|switch|p2a: Enamorus|Enamorus, F|35/100
|turn|16
|
|t:|1757808097
|move|p1a: Great Tusk|Stealth Rock|p2a: Enamorus
|-sidestart|p2: solascriptura1521|move: Stealth Rock
|move|p2a: Enamorus|Moonblast|p1a: Great Tusk
|-supereffective|p1a: Great Tusk
|-damage|p1a: Great Tusk|0 fnt
|faint|p1a: Great Tusk
|-end|p1a: Great Tusk|Protosynthesis|[silent]
|
|upkeep
|
|t:|1757808098
|switch|p1a: Dragonite|Dragonite, F|100/100
|turn|17
|
|t:|1757808101
|move|p1a: Dragonite|Extreme Speed|p2a: Enamorus
|-damage|p2a: Enamorus|0 fnt
|faint|p2a: Enamorus
|
|upkeep
|
|t:|1757808104
|switch|p2a: Iron Crown|Iron Crown|100/100
|-damage|p2a: Iron Crown|94/100|[from] Stealth Rock
|-enditem|p2a: Iron Crown|Booster Energy
|-activate|p2a: Iron Crown|ability: Quark Drive|[fromitem]
|-start|p2a: Iron Crown|quarkdrivespa
|turn|18
|
|t:|1757808108
|move|p2a: Iron Crown|Tachyon Cutter|p1a: Dragonite
|-damage|p1a: Dragonite|84/100
|-damage|p1a: Dragonite|48/100
|-hitcount|p1a: Dragonite|2
|move|p1a: Dragonite|Dragon Dance|p1a: Dragonite
|-boost|p1a: Dragonite|atk|1
|-boost|p1a: Dragonite|spe|1
|
|upkeep
|turn|19
|
|t:|1757808114
|move|p1a: Dragonite|Earthquake|p2a: Iron Crown
|-supereffective|p2a: Iron Crown
|-damage|p2a: Iron Crown|0 fnt
|faint|p2a: Iron Crown
|-end|p2a: Iron Crown|Quark Drive|[silent]
|
|upkeep
|
|t:|1757808117
|switch|p2a: Ceruledge|Ceruledge, F|100/100
|turn|20
|
|t:|1757808134
|-terastallize|p2a: Ceruledge|Bug
|move|p1a: Dragonite|Extreme Speed|p2a: Ceruledge
|-crit|p2a: Ceruledge
|-damage|p2a: Ceruledge|7/100
|move|p2a: Ceruledge|Bitter Blade|p1a: Dragonite
|-resisted|p1a: Dragonite
|-damage|p1a: Dragonite|23/100
|-heal|p2a: Ceruledge|21/100|[from] drain|[of] p1a: Dragonite
|
|upkeep
|turn|21
|
|t:|1757808141
|move|p1a: Dragonite|Extreme Speed|p2a: Ceruledge
|-damage|p2a: Ceruledge|0 fnt
|faint|p2a: Ceruledge
|
|win|Mr.X&Y97
|raw|Mr.X&amp;Y97's rating: 1540 &rarr; <strong>1564</strong><br />(+24 for winning)
|raw|solascriptura1521's rating: 1611 &rarr; <strong>1587</strong><br />(-24 for losing)
|l|‽solascriptura1521
|player|p2|
