|j|☆Hyjack
|j|☆silky2smooth
|t:|1757913400
|gametype|singles
|player|p1|Hyjack|cynthia-gen4|1262
|player|p2|silky2smooth|lance|1256
|gen|9
|tier|[Gen 9] OU
|rated|
|rule|HP Percentage Mod: HP is shown in percentages
|rule|Endless Battle Clause: Forcing endless battles is banned
|rule|Species Clause: Limit one of each Pokémon
|rule|OHKO Clause: OHKO moves are banned
|rule|Evasion Items Clause: Evasion items are banned
|rule|Evasion Moves Clause: Evasion moves are banned
|rule|Evasion Abilities Clause: Evasion abilities are banned
|rule|Sleep Moves Clause: Sleep-inducing moves are banned
|clearpoke
|poke|p1|Hydrapple, F|
|poke|p1|Primarina, F|
|poke|p1|Heatran, M|
|poke|p1|Thundurus, M|
|poke|p1|Great Tusk|
|poke|p1|Scizor, F|
|poke|p2|Landorus-Therian, M|
|poke|p2|Primarina, M|
|poke|p2|Pelipper, F|
|poke|p2|Corviknight, M|
|poke|p2|Walking Wake|
|poke|p2|Raging Bolt|
|teampreview
|
|t:|1757913420
|teamsize|p1|6
|teamsize|p2|6
|start
|switch|p1a: Hydrapple|Hydrapple, F|100/100
|switch|p2a: Pelipper|Pelipper, F|100/100
|-weather|RainDance|[from] ability: Drizzle|[of] p2a: Pelipper
|turn|1
|
|t:|1757913428
|move|p2a: Pelipper|U-turn|p1a: Hydrapple
|-supereffective|p1a: Hydrapple
|-damage|p1a: Hydrapple|87/100
|
|t:|1757913435
|switch|p2a: Corviknight|Corviknight, M|100/100|[from] U-turn
|-ability|p2a: Corviknight|Pressure
|move|p1a: Hydrapple|Draco Meteor|p2a: Corviknight
|-resisted|p2a: Corviknight
|-damage|p2a: Corviknight|65/100
|-unboost|p1a: Hydrapple|spa|2
|-enditem|p1a: Hydrapple|Eject Pack
|
|t:|1757913439
|switch|p1a: Thundurus|Thundurus, M|100/100
|
|-weather|RainDance|[upkeep]
|-heal|p2a: Corviknight|71/100|[from] item: Leftovers
|upkeep
|turn|2
|
|t:|1757913448
|switch|p2a: Raging Bolt|Raging Bolt|100/100
|move|p1a: Thundurus|Knock Off|p2a: Raging Bolt
|-damage|p2a: Raging Bolt|69/100
|-enditem|p2a: Raging Bolt|Leftovers|[from] move: Knock Off|[of] p1a: Thundurus
|
|-weather|RainDance|[upkeep]
|upkeep
|turn|3
|
|t:|1757913467
|move|p1a: Thundurus|Volt Switch|p2a: Raging Bolt
|-resisted|p2a: Raging Bolt
|-damage|p2a: Raging Bolt|62/100
|
|t:|1757913470
|switch|p1a: Heatran|Heatran, M|100/100|[from] Volt Switch
|move|p2a: Raging Bolt|Weather Ball|p1a: Heatran
|-supereffective|p1a: Heatran
|-damage|p1a: Heatran|0 fnt
|faint|p1a: Heatran
|
|-weather|RainDance|[upkeep]
|upkeep
|
|t:|1757913477
|switch|p1a: Great Tusk|Great Tusk|100/100
|turn|4
|
|t:|1757913489
|-end|p1a: Great Tusk|Protosynthesis|[silent]
|switch|p1a: Thundurus|Thundurus, M|100/100
|-end|p2a: Raging Bolt|Protosynthesis|[silent]
|switch|p2a: Pelipper|Pelipper, F|100/100
|
|-weather|RainDance|[upkeep]
|upkeep
|turn|5
|
|t:|1757913512
|move|p1a: Thundurus|Knock Off|p2a: Pelipper
|-damage|p2a: Pelipper|75/100
|-enditem|p2a: Pelipper|Damp Rock|[from] move: Knock Off|[of] p1a: Thundurus
|move|p2a: Pelipper|Weather Ball|p1a: Thundurus
|-damage|p1a: Thundurus|30/100
|
|-weather|RainDance|[upkeep]
|upkeep
|turn|6
|
|t:|1757913525
|move|p1a: Thundurus|Volt Switch|p2a: Pelipper
|-supereffective|p2a: Pelipper
|-damage|p2a: Pelipper|0 fnt
|faint|p2a: Pelipper
|
|t:|1757913534
|switch|p1a: Primarina|Primarina, F|100/100|[from] Volt Switch
|
|-weather|RainDance|[upkeep]
|upkeep
|
|t:|1757913551
|switch|p2a: Raging Bolt|Raging Bolt|62/100
|turn|7
|
|t:|1757913570
|move|p2a: Raging Bolt|Weather Ball|p1a: Primarina
|-resisted|p1a: Primarina
|-damage|p1a: Primarina|81/100
|move|p1a: Primarina|Moonblast|p2a: Raging Bolt
|-supereffective|p2a: Raging Bolt
|-damage|p2a: Raging Bolt|0 fnt
|faint|p2a: Raging Bolt
|-end|p2a: Raging Bolt|Protosynthesis|[silent]
|
|-weather|RainDance|[upkeep]
|upkeep
|
|t:|1757913583
|switch|p2a: Landorus|Landorus-Therian, M|100/100
|-ability|p2a: Landorus|Intimidate|boost
|-unboost|p1a: Primarina|atk|1
|turn|8
|
|t:|1757913604
|switch|p1a: Hydrapple|Hydrapple, F|100/100
|move|p2a: Landorus|U-turn|p1a: Hydrapple
|-supereffective|p1a: Hydrapple
|-damage|p1a: Hydrapple|64/100
|
|t:|1757913620
|switch|p2a: Primarina|Primarina, M|100/100|[from] U-turn
|
|-weather|none
|upkeep
|turn|9
|
|t:|1757913629
|switch|p1a: Scizor|Scizor, F|100/100
|move|p2a: Primarina|Substitute|p2a: Primarina
|-start|p2a: Primarina|Substitute
|-damage|p2a: Primarina|76/100
|
|-heal|p2a: Primarina|82/100|[from] item: Leftovers
|upkeep
|turn|10
|
|t:|1757913638
|move|p1a: Scizor|Dual Wingbeat|p2a: Primarina
|-end|p2a: Primarina|Substitute
|-damage|p2a: Primarina|37/100
|-hitcount|p2a: Primarina|2
|move|p2a: Primarina|Calm Mind|p2a: Primarina
|-boost|p2a: Primarina|spa|1
|-boost|p2a: Primarina|spd|1
|
|-heal|p2a: Primarina|43/100|[from] item: Leftovers
|upkeep
|turn|11
|
|t:|1757913655
|move|p2a: Primarina|Surf|p1a: Scizor
|-damage|p1a: Scizor|4/100
|move|p1a: Scizor|Dual Wingbeat|p2a: Primarina
|-damage|p2a: Primarina|0 fnt
|faint|p2a: Primarina
|-hitcount|p2: Primarina|1
|
|upkeep
|
|t:|1757913665
|switch|p2a: Landorus|Landorus-Therian, M|100/100
|-ability|p2a: Landorus|Intimidate|boost
|-unboost|p1a: Scizor|atk|1
|turn|12
|
|t:|1757913672
|switch|p1a: Hydrapple|Hydrapple, F|97/100
|move|p2a: Landorus|Stealth Rock|p1a: Hydrapple
|-sidestart|p1: Hyjack|move: Stealth Rock
|
|upkeep
|turn|13
|
|t:|1757913683
|move|p2a: Landorus|U-turn|p1a: Hydrapple
|-supereffective|p1a: Hydrapple
|-crit|p1a: Hydrapple
|-damage|p1a: Hydrapple|41/100
|
|t:|1757913687
|switch|p2a: Corviknight|Corviknight, M|71/100|[from] U-turn
|-ability|p2a: Corviknight|Pressure
|move|p1a: Hydrapple|Recycle|p1a: Hydrapple
|-item|p1a: Hydrapple|Eject Pack|[from] move: Recycle
|
|-heal|p2a: Corviknight|77/100|[from] item: Leftovers
|upkeep
|turn|14
|
|t:|1757913704
|switch|p1a: Great Tusk|Great Tusk|100/100
|move|p2a: Corviknight|Body Press|p1a: Great Tusk
|-damage|p1a: Great Tusk|81/100
|
|-heal|p2a: Corviknight|83/100|[from] item: Leftovers
|upkeep
|turn|15
|
|t:|1757913715
|move|p1a: Great Tusk|Rapid Spin|p2a: Corviknight
|-resisted|p2a: Corviknight
|-damage|p2a: Corviknight|78/100
|-boost|p1a: Great Tusk|spe|1
|-sideend|p1: Hyjack|Stealth Rock|[from] move: Rapid Spin|[of] p1a: Great Tusk
|move|p2a: Corviknight|Iron Defense|p2a: Corviknight
|-boost|p2a: Corviknight|def|2
|
|-heal|p2a: Corviknight|84/100|[from] item: Leftovers
|upkeep
|turn|16
|
|t:|1757913725
|-end|p1a: Great Tusk|Protosynthesis|[silent]
|switch|p1a: Hydrapple|Hydrapple, F|74/100
|move|p2a: Corviknight|Body Press|p1a: Hydrapple
|-damage|p1a: Hydrapple|34/100
|
|-heal|p2a: Corviknight|90/100|[from] item: Leftovers
|upkeep
|turn|17
|
|t:|1757913741
|switch|p1a: Primarina|Primarina, F|81/100
|move|p2a: Corviknight|Iron Defense|p2a: Corviknight
|-boost|p2a: Corviknight|def|2
|
|-heal|p2a: Corviknight|96/100|[from] item: Leftovers
|upkeep
|turn|18
|
|t:|1757913754
|move|p1a: Primarina|Psychic Noise|p2a: Corviknight
|-damage|p2a: Corviknight|52/100
|-start|p2a: Corviknight|move: Heal Block
|move|p2a: Corviknight|Body Press|p1a: Primarina
|-resisted|p1a: Primarina
|-damage|p1a: Primarina|25/100
|
|upkeep
|turn|19
|
|t:|1757913769
|switch|p2a: Walking Wake|Walking Wake|100/100
|move|p1a: Primarina|Psychic Noise|p2a: Walking Wake
|-resisted|p2a: Walking Wake
|-damage|p2a: Walking Wake|88/100
|-start|p2a: Walking Wake|move: Heal Block
|
|upkeep
|turn|20
|
|t:|1757913794
|switch|p1a: Scizor|Scizor, F|4/100
|move|p2a: Walking Wake|Scald|p1a: Scizor
|-damage|p1a: Scizor|0 fnt
|faint|p1a: Scizor
|
|-end|p2a: Walking Wake|move: Heal Block
|upkeep
|
|t:|1757913799
|switch|p1a: Thundurus|Thundurus, M|30/100
|turn|21
|
|t:|1757913815
|move|p1a: Thundurus|Thunder Wave|p2a: Walking Wake
|-status|p2a: Walking Wake|par
|move|p2a: Walking Wake|Scald|p1a: Thundurus
|-damage|p1a: Thundurus|0 fnt
|faint|p1a: Thundurus
|
|upkeep
|
|t:|1757913827
|switch|p1a: Primarina|Primarina, F|25/100
|turn|22
|
|t:|1757913833
|-terastallize|p2a: Walking Wake|Water
|move|p1a: Primarina|Moonblast|p2a: Walking Wake
|-damage|p2a: Walking Wake|21/100 par
|-unboost|p2a: Walking Wake|spa|1
|cant|p2a: Walking Wake|par
|
|upkeep
|turn|23
|
|t:|1757913845
|move|p1a: Primarina|Moonblast|p2a: Walking Wake
|-damage|p2a: Walking Wake|0 fnt
|faint|p2a: Walking Wake
|-end|p2a: Walking Wake|Protosynthesis|[silent]
|
|upkeep
|
|t:|1757913851
|switch|p2a: Landorus|Landorus-Therian, M|100/100
|-ability|p2a: Landorus|Intimidate|boost
|-unboost|p1a: Primarina|atk|1
|turn|24
|
|t:|1757913862
|switch|p1a: Great Tusk|Great Tusk|81/100
|move|p2a: Landorus|Earthquake|p1a: Great Tusk
|-damage|p1a: Great Tusk|43/100
|
|upkeep
|turn|25
|
|t:|1757913875
|move|p2a: Landorus|U-turn|p1a: Great Tusk
|-resisted|p1a: Great Tusk
|-damage|p1a: Great Tusk|34/100
|
|t:|1757913878
|switch|p2a: Corviknight|Corviknight, M|52/100|[from] U-turn
|-ability|p2a: Corviknight|Pressure
|move|p1a: Great Tusk|Ice Spinner|p2a: Corviknight
|-damage|p2a: Corviknight|34/100
|
|-heal|p2a: Corviknight|40/100|[from] item: Leftovers
|upkeep
|turn|26
|
|t:|1757913898
|-end|p1a: Great Tusk|Protosynthesis|[silent]
|switch|p1a: Hydrapple|Hydrapple, F|68/100
|move|p2a: Corviknight|Roost|p2a: Corviknight
|-heal|p2a: Corviknight|90/100
|-singleturn|p2a: Corviknight|move: Roost
|
|-heal|p2a: Corviknight|96/100|[from] item: Leftovers
|upkeep
|turn|27
|
|t:|1757913907
|move|p2a: Corviknight|Iron Defense|p2a: Corviknight
|-boost|p2a: Corviknight|def|2
|move|p1a: Hydrapple|Draco Meteor|p2a: Corviknight
|-resisted|p2a: Corviknight
|-damage|p2a: Corviknight|60/100
|-unboost|p1a: Hydrapple|spa|2
|-enditem|p1a: Hydrapple|Eject Pack
|
|t:|1757913914
|switch|p1a: Primarina|Primarina, F|25/100
|
|-heal|p2a: Corviknight|66/100|[from] item: Leftovers
|upkeep
|turn|28
|
|t:|1757913941
|move|p1a: Primarina|Psychic Noise|p2a: Corviknight
|-damage|p2a: Corviknight|22/100
|-start|p2a: Corviknight|move: Heal Block
|move|p2a: Corviknight|Body Press|p1a: Primarina
|-resisted|p1a: Primarina
|-damage|p1a: Primarina|0 fnt
|faint|p1a: Primarina
|
|upkeep
|
|t:|1757913951
|switch|p1a: Hydrapple|Hydrapple, F|100/100
|turn|29
|
|t:|1757913963
|move|p2a: Corviknight|Body Press|p1a: Hydrapple
|-damage|p1a: Hydrapple|62/100
|move|p1a: Hydrapple|Draco Meteor|p2a: Corviknight
|-resisted|p2a: Corviknight
|-damage|p2a: Corviknight|0 fnt
|-unboost|p1a: Hydrapple|spa|2
|faint|p2a: Corviknight
|
|upkeep
|
|t:|1757913975
|switch|p2a: Landorus|Landorus-Therian, M|100/100
|-ability|p2a: Landorus|Intimidate|boost
|-unboost|p1a: Hydrapple|atk|1
|turn|30
|
|t:|1757913983
|switch|p1a: Great Tusk|Great Tusk|34/100
|move|p2a: Landorus|U-turn|p1a: Great Tusk
|-resisted|p1a: Great Tusk
|-damage|p1a: Great Tusk|24/100
|
|upkeep
|turn|31
|
|t:|1757913991
|move|p2a: Landorus|Earthquake|p1a: Great Tusk
|-damage|p1a: Great Tusk|0 fnt
|faint|p1a: Great Tusk
|-end|p1a: Great Tusk|Protosynthesis|[silent]
|
|upkeep
|
|t:|1757913993
|switch|p1a: Hydrapple|Hydrapple, F|95/100
|turn|32
|
|t:|1757913998
|move|p2a: Landorus|U-turn|p1a: Hydrapple
|-supereffective|p1a: Hydrapple
|-damage|p1a: Hydrapple|57/100
|move|p1a: Hydrapple|Draco Meteor|p2a: Landorus
|-crit|p2a: Landorus
|-damage|p2a: Landorus|0 fnt
|-unboost|p1a: Hydrapple|spa|2
|faint|p2a: Landorus
|
|win|Hyjack
|raw|Hyjack's rating: 1262 &rarr; <strong>1287</strong><br />(+25 for winning)
|raw|silky2smooth's rating: 1256 &rarr; <strong>1231</strong><br />(-25 for losing)
|l|☆Hyjack
|player|p1|
