|j|☆hannah borshun
|j|☆RyceburnJR2
|t:|1757815122
|gametype|singles
|player|p1|hannah borshun|265|1078
|player|p2|RyceburnJR2|red|1105
|gen|9
|tier|[Gen 9] OU
|rated|
|rule|HP Percentage Mod: HP is shown in percentages
|rule|Endless Battle Clause: Forcing endless battles is banned
|rule|Species Clause: Limit one of each Pokémon
|rule|OHKO Clause: OHKO moves are banned
|rule|Evasion Items Clause: Evasion items are banned
|rule|Evasion Moves Clause: Evasion moves are banned
|rule|Evasion Abilities Clause: Evasion abilities are banned
|rule|Sleep Moves Clause: Sleep-inducing moves are banned
|clearpoke
|poke|p1|Ditto|
|poke|p1|Glimmora, M|
|poke|p1|Scream Tail|
|poke|p1|Dondozo, F|
|poke|p1|Gholdengo|
|poke|p1|Toxtricity, M|
|poke|p2|Skeledirge, M|
|poke|p2|Pawmot, F|
|poke|p2|Kingambit, M|
|poke|p2|Tinkaton, F|
|poke|p2|Garchomp, F|
|poke|p2|Dondozo, M|
|teampreview
|
|t:|1757815156
|teamsize|p1|6
|teamsize|p2|6
|start
|switch|p1a: Glimmora|Glimmora, M|100/100
|switch|p2a: Tinkaton|Tinkaton, F|100/100
|-ability|p2a: Tinkaton|Mold Breaker
|turn|1
|
|t:|1757815196
|move|p1a: Glimmora|Stealth Rock|p2a: Tinkaton
|-sidestart|p2: RyceburnJR2|move: Stealth Rock
|move|p2a: Tinkaton|Thunder Wave|p1a: Glimmora|[miss]
|-miss|p2a: Tinkaton|p1a: Glimmora
|
|upkeep
|turn|2
|
|t:|1757815208
|move|p1a: Glimmora|Spikes|p2a: Tinkaton
|-sidestart|p2: RyceburnJR2|Spikes
|move|p2a: Tinkaton|Thunder Wave|p1a: Glimmora
|-status|p1a: Glimmora|par
|
|upkeep
|turn|3
|
|t:|1757815214
|move|p2a: Tinkaton|Swords Dance|p2a: Tinkaton
|-boost|p2a: Tinkaton|atk|2
|move|p1a: Glimmora|Spikes|p2a: Tinkaton
|-sidestart|p2: RyceburnJR2|Spikes
|
|upkeep
|turn|4
|
|t:|1757815217
|move|p2a: Tinkaton|Swords Dance|p2a: Tinkaton
|-boost|p2a: Tinkaton|atk|2
|move|p1a: Glimmora|Spikes|p2a: Tinkaton
|-sidestart|p2: RyceburnJR2|Spikes
|
|upkeep
|turn|5
|
|t:|1757815231
|switch|p1a: Dondozo|Dondozo, F|100/100
|move|p2a: Tinkaton|Swords Dance|p2a: Tinkaton
|-boost|p2a: Tinkaton|atk|2
|
|upkeep
|turn|6
|
|t:|1757815239
|move|p2a: Tinkaton|Gigaton Hammer|p1a: Dondozo
|-resisted|p1a: Dondozo
|-damage|p1a: Dondozo|42/100
|-enditem|p1a: Dondozo|Red Card|[of] p2a: Tinkaton
|drag|p2a: Skeledirge|Skeledirge, M|100/100
|-damage|p2a: Skeledirge|76/100|[from] Stealth Rock
|-damage|p2a: Skeledirge|51/100|[from] Spikes
|move|p1a: Dondozo|Curse|p1a: Dondozo
|-unboost|p1a: Dondozo|spe|1
|-boost|p1a: Dondozo|atk|1
|-boost|p1a: Dondozo|def|1
|
|upkeep
|turn|7
|
|t:|1757815253
|-terastallize|p2a: Skeledirge|Fairy
|move|p2a: Skeledirge|Shadow Ball|p1a: Dondozo
|-damage|p1a: Dondozo|5/100
|move|p1a: Dondozo|Rest|p1a: Dondozo
|-status|p1a: Dondozo|slp|[from] move: Rest
|-heal|p1a: Dondozo|100/100 slp|[silent]
|
|upkeep
|turn|8
|
|t:|1757815262
|move|p2a: Skeledirge|Slack Off|p2a: Skeledirge
|-heal|p2a: Skeledirge|100/100
|cant|p1a: Dondozo|slp
|move|p1a: Dondozo|Sleep Talk|p1a: Dondozo
|move|p1a: Dondozo|Rest||[from] move: Sleep Talk|[still]
|-fail|p1a: Dondozo
|
|upkeep
|turn|9
|
|t:|1757815268
|move|p2a: Skeledirge|Torch Song|p1a: Dondozo
|-resisted|p1a: Dondozo
|-damage|p1a: Dondozo|80/100 slp
|-boost|p2a: Skeledirge|spa|1
|-enditem|p2a: Skeledirge|Throat Spray
|-boost|p2a: Skeledirge|spa|1|[from] item: Throat Spray
|cant|p1a: Dondozo|slp
|move|p1a: Dondozo|Sleep Talk|p1a: Dondozo
|move|p1a: Dondozo|Rest||[from] move: Sleep Talk|[still]
|-fail|p1a: Dondozo
|
|upkeep
|turn|10
|
|t:|1757815301
|move|p2a: Skeledirge|Torch Song|p1a: Dondozo
|-resisted|p1a: Dondozo
|-damage|p1a: Dondozo|61/100 slp
|-boost|p2a: Skeledirge|spa|1
|-curestatus|p1a: Dondozo|slp|[msg]
|move|p1a: Dondozo|Wave Crash|p2a: Skeledirge
|-damage|p2a: Skeledirge|59/100
|-damage|p1a: Dondozo|52/100|[from] Recoil
|
|upkeep
|turn|11
|
|t:|1757815313
|move|p2a: Skeledirge|Slack Off|p2a: Skeledirge
|-heal|p2a: Skeledirge|100/100
|move|p1a: Dondozo|Rest|p1a: Dondozo
|-status|p1a: Dondozo|slp|[from] move: Rest
|-heal|p1a: Dondozo|100/100 slp|[silent]
|
|upkeep
|turn|12
|
|t:|1757815319
|move|p2a: Skeledirge|Torch Song|p1a: Dondozo
|-resisted|p1a: Dondozo
|-damage|p1a: Dondozo|81/100 slp
|-boost|p2a: Skeledirge|spa|1
|cant|p1a: Dondozo|slp
|move|p1a: Dondozo|Sleep Talk|p1a: Dondozo
|move|p1a: Dondozo|Wave Crash|p2a: Skeledirge|[from] move: Sleep Talk
|-damage|p2a: Skeledirge|63/100
|-damage|p1a: Dondozo|73/100 slp|[from] Recoil
|
|upkeep
|turn|13
|
|t:|1757815328
|move|p2a: Skeledirge|Shadow Ball|p1a: Dondozo
|-damage|p1a: Dondozo|34/100 slp
|-unboost|p1a: Dondozo|spd|1
|cant|p1a: Dondozo|slp
|move|p1a: Dondozo|Sleep Talk|p1a: Dondozo
|move|p1a: Dondozo|Curse|p1a: Dondozo|[from] move: Sleep Talk
|-unboost|p1a: Dondozo|spe|1
|-boost|p1a: Dondozo|atk|1
|-boost|p1a: Dondozo|def|1
|
|upkeep
|turn|14
|
|t:|1757815339
|move|p2a: Skeledirge|Shadow Ball|p1a: Dondozo
|-damage|p1a: Dondozo|0 fnt
|faint|p1a: Dondozo
|
|upkeep
|
|t:|1757815344
|switch|p1a: Ditto|Ditto|100/100
|-transform|p1a: Ditto|p2a: Skeledirge|[from] ability: Imposter
|-start|p1a: Ditto|typechange|Fire/Ghost|[silent]
|turn|15
|
|t:|1757815353
|move|p1a: Ditto|Torch Song|p2a: Skeledirge
|-damage|p2a: Skeledirge|11/100
|-boost|p1a: Ditto|spa|1
|move|p2a: Skeledirge|Shadow Ball|p1a: Ditto
|-supereffective|p1a: Ditto
|-damage|p1a: Ditto|0 fnt
|faint|p1a: Ditto
|
|upkeep
|
|t:|1757815369
|switch|p1a: Gholdengo|Gholdengo|100/100
|turn|16
|
|t:|1757815374
|move|p1a: Gholdengo|Shadow Ball|p2a: Skeledirge
|-damage|p2a: Skeledirge|0 fnt
|faint|p2a: Skeledirge
|
|upkeep
|
|t:|1757815378
|switch|p2a: Pawmot|Pawmot, F|100/100
|-damage|p2a: Pawmot|94/100|[from] Stealth Rock
|-damage|p2a: Pawmot|70/100|[from] Spikes
|turn|17
|
|t:|1757815384
|switch|p1a: Glimmora|Glimmora, M|100/100 par
|move|p2a: Pawmot|Revival Blessing|p2a: Pawmot
|
|t:|1757815388
|-heal|p2: Skeledirge|50/100|[from] move: Revival Blessing
|
|upkeep
|turn|18
|
|t:|1757815396
|move|p2a: Pawmot|Close Combat|p1a: Glimmora
|-damage|p1a: Glimmora|32/100 par
|-unboost|p2a: Pawmot|def|1
|-unboost|p2a: Pawmot|spd|1
|-activate|p1a: Glimmora|ability: Toxic Debris
|-sidestart|p2: RyceburnJR2|move: Toxic Spikes
|move|p1a: Glimmora|Mortal Spin|p2a: Pawmot
|-damage|p2a: Pawmot|57/100
|-status|p2a: Pawmot|psn
|
|-damage|p2a: Pawmot|44/100 psn|[from] psn
|upkeep
|turn|19
|
|t:|1757815407
|move|p2a: Pawmot|Close Combat|p1a: Glimmora
|-damage|p1a: Glimmora|0 fnt
|-unboost|p2a: Pawmot|def|1
|-unboost|p2a: Pawmot|spd|1
|-activate|p1a: Glimmora|ability: Toxic Debris
|-sidestart|p2: RyceburnJR2|move: Toxic Spikes
|faint|p1a: Glimmora
|
|-damage|p2a: Pawmot|32/100 psn|[from] psn
|upkeep
|
|t:|1757815427
|switch|p1a: Scream Tail|Scream Tail|100/100
|-enditem|p1a: Scream Tail|Booster Energy
|-activate|p1a: Scream Tail|ability: Protosynthesis|[fromitem]
|-start|p1a: Scream Tail|protosynthesisspe
|turn|20
|
|t:|1757815435
|move|p1a: Scream Tail|Wish|p1a: Scream Tail
|move|p2a: Pawmot|Double Shock|p1a: Scream Tail
|-crit|p1a: Scream Tail
|-damage|p1a: Scream Tail|28/100
|-start|p2a: Pawmot|typechange|???/Fighting|[from] move: Double Shock
|
|-damage|p2a: Pawmot|19/100 psn|[from] psn
|upkeep
|turn|21
|
|t:|1757815446
|move|p1a: Scream Tail|Protect|p1a: Scream Tail
|-singleturn|p1a: Scream Tail|Protect
|move|p2a: Pawmot|Ice Punch|p1a: Scream Tail
|-activate|p1a: Scream Tail|move: Protect
|
|-heal|p1a: Scream Tail|78/100|[from] move: Wish|[wisher] Scream Tail
|-damage|p2a: Pawmot|7/100 psn|[from] psn
|upkeep
|turn|22
|
|t:|1757815456
|move|p1a: Scream Tail|Wish|p1a: Scream Tail
|move|p2a: Pawmot|Ice Punch|p1a: Scream Tail
|-damage|p1a: Scream Tail|58/100
|
|-damage|p2a: Pawmot|0 fnt|[from] psn
|faint|p2a: Pawmot
|upkeep
|inactive|Battle timer is ON: inactive players will automatically lose when time's up. (requested by hannah borshun)
|
|t:|1757815522
|switch|p2a: Tinkaton|Tinkaton, F|100/100
|-damage|p2a: Tinkaton|94/100|[from] Stealth Rock
|-damage|p2a: Tinkaton|70/100|[from] Spikes
|-ability|p2a: Tinkaton|Mold Breaker
|turn|23
|
|t:|1757815534
|move|p1a: Scream Tail|Protect|p1a: Scream Tail
|-singleturn|p1a: Scream Tail|Protect
|move|p2a: Tinkaton|Gigaton Hammer|p1a: Scream Tail
|-activate|p1a: Scream Tail|move: Protect
|
|-heal|p1a: Scream Tail|100/100|[from] move: Wish|[wisher] Scream Tail
|-heal|p2a: Tinkaton|76/100|[from] item: Leftovers
|upkeep
|turn|24
|
|t:|1757815553
|move|p1a: Scream Tail|Encore|p2a: Tinkaton
|-start|p2a: Tinkaton|Encore
|move|p2a: Tinkaton|Gigaton Hammer|p1a: Scream Tail
|-supereffective|p1a: Scream Tail
|-damage|p1a: Scream Tail|0 fnt
|faint|p1a: Scream Tail
|-end|p1a: Scream Tail|Protosynthesis|[silent]
|-hint|Some effects can force a Pokemon to use Gigaton Hammer again in a row.
|
|-heal|p2a: Tinkaton|82/100|[from] item: Leftovers
|upkeep
|
|t:|1757815560
|switch|p1a: Toxtricity|Toxtricity, M|100/100
|turn|25
|
|t:|1757815563
|-activate|p2a: Tinkaton|move: Struggle
|move|p2a: Tinkaton|Struggle|p1a: Toxtricity
|-damage|p1a: Toxtricity|79/100
|-damage|p2a: Tinkaton|57/100|[from] recoil
|move|p1a: Toxtricity|Shift Gear|p1a: Toxtricity
|-boost|p1a: Toxtricity|spe|2
|-boost|p1a: Toxtricity|atk|1
|
|-heal|p2a: Tinkaton|63/100|[from] item: Leftovers
|upkeep
|turn|26
|
|t:|1757815574
|-terastallize|p1a: Toxtricity|Normal
|move|p1a: Toxtricity|Boomburst|p2a: Tinkaton
|-resisted|p2a: Tinkaton
|-damage|p2a: Tinkaton|17/100
|-enditem|p1a: Toxtricity|Throat Spray
|-boost|p1a: Toxtricity|spa|1|[from] item: Throat Spray
|move|p2a: Tinkaton|Gigaton Hammer|p1a: Toxtricity
|-crit|p1a: Toxtricity
|-damage|p1a: Toxtricity|0 fnt
|faint|p1a: Toxtricity
|
|-heal|p2a: Tinkaton|23/100|[from] item: Leftovers
|-end|p2a: Tinkaton|Encore
|upkeep
|
|t:|1757815586
|switch|p1a: Gholdengo|Gholdengo|100/100
|turn|27
|
|t:|1757815592
|move|p1a: Gholdengo|Trick|p2a: Tinkaton
|-activate|p1a: Gholdengo|move: Trick|[of] p2a: Tinkaton
|-item|p2a: Tinkaton|Choice Scarf|[from] move: Trick
|-item|p1a: Gholdengo|Leftovers|[from] move: Trick
|move|p2a: Tinkaton|Play Rough|p1a: Gholdengo
|-resisted|p1a: Gholdengo
|-damage|p1a: Gholdengo|80/100
|-unboost|p1a: Gholdengo|atk|1
|
|-heal|p1a: Gholdengo|87/100|[from] item: Leftovers
|upkeep
|turn|28
|
|t:|1757815604
|move|p2a: Tinkaton|Play Rough|p1a: Gholdengo
|-resisted|p1a: Gholdengo
|-damage|p1a: Gholdengo|67/100
|move|p1a: Gholdengo|Shadow Ball|p2a: Tinkaton
|-damage|p2a: Tinkaton|0 fnt
|faint|p2a: Tinkaton
|
|-heal|p1a: Gholdengo|73/100|[from] item: Leftovers
|upkeep
|inactive|RyceburnJR2 has 120 seconds left.
|
|t:|1757815662
|switch|p2a: Kingambit|Kingambit, M|100/100
|-damage|p2a: Kingambit|94/100|[from] Stealth Rock
|-damage|p2a: Kingambit|69/100|[from] Spikes
|turn|29
|
|t:|1757815669
|move|p2a: Kingambit|Sucker Punch|p1a: Gholdengo
|-supereffective|p1a: Gholdengo
|-damage|p1a: Gholdengo|0 fnt
|faint|p1a: Gholdengo
|
|win|RyceburnJR2
|raw|hannah borshun's rating: 1078 &rarr; <strong>1058</strong><br />(-20 for losing)
|raw|RyceburnJR2's rating: 1105 &rarr; <strong>1128</strong><br />(+23 for winning)
