|j|☆BabyGronkel
|j|☆JumboDorito
|t:|1757824165
|gametype|singles
|player|p1|BabyGronkel|juan|
|player|p2|JumboDorito|169|
|gen|9
|tier|[Gen 9] OU
|rule|HP Percentage Mod: HP is shown in percentages
|rule|Endless Battle Clause: Forcing endless battles is banned
|rule|Species Clause: Limit one of each Pokémon
|rule|OHKO Clause: OHKO moves are banned
|rule|Evasion Items Clause: Evasion items are banned
|rule|Evasion Moves Clause: Evasion moves are banned
|rule|Evasion Abilities Clause: Evasion abilities are banned
|rule|Sleep Moves Clause: Sleep-inducing moves are banned
|clearpoke
|poke|p1|Bombirdier, M|
|poke|p1|Copperajah, F|
|poke|p1|Skeledirge, M|
|poke|p1|Rotom-Frost|
|poke|p1|Clawitzer, F|
|poke|p1|Gholdengo|
|poke|p2|Conkeldurr, F|
|poke|p2|Delibird, M|
|poke|p2|Iron Jugulis|
|poke|p2|Keldeo-Resolute|
|poke|p2|Vespiquen, F|
|poke|p2|Tinkaton, F|
|teampreview
|j| realjaxsondart
|
|t:|1757824188
|teamsize|p1|6
|teamsize|p2|6
|start
|switch|p1a: Lirila Larila|Copperajah, F|100/100
|switch|p2a: Gabagool|Delibird, M|100/100
|turn|1
|
|t:|1757824198
|move|p2a: Gabagool|Fake Out|p1a: Lirila Larila
|-resisted|p1a: Lirila Larila
|-damage|p1a: Lirila Larila|94/100
|cant|p1a: Lirila Larila|flinch
|
|-heal|p1a: Lirila Larila|100/100|[from] item: Leftovers
|upkeep
|turn|2
|
|t:|1757824234
|move|p2a: Gabagool|Spikes|p1a: Lirila Larila
|-sidestart|p1: BabyGronkel|Spikes
|move|p1a: Lirila Larila|Heavy Slam|p2a: Gabagool
|-supereffective|p2a: Gabagool
|-damage|p2a: Gabagool|0 fnt
|faint|p2a: Gabagool
|
|upkeep
|
|t:|1757824248
|switch|p2a: Horse|Keldeo-Resolute|100/100
|turn|3
|
|t:|1757824265
|move|p1a: Lirila Larila|Protect|p1a: Lirila Larila
|-singleturn|p1a: Lirila Larila|Protect
|move|p2a: Horse|Surf|p1a: Lirila Larila
|-activate|p1a: Lirila Larila|move: Protect
|
|upkeep
|turn|4
|
|t:|1757824275
|switch|p1a: Trippi Troppo|Clawitzer, F|100/100
|-damage|p1a: Trippi Troppo|88/100|[from] Spikes
|move|p2a: Horse|Surf|p1a: Trippi Troppo
|-resisted|p1a: Trippi Troppo
|-damage|p1a: Trippi Troppo|56/100
|
|upkeep
|turn|5
|
|t:|1757824313
|switch|p2a: Thinking Bee|Vespiquen, F|100/100
|-ability|p2a: Thinking Bee|Pressure
|move|p1a: Trippi Troppo|Dragon Pulse|p2a: Thinking Bee
|-damage|p2a: Thinking Bee|73/100
|
|upkeep
|turn|6
|
|t:|1757824335
|switch|p1a: Bombardini Gusini|Bombirdier, M|100/100
|move|p2a: Thinking Bee|U-turn|p1a: Bombardini Gusini
|-damage|p1a: Bombardini Gusini|67/100
|
|t:|1757824341
|switch|p2a: Horse|Keldeo-Resolute|100/100|[from] U-turn
|
|upkeep
|turn|7
|
|t:|1757824347
|move|p2a: Horse|Surf|p1a: Bombardini Gusini
|-damage|p1a: Bombardini Gusini|0 fnt
|faint|p1a: Bombardini Gusini
|
|upkeep
|
|t:|1757824358
|switch|p1a: Frigo Camello|Rotom-Frost|100/100
|turn|8
|
|t:|1757824429
|-terastallize|p2a: Horse|Water
|move|p2a: Horse|Surf|p1a: Frigo Camello
|-damage|p1a: Frigo Camello|0 fnt
|faint|p1a: Frigo Camello
|
|upkeep
|
|t:|1757824453
|switch|p1a: Lirila Larila|Copperajah, F|100/100
|-damage|p1a: Lirila Larila|88/100|[from] Spikes
|turn|9
|
|t:|1757824508
|-terastallize|p1a: Lirila Larila|Grass
|move|p2a: Horse|Surf|p1a: Lirila Larila
|-resisted|p1a: Lirila Larila
|-damage|p1a: Lirila Larila|58/100
|move|p1a: Lirila Larila|Bulldoze|p2a: Horse
|-damage|p2a: Horse|82/100
|-unboost|p2a: Horse|spe|1
|
|-heal|p1a: Lirila Larila|65/100|[from] item: Leftovers
|upkeep
|turn|10
|
|t:|1757824518
|switch|p2a: Thinking Bee|Vespiquen, F|73/100
|-ability|p2a: Thinking Bee|Pressure
|move|p1a: Lirila Larila|Stealth Rock|p2a: Thinking Bee
|-sidestart|p2: JumboDorito|move: Stealth Rock
|
|-heal|p1a: Lirila Larila|71/100|[from] item: Leftovers
|upkeep
|turn|11
|
|t:|1757824532
|switch|p1a: TungTungTungSahur|Gholdengo|100/100
|-damage|p1a: TungTungTungSahur|88/100|[from] Spikes
|move|p2a: Thinking Bee|Spikes|p1a: TungTungTungSahur
|-sidestart|p1: BabyGronkel|Spikes
|
|upkeep
|turn|12
|
|t:|1757824536
|move|p1a: TungTungTungSahur|Substitute|p1a: TungTungTungSahur
|-start|p1a: TungTungTungSahur|Substitute
|-damage|p1a: TungTungTungSahur|63/100
|move|p2a: Thinking Bee|Spikes|p1a: TungTungTungSahur
|-sidestart|p1: BabyGronkel|Spikes
|
|upkeep
|turn|13
|
|t:|1757824539
|move|p1a: TungTungTungSahur|Nasty Plot|p1a: TungTungTungSahur
|-boost|p1a: TungTungTungSahur|spa|2
|move|p2a: Thinking Bee|U-turn|p1a: TungTungTungSahur
|-resisted|p1a: TungTungTungSahur
|-activate|p1a: TungTungTungSahur|move: Substitute|[damage]
|
|t:|1757824559
|switch|p2a: Thinkaton|Tinkaton, F|100/100|[from] U-turn
|-damage|p2a: Thinkaton|94/100|[from] Stealth Rock
|-item|p2a: Thinkaton|Air Balloon
|
|upkeep
|turn|14
|
|t:|1757824577
|move|p2a: Thinkaton|Gigaton Hammer|p1a: TungTungTungSahur
|-resisted|p1a: TungTungTungSahur
|-end|p1a: TungTungTungSahur|Substitute
|move|p1a: TungTungTungSahur|Make It Rain|p2a: Thinkaton
|-damage|p2a: Thinkaton|0 fnt
|-unboost|p1a: TungTungTungSahur|spa|1
|-enditem|p2a: Thinkaton|Air Balloon
|faint|p2a: Thinkaton
|-enditem|p1a: TungTungTungSahur|Eject Pack
|
|t:|1757824750
|switch|p1a: Trippi Troppo|Clawitzer, F|56/100
|-damage|p1a: Trippi Troppo|31/100|[from] Spikes
|-enditem|p1a: Trippi Troppo|Sitrus Berry|[eat]
|-heal|p1a: Trippi Troppo|56/100|[from] item: Sitrus Berry
|
|upkeep
|
|t:|1757824774
|switch|p2a: Gronkel|Conkeldurr, F|100/100
|-damage|p2a: Gronkel|94/100|[from] Stealth Rock
|turn|15
|
|t:|1757824779
|move|p1a: Trippi Troppo|Water Pulse|p2a: Gronkel
|-damage|p2a: Gronkel|43/100
|move|p2a: Gronkel|Thunder Punch|p1a: Trippi Troppo
|-supereffective|p1a: Trippi Troppo
|-damage|p1a: Trippi Troppo|0 fnt
|faint|p1a: Trippi Troppo
|
|upkeep
|
|t:|1757824788
|switch|p1a: BombardilloCrocodi|Skeledirge, M|100/100
|-damage|p1a: BombardilloCrocodi|76/100|[from] Spikes
|turn|16
|
|t:|1757824792
|move|p1a: BombardilloCrocodi|Flame Charge|p2a: Gronkel
|-damage|p2a: Gronkel|31/100
|-boost|p1a: BombardilloCrocodi|spe|1
|move|p2a: Gronkel|Thunder Punch|p1a: BombardilloCrocodi
|-damage|p1a: BombardilloCrocodi|52/100
|
|upkeep
|turn|17
|
|t:|1757824798
|switch|p2a: Thinking Thugulis|Iron Jugulis|100/100
|-damage|p2a: Thinking Thugulis|76/100|[from] Stealth Rock
|-enditem|p2a: Thinking Thugulis|Booster Energy
|-activate|p2a: Thinking Thugulis|ability: Quark Drive|[fromitem]
|-start|p2a: Thinking Thugulis|quarkdrivespe
|move|p1a: BombardilloCrocodi|Flame Charge|p2a: Thinking Thugulis
|-damage|p2a: Thinking Thugulis|59/100
|-boost|p1a: BombardilloCrocodi|spe|1
|
|upkeep
|turn|18
|
|t:|1757824806
|move|p2a: Thinking Thugulis|Dark Pulse|p1a: BombardilloCrocodi
|-supereffective|p1a: BombardilloCrocodi
|-damage|p1a: BombardilloCrocodi|0 fnt
|faint|p1a: BombardilloCrocodi
|
|upkeep
|
|t:|1757824811
|switch|p1a: TungTungTungSahur|Gholdengo|63/100
|-damage|p1a: TungTungTungSahur|39/100|[from] Spikes
|turn|19
|
|t:|1757824819
|move|p2a: Thinking Thugulis|Dark Pulse|p1a: TungTungTungSahur
|-supereffective|p1a: TungTungTungSahur
|-damage|p1a: TungTungTungSahur|0 fnt
|faint|p1a: TungTungTungSahur
|
|upkeep
|
|t:|1757824822
|switch|p1a: Lirila Larila|Copperajah, F, tera:Grass|71/100
|-damage|p1a: Lirila Larila|46/100|[from] Spikes
|turn|20
|
|t:|1757824827
|move|p2a: Thinking Thugulis|Dark Pulse|p1a: Lirila Larila
|-damage|p1a: Lirila Larila|16/100
|move|p1a: Lirila Larila|Heavy Slam|p2a: Thinking Thugulis
|-damage|p2a: Thinking Thugulis|0 fnt
|faint|p2a: Thinking Thugulis
|-end|p2a: Thinking Thugulis|Quark Drive|[silent]
|
|-heal|p1a: Lirila Larila|23/100|[from] item: Leftovers
|upkeep
|
|t:|1757824834
|switch|p2a: Thinking Bee|Vespiquen, F|73/100
|-ability|p2a: Thinking Bee|Pressure
|turn|21
|
|t:|1757824837
|move|p2a: Thinking Bee|U-turn|p1a: Lirila Larila
|-supereffective|p1a: Lirila Larila
|-damage|p1a: Lirila Larila|0 fnt
|faint|p1a: Lirila Larila
|
|win|JumboDorito
