|j|☆maractus' no1 fan
|j|☆averagealt99
|t:|1757946945
|gametype|singles
|player|p1|maractus' no1 fan|266|1490
|player|p2|averagealt99|acetrainerf-gen4dp|1445
|gen|9
|tier|[Gen 9] OU
|rated|
|rule|HP Percentage Mod: HP is shown in percentages
|rule|Endless Battle Clause: Forcing endless battles is banned
|rule|Species Clause: Limit one of each Pokémon
|rule|OHKO Clause: OHKO moves are banned
|rule|Evasion Items Clause: Evasion items are banned
|rule|Evasion Moves Clause: Evasion moves are banned
|rule|Evasion Abilities Clause: Evasion abilities are banned
|rule|Sleep Moves Clause: Sleep-inducing moves are banned
|clearpoke
|poke|p1|Ceruledge, M|
|poke|p1|Alomomola, F|
|poke|p1|Hatterene, F|
|poke|p1|Great Tusk|
|poke|p1|Latios, M|
|poke|p1|Kingambit, F|
|poke|p2|Vikavolt, F|
|poke|p2|Slowking-Galar, M|
|poke|p2|Chesnaught, F|
|poke|p2|Samurott-Hisui, M|
|poke|p2|Landorus-Therian, M|
|poke|p2|Gholdengo|
|teampreview
|
|t:|1757946957
|teamsize|p1|6
|teamsize|p2|6
|start
|switch|p1a: Alomomola|Alomomola, F|100/100
|switch|p2a: Gholdengo|Gholdengo|100/100
|turn|1
|
|t:|1757946962
|move|p2a: Gholdengo|Trick|p1a: Alomomola
|-activate|p2a: Gholdengo|move: Trick|[of] p1a: Alomomola
|-item|p1a: Alomomola|Choice Scarf|[from] move: Trick
|-item|p2a: Gholdengo|Heavy-Duty Boots|[from] move: Trick
|move|p1a: Alomomola|Flip Turn|p2a: Gholdengo
|-damage|p2a: Gholdengo|82/100
|
|t:|1757946967
|switch|p1a: Ceruledge|Ceruledge, M|100/100|[from] Flip Turn
|
|upkeep
|turn|2
|
|t:|1757946977
|switch|p2a: Samurott|Samurott-Hisui, M|100/100
|move|p1a: Ceruledge|Bulk Up|p1a: Ceruledge
|-boost|p1a: Ceruledge|atk|1
|-boost|p1a: Ceruledge|def|1
|
|upkeep
|turn|3
|
|t:|1757946983
|switch|p2a: Landorus|Landorus-Therian, M|100/100
|-ability|p2a: Landorus|Intimidate|boost
|-unboost|p1a: Ceruledge|atk|1
|-terastallize|p1a: Ceruledge|Bug
|move|p1a: Ceruledge|Bulk Up|p1a: Ceruledge
|-boost|p1a: Ceruledge|atk|1
|-boost|p1a: Ceruledge|def|1
|
|upkeep
|turn|4
|
|t:|1757946996
|move|p2a: Landorus|Rock Slide|p1a: Ceruledge
|-supereffective|p1a: Ceruledge
|-damage|p1a: Ceruledge|66/100
|move|p1a: Ceruledge|Taunt|p2a: Landorus
|-start|p2a: Landorus|move: Taunt
|
|upkeep
|turn|5
|
|t:|1757947002
|move|p2a: Landorus|Rock Slide|p1a: Ceruledge
|-supereffective|p1a: Ceruledge
|-damage|p1a: Ceruledge|34/100
|move|p1a: Ceruledge|Bitter Blade|p2a: Landorus
|-damage|p2a: Landorus|36/100
|-heal|p1a: Ceruledge|64/100|[from] drain|[of] p2a: Landorus
|
|upkeep
|turn|6
|
|t:|1757947008
|move|p2a: Landorus|Rock Slide|p1a: Ceruledge
|-supereffective|p1a: Ceruledge
|-damage|p1a: Ceruledge|32/100
|move|p1a: Ceruledge|Bitter Blade|p2a: Landorus
|-damage|p2a: Landorus|0 fnt
|-heal|p1a: Ceruledge|48/100|[from] drain|[of] p2a: Landorus
|faint|p2a: Landorus
|
|upkeep
|
|t:|1757947032
|switch|p2a: Gholdengo|Gholdengo|82/100
|turn|7
|
|t:|1757947035
|-terastallize|p2a: Gholdengo|Water
|move|p2a: Gholdengo|Make It Rain|p1a: Ceruledge
|-damage|p1a: Ceruledge|0 fnt
|-unboost|p2a: Gholdengo|spa|1
|faint|p1a: Ceruledge
|
|upkeep
|
|t:|1757947047
|switch|p1a: Latios|Latios, M|100/100
|turn|8
|
|t:|1757947051
|switch|p2a: Vikavolt|Vikavolt, F|100/100
|move|p1a: Latios|Calm Mind|p1a: Latios
|-boost|p1a: Latios|spa|1
|-boost|p1a: Latios|spd|1
|
|upkeep
|turn|9
|
|t:|1757947058
|move|p1a: Latios|Psychic Noise|p2a: Vikavolt
|-damage|p2a: Vikavolt|11/100
|-start|p2a: Vikavolt|move: Heal Block
|move|p2a: Vikavolt|Bug Buzz|p1a: Latios
|-supereffective|p1a: Latios
|-damage|p1a: Latios|19/100
|
|upkeep
|turn|10
|
|t:|1757947076
|move|p1a: Latios|Draco Meteor|p2a: Vikavolt
|-damage|p2a: Vikavolt|0 fnt
|-unboost|p1a: Latios|spa|2
|faint|p2a: Vikavolt
|
|upkeep
|
|t:|1757947086
|switch|p2a: Gholdengo|Gholdengo, tera:Water|82/100
|turn|11
|
|t:|1757947093
|switch|p1a: Alomomola|Alomomola, F|100/100
|move|p2a: Gholdengo|Shadow Ball|p1a: Alomomola
|-crit|p1a: Alomomola
|-damage|p1a: Alomomola|18/100
|
|upkeep
|turn|12
|
|t:|1757947099
|move|p2a: Gholdengo|Shadow Ball|p1a: Alomomola
|-damage|p1a: Alomomola|0 fnt
|faint|p1a: Alomomola
|
|upkeep
|
|t:|1757947107
|switch|p1a: Great Tusk|Great Tusk|100/100
|turn|13
|
|t:|1757947119
|move|p1a: Great Tusk|Close Combat|p2a: Gholdengo
|-damage|p2a: Gholdengo|0 fnt
|-unboost|p1a: Great Tusk|def|1
|-unboost|p1a: Great Tusk|spd|1
|faint|p2a: Gholdengo
|-damage|p1a: Great Tusk|91/100|[from] item: Life Orb
|
|upkeep
|
|t:|1757947126
|switch|p2a: Chesnaught|Chesnaught, F|100/100
|turn|14
|
|t:|1757947133
|-end|p1a: Great Tusk|Protosynthesis|[silent]
|switch|p1a: Latios|Latios, M|19/100
|move|p2a: Chesnaught|Knock Off|p1a: Latios
|-supereffective|p1a: Latios
|-damage|p1a: Latios|0 fnt
|-enditem|p1a: Latios|Soul Dew|[from] move: Knock Off|[of] p2a: Chesnaught
|faint|p1a: Latios
|
|upkeep
|
|t:|1757947138
|switch|p1a: Hatterene|Hatterene, F|100/100
|turn|15
|
|t:|1757947141
|switch|p2a: Slowking|Slowking-Galar, M|100/100
|move|p1a: Hatterene|Nuzzle|p2a: Slowking
|-damage|p2a: Slowking|97/100
|-status|p2a: Slowking|par
|
|upkeep
|turn|16
|
|t:|1757947148
|move|p1a: Hatterene|Psyshock|p2a: Slowking
|-damage|p2a: Slowking|48/100 par
|move|p2a: Slowking|Future Sight|p1a: Hatterene
|-start|p2a: Slowking|move: Future Sight
|
|upkeep
|turn|17
|
|t:|1757947156
|move|p1a: Hatterene|Mystical Fire|p2a: Slowking
|-damage|p2a: Slowking|32/100 par
|-unboost|p2a: Slowking|spa|1
|cant|p2a: Slowking|par
|
|upkeep
|turn|18
|
|t:|1757947164
|move|p1a: Hatterene|Psyshock|p2a: Slowking
|-damage|p2a: Slowking|0 fnt
|faint|p2a: Slowking
|
|-end|p1a: Hatterene|move: Future Sight
|-resisted|p1a: Hatterene
|-damage|p1a: Hatterene|87/100
|upkeep
|
|t:|1757947170
|switch|p2a: Samurott|Samurott-Hisui, M|100/100
|turn|19
|
|t:|1757947177
|move|p2a: Samurott|Ceaseless Edge|p1a: Hatterene
|-damage|p1a: Hatterene|38/100
|-sidestart|p1: maractus' no1 fan|Spikes
|move|p1a: Hatterene|Draining Kiss|p2a: Samurott
|-supereffective|p2a: Samurott
|-damage|p2a: Samurott|18/100
|-heal|p1a: Hatterene|100/100|[from] drain|[of] p2a: Samurott
|
|upkeep
|turn|20
|
|t:|1757947190
|move|p2a: Samurott|Aqua Cutter|p1a: Hatterene
|-damage|p1a: Hatterene|50/100
|move|p1a: Hatterene|Draining Kiss|p2a: Samurott
|-supereffective|p2a: Samurott
|-damage|p2a: Samurott|0 fnt
|-heal|p1a: Hatterene|63/100|[from] drain|[of] p2a: Samurott
|faint|p2a: Samurott
|
|upkeep
|
|t:|1757947194
|switch|p2a: Chesnaught|Chesnaught, F|100/100
|turn|21
|
|t:|1757947198
|move|p2a: Chesnaught|Knock Off|p1a: Hatterene
|-damage|p1a: Hatterene|37/100
|-enditem|p1a: Hatterene|Assault Vest|[from] move: Knock Off|[of] p2a: Chesnaught
|move|p1a: Hatterene|Draining Kiss|p2a: Chesnaught
|-supereffective|p2a: Chesnaught
|-damage|p2a: Chesnaught|44/100
|-heal|p1a: Hatterene|88/100|[from] drain|[of] p2a: Chesnaught
|-damage|p1a: Hatterene|72/100|[from] item: Rocky Helmet|[of] p2a: Chesnaught
|
|upkeep
|turn|22
|-message|averagealt99 forfeited.
|
|win|maractus' no1 fan
|raw|maractus&apos; no1 fan's rating: 1490 &rarr; <strong>1507</strong><br />(+17 for winning)
|raw|averagealt99's rating: 1445 &rarr; <strong>1428</strong><br />(-17 for losing)
|l|☆averagealt99
|player|p2|
|l|☆maractus' no1 fan
|player|p1|
