|j|☆ultraaero
|j|☆VHDBlak
|t:|1757824368
|gametype|singles
|player|p1|ultraaero|skierf|1241
|player|p2|VHDBlak|psychic|1179
|gen|9
|tier|[Gen 9] OU
|rated|
|rule|HP Percentage Mod: HP is shown in percentages
|rule|Endless Battle Clause: Forcing endless battles is banned
|rule|Species Clause: Limit one of each Pokémon
|rule|OHKO Clause: OHKO moves are banned
|rule|Evasion Items Clause: Evasion items are banned
|rule|Evasion Moves Clause: Evasion moves are banned
|rule|Evasion Abilities Clause: Evasion abilities are banned
|rule|Sleep Moves Clause: Sleep-inducing moves are banned
|clearpoke
|poke|p1|Cinderace, M|
|poke|p1|Vaporeon, M|
|poke|p1|Gliscor, F|
|poke|p1|Corviknight, M|
|poke|p1|Serperior, M|
|poke|p1|Moltres|
|poke|p2|Gastrodon-East, F|
|poke|p2|Gholdengo|
|poke|p2|Garchomp, M|
|poke|p2|Corviknight, M|
|poke|p2|Ogerpon-Cornerstone, F|
|poke|p2|Tyranitar, F|
|teampreview
|inactive|Battle timer is ON: inactive players will automatically lose when time's up. (requested by ultraaero)
|
|t:|1757824372
|teamsize|p1|6
|teamsize|p2|6
|start
|switch|p1a: Cinderace|Cinderace, M|100/100
|switch|p2a: Tyranitar|Tyranitar, F|100/100
|-weather|Sandstorm|[from] ability: Sand Stream|[of] p2a: Tyranitar
|turn|1
|
|t:|1757824380
|move|p1a: Cinderace|Iron Head|p2a: Tyranitar
|-start|p1a: Cinderace|typechange|Steel|[from] ability: Libero
|-supereffective|p2a: Tyranitar
|-damage|p2a: Tyranitar|36/100
|-enditem|p2a: Tyranitar|Sitrus Berry|[eat]
|-heal|p2a: Tyranitar|61/100|[from] item: Sitrus Berry
|move|p2a: Tyranitar|Knock Off|p1a: Cinderace
|-damage|p1a: Cinderace|15/100
|-enditem|p1a: Cinderace|Expert Belt|[from] move: Knock Off|[of] p2a: Tyranitar
|
|-weather|Sandstorm|[upkeep]
|upkeep
|turn|2
|
|t:|1757824395
|switch|p2a: Corviknight|Corviknight, M, shiny|100/100
|move|p1a: Cinderace|Iron Head|p2a: Corviknight
|-resisted|p2a: Corviknight
|-damage|p2a: Corviknight|87/100
|
|-weather|Sandstorm|[upkeep]
|upkeep
|turn|3
|
|t:|1757824406
|move|p1a: Cinderace|Pyro Ball|p2a: Corviknight
|-supereffective|p2a: Corviknight
|-damage|p2a: Corviknight|30/100
|move|p2a: Corviknight|Brave Bird|p1a: Cinderace
|-resisted|p1a: Cinderace
|-damage|p1a: Cinderace|0 fnt
|faint|p1a: Cinderace
|-damage|p2a: Corviknight|26/100|[from] Recoil
|
|-weather|Sandstorm|[upkeep]
|upkeep
|
|t:|1757824416
|switch|p1a: Moltres|Moltres|100/100
|turn|4
|
|t:|1757824423
|move|p1a: Moltres|Tailwind|p1a: Moltres
|-sidestart|p1: ultraaero|move: Tailwind
|move|p2a: Corviknight|Tailwind|p2a: Corviknight
|-sidestart|p2: VHDBlak|move: Tailwind
|
|-weather|Sandstorm|[upkeep]
|-damage|p1a: Moltres|94/100|[from] Sandstorm
|upkeep
|turn|5
|
|t:|1757824434
|switch|p2a: Ogerpon|Ogerpon-Cornerstone, F|100/100
|move|p1a: Moltres|Flamethrower|p2a: Ogerpon
|-damage|p2a: Ogerpon|70/100
|-status|p2a: Ogerpon|brn
|
|-weather|none
|-damage|p2a: Ogerpon|64/100 brn|[from] brn
|upkeep
|turn|6
|
|t:|1757824445
|switch|p1a: Vaporeon|Vaporeon, M|100/100
|move|p2a: Ogerpon|Ivy Cudgel|p1a: Vaporeon|[anim] Ivy Cudgel Rock
|-damage|p1a: Vaporeon|70/100
|
|-heal|p1a: Vaporeon|76/100|[from] item: Leftovers
|-damage|p2a: Ogerpon|58/100 brn|[from] brn
|upkeep
|turn|7
|
|t:|1757824454
|switch|p2a: Gastrodon|Gastrodon-East, F|100/100
|move|p1a: Vaporeon|Acid Armor|p1a: Vaporeon
|-boost|p1a: Vaporeon|def|2
|
|-heal|p1a: Vaporeon|82/100|[from] item: Leftovers
|-sideend|p2: VHDBlak|move: Tailwind
|-sideend|p1: ultraaero|move: Tailwind
|upkeep
|turn|8
|
|t:|1757824463
|move|p1a: Vaporeon|Calm Mind|p1a: Vaporeon
|-boost|p1a: Vaporeon|spa|1
|-boost|p1a: Vaporeon|spd|1
|move|p2a: Gastrodon|Spikes|p1a: Vaporeon
|-sidestart|p1: ultraaero|Spikes
|
|-heal|p1a: Vaporeon|89/100|[from] item: Leftovers
|upkeep
|turn|9
|
|t:|1757824471
|move|p1a: Vaporeon|Calm Mind|p1a: Vaporeon
|-boost|p1a: Vaporeon|spa|1
|-boost|p1a: Vaporeon|spd|1
|move|p2a: Gastrodon|Earth Power|p1a: Vaporeon
|-damage|p1a: Vaporeon|74/100
|
|-heal|p1a: Vaporeon|80/100|[from] item: Leftovers
|upkeep
|turn|10
|
|t:|1757824481
|switch|p2a: Tyranitar|Tyranitar, F|61/100
|-weather|Sandstorm|[from] ability: Sand Stream|[of] p2a: Tyranitar
|move|p1a: Vaporeon|Acid Armor|p1a: Vaporeon
|-boost|p1a: Vaporeon|def|2
|
|-weather|Sandstorm|[upkeep]
|-damage|p1a: Vaporeon|74/100|[from] Sandstorm
|-heal|p1a: Vaporeon|80/100|[from] item: Leftovers
|upkeep
|turn|11
|
|t:|1757824492
|-terastallize|p2a: Tyranitar|Dark
|move|p1a: Vaporeon|Scald|p2a: Tyranitar
|-damage|p2a: Tyranitar|0 fnt
|faint|p2a: Tyranitar
|
|-weather|Sandstorm|[upkeep]
|-damage|p1a: Vaporeon|74/100|[from] Sandstorm
|-heal|p1a: Vaporeon|80/100|[from] item: Leftovers
|upkeep
|
|t:|1757824504
|switch|p2a: Gholdengo|Gholdengo|100/100
|turn|12
|
|t:|1757824512
|move|p2a: Gholdengo|Trick|p1a: Vaporeon
|-activate|p2a: Gholdengo|move: Trick|[of] p1a: Vaporeon
|-item|p1a: Vaporeon|Choice Specs|[from] move: Trick
|-item|p2a: Gholdengo|Leftovers|[from] move: Trick
|move|p1a: Vaporeon|Scald|p2a: Gholdengo
|-damage|p2a: Gholdengo|0 fnt
|faint|p2a: Gholdengo
|
|-weather|Sandstorm|[upkeep]
|-damage|p1a: Vaporeon|74/100|[from] Sandstorm
|upkeep
|
|t:|1757824515
|switch|p2a: Gastrodon|Gastrodon-East, F|100/100
|turn|13
|
|t:|1757824527
|switch|p1a: Serperior|Serperior, M|100/100
|-damage|p1a: Serperior|88/100|[from] Spikes
|move|p2a: Gastrodon|Spikes|p1a: Serperior
|-sidestart|p1: ultraaero|Spikes
|
|-weather|Sandstorm|[upkeep]
|-damage|p1a: Serperior|82/100|[from] Sandstorm
|upkeep
|turn|14
|
|t:|1757824536
|move|p1a: Serperior|Leaf Storm|p2a: Gastrodon
|-supereffective|p2a: Gastrodon
|-enditem|p2a: Gastrodon|Rindo Berry|[eat]
|-enditem|p2a: Gastrodon|Rindo Berry|[weaken]
|-damage|p2a: Gastrodon|2/100
|-boost|p1a: Serperior|spa|2
|move|p2a: Gastrodon|Ice Beam|p1a: Serperior
|-supereffective|p1a: Serperior
|-damage|p1a: Serperior|20/100
|
|-weather|none
|upkeep
|turn|15
|
|t:|1757824548
|switch|p2a: Corviknight|Corviknight, M, shiny|26/100
|move|p1a: Serperior|Leaf Storm|p2a: Corviknight
|-resisted|p2a: Corviknight
|-damage|p2a: Corviknight|3/100
|-boost|p1a: Serperior|spa|2
|
|upkeep
|turn|16
|
|t:|1757824556
|move|p1a: Serperior|Leaf Storm|p2a: Corviknight
|-resisted|p2a: Corviknight
|-damage|p2a: Corviknight|0 fnt
|-boost|p1a: Serperior|spa|2
|faint|p2a: Corviknight
|
|upkeep
|
|t:|1757824562
|switch|p2a: Garchomp|Garchomp, M|100/100
|turn|17
|
|t:|1757824565
|move|p1a: Serperior|Leaf Storm|p2a: Garchomp
|-damage|p2a: Garchomp|0 fnt
|faint|p2a: Garchomp
|
|upkeep
|
|t:|1757824570
|switch|p2a: Ogerpon|Ogerpon-Cornerstone, F|58/100 brn
|turn|18
|
|t:|1757824577
|move|p1a: Serperior|Leaf Storm|p2a: Ogerpon|[miss]
|-miss|p1a: Serperior|p2a: Ogerpon
|move|p2a: Ogerpon|Ivy Cudgel|p1a: Serperior|[anim] Ivy Cudgel Rock
|-damage|p1a: Serperior|0 fnt
|faint|p1a: Serperior
|
|-damage|p2a: Ogerpon|52/100 brn|[from] brn
|upkeep
|
|t:|1757824588
|switch|p1a: Corviknight|Corviknight, M|100/100
|-ability|p1a: Corviknight|Pressure
|turn|19
|
|t:|1757824594
|move|p2a: Ogerpon|Leech Seed|p1a: Corviknight|[miss]
|-miss|p2a: Ogerpon|p1a: Corviknight
|move|p1a: Corviknight|Iron Defense|p1a: Corviknight
|-boost|p1a: Corviknight|def|2
|
|-damage|p2a: Ogerpon|46/100 brn|[from] brn
|upkeep
|turn|20
|
|t:|1757824603
|move|p2a: Ogerpon|Leech Seed|p1a: Corviknight
|-start|p1a: Corviknight|move: Leech Seed
|move|p1a: Corviknight|Iron Defense|p1a: Corviknight
|-boost|p1a: Corviknight|def|2
|
|-damage|p1a: Corviknight|88/100|[from] Leech Seed|[of] p2a: Ogerpon
|-heal|p2a: Ogerpon|63/100 brn|[silent]
|-damage|p2a: Ogerpon|57/100 brn|[from] brn
|upkeep
|turn|21
|
|t:|1757824612
|switch|p2a: Gastrodon|Gastrodon-East, F|2/100
|move|p1a: Corviknight|Body Press|p2a: Gastrodon
|-damage|p2a: Gastrodon|0 fnt
|faint|p2a: Gastrodon
|
|upkeep
|
|t:|1757824614
|switch|p2a: Ogerpon|Ogerpon-Cornerstone, F|57/100 brn
|turn|22
|
|t:|1757824621
|move|p2a: Ogerpon|Ivy Cudgel|p1a: Corviknight|[anim] Ivy Cudgel Rock
|-damage|p1a: Corviknight|80/100
|move|p1a: Corviknight|Body Press|p2a: Ogerpon
|-supereffective|p2a: Ogerpon
|-damage|p2a: Ogerpon|0 fnt
|faint|p2a: Ogerpon
|
|win|ultraaero
|raw|ultraaero's rating: 1241 &rarr; <strong>1262</strong><br />(+21 for winning)
|raw|VHDBlak's rating: 1179 &rarr; <strong>1158</strong><br />(-21 for losing)
|c|☆VHDBlak|gg
|l|☆VHDBlak
|player|p2|
|l|☆ultraaero
|player|p1|
