|j|☆ollierob1
|j|☆reccaviii
|t:|1757866786
|gametype|singles
|player|p1|ollierob1|hoopster|1690
|player|p2|reccaviii|akari|1713
|gen|9
|tier|[Gen 9] OU
|rated|
|rule|HP Percentage Mod: HP is shown in percentages
|rule|Endless Battle Clause: Forcing endless battles is banned
|rule|Species Clause: Limit one of each Pokémon
|rule|OHKO Clause: OHKO moves are banned
|rule|Evasion Items Clause: Evasion items are banned
|rule|Evasion Moves Clause: Evasion moves are banned
|rule|Evasion Abilities Clause: Evasion abilities are banned
|rule|Sleep Moves Clause: Sleep-inducing moves are banned
|clearpoke
|poke|p1|Garchomp, F|
|poke|p1|Hatterene, F|
|poke|p1|Kingambit, F|
|poke|p1|Kyurem|
|poke|p1|Zamazenta-*|
|poke|p1|Tornadus-Therian, M|
|poke|p2|Metagross|
|poke|p2|Kyurem|
|poke|p2|Zamazenta-*|
|poke|p2|Garchomp, F|
|poke|p2|Hatterene, F|
|poke|p2|Tornadus-Therian, M|
|teampreview
|inactive|Battle timer is ON: inactive players will automatically lose when time's up. (requested by reccaviii)
|inactive|reccaviii has 120 seconds left.
|
|t:|1757866826
|teamsize|p1|6
|teamsize|p2|6
|start
|switch|p1a: Tornadus|Tornadus-Therian, M|100/100
|switch|p2a: Kyurem|Kyurem|100/100
|-ability|p2a: Kyurem|Pressure
|turn|1
|
|t:|1757866856
|move|p1a: Tornadus|Knock Off|p2a: Kyurem
|-damage|p2a: Kyurem|79/100
|-enditem|p2a: Kyurem|Loaded Dice|[from] move: Knock Off|[of] p1a: Tornadus
|move|p2a: Kyurem|Freeze-Dry|p1a: Tornadus
|-supereffective|p1a: Tornadus
|-damage|p1a: Tornadus|59/100
|
|upkeep
|turn|2
|inactive|reccaviii has 120 seconds left.
|
|t:|1757866878
|move|p1a: Tornadus|U-turn|p2a: Kyurem
|-damage|p2a: Kyurem|63/100
|inactive|ollierob1 has 120 seconds left.
|
|t:|1757866903
|switch|p1a: Kingambit|Kingambit, F|100/100|[from] U-turn
|move|p2a: Kyurem|Freeze-Dry|p1a: Kingambit
|-resisted|p1a: Kingambit
|-damage|p1a: Kingambit|86/100
|
|-heal|p1a: Kingambit|92/100|[from] item: Leftovers
|upkeep
|turn|3
|
|t:|1757866912
|switch|p2a: Garchomp|Garchomp, F|100/100
|move|p1a: Kingambit|Kowtow Cleave|p2a: Garchomp
|-damage|p2a: Garchomp|72/100
|-damage|p1a: Kingambit|79/100|[from] ability: Rough Skin|[of] p2a: Garchomp
|-damage|p1a: Kingambit|63/100|[from] item: Rocky Helmet|[of] p2a: Garchomp
|
|-heal|p1a: Kingambit|69/100|[from] item: Leftovers
|upkeep
|turn|4
|inactive|ollierob1 has 120 seconds left.
|
|t:|1757866941
|-end|p1a: Kingambit|fallenundefined|[silent]
|switch|p1a: Hatterene|Hatterene, F|100/100
|move|p2a: Garchomp|Earthquake|p1a: Hatterene
|-damage|p1a: Hatterene|67/100
|
|upkeep
|turn|5
|
|t:|1757866954
|switch|p2a: Metagross|Metagross, shiny|100/100
|move|p1a: Hatterene|Draining Kiss|p2a: Metagross
|-resisted|p2a: Metagross
|-damage|p2a: Metagross|86/100
|-heal|p1a: Hatterene|78/100|[from] drain|[of] p2a: Metagross
|
|upkeep
|turn|6
|
|t:|1757866980
|switch|p1a: Garchomp|Garchomp, F|100/100
|move|p2a: Metagross|Knock Off|p1a: Garchomp
|-damage|p1a: Garchomp|65/100
|-damage|p2a: Metagross|73/100|[from] ability: Rough Skin|[of] p1a: Garchomp
|-enditem|p1a: Garchomp|Light Ball|[from] move: Knock Off|[of] p2a: Metagross
|
|upkeep
|turn|7
|
|t:|1757866997
|switch|p2a: Hatterene|Hatterene, F|100/100
|move|p1a: Garchomp|Earthquake|p2a: Hatterene
|-damage|p2a: Hatterene|63/100
|
|upkeep
|turn|8
|inactive|ollierob1 has 90 seconds left.
|
|t:|1757867025
|switch|p1a: Tornadus|Tornadus-Therian, M|92/100
|move|p2a: Hatterene|Draining Kiss|p1a: Tornadus
|-damage|p1a: Tornadus|77/100
|-heal|p2a: Hatterene|75/100|[from] drain|[of] p1a: Tornadus
|
|upkeep
|turn|9
|inactive|ollierob1 has 90 seconds left.
|
|t:|1757867044
|switch|p1a: Hatterene|Hatterene, F|78/100
|move|p2a: Hatterene|Nuzzle|p1a: Hatterene
|-damage|p1a: Hatterene|75/100
|-status|p1a: Hatterene|par
|-damage|p2a: Hatterene|58/100|[from] item: Rocky Helmet|[of] p1a: Hatterene
|
|upkeep
|turn|10
|inactive|ollierob1 has 90 seconds left.
|
|t:|1757867068
|move|p2a: Hatterene|Draining Kiss|p1a: Hatterene
|-damage|p1a: Hatterene|53/100 par
|-heal|p2a: Hatterene|75/100|[from] drain|[of] p1a: Hatterene
|-damage|p2a: Hatterene|58/100|[from] item: Rocky Helmet|[of] p1a: Hatterene
|move|p1a: Hatterene|Nuzzle|p2a: Hatterene
|-damage|p2a: Hatterene|55/100
|-status|p2a: Hatterene|par
|-damage|p1a: Hatterene|36/100 par|[from] item: Rocky Helmet|[of] p2a: Hatterene
|
|upkeep
|turn|11
|
|t:|1757867078
|move|p1a: Hatterene|Pain Split|p2a: Hatterene
|-sethp|p2a: Hatterene|45/100 par|[from] move: Pain Split|[silent]
|-sethp|p1a: Hatterene|45/100 par|[from] move: Pain Split
|move|p2a: Hatterene|Psyshock|p1a: Hatterene
|-resisted|p1a: Hatterene
|-damage|p1a: Hatterene|31/100 par
|
|upkeep
|turn|12
|
|t:|1757867094
|cant|p1a: Hatterene|par
|move|p2a: Hatterene|Psyshock|p1a: Hatterene
|-resisted|p1a: Hatterene
|-damage|p1a: Hatterene|17/100 par
|
|upkeep
|turn|13
|
|t:|1757867103
|move|p1a: Hatterene|Pain Split|p2a: Hatterene
|-sethp|p2a: Hatterene|31/100 par|[from] move: Pain Split|[silent]
|-sethp|p1a: Hatterene|31/100 par|[from] move: Pain Split
|move|p2a: Hatterene|Draining Kiss|p1a: Hatterene
|-damage|p1a: Hatterene|7/100 par
|-heal|p2a: Hatterene|49/100 par|[from] drain|[of] p1a: Hatterene
|-damage|p2a: Hatterene|32/100 par|[from] item: Rocky Helmet|[of] p1a: Hatterene
|
|upkeep
|turn|14
|
|t:|1757867109
|move|p1a: Hatterene|Pain Split|p2a: Hatterene
|-sethp|p2a: Hatterene|20/100 par|[from] move: Pain Split|[silent]
|-sethp|p1a: Hatterene|20/100 par|[from] move: Pain Split
|move|p2a: Hatterene|Psyshock|p1a: Hatterene
|-resisted|p1a: Hatterene
|-damage|p1a: Hatterene|6/100 par
|
|upkeep
|turn|15
|
|t:|1757867118
|cant|p1a: Hatterene|par
|move|p2a: Hatterene|Psyshock|p1a: Hatterene
|-resisted|p1a: Hatterene
|-damage|p1a: Hatterene|0 fnt
|faint|p1a: Hatterene
|
|upkeep
|
|t:|1757867129
|switch|p1a: Kyurem|Kyurem|100/100
|-ability|p1a: Kyurem|Pressure
|turn|16
|
|t:|1757867135
|move|p1a: Kyurem|Earth Power|p2a: Hatterene
|-damage|p2a: Hatterene|0 fnt
|faint|p2a: Hatterene
|
|upkeep
|inactive|reccaviii has 120 seconds left.
|
|t:|1757867182
|switch|p2a: Tornadus|Tornadus-Therian, M|100/100
|turn|17
|inactive|ollierob1 has 120 seconds left.
|
|t:|1757867201
|move|p2a: Tornadus|Knock Off|p1a: Kyurem
|-damage|p1a: Kyurem|83/100
|-enditem|p1a: Kyurem|Assault Vest|[from] move: Knock Off|[of] p2a: Tornadus
|move|p1a: Kyurem|Ice Beam|p2a: Tornadus
|-supereffective|p2a: Tornadus
|-damage|p2a: Tornadus|37/100
|
|upkeep
|turn|18
|inactive|reccaviii has 120 seconds left.
|
|t:|1757867216
|move|p2a: Tornadus|Bleakwind Storm|p1a: Kyurem
|-damage|p1a: Kyurem|51/100
|move|p1a: Kyurem|Ice Beam|p2a: Tornadus
|-supereffective|p2a: Tornadus
|-damage|p2a: Tornadus|0 fnt
|faint|p2a: Tornadus
|
|upkeep
|inactive|reccaviii has 90 seconds left.
|
|t:|1757867261
|switch|p2a: Metagross|Metagross, shiny|73/100
|turn|19
|inactive|reccaviii has 60 seconds left.
|
|t:|1757867303
|switch|p1a: Garchomp|Garchomp, F|65/100
|move|p2a: Metagross|Bullet Punch|p1a: Garchomp
|-damage|p1a: Garchomp|44/100
|-damage|p2a: Metagross|61/100|[from] ability: Rough Skin|[of] p1a: Garchomp
|
|upkeep
|turn|20
|
|t:|1757867311
|switch|p2a: Zamazenta|Zamazenta|100/100
|-ability|p2a: Zamazenta|Dauntless Shield|boost
|-boost|p2a: Zamazenta|def|1
|move|p1a: Garchomp|Stealth Rock|p2a: Zamazenta
|-sidestart|p2: reccaviii|move: Stealth Rock
|
|upkeep
|turn|21
|
|t:|1757867315
|move|p2a: Zamazenta|Iron Defense|p2a: Zamazenta
|-boost|p2a: Zamazenta|def|2
|move|p1a: Garchomp|Dragon Tail|p2a: Zamazenta
|-damage|p2a: Zamazenta|92/100
|drag|p2a: Metagross|Metagross, shiny|61/100
|-damage|p2a: Metagross|55/100|[from] Stealth Rock
|
|upkeep
|turn|22
|
|t:|1757867321
|move|p1a: Garchomp|Earthquake|p2a: Metagross
|-supereffective|p2a: Metagross
|-damage|p2a: Metagross|0 fnt
|faint|p2a: Metagross
|
|upkeep
|inactive|reccaviii has 60 seconds left.
|inactive|reccaviii has 30 seconds left.
|
|t:|1757867373
|switch|p2a: Kyurem|Kyurem|63/100
|-damage|p2a: Kyurem|38/100|[from] Stealth Rock
|-ability|p2a: Kyurem|Pressure
|turn|23
|inactive|reccaviii has 30 seconds left.
|inactive|reccaviii has 20 seconds left.
|inactive|ollierob1 has 120 seconds left.
|inactive|ollierob1 has 90 seconds left.
|
|t:|1757867439
|switch|p1a: Kingambit|Kingambit, F|69/100
|-activate|p1a: Kingambit|ability: Supreme Overlord
|-start|p1a: Kingambit|fallen1|[silent]
|move|p2a: Kyurem|Freeze-Dry|p1a: Kingambit
|-resisted|p1a: Kingambit
|-crit|p1a: Kingambit
|-damage|p1a: Kingambit|46/100
|
|-heal|p1a: Kingambit|52/100|[from] item: Leftovers
|upkeep
|turn|24
|inactive|reccaviii has 30 seconds left this turn.
|inactive|ollierob1 has 90 seconds left.
|inactive|reccaviii has 20 seconds left.
|
|t:|1757867450
|switch|p2a: Zamazenta|Zamazenta|92/100
|-damage|p2a: Zamazenta|86/100|[from] Stealth Rock
|move|p1a: Kingambit|Sucker Punch||[still]
|-fail|p1a: Kingambit
|
|-heal|p1a: Kingambit|58/100|[from] item: Leftovers
|upkeep
|turn|25
|inactive|reccaviii has 30 seconds left this turn.
|
|t:|1757867458
|-end|p1a: Kingambit|fallen1|[silent]
|switch|p1a: Tornadus|Tornadus-Therian, M|100/100
|move|p2a: Zamazenta|Iron Defense|p2a: Zamazenta
|-boost|p2a: Zamazenta|def|2
|
|upkeep
|turn|26
|
|t:|1757867467
|-terastallize|p2a: Zamazenta|Electric
|move|p2a: Zamazenta|Iron Defense|p2a: Zamazenta
|-boost|p2a: Zamazenta|def|2
|move|p1a: Tornadus|Bleakwind Storm|p2a: Zamazenta
|-resisted|p2a: Zamazenta
|-damage|p2a: Zamazenta|70/100
|
|upkeep
|turn|27
|
|t:|1757867473
|move|p2a: Zamazenta|Iron Defense|p2a: Zamazenta
|-boost|p2a: Zamazenta|def|2
|move|p1a: Tornadus|Knock Off|p2a: Zamazenta
|-damage|p2a: Zamazenta|66/100
|-enditem|p2a: Zamazenta|Chesto Berry|[from] move: Knock Off|[of] p1a: Tornadus
|
|upkeep
|turn|28
|
|t:|1757867482
|move|p2a: Zamazenta|Body Press|p1a: Tornadus
|-resisted|p1a: Tornadus
|-damage|p1a: Tornadus|21/100
|move|p1a: Tornadus|U-turn|p2a: Zamazenta
|-damage|p2a: Zamazenta|63/100
|
|t:|1757867491
|switch|p1a: Garchomp|Garchomp, F|44/100|[from] U-turn
|
|upkeep
|turn|29
|
|t:|1757867498
|-terastallize|p1a: Garchomp|Ghost
|move|p2a: Zamazenta|Body Press|p1a: Garchomp
|-immune|p1a: Garchomp
|move|p1a: Garchomp|Dragon Tail|p2a: Zamazenta
|-damage|p2a: Zamazenta|57/100
|drag|p2a: Garchomp|Garchomp, F|72/100
|-damage|p2a: Garchomp|65/100|[from] Stealth Rock
|
|upkeep
|turn|30
|inactive|reccaviii has 60 seconds left.
|inactive|ollierob1 has 120 seconds left.
|
|t:|1757867529
|switch|p1a: Kyurem|Kyurem|51/100
|-ability|p1a: Kyurem|Pressure
|move|p2a: Garchomp|Earthquake|p1a: Kyurem
|-damage|p1a: Kyurem|13/100
|
|upkeep
|turn|31
|
|t:|1757867543
|move|p1a: Kyurem|Ice Beam|p2a: Garchomp
|-supereffective|p2a: Garchomp
|-damage|p2a: Garchomp|0 fnt
|faint|p2a: Garchomp
|
|upkeep
|
|t:|1757867552
|switch|p2a: Kyurem|Kyurem|38/100
|-damage|p2a: Kyurem|13/100|[from] Stealth Rock
|-ability|p2a: Kyurem|Pressure
|turn|32
|
|t:|1757867558
|move|p2a: Kyurem|Earth Power|p1a: Kyurem
|-damage|p1a: Kyurem|0 fnt
|faint|p1a: Kyurem
|
|upkeep
|inactive|ollierob1 has 120 seconds left.
|
|t:|1757867576
|switch|p1a: Zamazenta|Zamazenta|100/100
|-ability|p1a: Zamazenta|Dauntless Shield|boost
|-boost|p1a: Zamazenta|def|1
|turn|33
|
|t:|1757867582
|move|p1a: Zamazenta|Iron Defense|p1a: Zamazenta
|-boost|p1a: Zamazenta|def|2
|move|p2a: Kyurem|Freeze-Dry|p1a: Zamazenta
|-damage|p1a: Zamazenta|70/100
|
|upkeep
|turn|34
|
|t:|1757867589
|move|p1a: Zamazenta|Body Press|p2a: Kyurem
|-supereffective|p2a: Kyurem
|-damage|p2a: Kyurem|0 fnt
|faint|p2a: Kyurem
|
|upkeep
|
|t:|1757867591
|switch|p2a: Zamazenta|Zamazenta, tera:Electric|57/100
|-damage|p2a: Zamazenta|45/100|[from] Stealth Rock
|turn|35
|
|t:|1757867595
|move|p1a: Zamazenta|Body Press|p2a: Zamazenta
|-damage|p2a: Zamazenta|0 fnt
|faint|p2a: Zamazenta
|
|win|ollierob1
|raw|ollierob1's rating: 1690 &rarr; <strong>1711</strong><br />(+21 for winning)
|raw|reccaviii's rating: 1713 &rarr; <strong>1692</strong><br />(-21 for losing)
|l|☆reccaviii
|player|p2|
|l|☆ollierob1
|player|p1|
