|j|☆zoeinkss
|j|☆LordHelix600
|t:|1757954491
|gametype|singles
|player|p1|zoeinkss|morty|1119
|player|p2|LordHelix600|ballguy|1094
|gen|9
|tier|[Gen 9] OU
|rated|
|rule|HP Percentage Mod: HP is shown in percentages
|rule|Endless Battle Clause: Forcing endless battles is banned
|rule|Species Clause: Limit one of each Pokémon
|rule|OHKO Clause: OHKO moves are banned
|rule|Evasion Items Clause: Evasion items are banned
|rule|Evasion Moves Clause: Evasion moves are banned
|rule|Evasion Abilities Clause: Evasion abilities are banned
|rule|Sleep Moves Clause: Sleep-inducing moves are banned
|clearpoke
|poke|p1|Clefable, F|
|poke|p1|Toxapex, M|
|poke|p1|Corviknight, F|
|poke|p1|Gliscor, M|
|poke|p1|Garganacl, F|
|poke|p1|Glimmora, M|
|poke|p2|Dondozo, M|
|poke|p2|Iron Treads|
|poke|p2|Great Tusk|
|poke|p2|Bombirdier, M|
|poke|p2|Klawf, M|
|poke|p2|Orthworm, M|
|teampreview
|
|t:|1757954504
|teamsize|p1|6
|teamsize|p2|6
|start
|switch|p1a: Garganacl|Garganacl, F|100/100
|switch|p2a: Bombirdier|Bombirdier, M, shiny|100/100
|turn|1
|
|t:|1757954520
|move|p2a: Bombirdier|Stealth Rock|p1a: Garganacl
|-sidestart|p1: zoeinkss|move: Stealth Rock
|move|p1a: Garganacl|Stone Edge|p2a: Bombirdier
|-supereffective|p2a: Bombirdier
|-damage|p2a: Bombirdier|0 fnt
|faint|p2a: Bombirdier
|
|upkeep
|
|t:|1757954527
|switch|p2a: Dondozo|Dondozo, M|100/100
|turn|2
|
|t:|1757954531
|switch|p1a: Toxapex|Toxapex, M|100/100
|-damage|p1a: Toxapex|88/100|[from] Stealth Rock
|-terastallize|p2a: Dondozo|Fairy
|move|p2a: Dondozo|Curse|p2a: Dondozo
|-unboost|p2a: Dondozo|spe|1
|-boost|p2a: Dondozo|atk|1
|-boost|p2a: Dondozo|def|1
|
|upkeep
|turn|3
|
|t:|1757954542
|move|p1a: Toxapex|Gunk Shot|p2a: Dondozo
|-supereffective|p2a: Dondozo
|-damage|p2a: Dondozo|68/100
|move|p2a: Dondozo|Curse|p2a: Dondozo
|-unboost|p2a: Dondozo|spe|1
|-boost|p2a: Dondozo|atk|1
|-boost|p2a: Dondozo|def|1
|
|-heal|p2a: Dondozo|75/100|[from] item: Leftovers
|upkeep
|turn|4
|
|t:|1757954551
|move|p1a: Toxapex|Gunk Shot|p2a: Dondozo
|-supereffective|p2a: Dondozo
|-damage|p2a: Dondozo|47/100
|move|p2a: Dondozo|Curse|p2a: Dondozo
|-unboost|p2a: Dondozo|spe|1
|-boost|p2a: Dondozo|atk|1
|-boost|p2a: Dondozo|def|1
|
|-heal|p2a: Dondozo|53/100|[from] item: Leftovers
|upkeep
|turn|5
|
|t:|1757954561
|move|p1a: Toxapex|Gunk Shot|p2a: Dondozo
|-supereffective|p2a: Dondozo
|-damage|p2a: Dondozo|33/100
|move|p2a: Dondozo|Curse|p2a: Dondozo
|-unboost|p2a: Dondozo|spe|1
|-boost|p2a: Dondozo|atk|1
|-boost|p2a: Dondozo|def|1
|
|-heal|p2a: Dondozo|39/100|[from] item: Leftovers
|upkeep
|turn|6
|
|t:|1757954571
|move|p1a: Toxapex|Gunk Shot|p2a: Dondozo
|-supereffective|p2a: Dondozo
|-damage|p2a: Dondozo|22/100
|move|p2a: Dondozo|Rest|p2a: Dondozo
|-status|p2a: Dondozo|slp|[from] move: Rest
|-heal|p2a: Dondozo|100/100 slp|[silent]
|
|upkeep
|turn|7
|
|t:|1757954582
|move|p1a: Toxapex|Liquidation|p2a: Dondozo
|-damage|p2a: Dondozo|94/100 slp
|cant|p2a: Dondozo|slp
|
|-heal|p2a: Dondozo|99/100 slp|[from] item: Leftovers
|upkeep
|turn|8
|
|t:|1757954589
|move|p1a: Toxapex|Liquidation|p2a: Dondozo
|-damage|p2a: Dondozo|93/100 slp
|-unboost|p2a: Dondozo|def|1
|cant|p2a: Dondozo|slp
|
|-heal|p2a: Dondozo|99/100 slp|[from] item: Leftovers
|upkeep
|turn|9
|
|t:|1757954598
|move|p1a: Toxapex|Liquidation|p2a: Dondozo
|-damage|p2a: Dondozo|91/100 slp
|-curestatus|p2a: Dondozo|slp|[msg]
|move|p2a: Dondozo|Curse|p2a: Dondozo
|-unboost|p2a: Dondozo|spe|1
|-boost|p2a: Dondozo|atk|1
|-boost|p2a: Dondozo|def|1
|
|-heal|p2a: Dondozo|97/100|[from] item: Leftovers
|upkeep
|turn|10
|
|t:|1757954608
|move|p1a: Toxapex|Gunk Shot|p2a: Dondozo
|-supereffective|p2a: Dondozo
|-damage|p2a: Dondozo|78/100
|move|p2a: Dondozo|Curse|p2a: Dondozo
|-unboost|p2a: Dondozo|spe|1
|-boost|p2a: Dondozo|atk|1
|-boost|p2a: Dondozo|def|1
|
|-heal|p2a: Dondozo|84/100|[from] item: Leftovers
|upkeep
|turn|11
|
|t:|1757954618
|move|p1a: Toxapex|Gunk Shot|p2a: Dondozo
|-supereffective|p2a: Dondozo
|-damage|p2a: Dondozo|71/100
|-status|p2a: Dondozo|psn
|move|p2a: Dondozo|Curse|p2a: Dondozo
|-boost|p2a: Dondozo|def|1
|
|-heal|p2a: Dondozo|77/100 psn|[from] item: Leftovers
|-damage|p2a: Dondozo|64/100 psn|[from] psn
|upkeep
|turn|12
|
|t:|1757954629
|move|p1a: Toxapex|Gunk Shot|p2a: Dondozo|[miss]
|-miss|p1a: Toxapex|p2a: Dondozo
|move|p2a: Dondozo|Liquidation|p1a: Toxapex
|-resisted|p1a: Toxapex
|-crit|p1a: Toxapex
|-damage|p1a: Toxapex|19/100
|
|-heal|p2a: Dondozo|70/100 psn|[from] item: Leftovers
|-damage|p2a: Dondozo|58/100 psn|[from] psn
|upkeep
|turn|13
|
|t:|1757954639
|move|p1a: Toxapex|Gunk Shot|p2a: Dondozo|[miss]
|-miss|p1a: Toxapex|p2a: Dondozo
|move|p2a: Dondozo|Body Press|p1a: Toxapex
|-resisted|p1a: Toxapex
|-damage|p1a: Toxapex|0 fnt
|faint|p1a: Toxapex
|
|-heal|p2a: Dondozo|64/100 psn|[from] item: Leftovers
|-damage|p2a: Dondozo|51/100 psn|[from] psn
|upkeep
|-message|zoeinkss forfeited.
|
|win|LordHelix600
|raw|zoeinkss's rating: 1119 &rarr; <strong>1092</strong><br />(-27 for losing)
|raw|LordHelix600's rating: 1094 &rarr; <strong>1122</strong><br />(+28 for winning)
|l|☆zoeinkss
|player|p1|
|l|☆LordHelix600
|player|p2|
