|j|☆Anc_8
|j|☆kmater
|t:|1757870290
|gametype|singles
|player|p1|Anc_8|kiawe|1119
|player|p2|kmater|steven|1173
|gen|9
|tier|[Gen 9] OU
|rated|
|rule|HP Percentage Mod: HP is shown in percentages
|rule|Endless Battle Clause: Forcing endless battles is banned
|rule|Species Clause: Limit one of each Pokémon
|rule|OHKO Clause: OHKO moves are banned
|rule|Evasion Items Clause: Evasion items are banned
|rule|Evasion Moves Clause: Evasion moves are banned
|rule|Evasion Abilities Clause: Evasion abilities are banned
|rule|Sleep Moves Clause: Sleep-inducing moves are banned
|clearpoke
|poke|p1|Slowbro, M|
|poke|p1|Dragonite, M|
|poke|p1|Noctowl, M|
|poke|p1|Incineroar, M|
|poke|p1|Delibird, M|
|poke|p1|Dragapult, M|
|poke|p2|Cinderace, M|
|poke|p2|Greninja-*, M|
|poke|p2|Arboliva, F|
|poke|p2|Cloyster, F|
|poke|p2|Chandelure, M|
|poke|p2|Rabsca, F|
|teampreview
|inactive|Battle timer is ON: inactive players will automatically lose when time's up. (requested by Anc_8)
|
|t:|1757870303
|teamsize|p1|6
|teamsize|p2|6
|start
|switch|p1a: Noctowl|Noctowl, M|100/100
|switch|p2a: Cloyster|Cloyster, F|100/100
|turn|1
|
|t:|1757870310
|move|p2a: Cloyster|Shell Smash|p2a: Cloyster
|-unboost|p2a: Cloyster|def|1
|-unboost|p2a: Cloyster|spd|1
|-boost|p2a: Cloyster|atk|2
|-boost|p2a: Cloyster|spa|2
|-boost|p2a: Cloyster|spe|2
|-enditem|p2a: Cloyster|White Herb
|-clearnegativeboost|p2a: Cloyster|[silent]
|move|p1a: Noctowl|Hyper Voice|p2a: Cloyster
|-damage|p2a: Cloyster|5/100
|-enditem|p1a: Noctowl|Throat Spray
|-boost|p1a: Noctowl|spa|1|[from] item: Throat Spray
|
|upkeep
|turn|2
|
|t:|1757870321
|-terastallize|p1a: Noctowl|Normal
|move|p2a: Cloyster|Icicle Spear|p1a: Noctowl
|-crit|p1a: Noctowl
|-damage|p1a: Noctowl|54/100
|-damage|p1a: Noctowl|21/100
|-damage|p1a: Noctowl|0 fnt
|faint|p1a: Noctowl
|-hitcount|p1: Noctowl|3
|
|upkeep
|
|t:|1757870333
|switch|p1a: Delibird|Delibird, M|100/100
|turn|3
|
|t:|1757870337
|move|p1a: Delibird|Fake Out|p2a: Cloyster
|-crit|p2a: Cloyster
|-damage|p2a: Cloyster|0 fnt
|faint|p2a: Cloyster
|
|upkeep
|
|t:|1757870341
|switch|p2a: Cinderace|Cinderace, M|100/100
|turn|4
|
|t:|1757870353
|switch|p1a: Dragapult|Dragapult, M|100/100
|move|p2a: Cinderace|Pyro Ball|p1a: Dragapult|[miss]
|-miss|p2a: Cinderace|p1a: Dragapult
|
|upkeep
|turn|5
|
|t:|1757870359
|move|p1a: Dragapult|Dragon Dance|p1a: Dragapult
|-boost|p1a: Dragapult|atk|1
|-boost|p1a: Dragapult|spe|1
|move|p2a: Cinderace|U-turn|p1a: Dragapult
|-start|p2a: Cinderace|typechange|Bug|[from] ability: Libero
|-resisted|p1a: Dragapult
|-damage|p1a: Dragapult|76/100
|-start|p2a: Cinderace|Disable|U-turn|[from] ability: Cursed Body|[of] p1a: Dragapult
|
|t:|1757870368
|switch|p2a: Chandelure|Chandelure, M, shiny|100/100|[from] U-turn
|
|-heal|p1a: Dragapult|82/100|[from] item: Leftovers
|upkeep
|turn|6
|
|t:|1757870377
|move|p1a: Dragapult|Phantom Force||[still]
|-prepare|p1a: Dragapult|Phantom Force
|move|p2a: Chandelure|Shadow Ball|p1a: Dragapult|[miss]
|-miss|p2a: Chandelure|p1a: Dragapult
|
|-heal|p1a: Dragapult|88/100|[from] item: Leftovers
|upkeep
|turn|7
|
|t:|1757870390
|switch|p2a: Arboliva|Arboliva, F, shiny|100/100
|move|p1a: Dragapult|Phantom Force|p2a: Arboliva|[from] lockedmove
|-immune|p2a: Arboliva
|
|-heal|p1a: Dragapult|94/100|[from] item: Leftovers
|upkeep
|turn|8
|
|t:|1757870399
|move|p1a: Dragapult|Dragon Dance|p1a: Dragapult
|-boost|p1a: Dragapult|atk|1
|-boost|p1a: Dragapult|spe|1
|move|p2a: Arboliva|Strength Sap|p1a: Dragapult
|-unboost|p1a: Dragapult|atk|1
|
|-heal|p1a: Dragapult|99/100|[from] item: Leftovers
|upkeep
|turn|9
|
|t:|1757870406
|move|p1a: Dragapult|Dragon Darts|p2a: Arboliva
|-damage|p2a: Arboliva|66/100
|-anim|p1a: Dragapult|Dragon Darts|p2a: Arboliva
|-damage|p2a: Arboliva|34/100
|-enditem|p2a: Arboliva|Sitrus Berry|[eat]
|-heal|p2a: Arboliva|59/100|[from] item: Sitrus Berry
|move|p2a: Arboliva|Strength Sap|p1a: Dragapult
|-unboost|p1a: Dragapult|atk|1
|-heal|p2a: Arboliva|100/100
|
|-heal|p1a: Dragapult|100/100|[from] item: Leftovers
|-item|p2a: Arboliva|Sitrus Berry|[from] ability: Harvest
|upkeep
|turn|10
|
|t:|1757870416
|move|p1a: Dragapult|Dragon Dance|p1a: Dragapult
|-boost|p1a: Dragapult|atk|1
|-boost|p1a: Dragapult|spe|1
|move|p2a: Arboliva|Leech Seed|p1a: Dragapult
|-start|p1a: Dragapult|move: Leech Seed
|
|-damage|p1a: Dragapult|88/100|[from] Leech Seed|[of] p2a: Arboliva
|upkeep
|turn|11
|
|t:|1757870424
|move|p1a: Dragapult|Dragon Darts|p2a: Arboliva
|-damage|p2a: Arboliva|70/100
|-anim|p1a: Dragapult|Dragon Darts|p2a: Arboliva
|-damage|p2a: Arboliva|37/100
|-enditem|p2a: Arboliva|Sitrus Berry|[eat]
|-heal|p2a: Arboliva|62/100|[from] item: Sitrus Berry
|move|p2a: Arboliva|Strength Sap|p1a: Dragapult
|-unboost|p1a: Dragapult|atk|1
|-heal|p2a: Arboliva|100/100
|
|-heal|p1a: Dragapult|94/100|[from] item: Leftovers
|-damage|p1a: Dragapult|82/100|[from] Leech Seed|[of] p2a: Arboliva
|upkeep
|turn|12
|
|t:|1757870437
|move|p1a: Dragapult|U-turn|p2a: Arboliva
|-supereffective|p2a: Arboliva
|-damage|p2a: Arboliva|62/100
|
|t:|1757870442
|switch|p1a: Dragonite|Dragonite, M|100/100|[from] U-turn
|move|p2a: Arboliva|Alluring Voice|p1a: Dragonite
|-supereffective|p1a: Dragonite
|-damage|p1a: Dragonite|82/100
|
|upkeep
|turn|13
|
|t:|1757870453
|move|p1a: Dragonite|Dragon Claw|p2a: Arboliva
|-damage|p2a: Arboliva|12/100
|-damage|p1a: Dragonite|72/100|[from] item: Life Orb
|move|p2a: Arboliva|Leech Seed|p1a: Dragonite
|-start|p1a: Dragonite|move: Leech Seed
|
|-damage|p1a: Dragonite|59/100|[from] Leech Seed|[of] p2a: Arboliva
|-heal|p2a: Arboliva|25/100|[silent]
|-item|p2a: Arboliva|Sitrus Berry|[from] ability: Harvest
|upkeep
|-enditem|p2a: Arboliva|Sitrus Berry|[eat]
|-heal|p2a: Arboliva|50/100|[from] item: Sitrus Berry
|turn|14
|
|t:|1757870467
|move|p1a: Dragonite|Extreme Speed|p2a: Arboliva
|-damage|p2a: Arboliva|14/100
|-damage|p1a: Dragonite|49/100|[from] item: Life Orb
|move|p2a: Arboliva|Strength Sap|p1a: Dragonite
|-unboost|p1a: Dragonite|atk|1
|-heal|p2a: Arboliva|100/100
|
|-damage|p1a: Dragonite|37/100|[from] Leech Seed|[of] p2a: Arboliva
|upkeep
|turn|15
|
|t:|1757870479
|switch|p1a: Incineroar|Incineroar, M|100/100
|-ability|p1a: Incineroar|Intimidate|boost
|-unboost|p2a: Arboliva|atk|1
|move|p2a: Arboliva|Alluring Voice|p1a: Incineroar
|-damage|p1a: Incineroar|82/100
|
|upkeep
|turn|16
|
|t:|1757870488
|move|p1a: Incineroar|Flare Blitz|p2a: Arboliva
|-supereffective|p2a: Arboliva
|-damage|p2a: Arboliva|19/100
|-damage|p1a: Incineroar|61/100|[from] Recoil
|move|p2a: Arboliva|Leech Seed|p1a: Incineroar|[miss]
|-miss|p2a: Arboliva|p1a: Incineroar
|
|upkeep
|turn|17
|
|t:|1757870497
|switch|p2a: Chandelure|Chandelure, M, shiny|100/100
|move|p1a: Incineroar|Flare Blitz|p2a: Chandelure
|-start|p2a: Chandelure|ability: Flash Fire
|
|upkeep
|turn|18
|
|t:|1757870510
|move|p2a: Chandelure|Flamethrower|p1a: Incineroar
|-resisted|p1a: Incineroar
|-damage|p1a: Incineroar|31/100
|-enditem|p1a: Incineroar|Sitrus Berry|[eat]
|-heal|p1a: Incineroar|56/100|[from] item: Sitrus Berry
|move|p1a: Incineroar|Knock Off|p2a: Chandelure
|-supereffective|p2a: Chandelure
|-damage|p2a: Chandelure|0 fnt
|-enditem|p2a: Chandelure|Choice Scarf|[from] move: Knock Off|[of] p1a: Incineroar
|faint|p2a: Chandelure
|
|upkeep
|
|t:|1757870522
|switch|p2a: Greninja|Greninja, M|100/100
|turn|19
|
|t:|1757870530
|switch|p1a: Dragonite|Dragonite, M|37/100
|move|p2a: Greninja|Surf|p1a: Dragonite
|-resisted|p1a: Dragonite
|-damage|p1a: Dragonite|20/100
|
|upkeep
|turn|20
|
|t:|1757870538
|move|p1a: Dragonite|Extreme Speed|p2a: Greninja
|-damage|p2a: Greninja|33/100
|-damage|p1a: Dragonite|10/100|[from] item: Life Orb
|move|p2a: Greninja|Ice Beam|p1a: Dragonite
|-supereffective|p1a: Dragonite
|-damage|p1a: Dragonite|0 fnt
|faint|p1a: Dragonite
|-ability|p2a: Greninja|Battle Bond|boost
|-boost|p2a: Greninja|atk|1
|-boost|p2a: Greninja|spa|1
|-boost|p2a: Greninja|spe|1
|-activate|p2a: Greninja|ability: Battle Bond
|
|upkeep
|
|t:|1757870552
|switch|p1a: Delibird|Delibird, M|100/100
|turn|21
|
|t:|1757870558
|move|p1a: Delibird|Fake Out|p2a: Greninja
|-damage|p2a: Greninja|24/100
|cant|p2a: Greninja|flinch
|
|upkeep
|turn|22
|
|t:|1757870562
|move|p2a: Greninja|Ice Beam|p1a: Delibird
|-enditem|p1a: Delibird|Focus Sash
|-damage|p1a: Delibird|1/100
|move|p1a: Delibird|Ice Beam|p2a: Greninja
|-resisted|p2a: Greninja
|-damage|p2a: Greninja|0 fnt
|faint|p2a: Greninja
|
|upkeep
|
|t:|1757870573
|switch|p2a: Cinderace|Cinderace, M|100/100
|turn|23
|
|t:|1757870579
|move|p2a: Cinderace|Pyro Ball|p1a: Delibird|[miss]
|-miss|p2a: Cinderace|p1a: Delibird
|move|p1a: Delibird|Air Slash|p2a: Cinderace
|-crit|p2a: Cinderace
|-damage|p2a: Cinderace|36/100
|
|upkeep
|turn|24
|
|t:|1757870584
|move|p2a: Cinderace|Pyro Ball|p1a: Delibird
|-supereffective|p1a: Delibird
|-damage|p1a: Delibird|0 fnt
|faint|p1a: Delibird
|
|upkeep
|
|t:|1757870588
|switch|p1a: Slowbro|Slowbro, M|100/100
|turn|25
|
|t:|1757870591
|move|p2a: Cinderace|U-turn|p1a: Slowbro
|-start|p2a: Cinderace|typechange|Bug|[from] ability: Libero
|-supereffective|p1a: Slowbro
|-damage|p1a: Slowbro|43/100
|-damage|p2a: Cinderace|19/100|[from] item: Rocky Helmet|[of] p1a: Slowbro
|
|t:|1757870597
|switch|p2a: Arboliva|Arboliva, F, shiny|19/100|[from] U-turn
|move|p1a: Slowbro|Scald|p2a: Arboliva
|-resisted|p2a: Arboliva
|-damage|p2a: Arboliva|3/100
|
|upkeep
|turn|26
|
|t:|1757870611
|switch|p1a: Incineroar|Incineroar, M|56/100
|-ability|p1a: Incineroar|Intimidate|boost
|-unboost|p2a: Arboliva|atk|1
|move|p2a: Arboliva|Strength Sap|p1a: Incineroar
|-unboost|p1a: Incineroar|atk|1
|-heal|p2a: Arboliva|96/100
|
|upkeep
|turn|27
|
|t:|1757870621
|move|p1a: Incineroar|Will-O-Wisp|p2a: Arboliva|[miss]
|-miss|p1a: Incineroar|p2a: Arboliva
|move|p2a: Arboliva|Leech Seed|p1a: Incineroar
|-start|p1a: Incineroar|move: Leech Seed
|
|-damage|p1a: Incineroar|43/100|[from] Leech Seed|[of] p2a: Arboliva
|-heal|p2a: Arboliva|100/100|[silent]
|upkeep
|turn|28
|
|t:|1757870629
|move|p1a: Incineroar|Will-O-Wisp|p2a: Arboliva
|-status|p2a: Arboliva|brn
|move|p2a: Arboliva|Tera Blast|p1a: Incineroar
|-damage|p1a: Incineroar|17/100
|
|-damage|p1a: Incineroar|5/100|[from] Leech Seed|[of] p2a: Arboliva
|-damage|p2a: Arboliva|94/100 brn|[from] brn
|upkeep
|turn|29
|
|t:|1757870639
|move|p1a: Incineroar|Flare Blitz|p2a: Arboliva
|-supereffective|p2a: Arboliva
|-crit|p2a: Arboliva
|-damage|p2a: Arboliva|0 fnt
|faint|p2a: Arboliva
|-damage|p1a: Incineroar|0 fnt|[from] Recoil
|faint|p1a: Incineroar
|
|upkeep
|
|t:|1757870652
|switch|p1a: Slowbro|Slowbro, M|76/100
|switch|p2a: Rabsca|Rabsca, F, shiny|100/100
|turn|30
|
|t:|1757870660
|move|p2a: Rabsca|Revival Blessing|p2a: Rabsca
|-enditem|p2a: Rabsca|Leppa Berry|[eat]
|-activate|p2a: Rabsca|item: Leppa Berry|Revival Blessing|[consumed]
|
|t:|1757870664
|-heal|p2: Arboliva|50/100|[from] move: Revival Blessing
|move|p1a: Slowbro|Scald|p2a: Rabsca
|-damage|p2a: Rabsca|64/100
|
|upkeep
|turn|31
|
|t:|1757870682
|move|p2a: Rabsca|Revival Blessing|p2a: Rabsca
|
|t:|1757870685
|-heal|p2: Greninja|50/100|[from] move: Revival Blessing
|move|p1a: Slowbro|Ice Beam|p2a: Rabsca
|-damage|p2a: Rabsca|39/100
|
|upkeep
|turn|32
|
|t:|1757870694
|move|p2a: Rabsca|Psychic Noise|p1a: Slowbro
|-resisted|p1a: Slowbro
|-damage|p1a: Slowbro|57/100
|-start|p1a: Slowbro|move: Heal Block
|move|p1a: Slowbro|Ice Beam|p2a: Rabsca
|-damage|p2a: Rabsca|14/100
|
|upkeep
|turn|33
|
|t:|1757870702
|move|p2a: Rabsca|Psychic Noise|p1a: Slowbro
|-resisted|p1a: Slowbro
|-damage|p1a: Slowbro|37/100
|move|p1a: Slowbro|Ice Beam|p2a: Rabsca
|-damage|p2a: Rabsca|0 fnt
|faint|p2a: Rabsca
|
|-end|p1a: Slowbro|move: Heal Block
|upkeep
|
|t:|1757870711
|switch|p2a: Greninja|Greninja, M|50/100
|turn|34
|
|t:|1757870715
|switch|p1a: Dragapult|Dragapult, M|82/100
|move|p2a: Greninja|Dark Pulse|p1a: Dragapult
|-supereffective|p1a: Dragapult
|-damage|p1a: Dragapult|0 fnt
|faint|p1a: Dragapult
|
|upkeep
|
|t:|1757870716
|switch|p1a: Slowbro|Slowbro, M|70/100
|turn|35
|
|t:|1757870725
|move|p2a: Greninja|Dark Pulse|p1a: Slowbro
|-supereffective|p1a: Slowbro
|-damage|p1a: Slowbro|0 fnt
|faint|p1a: Slowbro
|
|win|kmater
|raw|Anc_8's rating: 1119 &rarr; <strong>1098</strong><br />(-21 for losing)
|raw|kmater's rating: 1173 &rarr; <strong>1194</strong><br />(+21 for winning)
|l|☆Anc_8
|player|p1|
|l|☆kmater
|player|p2|
|j|☆kmater
|player|p2|kmater|steven|
