|j|☆bodhilohp
|j|☆silvercloudv3
|t:|1757825362
|gametype|singles
|player|p1|bodhilohp|sage|1109
|player|p2|silvercloudv3|dawn-gen4pt|1181
|gen|9
|tier|[Gen 9] OU
|rated|
|rule|HP Percentage Mod: HP is shown in percentages
|rule|Endless Battle Clause: Forcing endless battles is banned
|rule|Species Clause: Limit one of each Pokémon
|rule|OHKO Clause: OHKO moves are banned
|rule|Evasion Items Clause: Evasion items are banned
|rule|Evasion Moves Clause: Evasion moves are banned
|rule|Evasion Abilities Clause: Evasion abilities are banned
|rule|Sleep Moves Clause: Sleep-inducing moves are banned
|clearpoke
|poke|p1|Gholdengo|
|poke|p1|Great Tusk|
|poke|p1|Tyranitar, M|
|poke|p1|Amoonguss, F|
|poke|p1|Iron Valiant|
|poke|p1|Cyclizar, M|
|poke|p2|Ceruledge, F|
|poke|p2|Ogerpon-Wellspring, F|
|poke|p2|Tentacruel, F|
|poke|p2|Landorus-Therian, M|
|poke|p2|Scizor, M|
|poke|p2|Iron Valiant|
|teampreview
|
|t:|1757825389
|teamsize|p1|6
|teamsize|p2|6
|start
|switch|p1a: Iron Valiant|Iron Valiant, shiny|100/100
|switch|p2a: Scizor|Scizor, M|100/100
|-enditem|p1a: Iron Valiant|Booster Energy
|-activate|p1a: Iron Valiant|ability: Quark Drive|[fromitem]
|-start|p1a: Iron Valiant|quarkdrivespe
|turn|1
|
|t:|1757825401
|move|p2a: Scizor|Bullet Punch|p1a: Iron Valiant
|-supereffective|p1a: Iron Valiant
|-damage|p1a: Iron Valiant|17/100
|move|p1a: Iron Valiant|Knock Off|p2a: Scizor
|-damage|p2a: Scizor|66/100
|-enditem|p2a: Scizor|Heavy-Duty Boots|[from] move: Knock Off|[of] p1a: Iron Valiant
|
|upkeep
|turn|2
|
|t:|1757825411
|move|p2a: Scizor|Bullet Punch|p1a: Iron Valiant
|-supereffective|p1a: Iron Valiant
|-damage|p1a: Iron Valiant|0 fnt
|faint|p1a: Iron Valiant
|-end|p1a: Iron Valiant|Quark Drive|[silent]
|
|upkeep
|
|t:|1757825416
|switch|p1a: Great Tusk|Great Tusk, shiny|100/100
|turn|3
|
|t:|1757825424
|move|p1a: Great Tusk|Stealth Rock|p2a: Scizor
|-sidestart|p2: silvercloudv3|move: Stealth Rock
|move|p2a: Scizor|U-turn|p1a: Great Tusk
|-resisted|p1a: Great Tusk
|-damage|p1a: Great Tusk|92/100
|
|t:|1757825428
|switch|p2a: Tentacruel|Tentacruel, F|100/100|[from] U-turn
|-damage|p2a: Tentacruel|88/100|[from] Stealth Rock
|
|-heal|p1a: Great Tusk|98/100|[from] item: Leftovers
|upkeep
|turn|4
|
|t:|1757825446
|-end|p1a: Great Tusk|Protosynthesis|[silent]
|switch|p1a: Gholdengo|Gholdengo|100/100
|move|p2a: Tentacruel|Ice Beam|p1a: Gholdengo
|-resisted|p1a: Gholdengo
|-damage|p1a: Gholdengo|90/100
|
|-heal|p1a: Gholdengo|96/100|[from] item: Leftovers
|upkeep
|turn|5
|
|t:|1757825461
|move|p2a: Tentacruel|Flip Turn|p1a: Gholdengo
|-damage|p1a: Gholdengo|84/100
|
|t:|1757825467
|switch|p2a: Landorus|Landorus-Therian, M|100/100|[from] Flip Turn
|-damage|p2a: Landorus|88/100|[from] Stealth Rock
|-ability|p2a: Landorus|Intimidate|boost
|-unboost|p1a: Gholdengo|atk|1
|move|p1a: Gholdengo|Nasty Plot|p1a: Gholdengo
|-boost|p1a: Gholdengo|spa|2
|
|-heal|p1a: Gholdengo|90/100|[from] item: Leftovers
|upkeep
|turn|6
|
|t:|1757825480
|move|p2a: Landorus|Earthquake|p1a: Gholdengo
|-supereffective|p1a: Gholdengo
|-damage|p1a: Gholdengo|0 fnt
|faint|p1a: Gholdengo
|
|upkeep
|
|t:|1757825489
|switch|p1a: Great Tusk|Great Tusk, shiny|98/100
|turn|7
|
|t:|1757825506
|-end|p1a: Great Tusk|Protosynthesis|[silent]
|switch|p1a: Tyranitar|Tyranitar, M, shiny|100/100
|-weather|Sandstorm|[from] ability: Sand Stream|[of] p1a: Tyranitar
|move|p2a: Landorus|Psychic|p1a: Tyranitar
|-immune|p1a: Tyranitar
|
|-weather|Sandstorm|[upkeep]
|upkeep
|turn|8
|
|t:|1757825518
|move|p2a: Landorus|Stealth Rock|p1a: Tyranitar
|-sidestart|p1: bodhilohp|move: Stealth Rock
|move|p1a: Tyranitar|Fire Punch|p2a: Landorus
|-damage|p2a: Landorus|60/100
|-damage|p1a: Tyranitar|84/100|[from] item: Rocky Helmet|[of] p2a: Landorus
|
|-weather|Sandstorm|[upkeep]
|upkeep
|turn|9
|
|t:|1757825527
|move|p2a: Landorus|Earthquake|p1a: Tyranitar
|-supereffective|p1a: Tyranitar
|-damage|p1a: Tyranitar|0 fnt
|faint|p1a: Tyranitar
|
|-weather|Sandstorm|[upkeep]
|upkeep
|
|t:|1757825534
|switch|p1a: Amoonguss|Amoonguss, F, shiny|100/100
|-damage|p1a: Amoonguss|88/100|[from] Stealth Rock
|turn|10
|
|t:|1757825542
|move|p2a: Landorus|Psychic|p1a: Amoonguss
|-supereffective|p1a: Amoonguss
|-damage|p1a: Amoonguss|47/100
|-unboost|p1a: Amoonguss|spd|1
|move|p1a: Amoonguss|Giga Drain|p2a: Landorus
|-damage|p2a: Landorus|29/100
|-heal|p1a: Amoonguss|59/100|[from] drain|[of] p2a: Landorus
|
|-weather|Sandstorm|[upkeep]
|-damage|p1a: Amoonguss|53/100|[from] Sandstorm
|-heal|p1a: Amoonguss|59/100|[from] item: Black Sludge
|upkeep
|turn|11
|
|t:|1757825554
|move|p1a: Amoonguss|Protect|p1a: Amoonguss
|-singleturn|p1a: Amoonguss|Protect
|move|p2a: Landorus|Psychic|p1a: Amoonguss
|-activate|p1a: Amoonguss|move: Protect
|
|-weather|none
|-heal|p1a: Amoonguss|65/100|[from] item: Black Sludge
|upkeep
|turn|12
|
|t:|1757825565
|move|p1a: Amoonguss|Protect|p1a: Amoonguss
|-singleturn|p1a: Amoonguss|Protect
|move|p2a: Landorus|Psychic|p1a: Amoonguss
|-activate|p1a: Amoonguss|move: Protect
|
|-heal|p1a: Amoonguss|71/100|[from] item: Black Sludge
|upkeep
|turn|13
|
|t:|1757825575
|move|p2a: Landorus|Psychic|p1a: Amoonguss
|-supereffective|p1a: Amoonguss
|-damage|p1a: Amoonguss|6/100
|move|p1a: Amoonguss|Giga Drain|p2a: Landorus
|-damage|p2a: Landorus|0 fnt
|-heal|p1a: Amoonguss|17/100|[from] drain|[of] p2a: Landorus
|faint|p2a: Landorus
|
|-heal|p1a: Amoonguss|23/100|[from] item: Black Sludge
|upkeep
|
|t:|1757825587
|switch|p2a: Ceruledge|Ceruledge, F|100/100
|-damage|p2a: Ceruledge|76/100|[from] Stealth Rock
|turn|14
|
|t:|1757825596
|move|p1a: Amoonguss|Protect|p1a: Amoonguss
|-singleturn|p1a: Amoonguss|Protect
|move|p2a: Ceruledge|Bulk Up|p2a: Ceruledge
|-boost|p2a: Ceruledge|atk|1
|-boost|p2a: Ceruledge|def|1
|
|-heal|p1a: Amoonguss|29/100|[from] item: Black Sludge
|upkeep
|turn|15
|
|t:|1757825608
|move|p1a: Amoonguss|Rage Powder||[still]
|-fail|p1a: Amoonguss
|move|p2a: Ceruledge|Bitter Blade|p1a: Amoonguss
|-supereffective|p1a: Amoonguss
|-damage|p1a: Amoonguss|0 fnt
|-heal|p2a: Ceruledge|93/100|[from] drain|[of] p1a: Amoonguss
|faint|p1a: Amoonguss
|
|upkeep
|
|t:|1757825617
|switch|p1a: Cyclizar|Cyclizar, M, shiny|100/100
|turn|16
|
|t:|1757825626
|move|p1a: Cyclizar|Knock Off|p2a: Ceruledge
|-supereffective|p2a: Ceruledge
|-damage|p2a: Ceruledge|65/100
|-enditem|p2a: Ceruledge|Covert Cloak|[from] move: Knock Off|[of] p1a: Cyclizar
|move|p2a: Ceruledge|Taunt|p1a: Cyclizar
|-start|p1a: Cyclizar|move: Taunt
|
|upkeep
|turn|17
|
|t:|1757825637
|move|p1a: Cyclizar|Draco Meteor|p2a: Ceruledge|[miss]
|-miss|p1a: Cyclizar|p2a: Ceruledge
|move|p2a: Ceruledge|Bulk Up|p2a: Ceruledge
|-boost|p2a: Ceruledge|atk|1
|-boost|p2a: Ceruledge|def|1
|
|upkeep
|turn|18
|
|t:|1757825645
|move|p1a: Cyclizar|Draco Meteor|p2a: Ceruledge
|-damage|p2a: Ceruledge|34/100
|-unboost|p1a: Cyclizar|spa|2
|move|p2a: Ceruledge|Bitter Blade|p1a: Cyclizar
|-resisted|p1a: Cyclizar
|-damage|p1a: Cyclizar|68/100
|-heal|p2a: Ceruledge|50/100|[from] drain|[of] p1a: Cyclizar
|
|upkeep
|turn|19
|
|t:|1757825656
|move|p1a: Cyclizar|U-turn|p2a: Ceruledge
|-resisted|p2a: Ceruledge
|-damage|p2a: Ceruledge|48/100
|
|t:|1757825661
|switch|p1a: Great Tusk|Great Tusk, shiny|98/100|[from] U-turn
|-damage|p1a: Great Tusk|95/100|[from] Stealth Rock
|move|p2a: Ceruledge|Bitter Blade|p1a: Great Tusk
|-damage|p1a: Great Tusk|59/100
|-heal|p2a: Ceruledge|71/100|[from] drain|[of] p1a: Great Tusk
|
|-heal|p1a: Great Tusk|65/100|[from] item: Leftovers
|upkeep
|turn|20
|
|t:|1757825673
|move|p2a: Ceruledge|Bitter Blade|p1a: Great Tusk
|-damage|p1a: Great Tusk|31/100
|-heal|p2a: Ceruledge|91/100|[from] drain|[of] p1a: Great Tusk
|move|p1a: Great Tusk|Earthquake|p2a: Ceruledge
|-supereffective|p2a: Ceruledge
|-damage|p2a: Ceruledge|36/100
|
|-heal|p1a: Great Tusk|37/100|[from] item: Leftovers
|upkeep
|turn|21
|
|t:|1757825683
|move|p2a: Ceruledge|Bitter Blade|p1a: Great Tusk
|-damage|p1a: Great Tusk|2/100
|-heal|p2a: Ceruledge|57/100|[from] drain|[of] p1a: Great Tusk
|move|p1a: Great Tusk|Earthquake|p2a: Ceruledge
|-supereffective|p2a: Ceruledge
|-damage|p2a: Ceruledge|3/100
|
|-heal|p1a: Great Tusk|8/100|[from] item: Leftovers
|upkeep
|turn|22
|
|t:|1757825696
|-end|p1a: Great Tusk|Protosynthesis|[silent]
|switch|p1a: Cyclizar|Cyclizar, M, shiny|100/100
|move|p2a: Ceruledge|Bitter Blade|p1a: Cyclizar
|-resisted|p1a: Cyclizar
|-damage|p1a: Cyclizar|63/100
|-heal|p2a: Ceruledge|21/100|[from] drain|[of] p1a: Cyclizar
|
|upkeep
|turn|23
|
|t:|1757825706
|move|p2a: Ceruledge|Shadow Sneak|p1a: Cyclizar
|-immune|p1a: Cyclizar
|move|p1a: Cyclizar|Draco Meteor|p2a: Ceruledge
|-damage|p2a: Ceruledge|0 fnt
|-unboost|p1a: Cyclizar|spa|2
|faint|p2a: Ceruledge
|
|upkeep
|
|t:|1757825726
|switch|p2a: Scizor|Scizor, M|66/100
|-damage|p2a: Scizor|54/100|[from] Stealth Rock
|turn|24
|
|t:|1757825739
|move|p2a: Scizor|Bullet Punch|p1a: Cyclizar
|-damage|p1a: Cyclizar|30/100
|move|p1a: Cyclizar|Draco Meteor|p2a: Scizor
|-resisted|p2a: Scizor
|-damage|p2a: Scizor|43/100
|-unboost|p1a: Cyclizar|spa|2
|
|upkeep
|turn|25
|
|t:|1757825747
|move|p2a: Scizor|Bullet Punch|p1a: Cyclizar
|-damage|p1a: Cyclizar|0 fnt
|faint|p1a: Cyclizar
|
|upkeep
|-message|bodhilohp forfeited.
|
|win|silvercloudv3
|raw|bodhilohp's rating: 1109 &rarr; <strong>1089</strong><br />(-20 for losing)
|raw|silvercloudv3's rating: 1181 &rarr; <strong>1201</strong><br />(+20 for winning)
|l|☆bodhilohp
|player|p1|
|l|☆silvercloudv3
|player|p2|
