|j|☆Moistham
|j|☆overheat xyz
|t:|1757863316
|gametype|singles
|player|p1|Moistham|102|1526
|player|p2|overheat xyz|266|1600
|gen|9
|tier|[Gen 9] OU
|rated|
|rule|HP Percentage Mod: HP is shown in percentages
|rule|Endless Battle Clause: Forcing endless battles is banned
|rule|Species Clause: Limit one of each Pokémon
|rule|OHKO Clause: OHKO moves are banned
|rule|Evasion Items Clause: Evasion items are banned
|rule|Evasion Moves Clause: Evasion moves are banned
|rule|Evasion Abilities Clause: Evasion abilities are banned
|rule|Sleep Moves Clause: Sleep-inducing moves are banned
|clearpoke
|poke|p1|Blaziken, F|
|poke|p1|Salamence, F|
|poke|p1|Ambipom, M|
|poke|p1|Houndstone, F|
|poke|p1|Iron Hands|
|poke|p1|Scizor, M|
|poke|p2|Kingambit, M|
|poke|p2|Garganacl, M|
|poke|p2|Rillaboom, M|
|poke|p2|Hatterene, F|
|poke|p2|Dragapult, F|
|poke|p2|Corviknight, F|
|teampreview
|inactive|Battle timer is ON: inactive players will automatically lose when time's up. (requested by Moistham)
|
|t:|1757863359
|teamsize|p1|6
|teamsize|p2|6
|start
|switch|p1a: Ambipom|Ambipom, M|100/100
|switch|p2a: Dragapult|Dragapult, F|100/100
|turn|1
|
|t:|1757863363
|move|p2a: Dragapult|Draco Meteor|p1a: Ambipom
|-damage|p1a: Ambipom|0 fnt
|-unboost|p2a: Dragapult|spa|2
|faint|p1a: Ambipom
|
|upkeep
|
|t:|1757863374
|switch|p1a: Scizor|Scizor, M|100/100
|turn|2
|
|t:|1757863381
|switch|p2a: Corviknight|Corviknight, F|100/100
|-ability|p2a: Corviknight|Pressure
|move|p1a: Scizor|Swords Dance|p1a: Scizor
|-boost|p1a: Scizor|atk|2
|
|upkeep
|turn|3
|
|t:|1757863393
|move|p2a: Corviknight|Iron Defense|p2a: Corviknight
|-boost|p2a: Corviknight|def|2
|move|p1a: Scizor|Fury Cutter|p2a: Corviknight
|-resisted|p2a: Corviknight
|-damage|p2a: Corviknight|95/100
|-damage|p1a: Scizor|84/100|[from] item: Rocky Helmet|[of] p2a: Corviknight
|
|upkeep
|turn|4
|
|t:|1757863400
|move|p2a: Corviknight|Body Press|p1a: Scizor
|-damage|p1a: Scizor|29/100
|move|p1a: Scizor|Knock Off|p2a: Corviknight
|-damage|p2a: Corviknight|72/100
|-damage|p1a: Scizor|12/100|[from] item: Rocky Helmet|[of] p2a: Corviknight
|-enditem|p2a: Corviknight|Rocky Helmet|[from] move: Knock Off|[of] p1a: Scizor
|
|upkeep
|turn|5
|
|t:|1757863407
|move|p2a: Corviknight|Roost|p2a: Corviknight
|-heal|p2a: Corviknight|100/100
|-singleturn|p2a: Corviknight|move: Roost
|move|p1a: Scizor|Fury Cutter|p2a: Corviknight
|-resisted|p2a: Corviknight
|-damage|p2a: Corviknight|89/100
|
|upkeep
|turn|6
|
|t:|1757863410
|move|p2a: Corviknight|Body Press|p1a: Scizor
|-crit|p1a: Scizor
|-damage|p1a: Scizor|0 fnt
|faint|p1a: Scizor
|
|upkeep
|
|t:|1757863424
|switch|p1a: Blaziken|Blaziken, F|100/100
|turn|7
|
|t:|1757863428
|move|p1a: Blaziken|Swords Dance|p1a: Blaziken
|-boost|p1a: Blaziken|atk|2
|move|p2a: Corviknight|Iron Defense|p2a: Corviknight
|-boost|p2a: Corviknight|def|2
|
|-ability|p1a: Blaziken|Speed Boost|boost
|-boost|p1a: Blaziken|spe|1
|upkeep
|turn|8
|
|t:|1757863431
|move|p1a: Blaziken|Swords Dance|p1a: Blaziken
|-boost|p1a: Blaziken|atk|2
|move|p2a: Corviknight|Body Press|p1a: Blaziken
|-crit|p1a: Blaziken
|-damage|p1a: Blaziken|0 fnt
|faint|p1a: Blaziken
|
|upkeep
|-message|Moistham forfeited.
|
|win|overheat xyz
|raw|Moistham's rating: 1526 &rarr; <strong>1510</strong><br />(-16 for losing)
|raw|overheat xyz's rating: 1600 &rarr; <strong>1616</strong><br />(+16 for winning)
|l|☆Moistham
|player|p1|
