|j|☆Crocodile E
|j|☆heatrantaperfade
|t:|1757833779
|gametype|singles
|player|p1|Crocodile E|pokemaniac|1459
|player|p2|heatrantaperfade|miku-flying|1412
|gen|9
|tier|[Gen 9] OU
|rated|
|rule|HP Percentage Mod: HP is shown in percentages
|rule|Endless Battle Clause: Forcing endless battles is banned
|rule|Species Clause: Limit one of each Pokémon
|rule|OHKO Clause: OHKO moves are banned
|rule|Evasion Items Clause: Evasion items are banned
|rule|Evasion Moves Clause: Evasion moves are banned
|rule|Evasion Abilities Clause: Evasion abilities are banned
|rule|Sleep Moves Clause: Sleep-inducing moves are banned
|clearpoke
|poke|p1|Raging Bolt|
|poke|p1|Ninetales, F|
|poke|p1|Walking Wake|
|poke|p1|Hatterene, F|
|poke|p1|Landorus-Therian, M|
|poke|p1|Lokix, F|
|poke|p2|Samurott-Hisui, M|
|poke|p2|Rillaboom, M|
|poke|p2|Heatran, F|
|poke|p2|Weezing-Galar, F|
|poke|p2|Landorus-Therian, M|
|poke|p2|Primarina, F|
|teampreview
|inactive|Battle timer is ON: inactive players will automatically lose when time's up. (requested by Crocodile E)
|
|t:|1757833787
|teamsize|p1|6
|teamsize|p2|6
|start
|switch|p1a: Lokix|Lokix, F, shiny|100/100
|switch|p2a: Samurott|Samurott-Hisui, M|100/100
|turn|1
|
|t:|1757833792
|switch|p1a: Landorus|Landorus-Therian, M, shiny|100/100
|-ability|p1a: Landorus|Intimidate|boost
|-unboost|p2a: Samurott|atk|1
|switch|p2a: Heatran|Heatran, F|100/100
|
|upkeep
|turn|2
|
|t:|1757833799
|move|p2a: Heatran|Protect|p2a: Heatran
|-singleturn|p2a: Heatran|Protect
|move|p1a: Landorus|Stealth Rock|p2a: Heatran
|-sidestart|p2: heatrantaperfade|move: Stealth Rock
|
|upkeep
|turn|3
|
|t:|1757833804
|switch|p2a: Rillaboom|Rillaboom, M|100/100
|-damage|p2a: Rillaboom|88/100|[from] Stealth Rock
|-fieldstart|move: Grassy Terrain|[from] ability: Grassy Surge|[of] p2a: Rillaboom
|move|p1a: Landorus|Earthquake|p2a: Rillaboom
|-resisted|p2a: Rillaboom
|-damage|p2a: Rillaboom|77/100
|
|-heal|p2a: Rillaboom|83/100|[from] Grassy Terrain
|upkeep
|turn|4
|
|t:|1757833810
|move|p2a: Rillaboom|U-turn|p1a: Landorus
|-resisted|p1a: Landorus
|-damage|p1a: Landorus|88/100
|-damage|p2a: Rillaboom|66/100|[from] item: Rocky Helmet|[of] p1a: Landorus
|
|t:|1757833815
|switch|p2a: Landorus|Landorus-Therian, M|100/100|[from] U-turn
|-damage|p2a: Landorus|88/100|[from] Stealth Rock
|-ability|p2a: Landorus|Intimidate|boost
|-unboost|p1a: Landorus|atk|1
|move|p1a: Landorus|U-turn|p2a: Landorus
|-resisted|p2a: Landorus
|-damage|p2a: Landorus|81/100
|
|t:|1757833820
|switch|p1a: Walking Wake|Walking Wake|100/100|[from] U-turn
|
|upkeep
|turn|5
|
|t:|1757833831
|move|p2a: Landorus|Protect|p2a: Landorus
|-singleturn|p2a: Landorus|Protect
|move|p1a: Walking Wake|Flip Turn|p2a: Landorus
|-activate|p2a: Landorus|move: Protect
|
|upkeep
|turn|6
|
|t:|1757833835
|move|p1a: Walking Wake|Flip Turn|p2a: Landorus
|-supereffective|p2a: Landorus
|-damage|p2a: Landorus|52/100
|
|t:|1757833839
|-end|p1a: Walking Wake|Protosynthesis|[silent]
|switch|p1a: Landorus|Landorus-Therian, M, shiny|88/100|[from] Flip Turn
|-ability|p1a: Landorus|Intimidate|boost
|-unboost|p2a: Landorus|atk|1
|move|p2a: Landorus|U-turn|p1a: Landorus
|-resisted|p1a: Landorus
|-damage|p1a: Landorus|82/100
|-damage|p2a: Landorus|36/100|[from] item: Rocky Helmet|[of] p1a: Landorus
|
|t:|1757833843
|switch|p2a: Samurott|Samurott-Hisui, M|100/100|[from] U-turn
|-damage|p2a: Samurott|88/100|[from] Stealth Rock
|
|-heal|p2a: Samurott|94/100|[from] Grassy Terrain
|upkeep
|turn|7
|
|t:|1757833849
|move|p2a: Samurott|Ceaseless Edge|p1a: Landorus
|-damage|p1a: Landorus|30/100
|-damage|p2a: Samurott|78/100|[from] item: Rocky Helmet|[of] p1a: Landorus
|-sidestart|p1: Crocodile E|Spikes
|move|p1a: Landorus|U-turn|p2a: Samurott
|-supereffective|p2a: Samurott
|-damage|p2a: Samurott|30/100
|
|t:|1757833852
|switch|p1a: Lokix|Lokix, F, shiny|100/100|[from] U-turn
|-damage|p1a: Lokix|88/100|[from] Spikes
|
|-heal|p1a: Lokix|94/100|[from] Grassy Terrain
|-heal|p2a: Samurott|36/100|[from] Grassy Terrain
|-fieldend|move: Grassy Terrain
|upkeep
|turn|8
|
|t:|1757833855
|move|p1a: Lokix|First Impression|p2a: Samurott
|-supereffective|p2a: Samurott
|-crit|p2a: Samurott
|-damage|p2a: Samurott|0 fnt
|faint|p2a: Samurott
|
|upkeep
|
|t:|1757833858
|switch|p2a: Primarina|Primarina, F|100/100
|-damage|p2a: Primarina|88/100|[from] Stealth Rock
|turn|9
|
|t:|1757833863
|switch|p1a: Hatterene|Hatterene, F, shiny|100/100
|-damage|p1a: Hatterene|88/100|[from] Spikes
|move|p2a: Primarina|Moonblast|p1a: Hatterene
|-damage|p1a: Hatterene|24/100
|
|-heal|p1a: Hatterene|30/100|[from] item: Leftovers
|upkeep
|turn|10
|
|t:|1757833866
|move|p2a: Primarina|Moonblast|p1a: Hatterene
|-damage|p1a: Hatterene|0 fnt
|faint|p1a: Hatterene
|
|upkeep
|
|t:|1757833872
|switch|p1a: Raging Bolt|Raging Bolt|100/100
|-damage|p1a: Raging Bolt|88/100|[from] Spikes
|turn|11
|
|t:|1757833876
|switch|p2a: Landorus|Landorus-Therian, M|36/100
|-damage|p2a: Landorus|23/100|[from] Stealth Rock
|-ability|p2a: Landorus|Intimidate|boost
|-unboost|p1a: Raging Bolt|atk|1
|move|p1a: Raging Bolt|Volt Switch|p2a: Landorus
|-immune|p2a: Landorus
|
|upkeep
|turn|12
|
|t:|1757833879
|-end|p1a: Raging Bolt|Protosynthesis|[silent]
|switch|p1a: Landorus|Landorus-Therian, M, shiny|30/100
|-ability|p1a: Landorus|Intimidate|boost
|-unboost|p2a: Landorus|atk|1
|move|p2a: Landorus|Earthquake|p1a: Landorus
|-immune|p1a: Landorus
|
|upkeep
|turn|13
|
|t:|1757833887
|switch|p2a: Heatran|Heatran, F|100/100
|-damage|p2a: Heatran|88/100|[from] Stealth Rock
|move|p1a: Landorus|Stone Edge|p2a: Heatran
|-damage|p2a: Heatran|61/100
|
|upkeep
|turn|14
|
|t:|1757833892
|switch|p2a: Rillaboom|Rillaboom, M|66/100
|-damage|p2a: Rillaboom|54/100|[from] Stealth Rock
|-fieldstart|move: Grassy Terrain|[from] ability: Grassy Surge|[of] p2a: Rillaboom
|move|p1a: Landorus|Earthquake|p2a: Rillaboom
|-resisted|p2a: Rillaboom
|-damage|p2a: Rillaboom|43/100
|
|-heal|p2a: Rillaboom|49/100|[from] Grassy Terrain
|upkeep
|turn|15
|
|t:|1757833896
|move|p2a: Rillaboom|Wood Hammer|p1a: Landorus
|-damage|p1a: Landorus|0 fnt
|-damage|p2a: Rillaboom|33/100|[from] item: Rocky Helmet|[of] p1a: Landorus
|faint|p1a: Landorus
|-damage|p2a: Rillaboom|23/100|[from] Recoil
|
|-heal|p2a: Rillaboom|29/100|[from] Grassy Terrain
|upkeep
|
|t:|1757833899
|switch|p1a: Lokix|Lokix, F, shiny|94/100
|-damage|p1a: Lokix|82/100|[from] Spikes
|turn|16
|
|t:|1757833903
|switch|p2a: Heatran|Heatran, F|61/100
|-damage|p2a: Heatran|49/100|[from] Stealth Rock
|move|p1a: Lokix|First Impression|p2a: Heatran
|-resisted|p2a: Heatran
|-damage|p2a: Heatran|22/100
|
|-heal|p1a: Lokix|88/100|[from] Grassy Terrain
|-heal|p2a: Heatran|28/100|[from] Grassy Terrain
|upkeep
|turn|17
|
|t:|1757833907
|switch|p1a: Ninetales|Ninetales, F, shiny|100/100
|-damage|p1a: Ninetales|88/100|[from] Spikes
|-weather|SunnyDay|[from] ability: Drought|[of] p1a: Ninetales
|move|p2a: Heatran|Heavy Slam|p1a: Ninetales
|-resisted|p1a: Ninetales
|-damage|p1a: Ninetales|57/100
|
|-weather|SunnyDay|[upkeep]
|-heal|p1a: Ninetales|63/100|[from] Grassy Terrain
|-heal|p2a: Heatran|35/100|[from] Grassy Terrain
|upkeep
|turn|18
|
|t:|1757833911
|move|p1a: Ninetales|Encore|p2a: Heatran
|-start|p2a: Heatran|Encore
|move|p2a: Heatran|Heavy Slam|p1a: Ninetales
|-resisted|p1a: Ninetales
|-damage|p1a: Ninetales|32/100
|
|-weather|SunnyDay|[upkeep]
|-heal|p1a: Ninetales|38/100|[from] Grassy Terrain
|-heal|p2a: Heatran|41/100|[from] Grassy Terrain
|-fieldend|move: Grassy Terrain
|upkeep
|turn|19
|
|t:|1757833921
|switch|p1a: Walking Wake|Walking Wake|100/100
|-damage|p1a: Walking Wake|88/100|[from] Spikes
|-activate|p1a: Walking Wake|ability: Protosynthesis
|-start|p1a: Walking Wake|protosynthesisspa
|move|p2a: Heatran|Heavy Slam|p1a: Walking Wake
|-resisted|p1a: Walking Wake
|-damage|p1a: Walking Wake|77/100
|
|-weather|SunnyDay|[upkeep]
|upkeep
|turn|20
|
|t:|1757833926
|move|p1a: Walking Wake|Hydro Steam|p2a: Heatran
|-supereffective|p2a: Heatran
|-damage|p2a: Heatran|0 fnt
|faint|p2a: Heatran
|
|-weather|SunnyDay|[upkeep]
|upkeep
|
|t:|1757833930
|switch|p2a: Primarina|Primarina, F|88/100
|-damage|p2a: Primarina|76/100|[from] Stealth Rock
|turn|21
|
|t:|1757833935
|move|p1a: Walking Wake|Hydro Steam|p2a: Primarina
|-resisted|p2a: Primarina
|-damage|p2a: Primarina|18/100
|move|p2a: Primarina|Draining Kiss|p1a: Walking Wake
|-supereffective|p1a: Walking Wake
|-damage|p1a: Walking Wake|0 fnt
|-heal|p2a: Primarina|72/100|[from] drain|[of] p1a: Walking Wake
|faint|p1a: Walking Wake
|-end|p1a: Walking Wake|Protosynthesis|[silent]
|
|-weather|SunnyDay|[upkeep]
|upkeep
|
|t:|1757833941
|switch|p1a: Raging Bolt|Raging Bolt|88/100
|-damage|p1a: Raging Bolt|76/100|[from] Spikes
|-activate|p1a: Raging Bolt|ability: Protosynthesis
|-start|p1a: Raging Bolt|protosynthesisspa
|turn|22
|
|t:|1757833946
|-terastallize|p2a: Primarina|Fairy
|move|p1a: Raging Bolt|Draco Meteor|p2a: Primarina
|-immune|p2a: Primarina
|move|p2a: Primarina|Draining Kiss|p1a: Raging Bolt
|-supereffective|p1a: Raging Bolt
|-damage|p1a: Raging Bolt|0 fnt
|-heal|p2a: Primarina|100/100|[from] drain|[of] p1a: Raging Bolt
|faint|p1a: Raging Bolt
|-end|p1a: Raging Bolt|Protosynthesis|[silent]
|
|-weather|SunnyDay|[upkeep]
|upkeep
|
|t:|1757833950
|switch|p1a: Lokix|Lokix, F, shiny|88/100
|-damage|p1a: Lokix|75/100|[from] Spikes
|turn|23
|
|t:|1757833962
|switch|p2a: Rillaboom|Rillaboom, M|29/100
|-damage|p2a: Rillaboom|17/100|[from] Stealth Rock
|-fieldstart|move: Grassy Terrain|[from] ability: Grassy Surge|[of] p2a: Rillaboom
|-terastallize|p1a: Lokix|Bug
|move|p1a: Lokix|First Impression|p2a: Rillaboom
|-supereffective|p2a: Rillaboom
|-damage|p2a: Rillaboom|0 fnt
|faint|p2a: Rillaboom
|
|-weather|SunnyDay|[upkeep]
|-heal|p1a: Lokix|81/100|[from] Grassy Terrain
|upkeep
|
|t:|1757833964
|switch|p2a: Weezing|Weezing-Galar, F|100/100
|-ability|p2a: Weezing|Neutralizing Gas
|-damage|p2a: Weezing|88/100|[from] Stealth Rock
|turn|24
|
|t:|1757833967
|switch|p1a: Ninetales|Ninetales, F, shiny|38/100
|-damage|p1a: Ninetales|26/100|[from] Spikes
|move|p2a: Weezing|Toxic Spikes|p1a: Ninetales
|-sidestart|p1: Crocodile E|move: Toxic Spikes
|
|-weather|none
|-heal|p1a: Ninetales|32/100|[from] Grassy Terrain
|-heal|p2a: Weezing|94/100|[from] Grassy Terrain
|-heal|p2a: Weezing|99/100|[from] item: Leftovers
|upkeep
|turn|25
|
|t:|1757833973
|move|p1a: Ninetales|Will-O-Wisp|p2a: Weezing
|-status|p2a: Weezing|brn
|move|p2a: Weezing|Toxic Spikes|p1a: Ninetales
|-sidestart|p1: Crocodile E|move: Toxic Spikes
|
|-heal|p1a: Ninetales|38/100|[from] Grassy Terrain
|-heal|p2a: Weezing|100/100 brn|[from] Grassy Terrain
|-damage|p2a: Weezing|95/100 brn|[from] brn
|upkeep
|turn|26
|
|t:|1757833980
|move|p1a: Ninetales|Encore|p2a: Weezing
|-start|p2a: Weezing|Encore
|move|p2a: Weezing|Toxic Spikes||[still]
|-fail|p2a: Weezing
|
|-heal|p1a: Ninetales|44/100|[from] Grassy Terrain
|-heal|p2a: Weezing|100/100 brn|[from] Grassy Terrain
|-damage|p2a: Weezing|95/100 brn|[from] brn
|upkeep
|turn|27
|
|t:|1757833984
|-end|p2a: Weezing|ability: Neutralizing Gas
|-weather|SunnyDay|[from] ability: Drought|[of] p1a: Ninetales
|switch|p2a: Landorus|Landorus-Therian, M|23/100
|-damage|p2a: Landorus|11/100|[from] Stealth Rock
|-ability|p2a: Landorus|Intimidate|boost
|-unboost|p1a: Ninetales|atk|1
|move|p1a: Ninetales|Weather Ball|p2a: Landorus
|-damage|p2a: Landorus|0 fnt
|faint|p2a: Landorus
|
|-weather|SunnyDay|[upkeep]
|-heal|p1a: Ninetales|50/100|[from] Grassy Terrain
|-fieldend|move: Grassy Terrain
|upkeep
|
|t:|1757833987
|switch|p2a: Primarina|Primarina, F, tera:Fairy|100/100
|-damage|p2a: Primarina|88/100|[from] Stealth Rock
|turn|28
|
|t:|1757833991
|move|p1a: Ninetales|Weather Ball|p2a: Primarina
|-damage|p2a: Primarina|54/100
|move|p2a: Primarina|Draining Kiss|p1a: Ninetales
|-resisted|p1a: Ninetales
|-damage|p1a: Ninetales|19/100
|-heal|p2a: Primarina|77/100|[from] drain|[of] p1a: Ninetales
|
|-weather|SunnyDay|[upkeep]
|upkeep
|turn|29
|
|t:|1757833997
|move|p1a: Ninetales|Healing Wish|p1a: Ninetales
|faint|p1a: Ninetales
|move|p2a: Primarina|Draining Kiss|p1: Ninetales|[notarget]
|-fail|p2a: Primarina
|
|-weather|SunnyDay|[upkeep]
|upkeep
|
|t:|1757833998
|switch|p1a: Lokix|Lokix, F, shiny, tera:Bug|81/100
|-heal|p1a: Lokix|100/100|[from] move: Healing Wish
|-damage|p1a: Lokix|88/100|[from] Spikes
|-status|p1a: Lokix|tox
|turn|30
|
|t:|1757834003
|move|p1a: Lokix|Leech Life|p2a: Primarina
|-resisted|p2a: Primarina
|-damage|p2a: Primarina|0 fnt
|-heal|p1a: Lokix|100/100 tox|[from] drain|[of] p2a: Primarina
|faint|p2a: Primarina
|
|-weather|SunnyDay|[upkeep]
|-damage|p1a: Lokix|94/100 tox|[from] psn
|upkeep
|
|t:|1757834006
|switch|p2a: Weezing|Weezing-Galar, F|95/100 brn
|-ability|p2a: Weezing|Neutralizing Gas
|-damage|p2a: Weezing|82/100 brn|[from] Stealth Rock
|turn|31
|
|t:|1757834010
|move|p1a: Lokix|Leech Life|p2a: Weezing
|-resisted|p2a: Weezing
|-damage|p2a: Weezing|70/100 brn
|-heal|p1a: Lokix|100/100 tox|[from] drain|[of] p2a: Weezing
|move|p2a: Weezing|Strange Steam|p1a: Lokix
|-damage|p1a: Lokix|52/100 tox
|
|-weather|SunnyDay|[upkeep]
|-heal|p2a: Weezing|76/100 brn|[from] item: Leftovers
|-damage|p1a: Lokix|40/100 tox|[from] psn
|-damage|p2a: Weezing|70/100 brn|[from] brn
|upkeep
|turn|32
|
|t:|1757834013
|move|p1a: Lokix|Leech Life|p2a: Weezing
|-resisted|p2a: Weezing
|-damage|p2a: Weezing|58/100 brn
|-heal|p1a: Lokix|48/100 tox|[from] drain|[of] p2a: Weezing
|move|p2a: Weezing|Strange Steam|p1a: Lokix
|-damage|p1a: Lokix|0 fnt
|faint|p1a: Lokix
|
|win|heatrantaperfade
|raw|Crocodile E's rating: 1459 &rarr; <strong>1435</strong><br />(-24 for losing)
|raw|heatrantaperfade's rating: 1393 &rarr; <strong>1417</strong><br />(+24 for winning)
|c|☆heatrantaperfade|gg
|l|☆Crocodile E
|player|p1|
