|j|☆Darkknight_1184
|j|☆jaden125
|t:|1757794501
|gametype|singles
|player|p1|Darkknight_1184|169|1099
|player|p2|jaden125|dawn|1074
|gen|9
|tier|[Gen 9] OU
|rated|
|rule|HP Percentage Mod: HP is shown in percentages
|rule|Endless Battle Clause: Forcing endless battles is banned
|rule|Species Clause: Limit one of each Pokémon
|rule|OHKO Clause: OHKO moves are banned
|rule|Evasion Items Clause: Evasion items are banned
|rule|Evasion Moves Clause: Evasion moves are banned
|rule|Evasion Abilities Clause: Evasion abilities are banned
|rule|Sleep Moves Clause: Sleep-inducing moves are banned
|clearpoke
|poke|p1|Dragonite, F|
|poke|p1|Zapdos|
|poke|p1|Samurott-Hisui, F|
|poke|p1|Hatterene, F|
|poke|p1|Ceruledge, F|
|poke|p1|Zamazenta-*|
|poke|p2|Meganium, F|
|poke|p2|Flareon, F|
|poke|p2|Sandslash, F|
|poke|p2|Sawsbuck, M|
|poke|p2|Whiscash, F|
|poke|p2|Sudowoodo, F|
|teampreview
|inactive|Battle timer is ON: inactive players will automatically lose when time's up. (requested by Darkknight_1184)
|
|t:|1757794520
|teamsize|p1|6
|teamsize|p2|6
|start
|switch|p1a: Dragonite|Dragonite, F|100/100
|switch|p2a: Whiscash|Whiscash, F|100/100
|turn|1
|
|t:|1757794541
|switch|p1a: Hatterene|Hatterene, F|100/100
|move|p2a: Whiscash|Ice Beam|p1a: Hatterene
|-damage|p1a: Hatterene|90/100
|
|upkeep
|turn|2
|
|t:|1757794551
|move|p2a: Whiscash|Stealth Rock|p1a: Hatterene
|move|p1a: Hatterene|Stealth Rock|p2a: Whiscash|[from] ability: Magic Bounce
|-sidestart|p2: jaden125|move: Stealth Rock
|move|p1a: Hatterene|Psyshock|p2a: Whiscash
|-damage|p2a: Whiscash|60/100
|
|-heal|p2a: Whiscash|66/100|[from] item: Leftovers
|upkeep
|turn|3
|
|t:|1757794559
|move|p2a: Whiscash|Surf|p1a: Hatterene
|-damage|p1a: Hatterene|74/100
|move|p1a: Hatterene|Psyshock|p2a: Whiscash
|-damage|p2a: Whiscash|23/100
|
|-heal|p2a: Whiscash|29/100|[from] item: Leftovers
|upkeep
|turn|4
|
|t:|1757794567
|move|p2a: Whiscash|Ice Beam|p1a: Hatterene
|-damage|p1a: Hatterene|64/100
|move|p1a: Hatterene|Psyshock|p2a: Whiscash
|-damage|p2a: Whiscash|0 fnt
|faint|p2a: Whiscash
|
|upkeep
|
|t:|1757794584
|switch|p2a: Sawsbuck|Sawsbuck, M|100/100
|-damage|p2a: Sawsbuck|88/100|[from] Stealth Rock
|turn|5
|
|t:|1757794592
|move|p2a: Sawsbuck|Swords Dance|p2a: Sawsbuck
|-boost|p2a: Sawsbuck|atk|2
|move|p1a: Hatterene|Mystical Fire|p2a: Sawsbuck
|-supereffective|p2a: Sawsbuck
|-damage|p2a: Sawsbuck|2/100
|-unboost|p2a: Sawsbuck|spa|1
|-enditem|p2a: Sawsbuck|Salac Berry|[eat]
|-boost|p2a: Sawsbuck|spe|1|[from] item: Salac Berry
|
|upkeep
|turn|6
|
|t:|1757794605
|switch|p1a: Ceruledge|Ceruledge, F|100/100
|move|p2a: Sawsbuck|Horn Leech|p1a: Ceruledge
|-resisted|p1a: Ceruledge
|-damage|p1a: Ceruledge|57/100
|-heal|p2a: Sawsbuck|23/100|[from] drain|[of] p1a: Ceruledge
|-ability|p1a: Ceruledge|Weak Armor|boost
|-unboost|p1a: Ceruledge|def|1
|-boost|p1a: Ceruledge|spe|2
|
|upkeep
|turn|7
|
|t:|1757794614
|move|p1a: Ceruledge|Bitter Blade|p2a: Sawsbuck
|-supereffective|p2a: Sawsbuck
|-damage|p2a: Sawsbuck|0 fnt
|-heal|p1a: Ceruledge|69/100|[from] drain|[of] p2a: Sawsbuck
|faint|p2a: Sawsbuck
|
|upkeep
|
|t:|1757794632
|switch|p2a: Meganium|Meganium, F, shiny|100/100
|-damage|p2a: Meganium|88/100|[from] Stealth Rock
|turn|8
|
|t:|1757794641
|move|p2a: Meganium|Protect|p2a: Meganium
|-singleturn|p2a: Meganium|Protect
|move|p1a: Ceruledge|Swords Dance|p1a: Ceruledge
|-boost|p1a: Ceruledge|atk|2
|
|-heal|p2a: Meganium|94/100|[from] item: Leftovers
|upkeep
|turn|9
|
|t:|1757794648
|-terastallize|p2a: Meganium|Water
|move|p1a: Ceruledge|Bitter Blade|p2a: Meganium
|-resisted|p2a: Meganium
|-damage|p2a: Meganium|53/100
|-heal|p1a: Ceruledge|94/100|[from] drain|[of] p2a: Meganium
|move|p2a: Meganium|Leech Seed|p1a: Ceruledge
|-start|p1a: Ceruledge|move: Leech Seed
|
|-heal|p2a: Meganium|59/100|[from] item: Leftovers
|-damage|p1a: Ceruledge|82/100|[from] Leech Seed|[of] p2a: Meganium
|-heal|p2a: Meganium|69/100|[silent]
|upkeep
|turn|10
|
|t:|1757794658
|move|p1a: Ceruledge|Poltergeist|p2a: Meganium
|-activate|p2a: Meganium|move: Poltergeist|Leftovers
|-damage|p2a: Meganium|0 fnt
|faint|p2a: Meganium
|
|upkeep
|
|t:|1757794662
|switch|p2a: Flareon|Flareon, F|100/100
|-damage|p2a: Flareon|76/100|[from] Stealth Rock
|turn|11
|
|t:|1757794668
|move|p2a: Flareon|Protect|p2a: Flareon
|-singleturn|p2a: Flareon|Protect
|move|p1a: Ceruledge|Poltergeist|p2a: Flareon
|-activate|p2a: Flareon|move: Protect
|
|-damage|p1a: Ceruledge|70/100|[from] Leech Seed|[of] p2a: Flareon
|-heal|p2a: Flareon|89/100|[silent]
|-status|p2a: Flareon|tox|[from] item: Toxic Orb
|upkeep
|turn|12
|
|t:|1757794678
|move|p1a: Ceruledge|Poltergeist|p2a: Flareon
|-activate|p2a: Flareon|move: Poltergeist|Toxic Orb
|-damage|p2a: Flareon|0 fnt
|faint|p2a: Flareon
|
|upkeep
|
|t:|1757794682
|switch|p2a: Sandslash|Sandslash, F|100/100
|-damage|p2a: Sandslash|94/100|[from] Stealth Rock
|turn|13
|
|t:|1757794688
|move|p1a: Ceruledge|Poltergeist|p2a: Sandslash
|-activate|p2a: Sandslash|move: Poltergeist|Assault Vest
|-damage|p2a: Sandslash|0 fnt
|faint|p2a: Sandslash
|
|upkeep
|
|t:|1757794694
|switch|p2a: Sudowoodo|Sudowoodo, F|100/100
|-damage|p2a: Sudowoodo|88/100|[from] Stealth Rock
|turn|14
|-message|jaden125 forfeited.
|
|win|Darkknight_1184
|raw|Darkknight_1184's rating: 1099 &rarr; <strong>1122</strong><br />(+23 for winning)
|raw|jaden125's rating: 1074 &rarr; <strong>1054</strong><br />(-20 for losing)
|l|☆jaden125
|player|p2|
|l|☆Darkknight_1184
|player|p1|
