|j|☆pyrotrainer kai
|j|☆Yhgdjmbgh
|t:|1757848286
|gametype|singles
|player|p1|pyrotrainer kai|170|1083
|player|p2|Yhgdjmbgh|265|1074
|gen|9
|tier|[Gen 9] OU
|rated|
|rule|HP Percentage Mod: HP is shown in percentages
|rule|Endless Battle Clause: Forcing endless battles is banned
|rule|Species Clause: Limit one of each Pokémon
|rule|OHKO Clause: OHKO moves are banned
|rule|Evasion Items Clause: Evasion items are banned
|rule|Evasion Moves Clause: Evasion moves are banned
|rule|Evasion Abilities Clause: Evasion abilities are banned
|rule|Sleep Moves Clause: Sleep-inducing moves are banned
|clearpoke
|poke|p1|Charizard, M|
|poke|p1|Pawmot, F|
|poke|p1|Squawkabilly-Yellow, M|
|poke|p1|Ceruledge, F|
|poke|p1|Kingambit, M|
|poke|p1|Empoleon, M|
|poke|p2|Gholdengo|
|poke|p2|Primarina, F|
|poke|p2|Pecharunt|
|poke|p2|Weavile, M|
|poke|p2|Excadrill, F|
|poke|p2|Blaziken, M|
|teampreview
|
|t:|1757848291
|teamsize|p1|6
|teamsize|p2|6
|start
|switch|p1a: Charizard|Charizard, M|100/100
|switch|p2a: Blaziken|Blaziken, M|100/100
|turn|1
|
|t:|1757848301
|move|p2a: Blaziken|Swords Dance|p2a: Blaziken
|-boost|p2a: Blaziken|atk|2
|move|p1a: Charizard|Fire Spin|p2a: Blaziken|[miss]
|-miss|p1a: Charizard|p2a: Blaziken
|
|-ability|p2a: Blaziken|Speed Boost|boost
|-boost|p2a: Blaziken|spe|1
|upkeep
|turn|2
|
|t:|1757848312
|move|p2a: Blaziken|Blaze Kick|p1a: Charizard
|-resisted|p1a: Charizard
|-crit|p1a: Charizard
|-damage|p1a: Charizard|40/100
|move|p1a: Charizard|Counter|p2a: Blaziken
|-enditem|p2a: Blaziken|Focus Sash
|-damage|p2a: Blaziken|1/100
|
|-ability|p2a: Blaziken|Speed Boost|boost
|-boost|p2a: Blaziken|spe|1
|upkeep
|turn|3
|
|t:|1757848322
|move|p2a: Blaziken|Blaze Kick|p1a: Charizard
|-resisted|p1a: Charizard
|-damage|p1a: Charizard|0 fnt
|faint|p1a: Charizard
|
|-ability|p2a: Blaziken|Speed Boost|boost
|-boost|p2a: Blaziken|spe|1
|upkeep
|
|t:|1757848328
|switch|p1a: Squawkabilly|Squawkabilly-Yellow, M|100/100
|turn|4
|
|t:|1757848333
|move|p1a: Squawkabilly|Quick Attack|p2a: Blaziken
|-damage|p2a: Blaziken|0 fnt
|faint|p2a: Blaziken
|
|upkeep
|
|t:|1757848339
|switch|p2a: Weavile|Weavile, M, shiny|100/100
|turn|5
|
|t:|1757848343
|move|p2a: Weavile|Ice Spinner|p1a: Squawkabilly
|-supereffective|p1a: Squawkabilly
|-damage|p1a: Squawkabilly|0 fnt
|faint|p1a: Squawkabilly
|
|upkeep
|
|t:|1757848349
|switch|p1a: Ceruledge|Ceruledge, F|100/100
|turn|6
|
|t:|1757848357
|switch|p2a: Primarina|Primarina, F|100/100
|move|p1a: Ceruledge|Bulk Up|p1a: Ceruledge
|-boost|p1a: Ceruledge|atk|1
|-boost|p1a: Ceruledge|def|1
|
|upkeep
|turn|7
|
|t:|1757848365
|move|p1a: Ceruledge|Poltergeist|p2a: Primarina
|-activate|p2a: Primarina|move: Poltergeist|Rocky Helmet
|-damage|p2a: Primarina|4/100
|move|p2a: Primarina|Sparkling Aria|p1a: Ceruledge
|-supereffective|p1a: Ceruledge
|-damage|p1a: Ceruledge|0 fnt
|faint|p1a: Ceruledge
|
|upkeep
|
|t:|1757848383
|switch|p1a: Empoleon|Empoleon, M|100/100
|turn|8
|
|t:|1757848386
|move|p2a: Primarina|Aqua Jet|p1a: Empoleon
|-resisted|p1a: Empoleon
|-damage|p1a: Empoleon|93/100
|move|p1a: Empoleon|Flip Turn|p2a: Primarina
|-resisted|p2a: Primarina
|-damage|p2a: Primarina|0 fnt
|-damage|p1a: Empoleon|77/100|[from] item: Rocky Helmet|[of] p2a: Primarina
|faint|p2a: Primarina
|
|t:|1757848394
|switch|p1a: Pawmot|Pawmot, F|100/100|[from] Flip Turn
|
|upkeep
|
|t:|1757848398
|switch|p2a: Excadrill|Excadrill, F|100/100
|turn|9
|
|t:|1757848404
|move|p2a: Excadrill|Earthquake|p1a: Pawmot
|-supereffective|p1a: Pawmot
|-damage|p1a: Pawmot|0 fnt
|faint|p1a: Pawmot
|
|upkeep
|
|t:|1757848410
|switch|p1a: Empoleon|Empoleon, M|77/100
|turn|10
|
|t:|1757848414
|-terastallize|p2a: Excadrill|Fairy
|-terastallize|p1a: Empoleon|Dragon
|move|p2a: Excadrill|Earthquake|p1a: Empoleon
|-damage|p1a: Empoleon|22/100
|move|p1a: Empoleon|Whirlpool|p2a: Excadrill
|-damage|p2a: Excadrill|78/100
|-activate|p2a: Excadrill|move: Whirlpool|[of] p1a: Empoleon
|
|-damage|p2a: Excadrill|65/100|[from] move: Whirlpool|[partiallytrapped]
|upkeep
|turn|11
|
|t:|1757848430
|move|p2a: Excadrill|Earthquake|p1a: Empoleon
|-damage|p1a: Empoleon|0 fnt
|faint|p1a: Empoleon
|
|-end|p2a: Excadrill|Whirlpool|[partiallytrapped]|[silent]
|upkeep
|
|t:|1757848434
|switch|p1a: Kingambit|Kingambit, M|100/100
|-activate|p1a: Kingambit|ability: Supreme Overlord
|-start|p1a: Kingambit|fallen5|[silent]
|turn|12
|
|t:|1757848438
|move|p2a: Excadrill|Earthquake|p1a: Kingambit
|-supereffective|p1a: Kingambit
|-damage|p1a: Kingambit|14/100
|move|p1a: Kingambit|Poison Jab|p2a: Excadrill
|-supereffective|p2a: Excadrill
|-damage|p2a: Excadrill|0 fnt
|faint|p2a: Excadrill
|
|upkeep
|
|t:|1757848447
|switch|p2a: Weavile|Weavile, M, shiny|100/100
|turn|13
|
|t:|1757848453
|move|p2a: Weavile|Ice Shard|p1a: Kingambit
|-resisted|p1a: Kingambit
|-damage|p1a: Kingambit|3/100
|move|p1a: Kingambit|Poison Jab|p2a: Weavile
|-damage|p2a: Weavile|15/100
|
|upkeep
|turn|14
|
|t:|1757848460
|move|p2a: Weavile|Ice Shard|p1a: Kingambit
|-resisted|p1a: Kingambit
|-damage|p1a: Kingambit|0 fnt
|faint|p1a: Kingambit
|-end|p1a: Kingambit|fallen5|[silent]
|
|win|Yhgdjmbgh
|raw|pyrotrainer kai's rating: 1083 &rarr; <strong>1060</strong><br />(-23 for losing)
|raw|Yhgdjmbgh's rating: 1074 &rarr; <strong>1104</strong><br />(+30 for winning)
|l|☆Yhgdjmbgh
|player|p2|
|l|☆pyrotrainer kai
|player|p1|
