|j|☆Pokemon of Color
|j|☆Jus4funsies
|t:|1757816180
|gametype|singles
|player|p1|Pokemon of Color|1|1390
|player|p2|Jus4funsies|teamrocket|1420
|gen|9
|tier|[Gen 9] OU
|rated|
|rule|HP Percentage Mod: HP is shown in percentages
|rule|Endless Battle Clause: Forcing endless battles is banned
|rule|Species Clause: Limit one of each Pokémon
|rule|OHKO Clause: OHKO moves are banned
|rule|Evasion Items Clause: Evasion items are banned
|rule|Evasion Moves Clause: Evasion moves are banned
|rule|Evasion Abilities Clause: Evasion abilities are banned
|rule|Sleep Moves Clause: Sleep-inducing moves are banned
|clearpoke
|poke|p1|Slowking-Galar, M|
|poke|p1|Great Tusk|
|poke|p1|Ceruledge, M|
|poke|p1|Articuno-Galar|
|poke|p1|Goodra-Hisui, F|
|poke|p1|Cloyster, F|
|poke|p2|Samurott-Hisui, F|
|poke|p2|Gholdengo|
|poke|p2|Great Tusk|
|poke|p2|Raging Bolt|
|poke|p2|Dragonite, F|
|poke|p2|Kingambit, M|
|teampreview
|inactive|Battle timer is ON: inactive players will automatically lose when time's up. (requested by Pokemon of Color)
|
|t:|1757816195
|teamsize|p1|6
|teamsize|p2|6
|start
|switch|p1a: Cloyster|Cloyster, F|100/100
|switch|p2a: Samurott|Samurott-Hisui, F|100/100
|turn|1
|c|☆Jus4funsies|Im seeing a color coordination here
|
|t:|1757816208
|move|p2a: Samurott|Taunt|p1a: Cloyster
|-start|p1a: Cloyster|move: Taunt
|cant|p1a: Cloyster|move: Taunt|Shell Smash
|
|upkeep
|turn|2
|c|☆Jus4funsies|Oh wait i played you before!
|c|☆Jus4funsies|Is this ur gimmick
|
|t:|1757816235
|switch|p1a: Great Tusk|Great Tusk|100/100
|move|p2a: Samurott|Ceaseless Edge|p1a: Great Tusk
|-resisted|p1a: Great Tusk
|-damage|p1a: Great Tusk|85/100
|-sidestart|p1: Pokemon of Color|Spikes
|
|upkeep
|turn|3
|
|t:|1757816248
|move|p2a: Samurott|Razor Shell|p1a: Great Tusk
|-supereffective|p1a: Great Tusk
|-damage|p1a: Great Tusk|10/100
|-unboost|p1a: Great Tusk|def|1
|move|p1a: Great Tusk|Earthquake|p2a: Samurott
|-damage|p2a: Samurott|33/100
|
|upkeep
|turn|4
|
|t:|1757816259
|move|p2a: Samurott|Sucker Punch|p1a: Great Tusk
|-resisted|p1a: Great Tusk
|-damage|p1a: Great Tusk|0 fnt
|faint|p1a: Great Tusk
|-end|p1a: Great Tusk|Protosynthesis|[silent]
|
|upkeep
|inactive|Pokemon of Color has 120 seconds left.
|c|☆Jus4funsies|I need to start taunting more
|inactive|Pokemon of Color has 90 seconds left.
|
|t:|1757816299
|switch|p1a: Cloyster|Cloyster, F|100/100
|-damage|p1a: Cloyster|88/100|[from] Spikes
|turn|5
|
|t:|1757816307
|move|p2a: Samurott|Taunt|p1a: Cloyster
|-start|p1a: Cloyster|move: Taunt
|cant|p1a: Cloyster|move: Taunt|Shell Smash
|
|upkeep
|turn|6
|
|t:|1757816312
|move|p2a: Samurott|Ceaseless Edge|p1a: Cloyster
|-damage|p1a: Cloyster|53/100
|-sidestart|p1: Pokemon of Color|Spikes
|move|p1a: Cloyster|Icicle Spear|p2a: Samurott
|-resisted|p2a: Samurott
|-damage|p2a: Samurott|25/100
|-resisted|p2a: Samurott
|-damage|p2a: Samurott|18/100
|-resisted|p2a: Samurott
|-damage|p2a: Samurott|10/100
|-resisted|p2a: Samurott
|-damage|p2a: Samurott|2/100
|-resisted|p2a: Samurott
|-damage|p2a: Samurott|0 fnt
|faint|p2a: Samurott
|-hitcount|p2: Samurott|5
|
|upkeep
|
|t:|1757816326
|switch|p2a: Gholdengo|Gholdengo, shiny|100/100
|-item|p2a: Gholdengo|Air Balloon
|turn|7
|
|t:|1757816342
|switch|p1a: Goodra|Goodra-Hisui, F|100/100
|-damage|p1a: Goodra|84/100|[from] Spikes
|move|p2a: Gholdengo|Shadow Ball|p1a: Goodra
|-damage|p1a: Goodra|65/100
|
|upkeep
|turn|8
|
|t:|1757816355
|switch|p2a: Great Tusk|Great Tusk|100/100
|move|p1a: Goodra|Flamethrower|p2a: Great Tusk
|-damage|p2a: Great Tusk|60/100
|
|upkeep
|turn|9
|
|t:|1757816362
|switch|p1a: Articuno|Articuno-Galar|100/100
|move|p2a: Great Tusk|Headlong Rush|p1a: Articuno
|-immune|p1a: Articuno
|
|upkeep
|turn|10
|
|t:|1757816385
|move|p2a: Great Tusk|Knock Off|p1a: Articuno
|-supereffective|p1a: Articuno
|-damage|p1a: Articuno|61/100
|-enditem|p1a: Articuno|Weakness Policy
|-boost|p1a: Articuno|atk|2|[from] item: Weakness Policy
|-boost|p1a: Articuno|spa|2|[from] item: Weakness Policy
|move|p1a: Articuno|Calm Mind|p1a: Articuno
|-boost|p1a: Articuno|spa|1
|-boost|p1a: Articuno|spd|1
|
|upkeep
|turn|11
|
|t:|1757816400
|move|p2a: Great Tusk|Ice Spinner|p1a: Articuno
|-supereffective|p1a: Articuno
|-damage|p1a: Articuno|30/100
|move|p1a: Articuno|Agility|p1a: Articuno
|-boost|p1a: Articuno|spe|2
|
|upkeep
|turn|12
|
|t:|1757816411
|move|p1a: Articuno|Stored Power|p2a: Great Tusk
|-supereffective|p2a: Great Tusk
|-damage|p2a: Great Tusk|0 fnt
|faint|p2a: Great Tusk
|-end|p2a: Great Tusk|Protosynthesis|[silent]
|
|upkeep
|
|t:|1757816418
|switch|p2a: Dragonite|Dragonite, F|100/100
|turn|13
|
|t:|1757816425
|move|p2a: Dragonite|Extreme Speed|p1a: Articuno
|-damage|p1a: Articuno|9/100
|move|p1a: Articuno|Stored Power|p2a: Dragonite
|-damage|p2a: Dragonite|4/100
|
|upkeep
|turn|14
|inactive|Pokemon of Color has 120 seconds left.
|
|t:|1757816434
|move|p2a: Dragonite|Extreme Speed|p1a: Articuno
|-damage|p1a: Articuno|0 fnt
|faint|p1a: Articuno
|
|upkeep
|c|☆Jus4funsies|Woaa
|inactive|Pokemon of Color has 120 seconds left.
|
|t:|1757816440
|switch|p1a: Cloyster|Cloyster, F|53/100
|-damage|p1a: Cloyster|36/100|[from] Spikes
|turn|15
|
|t:|1757816449
|-terastallize|p2a: Dragonite|Normal
|move|p2a: Dragonite|Extreme Speed|p1a: Cloyster
|-damage|p1a: Cloyster|0 fnt
|faint|p1a: Cloyster
|
|upkeep
|
|t:|1757816456
|switch|p1a: Ceruledge|Ceruledge, M|100/100
|-damage|p1a: Ceruledge|84/100|[from] Spikes
|turn|16
|c|☆Jus4funsies|Close ash
|
|t:|1757816470
|move|p2a: Dragonite|Earthquake|p1a: Ceruledge
|-supereffective|p1a: Ceruledge
|-damage|p1a: Ceruledge|0 fnt
|faint|p1a: Ceruledge
|
|upkeep
|inactive|Pokemon of Color has 120 seconds left.
|c|☆Jus4funsies|Yo i like u man
|
|t:|1757816485
|switch|p1a: Slowking|Slowking-Galar, M|100/100
|-damage|p1a: Slowking|84/100|[from] Spikes
|turn|17
|c|☆Jus4funsies|U should talk more
|inactive|Pokemon of Color has 120 seconds left.
|c|☆Jus4funsies|I really like how u team build with a color
|
|t:|1757816499
|-terastallize|p1a: Slowking|Flying
|move|p2a: Dragonite|Earthquake|p1a: Slowking
|-immune|p1a: Slowking
|move|p1a: Slowking|Sludge Bomb|p2a: Dragonite
|-damage|p2a: Dragonite|0 fnt
|faint|p2a: Dragonite
|
|upkeep
|
|t:|1757816502
|switch|p2a: Raging Bolt|Raging Bolt|100/100
|-enditem|p2a: Raging Bolt|Booster Energy
|-activate|p2a: Raging Bolt|ability: Protosynthesis|[fromitem]
|-start|p2a: Raging Bolt|protosynthesisspa
|turn|18
|
|t:|1757816513
|move|p2a: Raging Bolt|Thunderbolt|p1a: Slowking
|-supereffective|p1a: Slowking
|-damage|p1a: Slowking|13/100
|move|p1a: Slowking|Sludge Bomb|p2a: Raging Bolt
|-damage|p2a: Raging Bolt|60/100
|
|upkeep
|turn|19
|
|t:|1757816520
|move|p2a: Raging Bolt|Dragon Pulse|p1a: Slowking
|-damage|p1a: Slowking|0 fnt
|faint|p1a: Slowking
|
|upkeep
|
|t:|1757816525
|switch|p1a: Goodra|Goodra-Hisui, F|65/100
|-damage|p1a: Goodra|49/100|[from] Spikes
|turn|20
|
|t:|1757816534
|move|p2a: Raging Bolt|Dragon Pulse|p1a: Goodra
|-damage|p1a: Goodra|21/100
|move|p1a: Goodra|Dragon Pulse|p2a: Raging Bolt
|-supereffective|p2a: Raging Bolt
|-damage|p2a: Raging Bolt|0 fnt
|faint|p2a: Raging Bolt
|-end|p2a: Raging Bolt|Protosynthesis|[silent]
|
|upkeep
|
|t:|1757816540
|switch|p2a: Gholdengo|Gholdengo, shiny|100/100
|-item|p2a: Gholdengo|Air Balloon
|turn|21
|
|t:|1757816546
|move|p2a: Gholdengo|Shadow Ball|p1a: Goodra
|-damage|p1a: Goodra|3/100
|move|p1a: Goodra|Flamethrower|p2a: Gholdengo
|-supereffective|p2a: Gholdengo
|-damage|p2a: Gholdengo|29/100
|-enditem|p2a: Gholdengo|Air Balloon
|
|upkeep
|turn|22
|
|t:|1757816554
|move|p2a: Gholdengo|Shadow Ball|p1a: Goodra
|-damage|p1a: Goodra|0 fnt
|faint|p1a: Goodra
|
|win|Jus4funsies
|raw|Pokemon of Color's rating: 1390 &rarr; <strong>1372</strong><br />(-18 for losing)
|raw|Jus4funsies's rating: 1420 &rarr; <strong>1438</strong><br />(+18 for winning)
|l|☆Pokemon of Color
|player|p1|
|c|☆Jus4funsies|gg
