|j|☆sudks
|j|☆enormouschilli
|t:|1757938136
|gametype|singles
|player|p1|sudks|101|1427
|player|p2|enormouschilli|101|1386
|gen|9
|tier|[Gen 9] OU
|rated|
|rule|HP Percentage Mod: HP is shown in percentages
|rule|Endless Battle Clause: Forcing endless battles is banned
|rule|Species Clause: Limit one of each Pokémon
|rule|OHKO Clause: OHKO moves are banned
|rule|Evasion Items Clause: Evasion items are banned
|rule|Evasion Moves Clause: Evasion moves are banned
|rule|Evasion Abilities Clause: Evasion abilities are banned
|rule|Sleep Moves Clause: Sleep-inducing moves are banned
|clearpoke
|poke|p1|Ninetales, F|
|poke|p1|Venusaur, F|
|poke|p1|Raging Bolt|
|poke|p1|Great Tusk|
|poke|p1|Kingambit, M|
|poke|p1|Iron Crown|
|poke|p2|Zamazenta-*|
|poke|p2|Glimmora, F|
|poke|p2|Meowscarada, M|
|poke|p2|Gholdengo|
|poke|p2|Ting-Lu|
|poke|p2|Hydrapple, F|
|teampreview
|inactive|Battle timer is ON: inactive players will automatically lose when time's up. (requested by enormouschilli)
|
|t:|1757938152
|teamsize|p1|6
|teamsize|p2|6
|start
|switch|p1a: Great Tusk|Great Tusk|100/100
|switch|p2a: Glimmora|Glimmora, F|100/100
|turn|1
|
|t:|1757938163
|move|p2a: Glimmora|Stealth Rock|p1a: Great Tusk
|-sidestart|p1: sudks|move: Stealth Rock
|move|p1a: Great Tusk|Close Combat|p2a: Glimmora
|-damage|p2a: Glimmora|27/100
|-unboost|p1a: Great Tusk|def|1
|-unboost|p1a: Great Tusk|spd|1
|-activate|p2a: Glimmora|ability: Toxic Debris
|-sidestart|p1: sudks|move: Toxic Spikes
|
|upkeep
|turn|2
|
|t:|1757938180
|-terastallize|p2a: Glimmora|Ghost
|move|p2a: Glimmora|Earth Power|p1a: Great Tusk
|-damage|p1a: Great Tusk|60/100
|move|p1a: Great Tusk|Rapid Spin|p2a: Glimmora
|-immune|p2a: Glimmora
|
|upkeep
|turn|3
|
|t:|1757938194
|move|p2a: Glimmora|Earth Power|p1a: Great Tusk
|-damage|p1a: Great Tusk|15/100
|move|p1a: Great Tusk|Knock Off|p2a: Glimmora
|-supereffective|p2a: Glimmora
|-damage|p2a: Glimmora|0 fnt
|-activate|p2a: Glimmora|ability: Toxic Debris
|-sidestart|p1: sudks|move: Toxic Spikes
|-enditem|p2a: Glimmora|Focus Sash|[from] move: Knock Off|[of] p1a: Great Tusk
|faint|p2a: Glimmora
|
|upkeep
|inactive|enormouschilli has 120 seconds left.
|
|t:|1757938219
|switch|p2a: Meowscarada|Meowscarada, M|100/100
|turn|4
|
|t:|1757938225
|-end|p1a: Great Tusk|Protosynthesis|[silent]
|switch|p1a: Venusaur|Venusaur, F|100/100
|-damage|p1a: Venusaur|88/100|[from] Stealth Rock
|-sideend|p1: sudks|move: Toxic Spikes|[of] p1a: Venusaur
|move|p2a: Meowscarada|Flower Trick|p1a: Venusaur
|-start|p2a: Meowscarada|typechange|Grass|[from] ability: Protean
|-resisted|p1a: Venusaur
|-crit|p1a: Venusaur
|-damage|p1a: Venusaur|72/100
|
|upkeep
|turn|5
|
|t:|1757938242
|switch|p2a: Ting-Lu|Ting-Lu|100/100
|-ability|p2a: Ting-Lu|Vessel of Ruin
|switch|p1a: Ninetales|Ninetales, F|100/100
|-damage|p1a: Ninetales|76/100|[from] Stealth Rock
|-weather|SunnyDay|[from] ability: Drought|[of] p1a: Ninetales
|
|-weather|SunnyDay|[upkeep]
|upkeep
|turn|6
|
|t:|1757938254
|move|p1a: Ninetales|Energy Ball|p2a: Ting-Lu
|-supereffective|p2a: Ting-Lu
|-damage|p2a: Ting-Lu|81/100
|move|p2a: Ting-Lu|Earthquake|p1a: Ninetales
|-supereffective|p1a: Ninetales
|-damage|p1a: Ninetales|0 fnt
|faint|p1a: Ninetales
|
|-weather|SunnyDay|[upkeep]
|-heal|p2a: Ting-Lu|87/100|[from] item: Leftovers
|upkeep
|
|t:|1757938274
|switch|p1a: Venusaur|Venusaur, F|72/100
|-damage|p1a: Venusaur|60/100|[from] Stealth Rock
|turn|7
|
|t:|1757938293
|move|p1a: Venusaur|Growth|p1a: Venusaur
|-boost|p1a: Venusaur|atk|2
|-boost|p1a: Venusaur|spa|2
|move|p2a: Ting-Lu|Ruination|p1a: Venusaur
|-damage|p1a: Venusaur|30/100
|
|-weather|SunnyDay|[upkeep]
|-heal|p2a: Ting-Lu|93/100|[from] item: Leftovers
|upkeep
|turn|8
|
|t:|1757938302
|move|p1a: Venusaur|Giga Drain|p2a: Ting-Lu
|-supereffective|p2a: Ting-Lu
|-damage|p2a: Ting-Lu|17/100
|-heal|p1a: Venusaur|96/100|[from] drain|[of] p2a: Ting-Lu
|-damage|p1a: Venusaur|86/100|[from] item: Life Orb
|move|p2a: Ting-Lu|Earthquake|p1a: Venusaur
|-damage|p1a: Venusaur|38/100
|
|-weather|SunnyDay|[upkeep]
|-heal|p2a: Ting-Lu|23/100|[from] item: Leftovers
|upkeep
|turn|9
|
|t:|1757938321
|move|p1a: Venusaur|Giga Drain|p2a: Ting-Lu
|-supereffective|p2a: Ting-Lu
|-damage|p2a: Ting-Lu|0 fnt
|-heal|p1a: Venusaur|58/100|[from] drain|[of] p2a: Ting-Lu
|faint|p2a: Ting-Lu
|-damage|p1a: Venusaur|48/100|[from] item: Life Orb
|
|-weather|SunnyDay|[upkeep]
|upkeep
|
|t:|1757938324
|switch|p2a: Meowscarada|Meowscarada, M|100/100
|turn|10
|l|☆sudks
|inactive|sudks disconnected and has a minute to reconnect!
|player|p1|
|inactive|sudks has 30 seconds to reconnect!
|inactive|sudks has 20 seconds to reconnect!
|inactive|sudks has 15 seconds to reconnect!
|inactive|sudks has 10 seconds to reconnect!
|inactive|sudks has 5 seconds to reconnect!
|-message|sudks lost due to inactivity.
|
|win|enormouschilli
|raw|sudks's rating: 1427 &rarr; <strong>1405</strong><br />(-22 for losing)
|raw|enormouschilli's rating: 1386 &rarr; <strong>1408</strong><br />(+22 for winning)
|j|☆sudks
|player|p1|sudks|101|
|l|☆enormouschilli
|player|p2|
|l|☆sudks
|player|p1|
