|j|☆SamiFawad
|j|☆Trumpontop
|t:|1757846497
|gametype|singles
|player|p1|SamiFawad|265|1432
|player|p2|Trumpontop|psychic-gen4|1403
|gen|9
|tier|[Gen 9] OU
|rated|
|rule|HP Percentage Mod: HP is shown in percentages
|rule|Endless Battle Clause: Forcing endless battles is banned
|rule|Species Clause: Limit one of each Pokémon
|rule|OHKO Clause: OHKO moves are banned
|rule|Evasion Items Clause: Evasion items are banned
|rule|Evasion Moves Clause: Evasion moves are banned
|rule|Evasion Abilities Clause: Evasion abilities are banned
|rule|Sleep Moves Clause: Sleep-inducing moves are banned
|clearpoke
|poke|p1|Slowking-Galar, M|
|poke|p1|Pecharunt|
|poke|p1|Ogerpon-Cornerstone, F|
|poke|p1|Samurott-Hisui, M|
|poke|p1|Hoopa-Unbound|
|poke|p1|Great Tusk|
|poke|p2|Pelipper, M|
|poke|p2|Iron Treads|
|poke|p2|Hatterene, F|
|poke|p2|Toxicroak, M|
|poke|p2|Barraskewda, F|
|poke|p2|Talonflame, M|
|teampreview
|inactive|Battle timer is ON: inactive players will automatically lose when time's up. (requested by Trumpontop)
|
|t:|1757846513
|teamsize|p1|6
|teamsize|p2|6
|start
|switch|p1a: Ogerpon|Ogerpon-Cornerstone, F|100/100
|switch|p2a: Pelipper|Pelipper, M|100/100
|-weather|RainDance|[from] ability: Drizzle|[of] p2a: Pelipper
|turn|1
|
|t:|1757846517
|switch|p2a: Toxicroak|Toxicroak, M|100/100
|move|p1a: Ogerpon|Ivy Cudgel|p2a: Toxicroak|[anim] Ivy Cudgel Rock
|-resisted|p2a: Toxicroak
|-damage|p2a: Toxicroak|75/100
|
|-weather|RainDance|[upkeep]
|-heal|p2a: Toxicroak|88/100|[from] ability: Dry Skin
|upkeep
|turn|2
|
|t:|1757846521
|switch|p1a: Pecharunt|Pecharunt|100/100
|move|p2a: Toxicroak|Knock Off|p1a: Pecharunt
|-supereffective|p1a: Pecharunt
|-damage|p1a: Pecharunt|71/100
|-damage|p2a: Toxicroak|71/100|[from] item: Rocky Helmet|[of] p1a: Pecharunt
|-enditem|p1a: Pecharunt|Rocky Helmet|[from] move: Knock Off|[of] p2a: Toxicroak
|
|-weather|RainDance|[upkeep]
|-heal|p2a: Toxicroak|83/100|[from] ability: Dry Skin
|upkeep
|turn|3
|
|t:|1757846529
|switch|p2a: Iron Treads|Iron Treads|100/100
|move|p1a: Pecharunt|Shadow Ball|p2a: Iron Treads
|-damage|p2a: Iron Treads|73/100
|
|-weather|RainDance|[upkeep]
|-heal|p2a: Iron Treads|79/100|[from] item: Leftovers
|upkeep
|turn|4
|
|t:|1757846534
|move|p2a: Iron Treads|Stealth Rock|p1a: Pecharunt
|-sidestart|p1: SamiFawad|move: Stealth Rock
|move|p1a: Pecharunt|Parting Shot|p2a: Iron Treads
|-unboost|p2a: Iron Treads|atk|1
|-unboost|p2a: Iron Treads|spa|1
|
|t:|1757846537
|switch|p1a: Samurott|Samurott-Hisui, M|100/100|[from] Parting Shot
|-damage|p1a: Samurott|88/100|[from] Stealth Rock
|
|-weather|RainDance|[upkeep]
|-heal|p2a: Iron Treads|86/100|[from] item: Leftovers
|upkeep
|turn|5
|
|t:|1757846540
|-end|p2a: Iron Treads|Quark Drive|[silent]
|switch|p2a: Toxicroak|Toxicroak, M|83/100
|move|p1a: Samurott|Ceaseless Edge|p2a: Toxicroak
|-resisted|p2a: Toxicroak
|-damage|p2a: Toxicroak|63/100
|-damage|p1a: Samurott|72/100|[from] item: Rocky Helmet|[of] p2a: Toxicroak
|-sidestart|p2: Trumpontop|Spikes
|
|-weather|RainDance|[upkeep]
|-heal|p2a: Toxicroak|76/100|[from] ability: Dry Skin
|upkeep
|turn|6
|
|t:|1757846550
|switch|p1a: Pecharunt|Pecharunt|71/100
|-damage|p1a: Pecharunt|59/100|[from] Stealth Rock
|switch|p2a: Iron Treads|Iron Treads|86/100
|-damage|p2a: Iron Treads|73/100|[from] Spikes
|
|-weather|RainDance|[upkeep]
|-heal|p2a: Iron Treads|79/100|[from] item: Leftovers
|upkeep
|turn|7
|
|t:|1757846553
|move|p2a: Iron Treads|Earthquake|p1a: Pecharunt
|-supereffective|p1a: Pecharunt
|-damage|p1a: Pecharunt|14/100
|move|p1a: Pecharunt|Recover|p1a: Pecharunt
|-heal|p1a: Pecharunt|64/100
|
|-weather|RainDance|[upkeep]
|-heal|p2a: Iron Treads|86/100|[from] item: Leftovers
|upkeep
|turn|8
|
|t:|1757846558
|move|p2a: Iron Treads|Earthquake|p1a: Pecharunt
|-supereffective|p1a: Pecharunt
|-damage|p1a: Pecharunt|19/100
|move|p1a: Pecharunt|Recover|p1a: Pecharunt
|-heal|p1a: Pecharunt|69/100
|
|-weather|none
|-heal|p2a: Iron Treads|92/100|[from] item: Leftovers
|upkeep
|turn|9
|
|t:|1757846569
|switch|p1a: Great Tusk|Great Tusk|100/100
|-damage|p1a: Great Tusk|98/100|[from] Stealth Rock
|move|p2a: Iron Treads|Volt Switch|p1a: Great Tusk
|-immune|p1a: Great Tusk
|
|-heal|p2a: Iron Treads|98/100|[from] item: Leftovers
|upkeep
|turn|10
|
|t:|1757846575
|-end|p2a: Iron Treads|Quark Drive|[silent]
|switch|p2a: Hatterene|Hatterene, F|100/100
|-damage|p2a: Hatterene|88/100|[from] Spikes
|move|p1a: Great Tusk|Knock Off|p2a: Hatterene
|-damage|p2a: Hatterene|65/100
|-enditem|p2a: Hatterene|Eject Button|[from] move: Knock Off|[of] p1a: Great Tusk
|
|upkeep
|turn|11
|
|t:|1757846582
|-end|p1a: Great Tusk|Protosynthesis|[silent]
|switch|p1a: Pecharunt|Pecharunt|69/100
|-damage|p1a: Pecharunt|57/100|[from] Stealth Rock
|move|p2a: Hatterene|Psychic Noise|p1a: Pecharunt
|-supereffective|p1a: Pecharunt
|-damage|p1a: Pecharunt|0 fnt
|faint|p1a: Pecharunt
|
|upkeep
|
|t:|1757846594
|switch|p1a: Ogerpon|Ogerpon-Cornerstone, F|100/100
|-damage|p1a: Ogerpon|88/100|[from] Stealth Rock
|turn|12
|
|t:|1757846599
|move|p1a: Ogerpon|Ivy Cudgel|p2a: Hatterene|[anim] Ivy Cudgel Rock
|-crit|p2a: Hatterene
|-damage|p2a: Hatterene|0 fnt
|faint|p2a: Hatterene
|
|upkeep
|
|t:|1757846602
|switch|p2a: Pelipper|Pelipper, M|100/100
|-weather|RainDance|[from] ability: Drizzle|[of] p2a: Pelipper
|turn|13
|
|t:|1757846606
|switch|p2a: Toxicroak|Toxicroak, M|76/100
|-damage|p2a: Toxicroak|63/100|[from] Spikes
|move|p1a: Ogerpon|Ivy Cudgel|p2a: Toxicroak|[anim] Ivy Cudgel Rock
|-resisted|p2a: Toxicroak
|-damage|p2a: Toxicroak|38/100
|
|-weather|RainDance|[upkeep]
|-heal|p2a: Toxicroak|50/100|[from] ability: Dry Skin
|upkeep
|turn|14
|
|t:|1757846617
|switch|p1a: Great Tusk|Great Tusk|98/100
|-damage|p1a: Great Tusk|95/100|[from] Stealth Rock
|move|p2a: Toxicroak|Drain Punch|p1a: Great Tusk
|-damage|p1a: Great Tusk|82/100
|-heal|p2a: Toxicroak|58/100|[from] drain|[of] p1a: Great Tusk
|-damage|p2a: Toxicroak|41/100|[from] item: Rocky Helmet|[of] p1a: Great Tusk
|
|-weather|RainDance|[upkeep]
|-heal|p2a: Toxicroak|53/100|[from] ability: Dry Skin
|upkeep
|turn|15
|
|t:|1757846624
|move|p1a: Great Tusk|Rapid Spin|p2a: Toxicroak
|-damage|p2a: Toxicroak|41/100
|-boost|p1a: Great Tusk|spe|1
|-damage|p1a: Great Tusk|65/100|[from] item: Rocky Helmet|[of] p2a: Toxicroak
|-sideend|p1: SamiFawad|Stealth Rock|[from] move: Rapid Spin|[of] p1a: Great Tusk
|move|p2a: Toxicroak|Toxic|p1a: Great Tusk
|-status|p1a: Great Tusk|tox
|
|-weather|RainDance|[upkeep]
|-heal|p2a: Toxicroak|53/100|[from] ability: Dry Skin
|-damage|p1a: Great Tusk|59/100 tox|[from] psn
|upkeep
|turn|16
|
|t:|1757846630
|switch|p2a: Pelipper|Pelipper, M|100/100
|move|p1a: Great Tusk|Earthquake|p2a: Pelipper
|-immune|p2a: Pelipper
|
|-weather|RainDance|[upkeep]
|-damage|p1a: Great Tusk|47/100 tox|[from] psn
|upkeep
|turn|17
|
|t:|1757846634
|move|p1a: Great Tusk|Stealth Rock|p2a: Pelipper
|-sidestart|p2: Trumpontop|move: Stealth Rock
|move|p2a: Pelipper|U-turn|p1a: Great Tusk
|-resisted|p1a: Great Tusk
|-damage|p1a: Great Tusk|44/100 tox
|-damage|p2a: Pelipper|84/100|[from] item: Rocky Helmet|[of] p1a: Great Tusk
|
|t:|1757846639
|switch|p2a: Barraskewda|Barraskewda, F|100/100|[from] U-turn
|-damage|p2a: Barraskewda|88/100|[from] Spikes
|-damage|p2a: Barraskewda|76/100|[from] Stealth Rock
|
|-weather|RainDance|[upkeep]
|-damage|p1a: Great Tusk|26/100 tox|[from] psn
|upkeep
|turn|18
|
|t:|1757846643
|move|p2a: Barraskewda|Flip Turn|p1a: Great Tusk
|-supereffective|p1a: Great Tusk
|-damage|p1a: Great Tusk|0 fnt
|-damage|p2a: Barraskewda|60/100|[from] item: Rocky Helmet|[of] p1a: Great Tusk
|faint|p1a: Great Tusk
|-end|p1a: Great Tusk|Protosynthesis|[silent]
|
|t:|1757846651
|switch|p2a: Iron Treads|Iron Treads|98/100|[from] Flip Turn
|-damage|p2a: Iron Treads|86/100|[from] Spikes
|-damage|p2a: Iron Treads|83/100|[from] Stealth Rock
|
|-weather|RainDance|[upkeep]
|-heal|p2a: Iron Treads|89/100|[from] item: Leftovers
|upkeep
|
|t:|1757846662
|switch|p1a: Hoopa|Hoopa-Unbound|100/100
|turn|19
|
|t:|1757846665
|-terastallize|p1a: Hoopa|Fighting
|move|p1a: Hoopa|Tera Blast|p2a: Iron Treads|[anim] Tera Blast Fighting
|-supereffective|p2a: Iron Treads
|-damage|p2a: Iron Treads|7/100
|move|p2a: Iron Treads|Rapid Spin|p1a: Hoopa
|-damage|p1a: Hoopa|77/100
|-boost|p2a: Iron Treads|spe|1
|-sideend|p2: Trumpontop|Spikes|[from] move: Rapid Spin|[of] p2a: Iron Treads
|-sideend|p2: Trumpontop|Stealth Rock|[from] move: Rapid Spin|[of] p2a: Iron Treads
|
|-weather|RainDance|[upkeep]
|-heal|p2a: Iron Treads|13/100|[from] item: Leftovers
|upkeep
|turn|20
|
|t:|1757846689
|switch|p1a: Samurott|Samurott-Hisui, M|72/100
|move|p2a: Iron Treads|Earthquake|p1a: Samurott
|-damage|p1a: Samurott|26/100
|
|-weather|none
|-heal|p2a: Iron Treads|20/100|[from] item: Leftovers
|upkeep
|turn|21
|
|t:|1757846692
|move|p1a: Samurott|Sucker Punch|p2a: Iron Treads
|-damage|p2a: Iron Treads|0 fnt
|faint|p2a: Iron Treads
|-end|p2a: Iron Treads|Quark Drive|[silent]
|
|upkeep
|
|t:|1757846694
|switch|p2a: Pelipper|Pelipper, M|84/100
|-weather|RainDance|[from] ability: Drizzle|[of] p2a: Pelipper
|turn|22
|
|t:|1757846697
|move|p1a: Samurott|Ceaseless Edge|p2a: Pelipper
|-damage|p2a: Pelipper|40/100
|-sidestart|p2: Trumpontop|Spikes
|move|p2a: Pelipper|U-turn|p1a: Samurott
|-supereffective|p1a: Samurott
|-damage|p1a: Samurott|5/100
|
|t:|1757846700
|switch|p2a: Talonflame|Talonflame, M|100/100|[from] U-turn
|
|-weather|RainDance|[upkeep]
|upkeep
|turn|23
|
|t:|1757846708
|switch|p1a: Slowking|Slowking-Galar, M|100/100
|move|p2a: Talonflame|Hurricane|p1a: Slowking
|-damage|p1a: Slowking|63/100
|-start|p1a: Slowking|confusion
|
|-weather|RainDance|[upkeep]
|upkeep
|turn|24
|
|t:|1757846716
|-terastallize|p2a: Talonflame|Flying
|move|p2a: Talonflame|Hurricane|p1a: Slowking
|-damage|p1a: Slowking|19/100
|-activate|p1a: Slowking|confusion
|move|p1a: Slowking|Future Sight|p2a: Talonflame
|-start|p1a: Slowking|move: Future Sight
|
|-weather|RainDance|[upkeep]
|upkeep
|turn|25
|
|t:|1757846724
|switch|p1a: Hoopa|Hoopa-Unbound, tera:Fighting|77/100
|move|p2a: Talonflame|Hurricane|p1a: Hoopa
|-supereffective|p1a: Hoopa
|-damage|p1a: Hoopa|0 fnt
|faint|p1a: Hoopa
|
|-weather|RainDance|[upkeep]
|upkeep
|
|t:|1757846728
|switch|p1a: Ogerpon|Ogerpon-Cornerstone, F|88/100
|turn|26
|
|t:|1757846736
|switch|p2a: Toxicroak|Toxicroak, M|53/100
|-damage|p2a: Toxicroak|41/100|[from] Spikes
|move|p1a: Ogerpon|Ivy Cudgel|p2a: Toxicroak|[anim] Ivy Cudgel Rock
|-resisted|p2a: Toxicroak
|-damage|p2a: Toxicroak|15/100
|
|-weather|RainDance|[upkeep]
|-heal|p2a: Toxicroak|28/100|[from] ability: Dry Skin
|-end|p2a: Toxicroak|move: Future Sight
|-supereffective|p2a: Toxicroak
|-damage|p2a: Toxicroak|0 fnt
|faint|p2a: Toxicroak
|upkeep
|
|t:|1757846738
|switch|p2a: Barraskewda|Barraskewda, F|60/100
|-damage|p2a: Barraskewda|48/100|[from] Spikes
|turn|27
|
|t:|1757846748
|move|p2a: Barraskewda|Liquidation|p1a: Ogerpon
|-damage|p1a: Ogerpon|0 fnt
|faint|p1a: Ogerpon
|
|-weather|RainDance|[upkeep]
|upkeep
|
|t:|1757846751
|switch|p1a: Samurott|Samurott-Hisui, M|5/100
|turn|28
|
|t:|1757846755
|switch|p2a: Pelipper|Pelipper, M|40/100
|move|p1a: Samurott|Sucker Punch||[still]
|-fail|p1a: Samurott
|
|-weather|RainDance|[upkeep]
|upkeep
|turn|29
|
|t:|1757846758
|move|p1a: Samurott|Ceaseless Edge|p2a: Pelipper
|-damage|p2a: Pelipper|0 fnt
|-sidestart|p2: Trumpontop|Spikes
|faint|p2a: Pelipper
|
|-weather|none
|upkeep
|
|t:|1757846761
|switch|p2a: Talonflame|Talonflame, M, tera:Flying|100/100
|turn|30
|
|t:|1757846766
|move|p2a: Talonflame|Hurricane|p1a: Samurott|[miss]
|-miss|p2a: Talonflame|p1a: Samurott
|move|p1a: Samurott|Sucker Punch||[still]
|-fail|p1a: Samurott
|
|upkeep
|turn|31
|
|t:|1757846769
|move|p2a: Talonflame|Hurricane|p1a: Samurott
|-crit|p1a: Samurott
|-damage|p1a: Samurott|0 fnt
|faint|p1a: Samurott
|
|upkeep
|
|t:|1757846770
|switch|p1a: Slowking|Slowking-Galar, M|52/100
|turn|32
|-message|SamiFawad forfeited.
|
|win|Trumpontop
|raw|SamiFawad's rating: 1432 &rarr; <strong>1410</strong><br />(-22 for losing)
|raw|Trumpontop's rating: 1403 &rarr; <strong>1425</strong><br />(+22 for winning)
|l|☆SamiFawad
|player|p1|
