|j|☆zast3133
|j|☆RobLaxxxxx
|t:|1757938793
|gametype|singles
|player|p1|zast3133|nate|1328
|player|p2|RobLaxxxxx|101|1346
|gen|9
|tier|[Gen 9] OU
|rated|
|rule|HP Percentage Mod: HP is shown in percentages
|rule|Endless Battle Clause: Forcing endless battles is banned
|rule|Species Clause: Limit one of each Pokémon
|rule|OHKO Clause: OHKO moves are banned
|rule|Evasion Items Clause: Evasion items are banned
|rule|Evasion Moves Clause: Evasion moves are banned
|rule|Evasion Abilities Clause: Evasion abilities are banned
|rule|Sleep Moves Clause: Sleep-inducing moves are banned
|clearpoke
|poke|p1|Raging Bolt|
|poke|p1|Dondozo, M|
|poke|p1|Scizor, M|
|poke|p1|Iron Crown|
|poke|p1|Clefable, F|
|poke|p1|Primeape, M|
|poke|p2|Slither Wing|
|poke|p2|Azumarill, F|
|poke|p2|Sandy Shocks|
|poke|p2|Latios, M|
|poke|p2|Iron Jugulis|
|poke|p2|Pecharunt|
|teampreview
|inactive|Battle timer is ON: inactive players will automatically lose when time's up. (requested by RobLaxxxxx)
|
|t:|1757938803
|teamsize|p1|6
|teamsize|p2|6
|start
|switch|p1a: Clefable|Clefable, F, shiny|100/100
|switch|p2a: Slither Wing|Slither Wing|100/100
|turn|1
|
|t:|1757938818
|move|p2a: Slither Wing|U-turn|p1a: Clefable
|-resisted|p1a: Clefable
|-damage|p1a: Clefable|80/100
|
|t:|1757938821
|-end|p2a: Slither Wing|Protosynthesis|[silent]
|switch|p2a: Pecharunt|Pecharunt|100/100|[from] U-turn
|move|p1a: Clefable|Thunder Wave|p2a: Pecharunt
|-status|p2a: Pecharunt|par
|
|-heal|p1a: Clefable|87/100|[from] item: Leftovers
|upkeep
|turn|2
|
|t:|1757938831
|switch|p1a: Scizor|Scizor, M, shiny|100/100
|move|p2a: Pecharunt|Parting Shot|p1a: Scizor
|-unboost|p1a: Scizor|atk|1
|-unboost|p1a: Scizor|spa|1
|
|t:|1757938843
|switch|p2a: Sandy Shocks|Sandy Shocks|100/100|[from] Parting Shot
|
|upkeep
|turn|3
|
|t:|1757938868
|move|p2a: Sandy Shocks|Earth Power|p1a: Scizor
|-damage|p1a: Scizor|52/100
|move|p1a: Scizor|U-turn|p2a: Sandy Shocks
|-damage|p2a: Sandy Shocks|57/100
|
|t:|1757938881
|switch|p1a: Primeape|Primeape, M, shiny|100/100|[from] U-turn
|
|upkeep
|turn|4
|
|t:|1757938887
|move|p2a: Sandy Shocks|Volt Switch|p1a: Primeape
|-damage|p1a: Primeape|82/100
|
|t:|1757938893
|-end|p2a: Sandy Shocks|Protosynthesis|[silent]
|switch|p2a: Slither Wing|Slither Wing|100/100|[from] Volt Switch
|move|p1a: Primeape|Bulk Up|p1a: Primeape
|-boost|p1a: Primeape|atk|1
|-boost|p1a: Primeape|def|1
|
|upkeep
|turn|5
|inactive|zast3133 has 120 seconds left.
|
|t:|1757938921
|move|p1a: Primeape|Drain Punch|p2a: Slither Wing
|-resisted|p2a: Slither Wing
|-damage|p2a: Slither Wing|80/100
|-heal|p1a: Primeape|94/100|[from] drain|[of] p2a: Slither Wing
|move|p2a: Slither Wing|U-turn|p1a: Primeape
|-resisted|p1a: Primeape
|-crit|p1a: Primeape
|-damage|p1a: Primeape|64/100
|
|t:|1757938930
|-end|p2a: Slither Wing|Protosynthesis|[silent]
|switch|p2a: Latios|Latios, M|100/100|[from] U-turn
|
|upkeep
|turn|6
|
|t:|1757938936
|-terastallize|p1a: Primeape|Electric
|move|p2a: Latios|Luster Purge|p1a: Primeape
|-damage|p1a: Primeape|22/100
|-unboost|p1a: Primeape|spd|1
|-ability|p1a: Primeape|Defiant|boost
|-boost|p1a: Primeape|atk|2
|move|p1a: Primeape|Rage Fist|p2a: Latios
|-supereffective|p2a: Latios
|-crit|p2a: Latios
|-damage|p2a: Latios|0 fnt
|faint|p2a: Latios
|
|upkeep
|
|t:|1757938948
|switch|p2a: Sandy Shocks|Sandy Shocks|57/100
|turn|7
|
|t:|1757938963
|move|p2a: Sandy Shocks|Earth Power|p1a: Primeape
|-supereffective|p1a: Primeape
|-damage|p1a: Primeape|0 fnt
|faint|p1a: Primeape
|
|upkeep
|
|t:|1757938970
|switch|p1a: Raging Bolt|Raging Bolt|100/100
|-enditem|p1a: Raging Bolt|Booster Energy
|-activate|p1a: Raging Bolt|ability: Protosynthesis|[fromitem]
|-start|p1a: Raging Bolt|protosynthesisspa
|turn|8
|
|t:|1757938975
|move|p2a: Sandy Shocks|Earth Power|p1a: Raging Bolt
|-supereffective|p1a: Raging Bolt
|-damage|p1a: Raging Bolt|37/100
|move|p1a: Raging Bolt|Dragon Pulse|p2a: Sandy Shocks
|-damage|p2a: Sandy Shocks|14/100
|
|upkeep
|turn|9
|
|t:|1757938986
|-end|p1a: Raging Bolt|Protosynthesis|[silent]
|switch|p1a: Scizor|Scizor, M, shiny|52/100
|move|p2a: Sandy Shocks|Earth Power|p1a: Scizor
|-crit|p1a: Scizor
|-damage|p1a: Scizor|0 fnt
|faint|p1a: Scizor
|
|upkeep
|
|t:|1757938995
|switch|p1a: Clefable|Clefable, F, shiny|87/100
|turn|10
|
|t:|1757939013
|move|p2a: Sandy Shocks|Volt Switch|p1a: Clefable
|-damage|p1a: Clefable|66/100
|
|t:|1757939017
|-end|p2a: Sandy Shocks|Protosynthesis|[silent]
|switch|p2a: Pecharunt|Pecharunt|100/100 par|[from] Volt Switch
|move|p1a: Clefable|Stealth Rock|p2a: Pecharunt
|-sidestart|p2: RobLaxxxxx|move: Stealth Rock
|
|-heal|p1a: Clefable|72/100|[from] item: Leftovers
|upkeep
|turn|11
|
|t:|1757939036
|switch|p1a: Raging Bolt|Raging Bolt|37/100
|cant|p2a: Pecharunt|par
|
|upkeep
|turn|12
|
|t:|1757939048
|move|p1a: Raging Bolt|Thunderbolt|p2a: Pecharunt
|-damage|p2a: Pecharunt|48/100 par
|move|p2a: Pecharunt|Malignant Chain|p1a: Raging Bolt
|-crit|p1a: Raging Bolt
|-damage|p1a: Raging Bolt|0 fnt
|faint|p1a: Raging Bolt
|-end|p1a: Raging Bolt|Protosynthesis|[silent]
|
|upkeep
|
|t:|1757939057
|switch|p1a: Iron Crown|Iron Crown|100/100
|-item|p1a: Iron Crown|Air Balloon
|turn|13
|
|t:|1757939065
|move|p1a: Iron Crown|Calm Mind|p1a: Iron Crown
|-boost|p1a: Iron Crown|spa|1
|-boost|p1a: Iron Crown|spd|1
|move|p2a: Pecharunt|Parting Shot|p1a: Iron Crown
|-unboost|p1a: Iron Crown|atk|1
|-unboost|p1a: Iron Crown|spa|1
|
|t:|1757939072
|switch|p2a: Sandy Shocks|Sandy Shocks|14/100|[from] Parting Shot
|-damage|p2a: Sandy Shocks|8/100|[from] Stealth Rock
|
|upkeep
|turn|14
|
|t:|1757939086
|move|p1a: Iron Crown|Tachyon Cutter|p2a: Sandy Shocks
|-resisted|p2a: Sandy Shocks
|-damage|p2a: Sandy Shocks|0 fnt
|faint|p2a: Sandy Shocks
|-end|p2a: Sandy Shocks|Protosynthesis|[silent]
|-hitcount|p2: Sandy Shocks|1
|
|upkeep
|
|t:|1757939103
|switch|p2a: Iron Jugulis|Iron Jugulis|100/100
|-damage|p2a: Iron Jugulis|76/100|[from] Stealth Rock
|-enditem|p2a: Iron Jugulis|Booster Energy
|-activate|p2a: Iron Jugulis|ability: Quark Drive|[fromitem]
|-start|p2a: Iron Jugulis|quarkdrivespe
|turn|15
|
|t:|1757939116
|move|p2a: Iron Jugulis|Earth Power|p1a: Iron Crown
|-immune|p1a: Iron Crown
|move|p1a: Iron Crown|Focus Blast|p2a: Iron Jugulis
|-damage|p2a: Iron Jugulis|25/100
|
|upkeep
|turn|16
|
|t:|1757939126
|-end|p1a: Iron Crown|Quark Drive|[silent]
|switch|p1a: Clefable|Clefable, F, shiny|72/100
|move|p2a: Iron Jugulis|Knock Off|p1a: Clefable
|-resisted|p1a: Clefable
|-damage|p1a: Clefable|57/100
|-enditem|p1a: Clefable|Leftovers|[from] move: Knock Off|[of] p2a: Iron Jugulis
|
|upkeep
|turn|17
|
|t:|1757939141
|-end|p2a: Iron Jugulis|Quark Drive|[silent]
|switch|p2a: Pecharunt|Pecharunt|48/100 par
|-damage|p2a: Pecharunt|35/100 par|[from] Stealth Rock
|move|p1a: Clefable|Moonlight|p1a: Clefable
|-heal|p1a: Clefable|100/100
|
|upkeep
|turn|18
|
|t:|1757939151
|move|p1a: Clefable|Moonblast|p2a: Pecharunt
|-resisted|p2a: Pecharunt
|-damage|p2a: Pecharunt|19/100 par
|cant|p2a: Pecharunt|par
|
|upkeep
|turn|19
|
|t:|1757939161
|move|p1a: Clefable|Moonblast|p2a: Pecharunt
|-resisted|p2a: Pecharunt
|-damage|p2a: Pecharunt|4/100 par
|move|p2a: Pecharunt|Recover|p2a: Pecharunt
|-heal|p2a: Pecharunt|54/100 par
|
|upkeep
|turn|20
|
|t:|1757939170
|switch|p1a: Iron Crown|Iron Crown|100/100
|-item|p1a: Iron Crown|Air Balloon
|move|p2a: Pecharunt|Malignant Chain|p1a: Iron Crown
|-immune|p1a: Iron Crown
|
|upkeep
|turn|21
|
|t:|1757939184
|move|p1a: Iron Crown|Tachyon Cutter|p2a: Pecharunt
|-damage|p2a: Pecharunt|29/100 par
|-damage|p2a: Pecharunt|5/100 par
|-hitcount|p2a: Pecharunt|2
|cant|p2a: Pecharunt|par
|
|upkeep
|turn|22
|
|t:|1757939191
|move|p1a: Iron Crown|Tachyon Cutter|p2a: Pecharunt
|-damage|p2a: Pecharunt|0 fnt
|faint|p2a: Pecharunt
|-hitcount|p2: Pecharunt|1
|
|upkeep
|
|t:|1757939196
|switch|p2a: Iron Jugulis|Iron Jugulis|25/100
|-damage|p2a: Iron Jugulis|0 fnt|[from] Stealth Rock
|faint|p2a: Iron Jugulis
|-end|p2a: Iron Jugulis|Quark Drive|[silent]
|
|t:|1757939206
|switch|p2a: Slither Wing|Slither Wing|80/100
|turn|23
|
|t:|1757939212
|-end|p1a: Iron Crown|Quark Drive|[silent]
|switch|p1a: Dondozo|Dondozo, M, shiny|100/100
|-terastallize|p2a: Slither Wing|Bug
|move|p2a: Slither Wing|First Impression|p1a: Dondozo
|-damage|p1a: Dondozo|69/100
|
|-heal|p1a: Dondozo|75/100|[from] item: Leftovers
|upkeep
|turn|24
|
|t:|1757939223
|move|p2a: Slither Wing|U-turn|p1a: Dondozo
|-damage|p1a: Dondozo|49/100
|
|t:|1757939226
|-end|p2a: Slither Wing|Protosynthesis|[silent]
|switch|p2a: Azumarill|Azumarill, F|100/100|[from] U-turn
|-damage|p2a: Azumarill|88/100|[from] Stealth Rock
|move|p1a: Dondozo|Curse|p1a: Dondozo
|-unboost|p1a: Dondozo|spe|1
|-boost|p1a: Dondozo|atk|1
|-boost|p1a: Dondozo|def|1
|
|-heal|p1a: Dondozo|55/100|[from] item: Leftovers
|upkeep
|turn|25
|
|t:|1757939239
|switch|p1a: Clefable|Clefable, F, shiny|100/100
|move|p2a: Azumarill|Belly Drum|p2a: Azumarill
|-damage|p2a: Azumarill|38/100
|-setboost|p2a: Azumarill|atk|6|[from] move: Belly Drum
|-enditem|p2a: Azumarill|Sitrus Berry|[eat]
|-heal|p2a: Azumarill|63/100|[from] item: Sitrus Berry
|
|upkeep
|turn|26
|
|t:|1757939253
|move|p2a: Azumarill|Aqua Jet|p1a: Clefable
|-damage|p1a: Clefable|73/100
|move|p1a: Clefable|Thunder Wave|p2a: Azumarill
|-status|p2a: Azumarill|par
|
|upkeep
|turn|27
|
|t:|1757939260
|move|p1a: Clefable|Moonblast|p2a: Azumarill
|-damage|p2a: Azumarill|29/100 par
|move|p2a: Azumarill|Play Rough|p1a: Clefable
|-damage|p1a: Clefable|12/100
|
|upkeep
|turn|28
|
|t:|1757939269
|cant|p2a: Azumarill|par
|move|p1a: Clefable|Moonlight|p1a: Clefable
|-heal|p1a: Clefable|62/100
|
|upkeep
|turn|29
|
|t:|1757939275
|move|p1a: Clefable|Moonlight|p1a: Clefable
|-heal|p1a: Clefable|100/100
|move|p2a: Azumarill|Play Rough|p1a: Clefable|[miss]
|-miss|p2a: Azumarill|p1a: Clefable
|
|upkeep
|turn|30
|
|t:|1757939283
|move|p1a: Clefable|Moonblast|p2a: Azumarill
|-damage|p2a: Azumarill|0 fnt
|faint|p2a: Azumarill
|
|upkeep
|
|t:|1757939286
|switch|p2a: Slither Wing|Slither Wing, tera:Bug|80/100
|turn|31
|
|t:|1757939292
|move|p2a: Slither Wing|First Impression|p1a: Clefable
|-resisted|p1a: Clefable
|-damage|p1a: Clefable|67/100
|move|p1a: Clefable|Thunder Wave|p2a: Slither Wing
|-status|p2a: Slither Wing|par
|
|upkeep
|turn|32
|
|t:|1757939300
|move|p1a: Clefable|Moonlight|p1a: Clefable
|-heal|p1a: Clefable|100/100
|move|p2a: Slither Wing|U-turn|p1a: Clefable
|-resisted|p1a: Clefable
|-damage|p1a: Clefable|71/100
|
|upkeep
|turn|33
|
|t:|1757939308
|move|p1a: Clefable|Moonblast|p2a: Slither Wing
|-crit|p2a: Slither Wing
|-damage|p2a: Slither Wing|40/100 par
|move|p2a: Slither Wing|U-turn|p1a: Clefable
|-resisted|p1a: Clefable
|-damage|p1a: Clefable|41/100
|
|upkeep
|turn|34
|c|☆RobLaxxxxx|gg
|-message|RobLaxxxxx forfeited.
|
|win|zast3133
|raw|zast3133's rating: 1328 &rarr; <strong>1349</strong><br />(+21 for winning)
|raw|RobLaxxxxx's rating: 1346 &rarr; <strong>1325</strong><br />(-21 for losing)
|l|☆RobLaxxxxx
|player|p2|
|l|☆zast3133
|player|p1|
