|j|☆alg16
|j|☆redfeatherz
|t:|1757867745
|gametype|singles
|player|p1|alg16|acetrainer-gen4dp|1397
|player|p2|redfeatherz|2|1399
|gen|9
|tier|[Gen 9] OU
|rated|
|rule|HP Percentage Mod: HP is shown in percentages
|rule|Endless Battle Clause: Forcing endless battles is banned
|rule|Species Clause: Limit one of each Pokémon
|rule|OHKO Clause: OHKO moves are banned
|rule|Evasion Items Clause: Evasion items are banned
|rule|Evasion Moves Clause: Evasion moves are banned
|rule|Evasion Abilities Clause: Evasion abilities are banned
|rule|Sleep Moves Clause: Sleep-inducing moves are banned
|clearpoke
|poke|p1|Zapdos|
|poke|p1|Rillaboom, F|
|poke|p1|Gholdengo|
|poke|p1|Tyranitar, F|
|poke|p1|Chesnaught, M|
|poke|p1|Garchomp, M|
|poke|p2|Clawitzer, M|
|poke|p2|Iron Jugulis|
|poke|p2|Vileplume, M|
|poke|p2|Gallade, M|
|poke|p2|Klawf, M|
|poke|p2|Scizor, M|
|teampreview
|inactive|Battle timer is ON: inactive players will automatically lose when time's up. (requested by alg16)
|
|t:|1757867765
|teamsize|p1|6
|teamsize|p2|6
|start
|switch|p1a: Garchomp|Garchomp, M|100/100
|switch|p2a: Klawf|Klawf, M|100/100
|turn|1
|
|t:|1757867779
|move|p2a: Klawf|Stealth Rock|p1a: Garchomp
|-sidestart|p1: alg16|move: Stealth Rock
|move|p1a: Garchomp|Stealth Rock|p2a: Klawf
|-sidestart|p2: redfeatherz|move: Stealth Rock
|
|upkeep
|turn|2
|
|t:|1757867788
|move|p2a: Klawf|Rock Slide|p1a: Garchomp
|-resisted|p1a: Garchomp
|-damage|p1a: Garchomp|90/100
|move|p1a: Garchomp|Spikes|p2a: Klawf
|-sidestart|p2: redfeatherz|Spikes
|
|upkeep
|turn|3
|
|t:|1757867802
|move|p2a: Klawf|Rock Slide|p1a: Garchomp
|-resisted|p1a: Garchomp
|-damage|p1a: Garchomp|81/100
|cant|p1a: Garchomp|flinch
|
|upkeep
|turn|4
|
|t:|1757867810
|move|p2a: Klawf|Rock Slide|p1a: Garchomp|[miss]
|-miss|p2a: Klawf|p1a: Garchomp
|move|p1a: Garchomp|Spikes|p2a: Klawf
|-sidestart|p2: redfeatherz|Spikes
|
|upkeep
|turn|5
|
|t:|1757867816
|move|p2a: Klawf|Rock Slide|p1a: Garchomp
|-resisted|p1a: Garchomp
|-damage|p1a: Garchomp|70/100
|move|p1a: Garchomp|Earthquake|p2a: Klawf
|-supereffective|p2a: Klawf
|-enditem|p2a: Klawf|Focus Sash
|-damage|p2a: Klawf|1/100
|-ability|p2a: Klawf|Anger Shell|boost
|-boost|p2a: Klawf|atk|1
|-boost|p2a: Klawf|spa|1
|-boost|p2a: Klawf|spe|1
|-unboost|p2a: Klawf|def|1
|-unboost|p2a: Klawf|spd|1
|
|upkeep
|turn|6
|
|t:|1757867825
|move|p2a: Klawf|Endeavor|p1a: Garchomp
|-damage|p1a: Garchomp|1/100
|-damage|p2a: Klawf|0 fnt|[from] ability: Rough Skin|[of] p1a: Garchomp
|faint|p2a: Klawf
|move|p1a: Garchomp|Dragon Tail|p2: Klawf|[notarget]
|-fail|p1a: Garchomp
|
|upkeep
|inactive|redfeatherz has 120 seconds left.
|
|t:|1757867864
|switch|p2a: Iron Jugulis|Iron Jugulis|100/100
|-damage|p2a: Iron Jugulis|76/100|[from] Stealth Rock
|-enditem|p2a: Iron Jugulis|Booster Energy
|-activate|p2a: Iron Jugulis|ability: Quark Drive|[fromitem]
|-start|p2a: Iron Jugulis|quarkdrivespe
|turn|7
|inactive|redfeatherz has 120 seconds left.
|
|t:|1757867872
|move|p2a: Iron Jugulis|Dark Pulse|p1a: Garchomp
|-damage|p1a: Garchomp|0 fnt
|faint|p1a: Garchomp
|
|upkeep
|
|t:|1757867883
|switch|p1a: Zapdos|Zapdos|100/100
|turn|8
|inactive|redfeatherz has 120 seconds left.
|
|t:|1757867899
|move|p2a: Iron Jugulis|Knock Off|p1a: Zapdos
|-damage|p1a: Zapdos|54/100
|-status|p2a: Iron Jugulis|par|[from] ability: Static|[of] p1a: Zapdos
|-enditem|p1a: Zapdos|Heavy-Duty Boots|[from] move: Knock Off|[of] p2a: Iron Jugulis
|move|p1a: Zapdos|Volt Switch|p2a: Iron Jugulis
|-supereffective|p2a: Iron Jugulis
|-crit|p2a: Iron Jugulis
|-damage|p2a: Iron Jugulis|0 fnt
|faint|p2a: Iron Jugulis
|-end|p2a: Iron Jugulis|Quark Drive|[silent]
|
|t:|1757867917
|switch|p1a: Rillaboom|Rillaboom, F|100/100|[from] Volt Switch
|-damage|p1a: Rillaboom|88/100|[from] Stealth Rock
|-fieldstart|move: Grassy Terrain|[from] ability: Grassy Surge|[of] p1a: Rillaboom
|
|-heal|p1a: Rillaboom|94/100|[from] Grassy Terrain
|upkeep
|inactive|redfeatherz has 120 seconds left.
|
|t:|1757867929
|switch|p2a: Scizor|Scizor, M|100/100
|-damage|p2a: Scizor|88/100|[from] Stealth Rock
|-damage|p2a: Scizor|72/100|[from] Spikes
|turn|9
|
|t:|1757867944
|move|p1a: Rillaboom|U-turn|p2a: Scizor
|-resisted|p2a: Scizor
|-damage|p2a: Scizor|57/100
|
|t:|1757867947
|switch|p1a: Zapdos|Zapdos|54/100|[from] U-turn
|-damage|p1a: Zapdos|29/100|[from] Stealth Rock
|move|p2a: Scizor|U-turn|p1a: Zapdos
|-resisted|p1a: Zapdos
|-damage|p1a: Zapdos|0 fnt
|faint|p1a: Zapdos
|
|t:|1757867958
|switch|p2a: Gallade|Gallade, M|100/100|[from] U-turn
|-damage|p2a: Gallade|94/100|[from] Stealth Rock
|-damage|p2a: Gallade|78/100|[from] Spikes
|
|-heal|p2a: Gallade|84/100|[from] Grassy Terrain
|upkeep
|
|t:|1757867966
|switch|p1a: Chesnaught|Chesnaught, M|100/100
|-damage|p1a: Chesnaught|94/100|[from] Stealth Rock
|turn|10
|
|t:|1757867984
|-terastallize|p2a: Gallade|Psychic
|-terastallize|p1a: Chesnaught|Grass
|move|p2a: Gallade|Psycho Cut|p1a: Chesnaught
|-damage|p1a: Chesnaught|42/100
|-enditem|p1a: Chesnaught|Sitrus Berry|[eat]
|-heal|p1a: Chesnaught|67/100|[from] item: Sitrus Berry
|move|p1a: Chesnaught|Belly Drum|p1a: Chesnaught
|-damage|p1a: Chesnaught|17/100
|-setboost|p1a: Chesnaught|atk|6|[from] move: Belly Drum
|
|-heal|p2a: Gallade|90/100|[from] Grassy Terrain
|-heal|p1a: Chesnaught|23/100|[from] Grassy Terrain
|upkeep
|turn|11
|
|t:|1757867994
|move|p1a: Chesnaught|Grassy Glide|p2a: Gallade
|-damage|p2a: Gallade|0 fnt
|faint|p2a: Gallade
|
|-heal|p1a: Chesnaught|29/100|[from] Grassy Terrain
|upkeep
|inactive|redfeatherz has 120 seconds left.
|
|t:|1757868008
|switch|p2a: Scizor|Scizor, M|57/100
|-damage|p2a: Scizor|45/100|[from] Stealth Rock
|-damage|p2a: Scizor|28/100|[from] Spikes
|turn|12
|
|t:|1757868015
|move|p2a: Scizor|Bullet Punch|p1a: Chesnaught
|-damage|p1a: Chesnaught|0 fnt
|faint|p1a: Chesnaught
|
|-heal|p2a: Scizor|35/100|[from] Grassy Terrain
|upkeep
|
|t:|1757868022
|switch|p1a: Rillaboom|Rillaboom, F|94/100
|-damage|p1a: Rillaboom|82/100|[from] Stealth Rock
|turn|13
|
|t:|1757868033
|move|p2a: Scizor|Bullet Punch|p1a: Rillaboom
|-crit|p1a: Rillaboom
|-damage|p1a: Rillaboom|0 fnt
|faint|p1a: Rillaboom
|
|-heal|p2a: Scizor|41/100|[from] Grassy Terrain
|upkeep
|
|t:|1757868038
|switch|p1a: Gholdengo|Gholdengo|100/100
|-damage|p1a: Gholdengo|94/100|[from] Stealth Rock
|-item|p1a: Gholdengo|Air Balloon
|turn|14
|
|t:|1757868049
|move|p2a: Scizor|Bullet Punch|p1a: Gholdengo
|-resisted|p1a: Gholdengo
|-damage|p1a: Gholdengo|76/100
|-enditem|p1a: Gholdengo|Air Balloon
|move|p1a: Gholdengo|Thunder Wave|p2a: Scizor
|-status|p2a: Scizor|par
|
|-heal|p1a: Gholdengo|82/100|[from] Grassy Terrain
|-heal|p2a: Scizor|47/100 par|[from] Grassy Terrain
|upkeep
|turn|15
|
|t:|1757868057
|switch|p2a: Clawitzer|Clawitzer, M|100/100
|-damage|p2a: Clawitzer|88/100|[from] Stealth Rock
|-damage|p2a: Clawitzer|72/100|[from] Spikes
|move|p1a: Gholdengo|Hex|p2a: Clawitzer
|-damage|p2a: Clawitzer|30/100
|
|-heal|p2a: Clawitzer|36/100|[from] Grassy Terrain
|-heal|p1a: Gholdengo|88/100|[from] Grassy Terrain
|-fieldend|move: Grassy Terrain
|upkeep
|turn|16
|
|t:|1757868066
|move|p2a: Clawitzer|Water Pulse|p1a: Gholdengo
|-damage|p1a: Gholdengo|15/100
|move|p1a: Gholdengo|Hex|p2a: Clawitzer
|-damage|p2a: Clawitzer|0 fnt
|faint|p2a: Clawitzer
|
|upkeep
|
|t:|1757868075
|switch|p2a: Scizor|Scizor, M|47/100 par
|-damage|p2a: Scizor|35/100 par|[from] Stealth Rock
|-damage|p2a: Scizor|18/100 par|[from] Spikes
|turn|17
|
|t:|1757868078
|move|p2a: Scizor|Bullet Punch|p1a: Gholdengo
|-resisted|p1a: Gholdengo
|-damage|p1a: Gholdengo|0 fnt
|faint|p1a: Gholdengo
|
|upkeep
|
|t:|1757868081
|switch|p1a: Tyranitar|Tyranitar, F|100/100
|-weather|Sandstorm|[from] ability: Sand Stream|[of] p1a: Tyranitar
|turn|18
|
|t:|1757868086
|move|p2a: Scizor|Bullet Punch|p1a: Tyranitar
|-supereffective|p1a: Tyranitar
|-damage|p1a: Tyranitar|0 fnt
|faint|p1a: Tyranitar
|
|win|redfeatherz
|raw|alg16's rating: 1397 &rarr; <strong>1377</strong><br />(-20 for losing)
|raw|redfeatherz's rating: 1399 &rarr; <strong>1419</strong><br />(+20 for winning)
|l|☆redfeatherz
|player|p2|
|l|☆alg16
|player|p1|
