|j|☆jakeythot
|j|☆msksherlock
|t:|1757926715
|gametype|singles
|player|p1|jakeythot|170|1239
|player|p2|msksherlock|2|1309
|gen|9
|tier|[Gen 9] OU
|rated|
|rule|HP Percentage Mod: HP is shown in percentages
|rule|Endless Battle Clause: Forcing endless battles is banned
|rule|Species Clause: Limit one of each Pokémon
|rule|OHKO Clause: OHKO moves are banned
|rule|Evasion Items Clause: Evasion items are banned
|rule|Evasion Moves Clause: Evasion moves are banned
|rule|Evasion Abilities Clause: Evasion abilities are banned
|rule|Sleep Moves Clause: Sleep-inducing moves are banned
|clearpoke
|poke|p1|Clefable, M|
|poke|p1|Gliscor, M|
|poke|p1|Slowking-Galar, F|
|poke|p1|Skarmory, F|
|poke|p1|Kilowattrel, F|
|poke|p1|Serperior, M|
|poke|p2|Scizor, M|
|poke|p2|Meowscarada, F|
|poke|p2|Latias, F|
|poke|p2|Kingambit, M|
|poke|p2|Raging Bolt|
|poke|p2|Drifblim, M|
|teampreview
|inactive|Battle timer is ON: inactive players will automatically lose when time's up. (requested by jakeythot)
|
|t:|1757926746
|teamsize|p1|6
|teamsize|p2|6
|start
|switch|p1a: Clefable|Clefable, M, shiny|100/100
|switch|p2a: Drifblim|Drifblim, M|100/100
|turn|1
|
|t:|1757926755
|move|p2a: Drifblim|Trick|p1a: Clefable
|-activate|p2a: Drifblim|move: Trick|[of] p1a: Clefable
|-item|p1a: Clefable|Choice Scarf|[from] move: Trick
|-item|p2a: Drifblim|Leftovers|[from] move: Trick
|move|p1a: Clefable|Thunder Wave|p2a: Drifblim
|-status|p2a: Drifblim|par
|
|upkeep
|turn|2
|
|t:|1757926764
|switch|p1a: Skarmory|Skarmory, F|100/100
|move|p2a: Drifblim|Will-O-Wisp|p1a: Skarmory
|-status|p1a: Skarmory|brn
|
|-damage|p1a: Skarmory|95/100 brn|[from] brn
|upkeep
|turn|3
|
|t:|1757926772
|switch|p2a: Raging Bolt|Raging Bolt|100/100
|move|p1a: Skarmory|Spikes|p2a: Raging Bolt
|-sidestart|p2: msksherlock|Spikes
|
|-heal|p1a: Skarmory|100/100 brn|[from] item: Leftovers
|-damage|p1a: Skarmory|95/100 brn|[from] brn
|upkeep
|turn|4
|
|t:|1757926777
|move|p2a: Raging Bolt|Dragon Pulse|p1a: Skarmory
|-resisted|p1a: Skarmory
|-damage|p1a: Skarmory|58/100 brn
|move|p1a: Skarmory|Whirlwind|p2a: Raging Bolt
|-end|p2a: Raging Bolt|Protosynthesis|[silent]
|drag|p2a: Kingambit|Kingambit, M, shiny|100/100
|-damage|p2a: Kingambit|88/100|[from] Spikes
|
|-heal|p1a: Skarmory|64/100 brn|[from] item: Leftovers
|-damage|p1a: Skarmory|58/100 brn|[from] brn
|upkeep
|turn|5
|
|t:|1757926786
|move|p1a: Skarmory|Spikes|p2a: Kingambit
|-sidestart|p2: msksherlock|Spikes
|move|p2a: Kingambit|Kowtow Cleave|p1a: Skarmory
|-damage|p1a: Skarmory|24/100 brn
|
|-heal|p1a: Skarmory|30/100 brn|[from] item: Leftovers
|-damage|p1a: Skarmory|24/100 brn|[from] brn
|upkeep
|turn|6
|
|t:|1757926794
|switch|p1a: Gliscor|Gliscor, M, shiny|100/100
|move|p2a: Kingambit|Kowtow Cleave|p1a: Gliscor
|-damage|p1a: Gliscor|42/100
|
|-status|p1a: Gliscor|tox|[from] item: Toxic Orb
|upkeep
|turn|7
|
|t:|1757926818
|switch|p1a: Clefable|Clefable, M, shiny|100/100
|-end|p2a: Kingambit|fallenundefined|[silent]
|switch|p2a: Drifblim|Drifblim, M|100/100 par
|
|upkeep
|turn|8
|inactive|msksherlock has 120 seconds left.
|l|☆msksherlock
|inactive|msksherlock disconnected and has a minute to reconnect!
|player|p2|
|j|☆msksherlock
|inactive|msksherlock reconnected and has 85 seconds left.
|player|p2|msksherlock|2|
|
|t:|1757926892
|move|p1a: Clefable|Stealth Rock|p2a: Drifblim
|-sidestart|p2: msksherlock|move: Stealth Rock
|move|p2a: Drifblim|Will-O-Wisp|p1a: Clefable|[miss]
|-miss|p2a: Drifblim|p1a: Clefable
|
|upkeep
|turn|9
|
|t:|1757926899
|switch|p1a: Slowking|Slowking-Galar, F|100/100
|move|p2a: Drifblim|Will-O-Wisp|p1a: Slowking
|-status|p1a: Slowking|brn
|
|-damage|p1a: Slowking|94/100 brn|[from] brn
|upkeep
|turn|10
|
|t:|1757926909
|move|p2a: Drifblim|Defog|p1a: Slowking
|-unboost|p1a: Slowking|evasion|1
|-sideend|p2: msksherlock|Spikes|[from] move: Defog|[of] p2a: Drifblim
|-sideend|p2: msksherlock|Stealth Rock|[from] move: Defog|[of] p2a: Drifblim
|move|p1a: Slowking|Shadow Ball|p2a: Drifblim
|-supereffective|p2a: Drifblim
|-damage|p2a: Drifblim|45/100 par
|
|-heal|p2a: Drifblim|51/100 par|[from] item: Leftovers
|-damage|p1a: Slowking|88/100 brn|[from] brn
|upkeep
|turn|11
|
|t:|1757926926
|switch|p2a: Meowscarada|Meowscarada, F, shiny|100/100
|move|p1a: Slowking|Flamethrower|p2a: Meowscarada
|-supereffective|p2a: Meowscarada
|-damage|p2a: Meowscarada|13/100
|-status|p2a: Meowscarada|brn
|
|-damage|p2a: Meowscarada|7/100 brn|[from] brn
|-damage|p1a: Slowking|82/100 brn|[from] brn
|upkeep
|turn|12
|
|t:|1757926943
|switch|p1a: Skarmory|Skarmory, F|24/100 brn
|move|p2a: Meowscarada|U-turn|p1a: Skarmory
|-start|p2a: Meowscarada|typechange|Bug|[from] ability: Protean
|-resisted|p1a: Skarmory
|-damage|p1a: Skarmory|21/100 brn
|inactive|msksherlock has 90 seconds left.
|inactive|msksherlock has 60 seconds left.
|
|t:|1757926990
|switch|p2a: Scizor|Scizor, M, shiny|100/100|[from] U-turn
|
|-heal|p1a: Skarmory|27/100 brn|[from] item: Leftovers
|-damage|p1a: Skarmory|21/100 brn|[from] brn
|upkeep
|turn|13
|
|t:|1757926999
|move|p2a: Scizor|Swords Dance|p2a: Scizor
|-boost|p2a: Scizor|atk|2
|move|p1a: Skarmory|Whirlwind|p2a: Scizor
|drag|p2a: Raging Bolt|Raging Bolt|100/100
|
|-heal|p1a: Skarmory|27/100 brn|[from] item: Leftovers
|-damage|p1a: Skarmory|21/100 brn|[from] brn
|upkeep
|turn|14
|
|t:|1757927011
|switch|p1a: Kilowattrel|Kilowattrel, F|100/100
|move|p2a: Raging Bolt|Thunderbolt|p1a: Kilowattrel
|-immune|p1a: Kilowattrel|[from] ability: Volt Absorb
|
|upkeep
|turn|15
|
|t:|1757927019
|move|p1a: Kilowattrel|Air Slash|p2a: Raging Bolt
|-resisted|p2a: Raging Bolt
|-damage|p2a: Raging Bolt|80/100
|move|p2a: Raging Bolt|Dragon Pulse|p1a: Kilowattrel
|-damage|p1a: Kilowattrel|3/100
|
|-heal|p2a: Raging Bolt|86/100|[from] item: Leftovers
|upkeep
|turn|16
|
|t:|1757927035
|move|p1a: Kilowattrel|Air Slash|p2a: Raging Bolt
|-resisted|p2a: Raging Bolt
|-damage|p2a: Raging Bolt|64/100
|move|p2a: Raging Bolt|Dragon Pulse|p1a: Kilowattrel
|-damage|p1a: Kilowattrel|0 fnt
|faint|p1a: Kilowattrel
|
|-heal|p2a: Raging Bolt|70/100|[from] item: Leftovers
|upkeep
|
|t:|1757927039
|switch|p1a: Serperior|Serperior, M, shiny|100/100
|turn|17
|inactive|msksherlock has 90 seconds left.
|
|t:|1757927044
|move|p1a: Serperior|Leaf Storm|p2a: Raging Bolt
|-resisted|p2a: Raging Bolt
|-damage|p2a: Raging Bolt|51/100
|-boost|p1a: Serperior|spa|2
|move|p2a: Raging Bolt|Dragon Pulse|p1a: Serperior
|-damage|p1a: Serperior|43/100
|
|-heal|p1a: Serperior|50/100|[from] item: Leftovers
|-heal|p2a: Raging Bolt|57/100|[from] item: Leftovers
|upkeep
|turn|18
|
|t:|1757927059
|-terastallize|p1a: Serperior|Dragon
|move|p2a: Raging Bolt|Thunderclap|p1a: Serperior
|-resisted|p1a: Serperior
|-damage|p1a: Serperior|24/100
|move|p1a: Serperior|Dragon Pulse|p2a: Raging Bolt
|-supereffective|p2a: Raging Bolt
|-damage|p2a: Raging Bolt|0 fnt
|faint|p2a: Raging Bolt
|-end|p2a: Raging Bolt|Protosynthesis|[silent]
|
|-heal|p1a: Serperior|30/100|[from] item: Leftovers
|upkeep
|
|t:|1757927068
|switch|p2a: Drifblim|Drifblim, M|51/100 par
|turn|19
|
|t:|1757927074
|move|p1a: Serperior|Dragon Pulse|p2a: Drifblim
|-crit|p2a: Drifblim
|-damage|p2a: Drifblim|0 fnt
|faint|p2a: Drifblim
|
|-heal|p1a: Serperior|36/100|[from] item: Leftovers
|upkeep
|
|t:|1757927098
|switch|p2a: Meowscarada|Meowscarada, F, shiny|7/100 brn
|turn|20
|
|t:|1757927104
|switch|p1a: Skarmory|Skarmory, F|21/100 brn
|move|p2a: Meowscarada|Flower Trick|p1a: Skarmory
|-start|p2a: Meowscarada|typechange|Grass|[from] ability: Protean
|-resisted|p1a: Skarmory
|-crit|p1a: Skarmory
|-damage|p1a: Skarmory|18/100 brn
|
|-heal|p1a: Skarmory|24/100 brn|[from] item: Leftovers
|-damage|p2a: Meowscarada|1/100 brn|[from] brn
|-damage|p1a: Skarmory|18/100 brn|[from] brn
|upkeep
|turn|21
|
|t:|1757927112
|move|p2a: Meowscarada|Flower Trick|p1a: Skarmory
|-resisted|p1a: Skarmory
|-crit|p1a: Skarmory
|-damage|p1a: Skarmory|14/100 brn
|move|p1a: Skarmory|Roost|p1a: Skarmory
|-heal|p1a: Skarmory|64/100 brn
|-singleturn|p1a: Skarmory|move: Roost
|
|-heal|p1a: Skarmory|70/100 brn|[from] item: Leftovers
|-damage|p2a: Meowscarada|0 fnt|[from] brn
|faint|p2a: Meowscarada
|-damage|p1a: Skarmory|64/100 brn|[from] brn
|upkeep
|inactive|msksherlock has 90 seconds left.
|l|☆msksherlock
|inactive|msksherlock disconnected and has a minute to reconnect!
|player|p2|
|inactive|msksherlock has 30 seconds to reconnect!
|inactive|msksherlock has 20 seconds to reconnect!
|inactive|msksherlock has 15 seconds to reconnect!
|inactive|msksherlock has 10 seconds to reconnect!
|inactive|msksherlock has 5 seconds to reconnect!
|-message|msksherlock lost due to inactivity.
|
|win|jakeythot
|raw|jakeythot's rating: 1239 &rarr; <strong>1269</strong><br />(+30 for winning)
|raw|msksherlock's rating: 1309 &rarr; <strong>1285</strong><br />(-24 for losing)
|l|☆jakeythot
|player|p1|
