|j|☆fianso-95
|j|☆bigchungusin2025
|t:|1757943616
|gametype|singles
|player|p1|fianso-95|palmer|1370
|player|p2|bigchungusin2025|infielder|1359
|gen|9
|tier|[Gen 9] OU
|rated|
|rule|HP Percentage Mod: HP is shown in percentages
|rule|Endless Battle Clause: Forcing endless battles is banned
|rule|Species Clause: Limit one of each Pokémon
|rule|OHKO Clause: OHKO moves are banned
|rule|Evasion Items Clause: Evasion items are banned
|rule|Evasion Moves Clause: Evasion moves are banned
|rule|Evasion Abilities Clause: Evasion abilities are banned
|rule|Sleep Moves Clause: Sleep-inducing moves are banned
|clearpoke
|poke|p1|Landorus-Therian, M|
|poke|p1|Volcanion|
|poke|p1|Weavile, F|
|poke|p1|Azelf|
|poke|p1|Dragonite, M|
|poke|p1|Zapdos|
|poke|p2|Zamazenta-*|
|poke|p2|Ninetales-Alola, F|
|poke|p2|Darkrai|
|poke|p2|Ceruledge, M|
|poke|p2|Gliscor, M|
|poke|p2|Hatterene, F|
|teampreview
|inactive|Battle timer is ON: inactive players will automatically lose when time's up. (requested by bigchungusin2025)
|inactive|fianso-95 also wants the timer to be on.
|
|t:|1757943632
|teamsize|p1|6
|teamsize|p2|6
|start
|switch|p1a: Azelf|Azelf|100/100
|switch|p2a: Darkrai|Darkrai|100/100
|turn|1
|
|t:|1757943640
|move|p2a: Darkrai|Dark Pulse|p1a: Azelf
|-supereffective|p1a: Azelf
|-enditem|p1a: Azelf|Focus Sash
|-damage|p1a: Azelf|1/100
|move|p1a: Azelf|Stealth Rock|p2a: Darkrai
|-sidestart|p2: bigchungusin2025|move: Stealth Rock
|
|upkeep
|turn|2
|
|t:|1757943652
|move|p2a: Darkrai|Dark Pulse|p1a: Azelf
|-supereffective|p1a: Azelf
|-damage|p1a: Azelf|0 fnt
|faint|p1a: Azelf
|
|upkeep
|
|t:|1757943656
|switch|p1a: Volcanion|Volcanion|100/100
|turn|3
|
|t:|1757943673
|move|p2a: Darkrai|Dark Pulse|p1a: Volcanion
|-damage|p1a: Volcanion|49/100
|move|p1a: Volcanion|Steam Eruption|p2a: Darkrai
|-damage|p2a: Darkrai|21/100
|-status|p2a: Darkrai|brn
|
|-heal|p2a: Darkrai|28/100 brn|[from] item: Leftovers
|-damage|p2a: Darkrai|21/100 brn|[from] brn
|upkeep
|turn|4
|
|t:|1757943680
|move|p2a: Darkrai|Dark Pulse|p1a: Volcanion
|-damage|p1a: Volcanion|0 fnt
|faint|p1a: Volcanion
|
|-heal|p2a: Darkrai|28/100 brn|[from] item: Leftovers
|-damage|p2a: Darkrai|21/100 brn|[from] brn
|upkeep
|
|t:|1757943687
|switch|p1a: Landorus|Landorus-Therian, M|100/100
|-ability|p1a: Landorus|Intimidate|boost
|-unboost|p2a: Darkrai|atk|1
|turn|5
|
|t:|1757943695
|move|p1a: Landorus|U-turn|p2a: Darkrai
|-supereffective|p2a: Darkrai
|-damage|p2a: Darkrai|0 fnt
|faint|p2a: Darkrai
|
|t:|1757943701
|switch|p1a: Zapdos|Zapdos|100/100|[from] U-turn
|
|upkeep
|
|t:|1757943704
|switch|p2a: Ninetales|Ninetales-Alola, F|100/100
|-damage|p2a: Ninetales|76/100|[from] Stealth Rock
|-weather|Snowscape|[from] ability: Snow Warning|[of] p2a: Ninetales
|turn|6
|
|t:|1757943712
|move|p2a: Ninetales|Aurora Veil|p2a: Ninetales
|-sidestart|p2: bigchungusin2025|move: Aurora Veil
|move|p1a: Zapdos|Heat Wave|p2a: Ninetales
|-supereffective|p2a: Ninetales
|-damage|p2a: Ninetales|30/100
|
|-weather|Snowscape|[upkeep]
|upkeep
|turn|7
|
|t:|1757943720
|switch|p2a: Ceruledge|Ceruledge, M|100/100
|-damage|p2a: Ceruledge|76/100|[from] Stealth Rock
|move|p1a: Zapdos|Heat Wave|p2a: Ceruledge
|-start|p2a: Ceruledge|ability: Flash Fire
|
|-weather|Snowscape|[upkeep]
|upkeep
|turn|8
|
|t:|1757943728
|switch|p1a: Dragonite|Dragonite, M|100/100
|move|p2a: Ceruledge|Bulk Up|p2a: Ceruledge
|-boost|p2a: Ceruledge|atk|1
|-boost|p2a: Ceruledge|def|1
|
|-weather|Snowscape|[upkeep]
|upkeep
|turn|9
|
|t:|1757943734
|move|p1a: Dragonite|Earthquake|p2a: Ceruledge
|-supereffective|p2a: Ceruledge
|-damage|p2a: Ceruledge|48/100
|move|p2a: Ceruledge|Bitter Blade|p1a: Dragonite
|-resisted|p1a: Dragonite
|-damage|p1a: Dragonite|79/100
|-heal|p2a: Ceruledge|58/100|[from] drain|[of] p1a: Dragonite
|
|-weather|Snowscape|[upkeep]
|upkeep
|turn|10
|
|t:|1757943746
|move|p1a: Dragonite|Earthquake|p2a: Ceruledge
|-supereffective|p2a: Ceruledge
|-damage|p2a: Ceruledge|31/100
|move|p2a: Ceruledge|Bitter Blade|p1a: Dragonite
|-resisted|p1a: Dragonite
|-damage|p1a: Dragonite|31/100
|-heal|p2a: Ceruledge|53/100|[from] drain|[of] p1a: Dragonite
|
|-weather|none
|upkeep
|turn|11
|
|t:|1757943752
|move|p1a: Dragonite|Earthquake|p2a: Ceruledge
|-supereffective|p2a: Ceruledge
|-damage|p2a: Ceruledge|25/100
|move|p2a: Ceruledge|Bitter Blade|p1a: Dragonite
|-resisted|p1a: Dragonite
|-damage|p1a: Dragonite|0 fnt
|-heal|p2a: Ceruledge|40/100|[from] drain|[of] p1a: Dragonite
|faint|p1a: Dragonite
|
|upkeep
|
|t:|1757943755
|switch|p1a: Weavile|Weavile, F|100/100
|-ability|p1a: Weavile|Pressure
|turn|12
|
|t:|1757943761
|-terastallize|p2a: Ceruledge|Bug
|move|p1a: Weavile|Knock Off|p2a: Ceruledge
|-damage|p2a: Ceruledge|23/100
|-enditem|p2a: Ceruledge|Covert Cloak|[from] move: Knock Off|[of] p1a: Weavile
|move|p2a: Ceruledge|Bitter Blade|p1a: Weavile
|-supereffective|p1a: Weavile
|-enditem|p1a: Weavile|Focus Sash
|-damage|p1a: Weavile|1/100
|-heal|p2a: Ceruledge|63/100|[from] drain|[of] p1a: Weavile
|
|upkeep
|turn|13
|
|t:|1757943769
|move|p2a: Ceruledge|Shadow Sneak|p1a: Weavile
|-resisted|p1a: Weavile
|-damage|p1a: Weavile|0 fnt
|faint|p1a: Weavile
|
|-sideend|p2: bigchungusin2025|move: Aurora Veil
|upkeep
|
|t:|1757943773
|switch|p1a: Zapdos|Zapdos|100/100
|turn|14
|
|t:|1757943780
|move|p1a: Zapdos|Hurricane|p2a: Ceruledge
|-supereffective|p2a: Ceruledge
|-damage|p2a: Ceruledge|0 fnt
|faint|p2a: Ceruledge
|
|upkeep
|
|t:|1757943785
|switch|p2a: Ninetales|Ninetales-Alola, F|30/100
|-damage|p2a: Ninetales|5/100|[from] Stealth Rock
|-weather|Snowscape|[from] ability: Snow Warning|[of] p2a: Ninetales
|turn|15
|
|t:|1757943792
|move|p2a: Ninetales|Aurora Veil|p2a: Ninetales
|-sidestart|p2: bigchungusin2025|move: Aurora Veil
|move|p1a: Zapdos|Hurricane|p2a: Ninetales
|-damage|p2a: Ninetales|0 fnt
|faint|p2a: Ninetales
|
|-weather|Snowscape|[upkeep]
|upkeep
|
|t:|1757943801
|switch|p2a: Gliscor|Gliscor, M|100/100
|-damage|p2a: Gliscor|88/100|[from] Stealth Rock
|turn|16
|
|t:|1757943808
|move|p1a: Zapdos|Hurricane|p2a: Gliscor
|-damage|p2a: Gliscor|40/100
|move|p2a: Gliscor|Swords Dance|p2a: Gliscor
|-boost|p2a: Gliscor|atk|2
|
|-weather|Snowscape|[upkeep]
|-status|p2a: Gliscor|tox|[from] item: Toxic Orb
|upkeep
|turn|17
|
|t:|1757943819
|move|p1a: Zapdos|Hurricane|p2a: Gliscor
|-damage|p2a: Gliscor|0 fnt
|faint|p2a: Gliscor
|
|-weather|Snowscape|[upkeep]
|upkeep
|
|t:|1757943823
|switch|p2a: Hatterene|Hatterene, F|100/100
|-damage|p2a: Hatterene|88/100|[from] Stealth Rock
|turn|18
|
|t:|1757943828
|move|p1a: Zapdos|Hurricane|p2a: Hatterene
|-damage|p2a: Hatterene|47/100
|move|p2a: Hatterene|Calm Mind|p2a: Hatterene
|-boost|p2a: Hatterene|spa|1
|-boost|p2a: Hatterene|spd|1
|
|-weather|Snowscape|[upkeep]
|-heal|p2a: Hatterene|53/100|[from] item: Leftovers
|upkeep
|turn|19
|
|t:|1757943835
|move|p1a: Zapdos|Hurricane|p2a: Hatterene|[miss]
|-miss|p1a: Zapdos|p2a: Hatterene
|move|p2a: Hatterene|Draining Kiss|p1a: Zapdos
|-damage|p1a: Zapdos|62/100
|-heal|p2a: Hatterene|82/100|[from] drain|[of] p1a: Zapdos
|
|-weather|none
|-heal|p2a: Hatterene|88/100|[from] item: Leftovers
|upkeep
|turn|20
|
|t:|1757943839
|move|p1a: Zapdos|Hurricane|p2a: Hatterene|[miss]
|-miss|p1a: Zapdos|p2a: Hatterene
|move|p2a: Hatterene|Mystical Fire|p1a: Zapdos
|-damage|p1a: Zapdos|23/100
|-unboost|p1a: Zapdos|spa|1
|
|-heal|p2a: Hatterene|94/100|[from] item: Leftovers
|upkeep
|turn|21
|
|t:|1757943842
|move|p1a: Zapdos|Hurricane|p2a: Hatterene
|-damage|p2a: Hatterene|73/100
|-start|p2a: Hatterene|confusion
|-activate|p2a: Hatterene|confusion
|move|p2a: Hatterene|Calm Mind|p2a: Hatterene
|-boost|p2a: Hatterene|spa|1
|-boost|p2a: Hatterene|spd|1
|
|-heal|p2a: Hatterene|79/100|[from] item: Leftovers
|upkeep
|turn|22
|
|t:|1757943848
|move|p1a: Zapdos|Hurricane|p2a: Hatterene
|-damage|p2a: Hatterene|64/100
|-activate|p2a: Hatterene|confusion
|move|p2a: Hatterene|Psyshock|p1a: Zapdos
|-damage|p1a: Zapdos|0 fnt
|faint|p1a: Zapdos
|
|-heal|p2a: Hatterene|70/100|[from] item: Leftovers
|-sideend|p2: bigchungusin2025|move: Aurora Veil
|upkeep
|
|t:|1757943853
|switch|p1a: Landorus|Landorus-Therian, M|100/100
|-ability|p1a: Landorus|Intimidate|boost
|-unboost|p2a: Hatterene|atk|1
|turn|23
|
|t:|1757943856
|move|p1a: Landorus|Earthquake|p2a: Hatterene
|-damage|p2a: Hatterene|16/100
|-activate|p2a: Hatterene|confusion
|move|p2a: Hatterene|Draining Kiss|p1a: Landorus
|-damage|p1a: Landorus|45/100
|-heal|p2a: Hatterene|58/100|[from] drain|[of] p1a: Landorus
|
|-heal|p2a: Hatterene|64/100|[from] item: Leftovers
|upkeep
|turn|24
|
|t:|1757943860
|move|p1a: Landorus|Earthquake|p2a: Hatterene
|-damage|p2a: Hatterene|7/100
|-end|p2a: Hatterene|confusion
|move|p2a: Hatterene|Draining Kiss|p1a: Landorus
|-damage|p1a: Landorus|0 fnt
|-heal|p2a: Hatterene|41/100|[from] drain|[of] p1a: Landorus
|faint|p1a: Landorus
|
|win|bigchungusin2025
|raw|fianso-95's rating: 1370 &rarr; <strong>1349</strong><br />(-21 for losing)
|raw|bigchungusin2025's rating: 1359 &rarr; <strong>1380</strong><br />(+21 for winning)
|l|☆fianso-95
|player|p1|
|l|☆bigchungusin2025
|player|p2|
