|j|☆Quonter
|j|☆toomanypsaccs
|t:|1757896532
|gametype|singles
|player|p1|Quonter|miku-ground|1229
|player|p2|toomanypsaccs|1|1271
|gen|9
|tier|[Gen 9] OU
|rated|
|rule|HP Percentage Mod: HP is shown in percentages
|rule|Endless Battle Clause: Forcing endless battles is banned
|rule|Species Clause: Limit one of each Pokémon
|rule|OHKO Clause: OHKO moves are banned
|rule|Evasion Items Clause: Evasion items are banned
|rule|Evasion Moves Clause: Evasion moves are banned
|rule|Evasion Abilities Clause: Evasion abilities are banned
|rule|Sleep Moves Clause: Sleep-inducing moves are banned
|clearpoke
|poke|p1|Ogerpon-Wellspring, F|
|poke|p1|Gholdengo|
|poke|p1|Araquanid, M|
|poke|p1|Raging Bolt|
|poke|p1|Kingambit, M|
|poke|p1|Great Tusk|
|poke|p2|Iron Valiant|
|poke|p2|Gholdengo|
|poke|p2|Zamazenta-*|
|poke|p2|Iron Treads|
|poke|p2|Ogerpon-Wellspring, F|
|poke|p2|Heatran, M|
|teampreview
|inactive|Battle timer is ON: inactive players will automatically lose when time's up. (requested by toomanypsaccs)
|
|t:|1757896555
|teamsize|p1|6
|teamsize|p2|6
|start
|switch|p1a: Victor|Araquanid, M|100/100
|switch|p2a: Ogerpon|Ogerpon-Wellspring, F|100/100
|turn|1
|
|t:|1757896559
|move|p2a: Ogerpon|Power Whip|p1a: Victor
|-damage|p1a: Victor|23/100
|move|p1a: Victor|Sticky Web|p2a: Ogerpon
|-sidestart|p2: toomanypsaccs|move: Sticky Web
|
|upkeep
|turn|2
|inactive|toomanypsaccs has 120 seconds left.
|inactive|toomanypsaccs has 90 seconds left.
|-enditem|p1a: Victor|Custap Berry|[eat]
|-activate|p1a: Victor|item: Custap Berry|[consumed]
|
|t:|1757896643
|move|p1a: Victor|Endeavor|p2a: Ogerpon
|-damage|p2a: Ogerpon|26/100
|move|p2a: Ogerpon|Swords Dance|p2a: Ogerpon
|-boost|p2a: Ogerpon|atk|2
|
|upkeep
|turn|3
|
|t:|1757896660
|move|p1a: Victor|Endure|p1a: Victor
|-singleturn|p1a: Victor|move: Endure
|move|p2a: Ogerpon|Power Whip|p1a: Victor
|-activate|p1a: Victor|move: Endure
|-damage|p1a: Victor|1/100
|
|upkeep
|turn|4
|
|t:|1757896668
|move|p2a: Ogerpon|Ivy Cudgel|p1a: Victor|[anim] Ivy Cudgel Water
|-resisted|p1a: Victor
|-damage|p1a: Victor|0 fnt
|faint|p1a: Victor
|
|upkeep
|
|t:|1757896679
|switch|p1a: Enel|Raging Bolt|100/100
|-enditem|p1a: Enel|Booster Energy
|-activate|p1a: Enel|ability: Protosynthesis|[fromitem]
|-start|p1a: Enel|protosynthesisspa
|turn|5
|
|t:|1757896686
|move|p1a: Enel|Thunderclap|p2a: Ogerpon
|-damage|p2a: Ogerpon|0 fnt
|faint|p2a: Ogerpon
|
|upkeep
|
|t:|1757896690
|switch|p2a: Iron Treads|Iron Treads|100/100
|-activate|p2a: Iron Treads|move: Sticky Web
|-unboost|p2a: Iron Treads|spe|1
|turn|6
|
|t:|1757896701
|-end|p1a: Enel|Protosynthesis|[silent]
|switch|p1a: Remi Cajallena|Gholdengo|100/100
|-item|p1a: Remi Cajallena|Air Balloon
|move|p2a: Iron Treads|Knock Off|p1a: Remi Cajallena
|-supereffective|p1a: Remi Cajallena
|-damage|p1a: Remi Cajallena|33/100
|-enditem|p1a: Remi Cajallena|Air Balloon
|
|upkeep
|turn|7
|
|t:|1757896710
|move|p1a: Remi Cajallena|Focus Blast|p2a: Iron Treads|[miss]
|-miss|p1a: Remi Cajallena|p2a: Iron Treads
|move|p2a: Iron Treads|High Horsepower|p1a: Remi Cajallena|[miss]
|-miss|p2a: Iron Treads|p1a: Remi Cajallena
|
|upkeep
|turn|8
|
|t:|1757896729
|-end|p2a: Iron Treads|Quark Drive|[silent]
|switch|p2a: Gholdengo|Gholdengo|100/100
|-item|p2a: Gholdengo|Air Balloon
|move|p1a: Remi Cajallena|Shadow Ball|p2a: Gholdengo
|-supereffective|p2a: Gholdengo
|-damage|p2a: Gholdengo|16/100
|-enditem|p2a: Gholdengo|Air Balloon
|
|upkeep
|turn|9
|inactive|toomanypsaccs has 90 seconds left.
|
|t:|1757896752
|move|p1a: Remi Cajallena|Shadow Ball|p2a: Gholdengo
|-supereffective|p2a: Gholdengo
|-damage|p2a: Gholdengo|0 fnt
|faint|p2a: Gholdengo
|
|upkeep
|
|t:|1757896755
|switch|p2a: Iron Treads|Iron Treads|100/100
|-activate|p2a: Iron Treads|move: Sticky Web
|-unboost|p2a: Iron Treads|spe|1
|turn|10
|
|t:|1757896766
|move|p1a: Remi Cajallena|Shadow Ball|p2a: Iron Treads
|-damage|p2a: Iron Treads|44/100
|move|p2a: Iron Treads|Knock Off|p1a: Remi Cajallena
|-supereffective|p1a: Remi Cajallena
|-damage|p1a: Remi Cajallena|0 fnt
|faint|p1a: Remi Cajallena
|
|-heal|p2a: Iron Treads|50/100|[from] item: Leftovers
|upkeep
|
|t:|1757896771
|switch|p1a: Kush|Ogerpon-Wellspring, F|100/100
|turn|11
|inactive|toomanypsaccs has 90 seconds left.
|
|t:|1757896803
|-terastallize|p2a: Iron Treads|Ghost
|move|p1a: Kush|Ivy Cudgel|p2a: Iron Treads|[anim] Ivy Cudgel Water
|-crit|p2a: Iron Treads
|-damage|p2a: Iron Treads|0 fnt
|faint|p2a: Iron Treads
|-end|p2a: Iron Treads|Quark Drive|[silent]
|
|upkeep
|-message|toomanypsaccs forfeited.
|
|win|Quonter
|raw|Quonter's rating: 1229 &rarr; <strong>1257</strong><br />(+28 for winning)
|raw|toomanypsaccs's rating: 1271 &rarr; <strong>1243</strong><br />(-28 for losing)
|l|☆toomanypsaccs
|player|p2|
