|j|☆16xaya
|j|☆paprika_parade
|t:|1757787897
|gametype|singles
|player|p1|16xaya|170|1317
|player|p2|paprika_parade|harlequin|1313
|gen|9
|tier|[Gen 9] OU
|rated|
|rule|HP Percentage Mod: HP is shown in percentages
|rule|Endless Battle Clause: Forcing endless battles is banned
|rule|Species Clause: Limit one of each Pokémon
|rule|OHKO Clause: OHKO moves are banned
|rule|Evasion Items Clause: Evasion items are banned
|rule|Evasion Moves Clause: Evasion moves are banned
|rule|Evasion Abilities Clause: Evasion abilities are banned
|rule|Sleep Moves Clause: Sleep-inducing moves are banned
|clearpoke
|poke|p1|Ceruledge, F|
|poke|p1|Raging Bolt|
|poke|p1|Latias, F|
|poke|p1|Kyurem|
|poke|p1|Ninetales-Alola, F|
|poke|p1|Iron Moth|
|poke|p2|Cryogonal|
|poke|p2|Alomomola, F|
|poke|p2|Bronzong|
|poke|p2|Iron Moth|
|poke|p2|Dragonite, M|
|poke|p2|Mienshao, F|
|teampreview
|inactive|Battle timer is ON: inactive players will automatically lose when time's up. (requested by 16xaya)
|
|t:|1757787912
|teamsize|p1|6
|teamsize|p2|6
|start
|switch|p1a: snow bunny|Ninetales-Alola, F|100/100
|switch|p2a: Mienshao|Mienshao, F|100/100
|-weather|Snowscape|[from] ability: Snow Warning|[of] p1a: snow bunny
|turn|1
|
|t:|1757787921
|move|p2a: Mienshao|Fake Out|p1a: snow bunny
|-damage|p1a: snow bunny|82/100
|-damage|p2a: Mienshao|91/100|[from] item: Life Orb
|cant|p1a: snow bunny|flinch
|
|-weather|Snowscape|[upkeep]
|upkeep
|turn|2
|
|t:|1757787928
|move|p1a: snow bunny|Aurora Veil|p1a: snow bunny
|-sidestart|p1: 16xaya|move: Aurora Veil
|move|p2a: Mienshao|Close Combat|p1a: snow bunny
|-crit|p1a: snow bunny
|-damage|p1a: snow bunny|0 fnt
|-unboost|p2a: Mienshao|def|1
|-unboost|p2a: Mienshao|spd|1
|faint|p1a: snow bunny
|-damage|p2a: Mienshao|81/100|[from] item: Life Orb
|
|-weather|Snowscape|[upkeep]
|upkeep
|
|t:|1757787954
|switch|p1a: realpsyspam|Latias, F|100/100
|turn|3
|
|t:|1757787961
|move|p2a: Mienshao|U-turn|p1a: realpsyspam
|-supereffective|p1a: realpsyspam
|-damage|p1a: realpsyspam|64/100
|-damage|p2a: Mienshao|71/100|[from] item: Life Orb
|
|t:|1757787964
|switch|p2a: Cryogonal|Cryogonal|100/100|[from] U-turn
|move|p1a: realpsyspam|Agility|p1a: realpsyspam
|-boost|p1a: realpsyspam|spe|2
|
|-weather|Snowscape|[upkeep]
|-heal|p1a: realpsyspam|70/100|[from] item: Leftovers
|upkeep
|turn|4
|
|t:|1757787974
|-terastallize|p1a: realpsyspam|Steel
|move|p1a: realpsyspam|Calm Mind|p1a: realpsyspam
|-boost|p1a: realpsyspam|spa|1
|-boost|p1a: realpsyspam|spd|1
|move|p2a: Cryogonal|Freeze-Dry|p1a: realpsyspam
|-resisted|p1a: realpsyspam
|-damage|p1a: realpsyspam|67/100
|
|-weather|Snowscape|[upkeep]
|-heal|p1a: realpsyspam|73/100|[from] item: Leftovers
|upkeep
|turn|5
|
|t:|1757787983
|move|p1a: realpsyspam|Calm Mind|p1a: realpsyspam
|-boost|p1a: realpsyspam|spa|1
|-boost|p1a: realpsyspam|spd|1
|move|p2a: Cryogonal|Haze|p2a: Cryogonal
|-clearallboost
|
|-weather|none
|-heal|p1a: realpsyspam|79/100|[from] item: Leftovers
|upkeep
|turn|6
|
|t:|1757787991
|move|p1a: realpsyspam|Aura Sphere|p2a: Cryogonal
|-supereffective|p2a: Cryogonal
|-damage|p2a: Cryogonal|71/100
|move|p2a: Cryogonal|Freeze-Dry|p1a: realpsyspam
|-resisted|p1a: realpsyspam
|-damage|p1a: realpsyspam|74/100
|
|-heal|p1a: realpsyspam|80/100|[from] item: Leftovers
|upkeep
|turn|7
|
|t:|1757788002
|move|p1a: realpsyspam|Calm Mind|p1a: realpsyspam
|-boost|p1a: realpsyspam|spa|1
|-boost|p1a: realpsyspam|spd|1
|move|p2a: Cryogonal|Freeze-Dry|p1a: realpsyspam
|-resisted|p1a: realpsyspam
|-damage|p1a: realpsyspam|77/100
|
|-heal|p1a: realpsyspam|83/100|[from] item: Leftovers
|upkeep
|turn|8
|
|t:|1757788004
|move|p1a: realpsyspam|Aura Sphere|p2a: Cryogonal
|-supereffective|p2a: Cryogonal
|-damage|p2a: Cryogonal|30/100
|move|p2a: Cryogonal|Haze|p2a: Cryogonal
|-clearallboost
|
|-heal|p1a: realpsyspam|89/100|[from] item: Leftovers
|upkeep
|turn|9
|
|t:|1757788010
|-terastallize|p2a: Cryogonal|Fairy
|move|p1a: realpsyspam|Aura Sphere|p2a: Cryogonal
|-resisted|p2a: Cryogonal
|-damage|p2a: Cryogonal|22/100
|move|p2a: Cryogonal|Recover|p2a: Cryogonal
|-heal|p2a: Cryogonal|72/100
|
|-heal|p1a: realpsyspam|95/100|[from] item: Leftovers
|-sideend|p1: 16xaya|move: Aurora Veil
|upkeep
|turn|10
|
|t:|1757788022
|switch|p1a: bury the light|Ceruledge, F|100/100
|move|p2a: Cryogonal|Freeze-Dry|p1a: bury the light
|-resisted|p1a: bury the light
|-damage|p1a: bury the light|86/100
|
|upkeep
|turn|11
|
|t:|1757788033
|switch|p2a: Alomomola|Alomomola, F, shiny|100/100
|move|p1a: bury the light|Swords Dance|p1a: bury the light
|-boost|p1a: bury the light|atk|2
|
|upkeep
|turn|12
|
|t:|1757788042
|switch|p1a: 50/50|Raging Bolt|100/100
|-enditem|p1a: 50/50|Booster Energy
|-activate|p1a: 50/50|ability: Protosynthesis|[fromitem]
|-start|p1a: 50/50|protosynthesisspa
|move|p2a: Alomomola|Scald|p1a: 50/50
|-resisted|p1a: 50/50
|-damage|p1a: 50/50|95/100
|
|upkeep
|turn|13
|
|t:|1757788052
|switch|p2a: Cryogonal|Cryogonal, tera:Fairy|72/100
|move|p1a: 50/50|Calm Mind|p1a: 50/50
|-boost|p1a: 50/50|spa|1
|-boost|p1a: 50/50|spd|1
|
|upkeep
|turn|14
|
|t:|1757788060
|move|p2a: Cryogonal|Haze|p2a: Cryogonal
|-clearallboost
|move|p1a: 50/50|Thunderbolt|p2a: Cryogonal
|-damage|p2a: Cryogonal|34/100
|
|upkeep
|turn|15
|
|t:|1757788064
|move|p2a: Cryogonal|Recover|p2a: Cryogonal
|-heal|p2a: Cryogonal|84/100
|move|p1a: 50/50|Thunderbolt|p2a: Cryogonal
|-damage|p2a: Cryogonal|46/100
|
|upkeep
|turn|16
|
|t:|1757788070
|move|p2a: Cryogonal|Freeze-Dry|p1a: 50/50
|-supereffective|p1a: 50/50
|-damage|p1a: 50/50|56/100
|move|p1a: 50/50|Calm Mind|p1a: 50/50
|-boost|p1a: 50/50|spa|1
|-boost|p1a: 50/50|spd|1
|
|upkeep
|turn|17
|
|t:|1757788076
|move|p2a: Cryogonal|Haze|p2a: Cryogonal
|-clearallboost
|move|p1a: 50/50|Thunderbolt|p2a: Cryogonal
|-damage|p2a: Cryogonal|11/100
|
|upkeep
|turn|18
|
|t:|1757788081
|move|p2a: Cryogonal|Recover|p2a: Cryogonal
|-heal|p2a: Cryogonal|61/100
|move|p1a: 50/50|Calm Mind|p1a: 50/50
|-boost|p1a: 50/50|spa|1
|-boost|p1a: 50/50|spd|1
|
|upkeep
|turn|19
|
|t:|1757788085
|move|p2a: Cryogonal|Haze|p2a: Cryogonal
|-clearallboost
|move|p1a: 50/50|Thunderbolt|p2a: Cryogonal
|-damage|p2a: Cryogonal|20/100
|
|upkeep
|turn|20
|
|t:|1757788089
|move|p2a: Cryogonal|Freeze-Dry|p1a: 50/50
|-supereffective|p1a: 50/50
|-damage|p1a: 50/50|19/100
|move|p1a: 50/50|Thunderbolt|p2a: Cryogonal
|-damage|p2a: Cryogonal|0 fnt
|faint|p2a: Cryogonal
|
|upkeep
|
|t:|1757788094
|switch|p2a: Mienshao|Mienshao, F|100/100
|turn|21
|
|t:|1757788100
|move|p2a: Mienshao|Fake Out|p1a: 50/50
|-damage|p1a: 50/50|5/100
|-damage|p2a: Mienshao|91/100|[from] item: Life Orb
|cant|p1a: 50/50|flinch
|
|upkeep
|turn|22
|
|t:|1757788103
|switch|p2a: Bronzong|Bronzong|100/100
|move|p1a: 50/50|Thunderclap||[still]
|-fail|p1a: 50/50
|
|upkeep
|turn|23
|
|t:|1757788106
|move|p1a: 50/50|Thunderbolt|p2a: Bronzong
|-damage|p2a: Bronzong|46/100
|move|p2a: Bronzong|Night Shade|p1a: 50/50
|-damage|p1a: 50/50|0 fnt
|faint|p1a: 50/50
|-end|p1a: 50/50|Protosynthesis|[silent]
|
|upkeep
|
|t:|1757788111
|switch|p1a: MoveMerchant|Iron Moth|100/100
|-enditem|p1a: MoveMerchant|Booster Energy
|-activate|p1a: MoveMerchant|ability: Quark Drive|[fromitem]
|-start|p1a: MoveMerchant|quarkdrivespe
|turn|24
|
|t:|1757788115
|move|p1a: MoveMerchant|Fiery Dance|p2a: Bronzong
|-supereffective|p2a: Bronzong
|-damage|p2a: Bronzong|0 fnt
|-boost|p1a: MoveMerchant|spa|1
|faint|p2a: Bronzong
|
|upkeep
|
|t:|1757788127
|switch|p2a: Alomomola|Alomomola, F, shiny|100/100
|turn|25
|
|t:|1757788130
|move|p1a: MoveMerchant|Energy Ball|p2a: Alomomola
|-supereffective|p2a: Alomomola
|-damage|p2a: Alomomola|0 fnt
|faint|p2a: Alomomola
|
|upkeep
|
|t:|1757788136
|switch|p2a: Dragonite|Dragonite, M|100/100
|turn|26
|
|t:|1757788138
|move|p2a: Dragonite|Extreme Speed|p1a: MoveMerchant
|-damage|p1a: MoveMerchant|48/100
|move|p1a: MoveMerchant|Dazzling Gleam|p2a: Dragonite
|-supereffective|p2a: Dragonite
|-damage|p2a: Dragonite|61/100
|
|upkeep
|turn|27
|
|t:|1757788145
|move|p1a: MoveMerchant|Dazzling Gleam|p2a: Dragonite
|-supereffective|p2a: Dragonite
|-damage|p2a: Dragonite|0 fnt
|faint|p2a: Dragonite
|
|upkeep
|
|t:|1757788154
|switch|p2a: Iron Moth|Iron Moth|100/100
|turn|28
|
|t:|1757788161
|move|p1a: MoveMerchant|Sludge Wave|p2a: Iron Moth
|-resisted|p2a: Iron Moth
|-damage|p2a: Iron Moth|62/100
|move|p2a: Iron Moth|Fiery Dance|p1a: MoveMerchant
|-resisted|p1a: MoveMerchant
|-damage|p1a: MoveMerchant|25/100
|-boost|p2a: Iron Moth|spa|1
|
|upkeep
|turn|29
|
|t:|1757788168
|move|p1a: MoveMerchant|Fiery Dance|p2a: Iron Moth
|-resisted|p2a: Iron Moth
|-damage|p2a: Iron Moth|32/100
|-boost|p1a: MoveMerchant|spa|1
|move|p2a: Iron Moth|Fiery Dance|p1a: MoveMerchant
|-resisted|p1a: MoveMerchant
|-damage|p1a: MoveMerchant|0 fnt
|faint|p1a: MoveMerchant
|-end|p1a: MoveMerchant|Quark Drive|[silent]
|
|upkeep
|
|t:|1757788180
|switch|p1a: bury the light|Ceruledge, F|86/100
|turn|30
|
|t:|1757788184
|move|p1a: bury the light|Shadow Sneak|p2a: Iron Moth
|-damage|p2a: Iron Moth|0 fnt
|faint|p2a: Iron Moth
|-end|p2a: Iron Moth|Quark Drive|[silent]
|
|upkeep
|-message|paprika_parade forfeited.
|
|win|16xaya
|raw|16xaya's rating: 1317 &rarr; <strong>1337</strong><br />(+20 for winning)
|raw|paprika_parade's rating: 1313 &rarr; <strong>1293</strong><br />(-20 for losing)
|l|☆paprika_parade
|player|p2|
|l|☆16xaya
|player|p1|
