|j|☆Ominous vibes
|j|☆Moreini
|t:|1757953297
|gametype|singles
|player|p1|Ominous vibes|101|1737
|player|p2|Moreini|2|1785
|gen|9
|tier|[Gen 9] OU
|rated|
|rule|HP Percentage Mod: HP is shown in percentages
|rule|Endless Battle Clause: Forcing endless battles is banned
|rule|Species Clause: Limit one of each Pokémon
|rule|OHKO Clause: OHKO moves are banned
|rule|Evasion Items Clause: Evasion items are banned
|rule|Evasion Moves Clause: Evasion moves are banned
|rule|Evasion Abilities Clause: Evasion abilities are banned
|rule|Sleep Moves Clause: Sleep-inducing moves are banned
|clearpoke
|poke|p1|Zamazenta-*|
|poke|p1|Alomomola, F|
|poke|p1|Clodsire, F|
|poke|p1|Enamorus, F|
|poke|p1|Kingambit, M|
|poke|p1|Great Tusk|
|poke|p2|Indeedee, M|
|poke|p2|Great Tusk|
|poke|p2|Iron Crown|
|poke|p2|Polteageist|
|poke|p2|Hawlucha, M|
|poke|p2|Deoxys-Speed|
|teampreview
|inactive|Battle timer is ON: inactive players will automatically lose when time's up. (requested by Ominous vibes)
|
|t:|1757953324
|teamsize|p1|6
|teamsize|p2|6
|start
|switch|p1a: Enamorus|Enamorus, F|100/100
|switch|p2a: Great Tusk|Great Tusk|100/100
|turn|1
|
|t:|1757953330
|-end|p2a: Great Tusk|Protosynthesis|[silent]
|switch|p2a: Iron Crown|Iron Crown|100/100
|move|p1a: Enamorus|Earth Power|p2a: Iron Crown
|-supereffective|p2a: Iron Crown
|-damage|p2a: Iron Crown|35/100
|
|upkeep
|turn|2
|
|t:|1757953335
|-end|p2a: Iron Crown|Quark Drive|[silent]
|switch|p2a: Hawlucha|Hawlucha, M|100/100
|move|p1a: Enamorus|Earth Power|p2a: Hawlucha
|-immune|p2a: Hawlucha
|
|upkeep
|turn|3
|
|t:|1757953352
|switch|p2a: Great Tusk|Great Tusk|100/100
|move|p1a: Enamorus|Substitute|p1a: Enamorus
|-start|p1a: Enamorus|Substitute
|-damage|p1a: Enamorus|76/100
|
|-heal|p1a: Enamorus|82/100|[from] item: Leftovers
|upkeep
|turn|4
|
|t:|1757953363
|-end|p2a: Great Tusk|Protosynthesis|[silent]
|switch|p2a: Indeedee|Indeedee, M|100/100
|-fieldstart|move: Psychic Terrain|[from] ability: Psychic Surge|[of] p2a: Indeedee
|move|p1a: Enamorus|Moonblast|p2a: Indeedee
|-damage|p2a: Indeedee|36/100
|-unboost|p2a: Indeedee|spa|1
|
|-heal|p1a: Enamorus|88/100|[from] item: Leftovers
|upkeep
|turn|5
|
|t:|1757953376
|switch|p2a: Hawlucha|Hawlucha, M|100/100
|-enditem|p2a: Hawlucha|Psychic Seed
|-boost|p2a: Hawlucha|spd|1|[from] item: Psychic Seed
|move|p1a: Enamorus|Moonblast|p2a: Hawlucha
|-supereffective|p2a: Hawlucha
|-damage|p2a: Hawlucha|2/100
|
|-heal|p1a: Enamorus|94/100|[from] item: Leftovers
|upkeep
|turn|6
|
|t:|1757953380
|move|p2a: Hawlucha|Acrobatics|p1a: Enamorus
|-end|p1a: Enamorus|Substitute
|move|p1a: Enamorus|Moonblast|p2a: Hawlucha
|-supereffective|p2a: Hawlucha
|-damage|p2a: Hawlucha|0 fnt
|faint|p2a: Hawlucha
|
|-heal|p1a: Enamorus|100/100|[from] item: Leftovers
|upkeep
|
|t:|1757953383
|switch|p2a: Deoxys|Deoxys-Speed|100/100
|-ability|p2a: Deoxys|Pressure
|turn|7
|
|t:|1757953388
|switch|p1a: Kingambit|Kingambit, M|100/100
|-item|p1a: Kingambit|Air Balloon
|move|p2a: Deoxys|Meteor Beam||[still]
|-prepare|p2a: Deoxys|Meteor Beam
|-boost|p2a: Deoxys|spa|1
|-enditem|p2a: Deoxys|Power Herb
|-anim|p2a: Deoxys|Meteor Beam|p1a: Kingambit
|-resisted|p1a: Kingambit
|-damage|p1a: Kingambit|67/100
|-enditem|p1a: Kingambit|Air Balloon
|
|upkeep
|turn|8
|
|t:|1757953395
|move|p1a: Kingambit|Sucker Punch|p2a: Deoxys
|-activate|p2a: Deoxys|move: Psychic Terrain
|move|p2a: Deoxys|Superpower|p1a: Kingambit
|-supereffective|p1a: Kingambit
|-damage|p1a: Kingambit|0 fnt
|-unboost|p2a: Deoxys|atk|1
|-unboost|p2a: Deoxys|def|1
|faint|p1a: Kingambit
|-end|p1a: Kingambit|fallenundefined|[silent]
|
|upkeep
|
|t:|1757953399
|switch|p1a: Clodsire|Clodsire, F|100/100
|turn|9
|j| lanarey
|
|t:|1757953409
|-terastallize|p1a: Clodsire|Dark
|move|p2a: Deoxys|Expanding Force|p1a: Clodsire
|-immune|p1a: Clodsire
|move|p1a: Clodsire|Spikes|p2a: Deoxys
|-sidestart|p2: Moreini|Spikes
|
|upkeep
|turn|10
|
|t:|1757953417
|switch|p2a: Great Tusk|Great Tusk|100/100
|-damage|p2a: Great Tusk|88/100|[from] Spikes
|switch|p1a: Alomomola|Alomomola, F|100/100
|
|upkeep
|turn|11
|
|t:|1757953422
|move|p2a: Great Tusk|Stealth Rock|p1a: Alomomola
|-sidestart|p1: Ominous vibes|move: Stealth Rock
|move|p1a: Alomomola|Flip Turn|p2a: Great Tusk
|-supereffective|p2a: Great Tusk
|-damage|p2a: Great Tusk|72/100
|-damage|p1a: Alomomola|84/100|[from] item: Rocky Helmet|[of] p2a: Great Tusk
|
|t:|1757953424
|switch|p1a: Enamorus|Enamorus, F|100/100|[from] Flip Turn
|-damage|p1a: Enamorus|76/100|[from] Stealth Rock
|
|-heal|p1a: Enamorus|82/100|[from] item: Leftovers
|-fieldend|move: Psychic Terrain
|upkeep
|turn|12
|
|t:|1757953435
|-end|p2a: Great Tusk|Protosynthesis|[silent]
|switch|p2a: Indeedee|Indeedee, M|36/100
|-damage|p2a: Indeedee|24/100|[from] Spikes
|-fieldstart|move: Psychic Terrain|[from] ability: Psychic Surge|[of] p2a: Indeedee
|move|p1a: Enamorus|Moonblast|p2a: Indeedee
|-damage|p2a: Indeedee|0 fnt
|faint|p2a: Indeedee
|
|-heal|p1a: Enamorus|88/100|[from] item: Leftovers
|upkeep
|
|t:|1757953438
|switch|p2a: Deoxys|Deoxys-Speed|100/100
|-damage|p2a: Deoxys|88/100|[from] Spikes
|-ability|p2a: Deoxys|Pressure
|turn|13
|
|t:|1757953443
|switch|p1a: Alomomola|Alomomola, F|100/100
|move|p2a: Deoxys|Expanding Force|p1a: Alomomola
|-damage|p1a: Alomomola|50/100
|
|upkeep
|turn|14
|j| runningitdownmid
|
|t:|1757953452
|switch|p2a: Great Tusk|Great Tusk|72/100
|-damage|p2a: Great Tusk|60/100|[from] Spikes
|move|p1a: Alomomola|Protect||[still]
|-fail|p1a: Alomomola
|
|upkeep
|turn|15
|
|t:|1757953459
|move|p1a: Alomomola|Protect|p1a: Alomomola
|-singleturn|p1a: Alomomola|Protect
|move|p2a: Great Tusk|Rapid Spin|p1a: Alomomola
|-activate|p1a: Alomomola|move: Protect
|
|upkeep
|turn|16
|
|t:|1757953466
|move|p2a: Great Tusk|Knock Off|p1a: Alomomola
|-damage|p1a: Alomomola|30/100
|-enditem|p1a: Alomomola|Heavy-Duty Boots|[from] move: Knock Off|[of] p2a: Great Tusk
|move|p1a: Alomomola|Flip Turn|p2a: Great Tusk
|-supereffective|p2a: Great Tusk
|-damage|p2a: Great Tusk|45/100
|-damage|p1a: Alomomola|14/100|[from] item: Rocky Helmet|[of] p2a: Great Tusk
|
|t:|1757953469
|switch|p1a: Enamorus|Enamorus, F|88/100|[from] Flip Turn
|-damage|p1a: Enamorus|63/100|[from] Stealth Rock
|
|-heal|p1a: Enamorus|69/100|[from] item: Leftovers
|upkeep
|turn|17
|
|t:|1757953483
|-end|p2a: Great Tusk|Protosynthesis|[silent]
|switch|p2a: Iron Crown|Iron Crown|35/100
|-damage|p2a: Iron Crown|23/100|[from] Spikes
|move|p1a: Enamorus|Substitute|p1a: Enamorus
|-start|p1a: Enamorus|Substitute
|-damage|p1a: Enamorus|44/100
|
|-heal|p1a: Enamorus|51/100|[from] item: Leftovers
|upkeep
|turn|18
|
|t:|1757953489
|move|p1a: Enamorus|Earth Power|p2a: Iron Crown
|-supereffective|p2a: Iron Crown
|-damage|p2a: Iron Crown|0 fnt
|faint|p2a: Iron Crown
|-end|p2a: Iron Crown|Quark Drive|[silent]
|
|-heal|p1a: Enamorus|57/100|[from] item: Leftovers
|upkeep
|
|t:|1757953492
|switch|p2a: Deoxys|Deoxys-Speed|88/100
|-damage|p2a: Deoxys|76/100|[from] Spikes
|-ability|p2a: Deoxys|Pressure
|turn|19
|
|t:|1757953497
|move|p2a: Deoxys|Expanding Force|p1a: Enamorus
|-end|p1a: Enamorus|Substitute
|move|p1a: Enamorus|Moonblast|p2a: Deoxys
|-damage|p2a: Deoxys|0 fnt
|faint|p2a: Deoxys
|
|-heal|p1a: Enamorus|63/100|[from] item: Leftovers
|-fieldend|move: Psychic Terrain
|upkeep
|
|t:|1757953502
|switch|p2a: Polteageist|Polteageist|100/100
|-damage|p2a: Polteageist|88/100|[from] Spikes
|turn|20
|
|t:|1757953507
|move|p1a: Enamorus|Moonblast|p2a: Polteageist
|-damage|p2a: Polteageist|33/100
|-unboost|p2a: Polteageist|spa|1
|move|p2a: Polteageist|Shadow Ball|p1a: Enamorus
|-damage|p1a: Enamorus|18/100
|-boost|p1a: Enamorus|spd|1
|
|-heal|p1a: Enamorus|25/100|[from] item: Leftovers
|upkeep
|turn|21
|-message|Moreini forfeited.
|
|win|Ominous vibes
|raw|Ominous vibes's rating: 1737 &rarr; <strong>1760</strong><br />(+23 for winning)
|raw|Moreini's rating: 1785 &rarr; <strong>1762</strong><br />(-23 for losing)
|l|☆Moreini
|player|p2|
|l| lanarey
|l|☆Ominous vibes
|player|p1|
|l| runningitdownmid
