|j|☆pafgluant
|j|☆SrZalex
|t:|1757818912
|gametype|singles
|player|p1|pafgluant|cheren-gen5bw2|1312
|player|p2|SrZalex|steven|1264
|gen|9
|tier|[Gen 9] OU
|rated|
|rule|HP Percentage Mod: HP is shown in percentages
|rule|Endless Battle Clause: Forcing endless battles is banned
|rule|Species Clause: Limit one of each Pokémon
|rule|OHKO Clause: OHKO moves are banned
|rule|Evasion Items Clause: Evasion items are banned
|rule|Evasion Moves Clause: Evasion moves are banned
|rule|Evasion Abilities Clause: Evasion abilities are banned
|rule|Sleep Moves Clause: Sleep-inducing moves are banned
|clearpoke
|poke|p1|Greninja-*, M|
|poke|p1|Lokix, M|
|poke|p1|Great Tusk|
|poke|p1|Deoxys-Speed|
|poke|p1|Iron Valiant|
|poke|p1|Gholdengo|
|poke|p2|Ceruledge, F|
|poke|p2|Corviknight, M|
|poke|p2|Pecharunt|
|poke|p2|Torkoal, F|
|poke|p2|Lilligant, F|
|poke|p2|Blissey, F|
|teampreview
|
|t:|1757818933
|teamsize|p1|6
|teamsize|p2|6
|start
|switch|p1a: Deoxys|Deoxys-Speed|100/100
|switch|p2a: Rosine|Torkoal, F|100/100
|-ability|p1a: Deoxys|Pressure
|-weather|SunnyDay|[from] ability: Drought|[of] p2a: Rosine
|turn|1
|
|t:|1757818943
|move|p1a: Deoxys|Stealth Rock|p2a: Rosine
|-sidestart|p2: SrZalex|move: Stealth Rock
|move|p2a: Rosine|Stealth Rock|p1a: Deoxys
|-sidestart|p1: pafgluant|move: Stealth Rock
|
|-weather|SunnyDay|[upkeep]
|upkeep
|turn|2
|
|t:|1757818951
|move|p1a: Deoxys|Knock Off|p2a: Rosine
|-damage|p2a: Rosine|88/100
|-enditem|p2a: Rosine|Heat Rock|[from] move: Knock Off|[of] p1a: Deoxys
|move|p2a: Rosine|Rapid Spin|p1a: Deoxys
|-damage|p1a: Deoxys|84/100
|-boost|p2a: Rosine|spe|1
|-sideend|p2: SrZalex|Stealth Rock|[from] move: Rapid Spin|[of] p2a: Rosine
|
|-weather|SunnyDay|[upkeep]
|upkeep
|turn|3
|
|t:|1757818963
|move|p1a: Deoxys|Stealth Rock|p2a: Rosine
|-sidestart|p2: SrZalex|move: Stealth Rock
|move|p2a: Rosine|Lava Plume|p1a: Deoxys
|-damage|p1a: Deoxys|23/100
|-status|p1a: Deoxys|brn
|
|-weather|SunnyDay|[upkeep]
|-damage|p1a: Deoxys|17/100 brn|[from] brn
|upkeep
|turn|4
|
|t:|1757818975
|move|p1a: Deoxys|Psychic|p2a: Rosine
|-damage|p2a: Rosine|39/100
|move|p2a: Rosine|Rapid Spin|p1a: Deoxys
|-damage|p1a: Deoxys|0 fnt
|-boost|p2a: Rosine|spe|1
|-sideend|p2: SrZalex|Stealth Rock|[from] move: Rapid Spin|[of] p2a: Rosine
|faint|p1a: Deoxys
|
|-weather|SunnyDay|[upkeep]
|upkeep
|
|t:|1757819010
|switch|p1a: Gholdengo|Gholdengo|100/100
|-damage|p1a: Gholdengo|94/100|[from] Stealth Rock
|-item|p1a: Gholdengo|Air Balloon
|turn|5
|
|t:|1757819038
|switch|p2a: Kirby|Blissey, F|100/100
|move|p1a: Gholdengo|Shadow Ball|p2a: Kirby
|-immune|p2a: Kirby
|
|-weather|SunnyDay|[upkeep]
|upkeep
|turn|6
|
|t:|1757819047
|switch|p1a: Great Tusk|Great Tusk|100/100
|-damage|p1a: Great Tusk|98/100|[from] Stealth Rock
|-activate|p1a: Great Tusk|ability: Protosynthesis
|-start|p1a: Great Tusk|protosynthesisatk
|move|p2a: Kirby|Thunder Wave|p1a: Great Tusk
|-immune|p1a: Great Tusk
|
|-weather|SunnyDay|[upkeep]
|upkeep
|turn|7
|
|t:|1757819060
|switch|p2a: Metal Night|Corviknight, M|100/100
|move|p1a: Great Tusk|Headlong Rush|p2a: Metal Night
|-immune|p2a: Metal Night
|
|-weather|SunnyDay|[upkeep]
|upkeep
|turn|8
|
|t:|1757819071
|move|p1a: Great Tusk|Rapid Spin|p2a: Metal Night
|-resisted|p2a: Metal Night
|-damage|p2a: Metal Night|94/100
|-boost|p1a: Great Tusk|spe|1
|-damage|p1a: Great Tusk|81/100|[from] item: Rocky Helmet|[of] p2a: Metal Night
|-sideend|p1: pafgluant|Stealth Rock|[from] move: Rapid Spin|[of] p1a: Great Tusk
|move|p2a: Metal Night|Body Press|p1a: Great Tusk
|-damage|p1a: Great Tusk|62/100
|
|-weather|none
|-end|p1a: Great Tusk|Protosynthesis
|upkeep
|-enditem|p1a: Great Tusk|Booster Energy
|-activate|p1a: Great Tusk|ability: Protosynthesis|[fromitem]
|-start|p1a: Great Tusk|protosynthesisspe
|turn|9
|
|t:|1757819085
|move|p1a: Great Tusk|Close Combat|p2a: Metal Night
|-damage|p2a: Metal Night|56/100
|-unboost|p1a: Great Tusk|def|1
|-unboost|p1a: Great Tusk|spd|1
|-damage|p1a: Great Tusk|45/100|[from] item: Rocky Helmet|[of] p2a: Metal Night
|move|p2a: Metal Night|Bulk Up|p2a: Metal Night
|-boost|p2a: Metal Night|atk|1
|-boost|p2a: Metal Night|def|1
|
|upkeep
|turn|10
|
|t:|1757819096
|-end|p1a: Great Tusk|Protosynthesis|[silent]
|switch|p1a: Gholdengo|Gholdengo|94/100
|-item|p1a: Gholdengo|Air Balloon
|move|p2a: Metal Night|Roost|p2a: Metal Night
|-heal|p2a: Metal Night|100/100
|-singleturn|p2a: Metal Night|move: Roost
|
|upkeep
|turn|11
|
|t:|1757819106
|move|p1a: Gholdengo|Nasty Plot|p1a: Gholdengo
|-boost|p1a: Gholdengo|spa|2
|move|p2a: Metal Night|Brave Bird|p1a: Gholdengo
|-resisted|p1a: Gholdengo
|-damage|p1a: Gholdengo|64/100
|-enditem|p1a: Gholdengo|Air Balloon
|-damage|p2a: Metal Night|93/100|[from] Recoil
|
|upkeep
|turn|12
|
|t:|1757819119
|switch|p2a: Kirby|Blissey, F|100/100
|move|p1a: Gholdengo|Recover|p1a: Gholdengo
|-heal|p1a: Gholdengo|100/100
|
|upkeep
|turn|13
|
|t:|1757819126
|switch|p1a: Great Tusk|Great Tusk|45/100
|move|p2a: Kirby|Thunder Wave|p1a: Great Tusk
|-immune|p1a: Great Tusk
|
|upkeep
|turn|14
|
|t:|1757819136
|move|p1a: Great Tusk|Headlong Rush|p2a: Kirby
|-damage|p2a: Kirby|0 fnt
|-unboost|p1a: Great Tusk|def|1
|-unboost|p1a: Great Tusk|spd|1
|faint|p2a: Kirby
|
|upkeep
|
|t:|1757819143
|switch|p2a: Rosine|Torkoal, F|39/100
|-weather|SunnyDay|[from] ability: Drought|[of] p2a: Rosine
|-activate|p1a: Great Tusk|ability: Protosynthesis
|-start|p1a: Great Tusk|protosynthesisatk
|turn|15
|
|t:|1757819150
|move|p1a: Great Tusk|Headlong Rush|p2a: Rosine
|-supereffective|p2a: Rosine
|-damage|p2a: Rosine|0 fnt
|-unboost|p1a: Great Tusk|def|1
|-unboost|p1a: Great Tusk|spd|1
|faint|p2a: Rosine
|
|-weather|SunnyDay|[upkeep]
|upkeep
|
|t:|1757819158
|switch|p2a: Lara|Lilligant, F, shiny|100/100
|turn|16
|
|t:|1757819201
|-end|p1a: Great Tusk|Protosynthesis|[silent]
|switch|p1a: Gholdengo|Gholdengo|100/100
|move|p2a: Lara|Giga Drain|p1a: Gholdengo
|-resisted|p1a: Gholdengo
|-damage|p1a: Gholdengo|79/100
|
|-weather|SunnyDay|[upkeep]
|upkeep
|turn|17
|
|t:|1757819210
|move|p2a: Lara|Quiver Dance|p2a: Lara
|-boost|p2a: Lara|spa|1
|-boost|p2a: Lara|spd|1
|-boost|p2a: Lara|spe|1
|move|p1a: Gholdengo|Nasty Plot|p1a: Gholdengo
|-boost|p1a: Gholdengo|spa|2
|
|-weather|SunnyDay|[upkeep]
|upkeep
|turn|18
|
|t:|1757819220
|move|p2a: Lara|Weather Ball|p1a: Gholdengo
|-supereffective|p1a: Gholdengo
|-damage|p1a: Gholdengo|0 fnt
|faint|p1a: Gholdengo
|
|-weather|SunnyDay|[upkeep]
|upkeep
|
|t:|1757819225
|switch|p1a: Lokix|Lokix, M|100/100
|turn|19
|
|t:|1757819231
|move|p1a: Lokix|First Impression|p2a: Lara
|-supereffective|p2a: Lara
|-damage|p2a: Lara|8/100
|move|p2a: Lara|Weather Ball|p1a: Lokix
|-supereffective|p1a: Lokix
|-damage|p1a: Lokix|0 fnt
|faint|p1a: Lokix
|
|-weather|none
|-heal|p2a: Lara|14/100|[from] item: Leftovers
|upkeep
|
|t:|1757819241
|switch|p1a: Greninja|Greninja, M|100/100
|turn|20
|
|t:|1757819253
|move|p1a: Greninja|Water Shuriken|p2a: Lara
|-resisted|p2a: Lara
|-damage|p2a: Lara|11/100
|-resisted|p2a: Lara
|-damage|p2a: Lara|7/100
|-resisted|p2a: Lara
|-damage|p2a: Lara|3/100
|-hitcount|p2a: Lara|3
|-damage|p1a: Greninja|91/100|[from] item: Life Orb
|move|p2a: Lara|Giga Drain|p1a: Greninja
|-supereffective|p1a: Greninja
|-damage|p1a: Greninja|0 fnt
|-heal|p2a: Lara|41/100|[from] drain|[of] p1a: Greninja
|faint|p1a: Greninja
|
|-heal|p2a: Lara|47/100|[from] item: Leftovers
|upkeep
|
|t:|1757819268
|switch|p1a: Iron Valiant|Iron Valiant|100/100
|-enditem|p1a: Iron Valiant|Booster Energy
|-activate|p1a: Iron Valiant|ability: Quark Drive|[fromitem]
|-start|p1a: Iron Valiant|quarkdrivespe
|turn|21
|
|t:|1757819275
|move|p1a: Iron Valiant|Swords Dance|p1a: Iron Valiant
|-boost|p1a: Iron Valiant|atk|2
|move|p2a: Lara|Giga Drain|p1a: Iron Valiant
|-damage|p1a: Iron Valiant|0 fnt
|-heal|p2a: Lara|89/100|[from] drain|[of] p1a: Iron Valiant
|faint|p1a: Iron Valiant
|-end|p1a: Iron Valiant|Quark Drive|[silent]
|
|-heal|p2a: Lara|95/100|[from] item: Leftovers
|upkeep
|-message|pafgluant forfeited.
|
|win|SrZalex
|raw|pafgluant's rating: 1312 &rarr; <strong>1289</strong><br />(-23 for losing)
|raw|SrZalex's rating: 1264 &rarr; <strong>1292</strong><br />(+28 for winning)
|l|☆pafgluant
|player|p1|
