|j|☆norebuhl
|j|☆mathismathin
|t:|1757907926
|gametype|singles
|player|p1|norebuhl|2|1366
|player|p2|mathismathin|hilbert|1397
|gen|9
|tier|[Gen 9] OU
|rated|
|rule|HP Percentage Mod: HP is shown in percentages
|rule|Endless Battle Clause: Forcing endless battles is banned
|rule|Species Clause: Limit one of each Pokémon
|rule|OHKO Clause: OHKO moves are banned
|rule|Evasion Items Clause: Evasion items are banned
|rule|Evasion Moves Clause: Evasion moves are banned
|rule|Evasion Abilities Clause: Evasion abilities are banned
|rule|Sleep Moves Clause: Sleep-inducing moves are banned
|clearpoke
|poke|p1|Pelipper, M|
|poke|p1|Alomomola, F|
|poke|p1|Great Tusk|
|poke|p1|Raging Bolt|
|poke|p1|Barraskewda, M|
|poke|p1|Ogerpon-Wellspring, F|
|poke|p2|Mew|
|poke|p2|Primarina, F|
|poke|p2|Moltres|
|poke|p2|Chesnaught, F|
|poke|p2|Great Tusk|
|poke|p2|Dragapult, F|
|teampreview
|inactive|Battle timer is ON: inactive players will automatically lose when time's up. (requested by norebuhl)
|
|t:|1757907946
|teamsize|p1|6
|teamsize|p2|6
|start
|switch|p1a: Pelipper|Pelipper, M|100/100
|switch|p2a: Dragapult|Dragapult, F|100/100
|-weather|RainDance|[from] ability: Drizzle|[of] p1a: Pelipper
|turn|1
|
|t:|1757907955
|move|p2a: Dragapult|Dragon Darts|p1a: Pelipper
|-crit|p1a: Pelipper
|-damage|p1a: Pelipper|57/100
|-anim|p2a: Dragapult|Dragon Darts|p1a: Pelipper
|-damage|p1a: Pelipper|30/100
|move|p1a: Pelipper|U-turn|p2a: Dragapult
|-resisted|p2a: Dragapult
|-damage|p2a: Dragapult|94/100
|
|t:|1757907968
|switch|p1a: Raging Bolt|Raging Bolt|100/100|[from] U-turn
|-enditem|p1a: Raging Bolt|Booster Energy
|-activate|p1a: Raging Bolt|ability: Protosynthesis|[fromitem]
|-start|p1a: Raging Bolt|protosynthesisspa
|
|-weather|RainDance|[upkeep]
|upkeep
|turn|2
|
|t:|1757907995
|switch|p2a: Mew|Mew|100/100
|-terastallize|p1a: Raging Bolt|Fairy
|move|p1a: Raging Bolt|Thunder|p2a: Mew
|-damage|p2a: Mew|33/100
|
|-weather|RainDance|[upkeep]
|upkeep
|turn|3
|
|t:|1757908004
|move|p2a: Mew|Trick|p1a: Raging Bolt
|-activate|p2a: Mew|move: Trick|[of] p1a: Raging Bolt
|-item|p1a: Raging Bolt|Choice Scarf|[from] move: Trick
|-enditem|p2a: Mew|Choice Scarf|[silent]|[from] move: Trick
|move|p1a: Raging Bolt|Thunder|p2a: Mew
|-damage|p2a: Mew|0 fnt
|faint|p2a: Mew
|
|-weather|RainDance|[upkeep]
|upkeep
|
|t:|1757908010
|switch|p2a: Great Tusk|Great Tusk|100/100
|turn|4
|
|t:|1757908039
|-end|p1a: Raging Bolt|Protosynthesis|[silent]
|switch|p1a: Great Tusk|Great Tusk|100/100
|-end|p2a: Great Tusk|Protosynthesis|[silent]
|switch|p2a: Primarina|Primarina, F|100/100
|
|-weather|RainDance|[upkeep]
|upkeep
|turn|5
|
|t:|1757908057
|-end|p1a: Great Tusk|Protosynthesis|[silent]
|switch|p1a: Ogerpon|Ogerpon-Wellspring, F|100/100
|move|p2a: Primarina|Moonblast|p1a: Ogerpon
|-damage|p1a: Ogerpon|36/100
|-unboost|p1a: Ogerpon|spa|1
|
|-weather|RainDance|[upkeep]
|upkeep
|turn|6
|inactive|norebuhl has 120 seconds left.
|
|t:|1757908094
|switch|p2a: Chesnaught|Chesnaught, F|100/100
|move|p1a: Ogerpon|Power Whip|p2a: Chesnaught
|-resisted|p2a: Chesnaught
|-crit|p2a: Chesnaught
|-damage|p2a: Chesnaught|71/100
|-damage|p1a: Ogerpon|19/100|[from] item: Rocky Helmet|[of] p2a: Chesnaught
|
|-weather|RainDance|[upkeep]
|upkeep
|turn|7
|inactive|norebuhl has 90 seconds left.
|-message|norebuhl forfeited.
|
|win|mathismathin
|raw|norebuhl's rating: 1366 &rarr; <strong>1349</strong><br />(-17 for losing)
|raw|mathismathin's rating: 1420 &rarr; <strong>1437</strong><br />(+17 for winning)
|l|☆norebuhl
|player|p1|
