|j|☆TAT_Yangyu
|j|☆bad teambuilder3
|t:|1757909517
|gametype|singles
|player|p1|TAT_Yangyu|plasmagrunt-gen5bw|1136
|player|p2|bad teambuilder3|beauty-gen4dp|1146
|gen|9
|tier|[Gen 9] OU
|rated|
|rule|HP Percentage Mod: HP is shown in percentages
|rule|Endless Battle Clause: Forcing endless battles is banned
|rule|Species Clause: Limit one of each Pokémon
|rule|OHKO Clause: OHKO moves are banned
|rule|Evasion Items Clause: Evasion items are banned
|rule|Evasion Moves Clause: Evasion moves are banned
|rule|Evasion Abilities Clause: Evasion abilities are banned
|rule|Sleep Moves Clause: Sleep-inducing moves are banned
|clearpoke
|poke|p1|Samurott-Hisui, M|
|poke|p1|Kingambit, M|
|poke|p1|Mimikyu, M|
|poke|p1|Dragapult, F|
|poke|p1|Gliscor, M|
|poke|p1|Incineroar, M|
|poke|p2|Scizor, F|
|poke|p2|Latios, M|
|poke|p2|Iron Crown|
|poke|p2|Ceruledge, F|
|poke|p2|Maushold-Four|
|poke|p2|Samurott-Hisui, M|
|teampreview
|inactive|Battle timer is ON: inactive players will automatically lose when time's up. (requested by bad teambuilder3)
|
|t:|1757909542
|teamsize|p1|6
|teamsize|p2|6
|start
|switch|p1a: Samurott|Samurott-Hisui, M|100/100
|switch|p2a: Samurott|Samurott-Hisui, M|100/100
|turn|1
|
|t:|1757909549
|move|p1a: Samurott|Ceaseless Edge|p2a: Samurott
|-resisted|p2a: Samurott
|-damage|p2a: Samurott|62/100
|-sidestart|p2: bad teambuilder3|Spikes
|-damage|p1a: Samurott|91/100|[from] item: Life Orb
|move|p2a: Samurott|Ceaseless Edge|p1a: Samurott
|-resisted|p1a: Samurott
|-damage|p1a: Samurott|60/100
|-sidestart|p1: TAT_Yangyu|Spikes
|
|upkeep
|turn|2
|
|t:|1757909570
|move|p2a: Samurott|Sacred Sword|p1a: Samurott
|-supereffective|p1a: Samurott
|-damage|p1a: Samurott|0 fnt
|faint|p1a: Samurott
|
|upkeep
|
|t:|1757909583
|switch|p1a: Dragapult|Dragapult, F|100/100
|-damage|p1a: Dragapult|88/100|[from] Spikes
|turn|3
|
|t:|1757909588
|move|p1a: Dragapult|Thunderbolt|p2a: Samurott
|-supereffective|p2a: Samurott
|-damage|p2a: Samurott|0 fnt
|faint|p2a: Samurott
|
|upkeep
|
|t:|1757909597
|switch|p2a: Iron Crown|Iron Crown|100/100
|-damage|p2a: Iron Crown|88/100|[from] Spikes
|-enditem|p2a: Iron Crown|Booster Energy
|-activate|p2a: Iron Crown|ability: Quark Drive|[fromitem]
|-start|p2a: Iron Crown|quarkdrivespe
|turn|4
|
|t:|1757909615
|switch|p1a: Incineroar|Incineroar, M|100/100
|-damage|p1a: Incineroar|88/100|[from] Spikes
|-ability|p1a: Incineroar|Intimidate|boost
|-unboost|p2a: Iron Crown|atk|1
|move|p2a: Iron Crown|Tachyon Cutter|p1a: Incineroar
|-resisted|p1a: Incineroar
|-damage|p1a: Incineroar|81/100
|-resisted|p1a: Incineroar
|-damage|p1a: Incineroar|74/100
|-hitcount|p1a: Incineroar|2
|
|upkeep
|turn|5
|
|t:|1757909629
|move|p2a: Iron Crown|Volt Switch|p1a: Incineroar
|-damage|p1a: Incineroar|59/100
|
|t:|1757909638
|-end|p2a: Iron Crown|Quark Drive|[silent]
|switch|p2a: Ceruledge|Ceruledge, F|100/100|[from] Volt Switch
|-damage|p2a: Ceruledge|88/100|[from] Spikes
|move|p1a: Incineroar|Darkest Lariat|p2a: Ceruledge
|-supereffective|p2a: Ceruledge
|-damage|p2a: Ceruledge|0 fnt
|faint|p2a: Ceruledge
|
|upkeep
|
|t:|1757909648
|switch|p2a: Maushold|Maushold-Four|100/100
|-damage|p2a: Maushold|88/100|[from] Spikes
|turn|6
|
|t:|1757909656
|move|p2a: Maushold|Population Bomb|p1a: Incineroar
|-damage|p1a: Incineroar|49/100
|-damage|p1a: Incineroar|39/100
|-damage|p1a: Incineroar|28/100
|-damage|p1a: Incineroar|16/100
|-damage|p1a: Incineroar|6/100
|-damage|p1a: Incineroar|0 fnt
|faint|p1a: Incineroar
|-hitcount|p1: Incineroar|6
|
|upkeep
|
|t:|1757909667
|switch|p1a: Dragapult|Dragapult, F|88/100
|-damage|p1a: Dragapult|76/100|[from] Spikes
|turn|7
|
|t:|1757909673
|move|p1a: Dragapult|Dragon Pulse|p2a: Maushold
|-damage|p2a: Maushold|32/100
|move|p2a: Maushold|Beat Up|p1a: Dragapult
|-supereffective|p1a: Dragapult
|-damage|p1a: Dragapult|65/100
|-supereffective|p1a: Dragapult
|-damage|p1a: Dragapult|49/100
|-supereffective|p1a: Dragapult
|-damage|p1a: Dragapult|36/100
|-supereffective|p1a: Dragapult
|-damage|p1a: Dragapult|18/100
|-hitcount|p1a: Dragapult|4
|
|upkeep
|turn|8
|
|t:|1757909692
|move|p1a: Dragapult|Dragon Pulse|p2a: Maushold
|-damage|p2a: Maushold|0 fnt
|faint|p2a: Maushold
|
|upkeep
|
|t:|1757909703
|switch|p2a: Scizor|Scizor, F|100/100
|-damage|p2a: Scizor|88/100|[from] Spikes
|turn|9
|
|t:|1757909719
|switch|p1a: Gliscor|Gliscor, M|100/100
|move|p2a: Scizor|Bullet Punch|p1a: Gliscor
|-damage|p1a: Gliscor|81/100
|
|-status|p1a: Gliscor|tox|[from] item: Toxic Orb
|upkeep
|turn|10
|
|t:|1757909730
|switch|p2a: Iron Crown|Iron Crown|88/100
|-damage|p2a: Iron Crown|76/100|[from] Spikes
|move|p1a: Gliscor|Knock Off|p2a: Iron Crown
|-supereffective|p2a: Iron Crown
|-damage|p2a: Iron Crown|46/100
|
|-heal|p1a: Gliscor|93/100 tox|[from] ability: Poison Heal
|upkeep
|turn|11
|
|t:|1757909746
|move|p2a: Iron Crown|Psyshock|p1a: Gliscor
|-damage|p1a: Gliscor|69/100 tox
|move|p1a: Gliscor|Knock Off|p2a: Iron Crown
|-supereffective|p2a: Iron Crown
|-damage|p2a: Iron Crown|18/100
|
|-heal|p1a: Gliscor|82/100 tox|[from] ability: Poison Heal
|upkeep
|turn|12
|
|t:|1757909754
|move|p2a: Iron Crown|Psyshock|p1a: Gliscor
|-damage|p1a: Gliscor|58/100 tox
|move|p1a: Gliscor|Knock Off|p2a: Iron Crown
|-supereffective|p2a: Iron Crown
|-damage|p2a: Iron Crown|0 fnt
|faint|p2a: Iron Crown
|-end|p2a: Iron Crown|Quark Drive|[silent]
|
|-heal|p1a: Gliscor|71/100 tox|[from] ability: Poison Heal
|upkeep
|
|t:|1757909763
|switch|p2a: Latios|Latios, M|100/100
|turn|13
|
|t:|1757909773
|-terastallize|p1a: Gliscor|Water
|move|p2a: Latios|Luster Purge|p1a: Gliscor
|-damage|p1a: Gliscor|3/100 tox
|-unboost|p1a: Gliscor|spd|1
|move|p1a: Gliscor|Toxic|p2a: Latios
|-status|p2a: Latios|tox
|
|-damage|p2a: Latios|95/100 tox|[from] psn
|-heal|p1a: Gliscor|16/100 tox|[from] ability: Poison Heal
|upkeep
|turn|14
|
|t:|1757909786
|move|p1a: Gliscor|Protect|p1a: Gliscor
|-singleturn|p1a: Gliscor|Protect
|move|p2a: Latios|Aura Sphere|p1a: Gliscor
|-activate|p1a: Gliscor|move: Protect
|
|-damage|p2a: Latios|83/100 tox|[from] psn
|-heal|p1a: Gliscor|28/100 tox|[from] ability: Poison Heal
|upkeep
|turn|15
|
|t:|1757909799
|switch|p1a: Dragapult|Dragapult, F|18/100
|-damage|p1a: Dragapult|6/100|[from] Spikes
|move|p2a: Latios|Aura Sphere|p1a: Dragapult
|-immune|p1a: Dragapult
|
|-damage|p2a: Latios|65/100 tox|[from] psn
|upkeep
|turn|16
|
|t:|1757909810
|move|p1a: Dragapult|Dragon Pulse|p2a: Latios
|-supereffective|p2a: Latios
|-damage|p2a: Latios|0 fnt
|faint|p2a: Latios
|
|upkeep
|
|t:|1757909815
|switch|p2a: Scizor|Scizor, F|88/100
|-damage|p2a: Scizor|76/100|[from] Spikes
|turn|17
|
|t:|1757909820
|move|p1a: Dragapult|Dragon Pulse|p2a: Scizor
|-resisted|p2a: Scizor
|-crit|p2a: Scizor
|-damage|p2a: Scizor|37/100
|move|p2a: Scizor|Swords Dance|p2a: Scizor
|-boost|p2a: Scizor|atk|2
|
|upkeep
|turn|18
|
|t:|1757909827
|move|p2a: Scizor|Bullet Punch|p1a: Dragapult
|-damage|p1a: Dragapult|0 fnt
|faint|p1a: Dragapult
|
|upkeep
|
|t:|1757909834
|switch|p1a: Mimikyu|Mimikyu, M|100/100
|-damage|p1a: Mimikyu|88/100|[from] Spikes
|turn|19
|
|t:|1757909840
|move|p2a: Scizor|Bullet Punch|p1a: Mimikyu
|-activate|p1a: Mimikyu|ability: Disguise
|-damage|p1a: Mimikyu|88/100
|detailschange|p1a: Mimikyu|Mimikyu-Busted, M
|-damage|p1a: Mimikyu|76/100|[from] pokemon: Mimikyu-Busted
|move|p1a: Mimikyu|Curse|p2a: Scizor
|-start|p2a: Scizor|Curse|[of] p1a: Mimikyu
|-damage|p1a: Mimikyu|26/100
|
|-heal|p1a: Mimikyu|32/100|[from] item: Leftovers
|-damage|p2a: Scizor|12/100|[from] Curse
|upkeep
|turn|20
|
|t:|1757909854
|move|p1a: Mimikyu|Shadow Sneak|p2a: Scizor
|-damage|p2a: Scizor|0 fnt
|faint|p2a: Scizor
|
|win|TAT_Yangyu
|raw|TAT_Yangyu's rating: 1136 &rarr; <strong>1162</strong><br />(+26 for winning)
|raw|bad teambuilder3's rating: 1146 &rarr; <strong>1120</strong><br />(-26 for losing)
|l|☆bad teambuilder3
|player|p2|
|l|☆TAT_Yangyu
|player|p1|
