|j|☆marthfalco349
|j|☆kinsword
|t:|1757914300
|gametype|singles
|player|p1|marthfalco349|dawn|1473
|player|p2|kinsword|102|1425
|gen|9
|tier|[Gen 9] OU
|rated|
|rule|HP Percentage Mod: HP is shown in percentages
|rule|Endless Battle Clause: Forcing endless battles is banned
|rule|Species Clause: Limit one of each Pokémon
|rule|OHKO Clause: OHKO moves are banned
|rule|Evasion Items Clause: Evasion items are banned
|rule|Evasion Moves Clause: Evasion moves are banned
|rule|Evasion Abilities Clause: Evasion abilities are banned
|rule|Sleep Moves Clause: Sleep-inducing moves are banned
|clearpoke
|poke|p1|Araquanid, M|
|poke|p1|Raging Bolt|
|poke|p1|Iron Moth|
|poke|p1|Great Tusk|
|poke|p1|Gholdengo|
|poke|p1|Kingambit, M|
|poke|p2|Metagross|
|poke|p2|Slaking, F|
|poke|p2|Tatsugiri, F|
|poke|p2|Arcanine-Hisui, M|
|poke|p2|Weezing, M|
|poke|p2|Gardevoir, F|
|teampreview
|inactive|Battle timer is ON: inactive players will automatically lose when time's up. (requested by kinsword)
|
|t:|1757914311
|teamsize|p1|6
|teamsize|p2|6
|start
|switch|p1a: Araquanid|Araquanid, M|100/100
|switch|p2a: Arcanine|Arcanine-Hisui, M|100/100
|turn|1
|
|t:|1757914322
|move|p2a: Arcanine|Head Smash|p1a: Araquanid|[miss]
|-miss|p2a: Arcanine|p1a: Araquanid
|move|p1a: Araquanid|Liquidation|p2a: Arcanine
|-supereffective|p2a: Arcanine
|-damage|p2a: Arcanine|0 fnt
|faint|p2a: Arcanine
|
|upkeep
|c|☆marthfalco349|woosh
|
|t:|1757914331
|switch|p2a: Slaking|Slaking, F|100/100
|turn|2
|c|☆marthfalco349|my nimble spider dodged
|
|t:|1757914341
|-terastallize|p2a: Slaking|Normal
|move|p2a: Slaking|Double-Edge|p1a: Araquanid
|-damage|p1a: Araquanid|0 fnt
|faint|p1a: Araquanid
|-damage|p2a: Slaking|75/100|[from] Recoil
|
|upkeep
|inactive|marthfalco349 has 120 seconds left.
|
|t:|1757914366
|switch|p1a: Great Tusk|Great Tusk|100/100
|-enditem|p1a: Great Tusk|Booster Energy
|-activate|p1a: Great Tusk|ability: Protosynthesis|[fromitem]
|-start|p1a: Great Tusk|protosynthesisatk
|turn|3
|
|t:|1757914373
|switch|p2a: Weezing|Weezing, M|100/100
|move|p1a: Great Tusk|Rapid Spin|p2a: Weezing
|-damage|p2a: Weezing|84/100
|-boost|p1a: Great Tusk|spe|1
|
|upkeep
|turn|4
|
|t:|1757914384
|move|p1a: Great Tusk|Ice Spinner|p2a: Weezing
|-damage|p2a: Weezing|59/100
|move|p2a: Weezing|Will-O-Wisp|p1a: Great Tusk
|-status|p1a: Great Tusk|brn
|
|-damage|p1a: Great Tusk|94/100 brn|[from] brn
|upkeep
|turn|5
|
|t:|1757914394
|move|p1a: Great Tusk|Close Combat|p2a: Weezing
|-resisted|p2a: Weezing
|-damage|p2a: Weezing|45/100
|-unboost|p1a: Great Tusk|def|1
|-unboost|p1a: Great Tusk|spd|1
|move|p2a: Weezing|Fire Blast|p1a: Great Tusk
|-damage|p1a: Great Tusk|31/100 brn
|
|-damage|p1a: Great Tusk|25/100 brn|[from] brn
|upkeep
|turn|6
|
|t:|1757914406
|move|p1a: Great Tusk|Close Combat|p2a: Weezing
|-resisted|p2a: Weezing
|-damage|p2a: Weezing|31/100
|-unboost|p1a: Great Tusk|def|1
|-unboost|p1a: Great Tusk|spd|1
|move|p2a: Weezing|Fire Blast|p1a: Great Tusk
|-damage|p1a: Great Tusk|0 fnt
|faint|p1a: Great Tusk
|-end|p1a: Great Tusk|Protosynthesis|[silent]
|
|upkeep
|
|t:|1757914422
|switch|p1a: Iron Moth|Iron Moth|100/100
|-enditem|p1a: Iron Moth|Booster Energy
|-activate|p1a: Iron Moth|ability: Quark Drive|[fromitem]
|-start|p1a: Iron Moth|quarkdrivespa
|turn|7
|
|t:|1757914433
|switch|p2a: Gardevoir|Gardevoir, F|100/100
|move|p1a: Iron Moth|Fiery Dance|p2a: Gardevoir
|-damage|p2a: Gardevoir|60/100
|
|-heal|p2a: Gardevoir|66/100|[from] item: Leftovers
|upkeep
|turn|8
|
|t:|1757914446
|switch|p2a: Metagross|Metagross|100/100
|move|p1a: Iron Moth|Sludge Wave|p2a: Metagross
|-immune|p2a: Metagross
|
|upkeep
|turn|9
|
|t:|1757914455
|move|p2a: Metagross|Psychic Fangs|p1a: Iron Moth
|-supereffective|p1a: Iron Moth
|-damage|p1a: Iron Moth|0 fnt
|faint|p1a: Iron Moth
|-end|p1a: Iron Moth|Quark Drive|[silent]
|
|upkeep
|
|t:|1757914479
|switch|p1a: Kingambit|Kingambit, M|100/100
|-activate|p1a: Kingambit|ability: Supreme Overlord
|-start|p1a: Kingambit|fallen3|[silent]
|turn|10
|
|t:|1757914484
|switch|p2a: Weezing|Weezing, M|31/100
|move|p1a: Kingambit|Swords Dance|p1a: Kingambit
|-boost|p1a: Kingambit|atk|2
|
|upkeep
|turn|11
|
|t:|1757914492
|move|p2a: Weezing|Will-O-Wisp|p1a: Kingambit
|-status|p1a: Kingambit|brn
|-enditem|p1a: Kingambit|Lum Berry|[eat]
|-curestatus|p1a: Kingambit|brn|[msg]
|move|p1a: Kingambit|Iron Head|p2a: Weezing
|-damage|p2a: Weezing|0 fnt
|faint|p2a: Weezing
|
|upkeep
|
|t:|1757914509
|switch|p2a: Slaking|Slaking, F, tera:Normal|75/100
|turn|12
|
|t:|1757914515
|move|p1a: Kingambit|Sucker Punch|p2a: Slaking
|-damage|p2a: Slaking|0 fnt
|faint|p2a: Slaking
|
|upkeep
|
|t:|1757914521
|switch|p2a: Tatsugiri|Tatsugiri, F|100/100
|turn|13
|
|t:|1757914534
|move|p2a: Tatsugiri|Surf|p1a: Kingambit
|-damage|p1a: Kingambit|34/100
|move|p1a: Kingambit|Iron Head|p2a: Tatsugiri
|-resisted|p2a: Tatsugiri
|-damage|p2a: Tatsugiri|0 fnt
|faint|p2a: Tatsugiri
|
|upkeep
|
|t:|1757914542
|switch|p2a: Gardevoir|Gardevoir, F|66/100
|turn|14
|
|t:|1757914547
|move|p2a: Gardevoir|Mystical Fire|p1a: Kingambit
|-supereffective|p1a: Kingambit
|-damage|p1a: Kingambit|0 fnt
|faint|p1a: Kingambit
|-end|p1a: Kingambit|fallen3|[silent]
|
|-heal|p2a: Gardevoir|72/100|[from] item: Leftovers
|upkeep
|
|t:|1757914554
|switch|p1a: Gholdengo|Gholdengo|100/100
|-item|p1a: Gholdengo|Air Balloon
|turn|15
|
|t:|1757914562
|move|p1a: Gholdengo|Shadow Ball|p2a: Gardevoir
|-supereffective|p2a: Gardevoir
|-damage|p2a: Gardevoir|12/100
|move|p2a: Gardevoir|Mystical Fire|p1a: Gholdengo
|-supereffective|p1a: Gholdengo
|-damage|p1a: Gholdengo|41/100
|-unboost|p1a: Gholdengo|spa|1
|-enditem|p1a: Gholdengo|Air Balloon
|
|-heal|p2a: Gardevoir|18/100|[from] item: Leftovers
|upkeep
|turn|16
|
|t:|1757914574
|move|p1a: Gholdengo|Shadow Ball|p2a: Gardevoir
|-supereffective|p2a: Gardevoir
|-damage|p2a: Gardevoir|0 fnt
|faint|p2a: Gardevoir
|
|upkeep
|
|t:|1757914580
|switch|p2a: Metagross|Metagross|100/100
|turn|17
|
|t:|1757914588
|move|p2a: Metagross|Psychic Fangs|p1a: Gholdengo
|-resisted|p1a: Gholdengo
|-damage|p1a: Gholdengo|15/100
|move|p1a: Gholdengo|Shadow Ball|p2a: Metagross
|-supereffective|p2a: Metagross
|-damage|p2a: Metagross|24/100
|
|upkeep
|turn|18
|
|t:|1757914595
|move|p2a: Metagross|Psychic Fangs|p1a: Gholdengo
|-resisted|p1a: Gholdengo
|-damage|p1a: Gholdengo|0 fnt
|faint|p1a: Gholdengo
|
|upkeep
|
|t:|1757914597
|switch|p1a: Raging Bolt|Raging Bolt|100/100
|-enditem|p1a: Raging Bolt|Booster Energy
|-activate|p1a: Raging Bolt|ability: Protosynthesis|[fromitem]
|-start|p1a: Raging Bolt|protosynthesisspa
|turn|19
|
|t:|1757914604
|-terastallize|p1a: Raging Bolt|Bug
|move|p1a: Raging Bolt|Thunderclap|p2a: Metagross
|-damage|p2a: Metagross|0 fnt
|faint|p2a: Metagross
|
|win|marthfalco349
|raw|marthfalco349's rating: 1473 &rarr; <strong>1490</strong><br />(+17 for winning)
|raw|kinsword's rating: 1425 &rarr; <strong>1408</strong><br />(-17 for losing)
|l|☆kinsword
|player|p2|
|l|☆marthfalco349
|player|p1|
