|j|☆walkingwini22
|j|☆Black Man Lover
|t:|1757898941
|gametype|singles
|player|p1|walkingwini22|ghetsis|1502
|player|p2|Black Man Lover|emmet|1525
|gen|9
|tier|[Gen 9] OU
|rated|
|rule|HP Percentage Mod: HP is shown in percentages
|rule|Endless Battle Clause: Forcing endless battles is banned
|rule|Species Clause: Limit one of each Pokémon
|rule|OHKO Clause: OHKO moves are banned
|rule|Evasion Items Clause: Evasion items are banned
|rule|Evasion Moves Clause: Evasion moves are banned
|rule|Evasion Abilities Clause: Evasion abilities are banned
|rule|Sleep Moves Clause: Sleep-inducing moves are banned
|clearpoke
|poke|p1|Hoopa-Unbound|
|poke|p1|Slowking-Galar, F|
|poke|p1|Alomomola, F|
|poke|p1|Zamazenta-*|
|poke|p1|Great Tusk|
|poke|p1|Kingambit, F|
|poke|p2|Darkrai|
|poke|p2|Iron Jugulis|
|poke|p2|Iron Treads|
|poke|p2|Primarina, M|
|poke|p2|Cinderace, F|
|poke|p2|Raging Bolt|
|teampreview
|inactive|Battle timer is ON: inactive players will automatically lose when time's up. (requested by walkingwini22)
|inactive|Black Man Lover has 120 seconds left.
|
|t:|1757899000
|teamsize|p1|6
|teamsize|p2|6
|start
|switch|p1a: Hoopa|Hoopa-Unbound|100/100
|switch|p2a: Cinderace|Cinderace, F|100/100
|turn|1
|
|t:|1757899013
|switch|p1a: Alomomola|Alomomola, F|100/100
|move|p2a: Cinderace|U-turn|p1a: Alomomola
|-start|p2a: Cinderace|typechange|Bug|[from] ability: Libero
|-damage|p1a: Alomomola|82/100
|inactive|Black Man Lover has 120 seconds left.
|
|t:|1757899052
|switch|p2a: Raging Bolt|Raging Bolt|100/100|[from] U-turn
|-enditem|p2a: Raging Bolt|Booster Energy
|-activate|p2a: Raging Bolt|ability: Protosynthesis|[fromitem]
|-start|p2a: Raging Bolt|protosynthesisspa
|
|upkeep
|turn|2
|
|t:|1757899059
|switch|p1a: Slowking|Slowking-Galar, F|100/100
|move|p2a: Raging Bolt|Calm Mind|p2a: Raging Bolt
|-boost|p2a: Raging Bolt|spa|1
|-boost|p2a: Raging Bolt|spd|1
|
|upkeep
|turn|3
|
|t:|1757899067
|move|p2a: Raging Bolt|Calm Mind|p2a: Raging Bolt
|-boost|p2a: Raging Bolt|spa|1
|-boost|p2a: Raging Bolt|spd|1
|-prepare|p1a: Slowking|Chilly Reception|[premajor]
|move|p1a: Slowking|Chilly Reception|p1a: Slowking
|-weather|Snowscape
|
|t:|1757899075
|switch|p1a: Great Tusk|Great Tusk|100/100|[from] Chilly Reception
|
|-weather|Snowscape|[upkeep]
|upkeep
|turn|4
|
|t:|1757899081
|-terastallize|p2a: Raging Bolt|Flying
|move|p1a: Great Tusk|Headlong Rush|p2a: Raging Bolt
|-immune|p2a: Raging Bolt
|move|p2a: Raging Bolt|Dragon Pulse|p1a: Great Tusk
|-damage|p1a: Great Tusk|0 fnt
|faint|p1a: Great Tusk
|-end|p1a: Great Tusk|Protosynthesis|[silent]
|
|-weather|Snowscape|[upkeep]
|upkeep
|
|t:|1757899093
|switch|p1a: Hoopa|Hoopa-Unbound|100/100
|turn|5
|
|t:|1757899097
|-terastallize|p1a: Hoopa|Dark
|move|p1a: Hoopa|Hyperspace Fury|p2a: Raging Bolt
|-damage|p2a: Raging Bolt|0 fnt
|-unboost|p1a: Hoopa|def|1
|faint|p2a: Raging Bolt
|-end|p2a: Raging Bolt|Protosynthesis|[silent]
|
|-weather|Snowscape|[upkeep]
|upkeep
|
|t:|1757899115
|switch|p2a: Cinderace|Cinderace, F|100/100
|turn|6
|
|t:|1757899121
|switch|p1a: Alomomola|Alomomola, F|100/100
|move|p2a: Cinderace|U-turn|p1a: Alomomola
|-start|p2a: Cinderace|typechange|Bug|[from] ability: Libero
|-damage|p1a: Alomomola|85/100
|
|t:|1757899127
|switch|p2a: Darkrai|Darkrai|100/100|[from] U-turn
|
|-weather|Snowscape|[upkeep]
|upkeep
|turn|7
|
|t:|1757899139
|move|p2a: Darkrai|Focus Blast|p1a: Alomomola|[miss]
|-miss|p2a: Darkrai|p1a: Alomomola
|move|p1a: Alomomola|Flip Turn|p2a: Darkrai
|-damage|p2a: Darkrai|79/100
|
|t:|1757899145
|switch|p1a: Hoopa|Hoopa-Unbound, tera:Dark|100/100|[from] Flip Turn
|
|-weather|none
|upkeep
|turn|8
|
|t:|1757899155
|switch|p1a: Alomomola|Alomomola, F|100/100
|move|p2a: Darkrai|Focus Blast|p1a: Alomomola
|-damage|p1a: Alomomola|38/100
|
|upkeep
|turn|9
|
|t:|1757899160
|switch|p1a: Slowking|Slowking-Galar, F|100/100
|move|p2a: Darkrai|Focus Blast|p1a: Slowking
|-resisted|p1a: Slowking
|-damage|p1a: Slowking|91/100
|
|upkeep
|turn|10
|
|t:|1757899184
|switch|p2a: Iron Treads|Iron Treads|100/100
|-item|p2a: Iron Treads|Air Balloon
|-prepare|p1a: Slowking|Chilly Reception|[premajor]
|move|p1a: Slowking|Chilly Reception|p1a: Slowking
|-weather|Snowscape
|
|t:|1757899186
|switch|p1a: Hoopa|Hoopa-Unbound, tera:Dark|100/100|[from] Chilly Reception
|
|-weather|Snowscape|[upkeep]
|upkeep
|turn|11
|
|t:|1757899191
|move|p2a: Iron Treads|Stealth Rock|p1a: Hoopa
|-sidestart|p1: walkingwini22|move: Stealth Rock
|move|p1a: Hoopa|Hyperspace Fury|p2a: Iron Treads
|-damage|p2a: Iron Treads|0 fnt
|-unboost|p1a: Hoopa|def|1
|-enditem|p2a: Iron Treads|Air Balloon
|faint|p2a: Iron Treads
|-end|p2a: Iron Treads|Quark Drive|[silent]
|
|-weather|Snowscape|[upkeep]
|upkeep
|
|t:|1757899218
|switch|p2a: Cinderace|Cinderace, F|100/100
|turn|12
|
|t:|1757899226
|switch|p1a: Alomomola|Alomomola, F|72/100
|move|p2a: Cinderace|U-turn|p1a: Alomomola
|-start|p2a: Cinderace|typechange|Bug|[from] ability: Libero
|-crit|p1a: Alomomola
|-damage|p1a: Alomomola|45/100
|
|t:|1757899236
|switch|p2a: Darkrai|Darkrai|79/100|[from] U-turn
|
|-weather|Snowscape|[upkeep]
|upkeep
|turn|13
|
|t:|1757899239
|move|p1a: Alomomola|Protect|p1a: Alomomola
|-singleturn|p1a: Alomomola|Protect
|move|p2a: Darkrai|Dark Pulse|p1a: Alomomola
|-activate|p1a: Alomomola|move: Protect
|
|-weather|Snowscape|[upkeep]
|upkeep
|turn|14
|inactive|walkingwini22 has 120 seconds left.
|
|t:|1757899280
|switch|p2a: Cinderace|Cinderace, F|100/100
|switch|p1a: Kingambit|Kingambit, F|100/100
|-damage|p1a: Kingambit|94/100|[from] Stealth Rock
|-activate|p1a: Kingambit|ability: Supreme Overlord
|-start|p1a: Kingambit|fallen1|[silent]
|
|-weather|none
|-heal|p1a: Kingambit|100/100|[from] item: Leftovers
|upkeep
|turn|15
|
|t:|1757899286
|-end|p1a: Kingambit|fallen1|[silent]
|switch|p1a: Alomomola|Alomomola, F|78/100
|move|p2a: Cinderace|Will-O-Wisp|p1a: Alomomola
|-status|p1a: Alomomola|brn
|
|-damage|p1a: Alomomola|72/100 brn|[from] brn
|upkeep
|turn|16
|inactive|walkingwini22 has 120 seconds left.
|
|t:|1757899296
|move|p2a: Cinderace|U-turn|p1a: Alomomola
|-start|p2a: Cinderace|typechange|Bug|[from] ability: Libero
|-damage|p1a: Alomomola|56/100 brn
|
|t:|1757899298
|switch|p2a: Primarina|Primarina, M|100/100|[from] U-turn
|move|p1a: Alomomola|Flip Turn|p2a: Primarina
|-resisted|p2a: Primarina
|-damage|p2a: Primarina|95/100
|
|t:|1757899305
|switch|p1a: Hoopa|Hoopa-Unbound, tera:Dark|100/100|[from] Flip Turn
|-damage|p1a: Hoopa|88/100|[from] Stealth Rock
|
|upkeep
|turn|17
|
|t:|1757899313
|move|p1a: Hoopa|Zen Headbutt|p2a: Primarina
|-damage|p2a: Primarina|0 fnt
|faint|p2a: Primarina
|
|upkeep
|
|t:|1757899338
|switch|p2a: Darkrai|Darkrai|79/100
|turn|18
|
|t:|1757899346
|switch|p1a: Slowking|Slowking-Galar, F|100/100
|move|p2a: Darkrai|Dark Pulse|p1a: Slowking
|-supereffective|p1a: Slowking
|-damage|p1a: Slowking|28/100
|
|upkeep
|turn|19
|
|t:|1757899353
|move|p2a: Darkrai|Dark Pulse|p1a: Slowking
|-supereffective|p1a: Slowking
|-damage|p1a: Slowking|0 fnt
|faint|p1a: Slowking
|
|upkeep
|
|t:|1757899355
|switch|p1a: Hoopa|Hoopa-Unbound, tera:Dark|88/100
|-damage|p1a: Hoopa|76/100|[from] Stealth Rock
|turn|20
|
|t:|1757899369
|move|p2a: Darkrai|Dark Pulse|p1a: Hoopa
|-resisted|p1a: Hoopa
|-damage|p1a: Hoopa|48/100
|move|p1a: Hoopa|Hyperspace Fury|p2a: Darkrai
|-resisted|p2a: Darkrai
|-damage|p2a: Darkrai|0 fnt
|-unboost|p1a: Hoopa|def|1
|faint|p2a: Darkrai
|
|upkeep
|inactive|Black Man Lover has 120 seconds left.
|
|t:|1757899407
|switch|p2a: Cinderace|Cinderace, F|100/100
|turn|21
|
|t:|1757899412
|switch|p1a: Alomomola|Alomomola, F|89/100 brn
|move|p2a: Cinderace|U-turn|p1a: Alomomola
|-start|p2a: Cinderace|typechange|Bug|[from] ability: Libero
|-damage|p1a: Alomomola|73/100 brn
|
|t:|1757899415
|switch|p2a: Iron Jugulis|Iron Jugulis|100/100|[from] U-turn
|-enditem|p2a: Iron Jugulis|Booster Energy
|-activate|p2a: Iron Jugulis|ability: Quark Drive|[fromitem]
|-start|p2a: Iron Jugulis|quarkdrivespe
|
|-damage|p1a: Alomomola|67/100 brn|[from] brn
|upkeep
|turn|22
|
|t:|1757899429
|move|p2a: Iron Jugulis|Hurricane|p1a: Alomomola
|-damage|p1a: Alomomola|16/100 brn
|move|p1a: Alomomola|Flip Turn|p2a: Iron Jugulis
|-damage|p2a: Iron Jugulis|91/100
|
|t:|1757899441
|switch|p1a: Kingambit|Kingambit, F|100/100|[from] Flip Turn
|-damage|p1a: Kingambit|94/100|[from] Stealth Rock
|-activate|p1a: Kingambit|ability: Supreme Overlord
|-start|p1a: Kingambit|fallen2|[silent]
|
|-heal|p1a: Kingambit|100/100|[from] item: Leftovers
|upkeep
|turn|23
|
|t:|1757899465
|move|p2a: Iron Jugulis|Earth Power|p1a: Kingambit
|-supereffective|p1a: Kingambit
|-damage|p1a: Kingambit|40/100
|move|p1a: Kingambit|Iron Head|p2a: Iron Jugulis
|-damage|p2a: Iron Jugulis|30/100
|
|-heal|p1a: Kingambit|46/100|[from] item: Leftovers
|upkeep
|turn|24
|
|t:|1757899483
|move|p2a: Iron Jugulis|Taunt|p1a: Kingambit
|-start|p1a: Kingambit|move: Taunt
|move|p1a: Kingambit|Kowtow Cleave|p2a: Iron Jugulis
|-resisted|p2a: Iron Jugulis
|-damage|p2a: Iron Jugulis|0 fnt
|faint|p2a: Iron Jugulis
|-end|p2a: Iron Jugulis|Quark Drive|[silent]
|
|-heal|p1a: Kingambit|53/100|[from] item: Leftovers
|upkeep
|-message|Black Man Lover forfeited.
|
|win|walkingwini22
|raw|walkingwini22's rating: 1502 &rarr; <strong>1523</strong><br />(+21 for winning)
|raw|Black Man Lover's rating: 1525 &rarr; <strong>1504</strong><br />(-21 for losing)
|l|☆Black Man Lover
|player|p2|
|l|☆walkingwini22
|player|p1|
