|j|☆Team ivan
|j|☆child of night
|t:|1757921569
|gametype|singles
|player|p1|Team ivan|101|1089
|player|p2|child of night|twins-gen4dp|1077
|gen|9
|tier|[Gen 9] OU
|rated|
|rule|HP Percentage Mod: HP is shown in percentages
|rule|Endless Battle Clause: Forcing endless battles is banned
|rule|Species Clause: Limit one of each Pokémon
|rule|OHKO Clause: OHKO moves are banned
|rule|Evasion Items Clause: Evasion items are banned
|rule|Evasion Moves Clause: Evasion moves are banned
|rule|Evasion Abilities Clause: Evasion abilities are banned
|rule|Sleep Moves Clause: Sleep-inducing moves are banned
|clearpoke
|poke|p1|Quagsire, M|
|poke|p1|Meowscarada, M|
|poke|p1|Whimsicott, M|
|poke|p1|Incineroar, F|
|poke|p1|Gholdengo|
|poke|p1|Garchomp, F|
|poke|p2|Iron Moth|
|poke|p2|Ting-Lu|
|poke|p2|Torkoal, F|
|poke|p2|Walking Wake|
|poke|p2|Great Tusk|
|poke|p2|Slither Wing|
|teampreview
|inactive|Battle timer is ON: inactive players will automatically lose when time's up. (requested by child of night)
|
|t:|1757921578
|teamsize|p1|6
|teamsize|p2|6
|start
|switch|p1a: Whimsicott|Whimsicott, M|100/100
|switch|p2a: Torkoal|Torkoal, F|100/100
|-weather|SunnyDay|[from] ability: Drought|[of] p2a: Torkoal
|turn|1
|
|t:|1757921586
|move|p1a: Whimsicott|Taunt|p2a: Torkoal
|-start|p2a: Torkoal|move: Taunt
|cant|p2a: Torkoal|move: Taunt|Stealth Rock
|
|-weather|SunnyDay|[upkeep]
|upkeep
|turn|2
|
|t:|1757921594
|switch|p1a: Quagsire|Quagsire, M|100/100
|move|p2a: Torkoal|Lava Plume|p1a: Quagsire
|-resisted|p1a: Quagsire
|-damage|p1a: Quagsire|78/100
|-status|p1a: Quagsire|brn
|
|-weather|SunnyDay|[upkeep]
|-damage|p1a: Quagsire|72/100 brn|[from] brn
|upkeep
|turn|3
|
|t:|1757921602
|switch|p2a: Walking Wake|Walking Wake|100/100
|-activate|p2a: Walking Wake|ability: Protosynthesis
|-start|p2a: Walking Wake|protosynthesisspe
|move|p1a: Quagsire|Stealth Rock|p2a: Walking Wake
|-sidestart|p2: child of night|move: Stealth Rock
|
|-weather|SunnyDay|[upkeep]
|-damage|p1a: Quagsire|65/100 brn|[from] brn
|upkeep
|turn|4
|
|t:|1757921618
|switch|p1a: Whimsicott|Whimsicott, M|100/100
|move|p2a: Walking Wake|Draco Meteor|p1a: Whimsicott
|-immune|p1a: Whimsicott
|
|-weather|SunnyDay|[upkeep]
|upkeep
|turn|5
|
|t:|1757921628
|-end|p2a: Walking Wake|Protosynthesis|[silent]
|switch|p2a: Torkoal|Torkoal, F|100/100
|-damage|p2a: Torkoal|76/100|[from] Stealth Rock
|move|p1a: Whimsicott|Leech Seed|p2a: Torkoal
|-start|p2a: Torkoal|move: Leech Seed
|
|-weather|SunnyDay|[upkeep]
|-damage|p2a: Torkoal|63/100|[from] Leech Seed|[of] p1a: Whimsicott
|upkeep
|turn|6
|
|t:|1757921641
|switch|p1a: Quagsire|Quagsire, M|65/100 brn
|move|p2a: Torkoal|Rapid Spin|p1a: Quagsire
|-damage|p1a: Quagsire|59/100 brn
|-boost|p2a: Torkoal|spe|1
|-damage|p2a: Torkoal|47/100|[from] item: Rocky Helmet|[of] p1a: Quagsire
|-end|p2a: Torkoal|Leech Seed|[from] move: Rapid Spin|[of] p2a: Torkoal
|-sideend|p2: child of night|Stealth Rock|[from] move: Rapid Spin|[of] p2a: Torkoal
|
|-weather|SunnyDay|[upkeep]
|-damage|p1a: Quagsire|53/100 brn|[from] brn
|upkeep
|turn|7
|
|t:|1757921649
|move|p2a: Torkoal|Stealth Rock|p1a: Quagsire
|-sidestart|p1: Team ivan|move: Stealth Rock
|move|p1a: Quagsire|Recover|p1a: Quagsire
|-heal|p1a: Quagsire|100/100 brn
|
|-weather|SunnyDay|[upkeep]
|-damage|p1a: Quagsire|94/100 brn|[from] brn
|upkeep
|turn|8
|
|t:|1757921667
|switch|p2a: Great Tusk|Great Tusk|100/100
|-activate|p2a: Great Tusk|ability: Protosynthesis
|-start|p2a: Great Tusk|protosynthesisspe
|move|p1a: Quagsire|Toxic|p2a: Great Tusk
|-status|p2a: Great Tusk|tox
|
|-weather|none
|-end|p2a: Great Tusk|Protosynthesis
|-damage|p2a: Great Tusk|94/100 tox|[from] psn
|-damage|p1a: Quagsire|88/100 brn|[from] brn
|upkeep
|turn|9
|
|t:|1757921681
|switch|p1a: Whimsicott|Whimsicott, M|100/100
|-damage|p1a: Whimsicott|88/100|[from] Stealth Rock
|move|p2a: Great Tusk|Bulk Up|p2a: Great Tusk
|-boost|p2a: Great Tusk|atk|1
|-boost|p2a: Great Tusk|def|1
|
|-damage|p2a: Great Tusk|82/100 tox|[from] psn
|upkeep
|turn|10
|
|t:|1757921693
|move|p1a: Whimsicott|Switcheroo|p2a: Great Tusk
|-activate|p1a: Whimsicott|move: Trick|[of] p2a: Great Tusk
|-item|p2a: Great Tusk|Iron Ball|[from] move: Switcheroo
|-item|p1a: Whimsicott|Heavy-Duty Boots|[from] move: Switcheroo
|move|p2a: Great Tusk|Ice Spinner|p1a: Whimsicott
|-supereffective|p1a: Whimsicott
|-damage|p1a: Whimsicott|33/100
|
|-damage|p2a: Great Tusk|63/100 tox|[from] psn
|upkeep
|turn|11
|
|t:|1757921704
|switch|p1a: Incineroar|Incineroar, F|100/100
|-damage|p1a: Incineroar|76/100|[from] Stealth Rock
|-ability|p1a: Incineroar|Intimidate|boost
|-unboost|p2a: Great Tusk|atk|1
|move|p2a: Great Tusk|Headlong Rush|p1a: Incineroar
|-supereffective|p1a: Incineroar
|-damage|p1a: Incineroar|0 fnt
|-unboost|p2a: Great Tusk|def|1
|-unboost|p2a: Great Tusk|spd|1
|faint|p1a: Incineroar
|
|-damage|p2a: Great Tusk|38/100 tox|[from] psn
|upkeep
|
|t:|1757921712
|switch|p1a: Garchomp|Garchomp, F|100/100
|-damage|p1a: Garchomp|94/100|[from] Stealth Rock
|turn|12
|
|t:|1757921720
|-terastallize|p1a: Garchomp|Steel
|move|p1a: Garchomp|Scale Shot|p2a: Great Tusk
|-damage|p2a: Great Tusk|30/100 tox
|-crit|p2a: Great Tusk
|-damage|p2a: Great Tusk|18/100 tox
|-damage|p2a: Great Tusk|10/100 tox
|-damage|p2a: Great Tusk|1/100 tox
|-hitcount|p2a: Great Tusk|4
|-unboost|p1a: Garchomp|def|1
|-boost|p1a: Garchomp|spe|1
|move|p2a: Great Tusk|Ice Spinner|p1a: Garchomp
|-resisted|p1a: Garchomp
|-damage|p1a: Garchomp|76/100
|-damage|p2a: Great Tusk|0 fnt|[from] ability: Rough Skin|[of] p1a: Garchomp
|faint|p2a: Great Tusk
|-end|p2a: Great Tusk|Protosynthesis|[silent]
|
|upkeep
|
|t:|1757921738
|switch|p2a: Ting-Lu|Ting-Lu|100/100
|-ability|p2a: Ting-Lu|Vessel of Ruin
|turn|13
|
|t:|1757921748
|switch|p1a: Gholdengo|Gholdengo|100/100
|-damage|p1a: Gholdengo|94/100|[from] Stealth Rock
|-item|p1a: Gholdengo|Air Balloon
|move|p2a: Ting-Lu|Earthquake|p1a: Gholdengo
|-immune|p1a: Gholdengo
|
|upkeep
|turn|14
|
|t:|1757921760
|switch|p2a: Torkoal|Torkoal, F|47/100
|-weather|SunnyDay|[from] ability: Drought|[of] p2a: Torkoal
|move|p1a: Gholdengo|Make It Rain|p2a: Torkoal
|-resisted|p2a: Torkoal
|-damage|p2a: Torkoal|5/100
|-unboost|p1a: Gholdengo|spa|1
|
|-weather|SunnyDay|[upkeep]
|upkeep
|turn|15
|
|t:|1757921771
|move|p1a: Gholdengo|Make It Rain|p2a: Torkoal
|-resisted|p2a: Torkoal
|-damage|p2a: Torkoal|0 fnt
|-unboost|p1a: Gholdengo|spa|1
|faint|p2a: Torkoal
|
|-weather|SunnyDay|[upkeep]
|upkeep
|
|t:|1757921777
|switch|p2a: Iron Moth|Iron Moth|100/100
|turn|16
|
|t:|1757921784
|switch|p1a: Whimsicott|Whimsicott, M|33/100
|move|p2a: Iron Moth|Fiery Dance|p1a: Whimsicott
|-supereffective|p1a: Whimsicott
|-damage|p1a: Whimsicott|0 fnt
|faint|p1a: Whimsicott
|
|-weather|SunnyDay|[upkeep]
|upkeep
|
|t:|1757921792
|switch|p1a: Quagsire|Quagsire, M|88/100 brn
|-damage|p1a: Quagsire|82/100 brn|[from] Stealth Rock
|turn|17
|
|t:|1757921804
|move|p2a: Iron Moth|Fiery Dance|p1a: Quagsire
|-resisted|p1a: Quagsire
|-damage|p1a: Quagsire|17/100 brn
|-boost|p2a: Iron Moth|spa|1
|move|p1a: Quagsire|Stealth Rock|p2a: Iron Moth
|-sidestart|p2: child of night|move: Stealth Rock
|
|-weather|SunnyDay|[upkeep]
|-damage|p1a: Quagsire|11/100 brn|[from] brn
|upkeep
|turn|18
|
|t:|1757921814
|move|p2a: Iron Moth|Fiery Dance|p1a: Quagsire
|-resisted|p1a: Quagsire
|-damage|p1a: Quagsire|0 fnt
|-boost|p2a: Iron Moth|spa|1
|faint|p1a: Quagsire
|
|-weather|SunnyDay|[upkeep]
|upkeep
|
|t:|1757921825
|switch|p1a: Meowscarada|Meowscarada, M|100/100
|-damage|p1a: Meowscarada|88/100|[from] Stealth Rock
|turn|19
|
|t:|1757921831
|move|p1a: Meowscarada|Knock Off|p2a: Iron Moth
|-start|p1a: Meowscarada|typechange|Dark|[from] ability: Protean
|-damage|p2a: Iron Moth|21/100
|-enditem|p2a: Iron Moth|Choice Specs|[from] move: Knock Off|[of] p1a: Meowscarada
|move|p2a: Iron Moth|Fiery Dance|p1a: Meowscarada
|-damage|p1a: Meowscarada|0 fnt
|faint|p1a: Meowscarada
|
|-weather|SunnyDay|[upkeep]
|upkeep
|
|t:|1757921840
|switch|p1a: Garchomp|Garchomp, F, tera:Steel|76/100
|-damage|p1a: Garchomp|70/100|[from] Stealth Rock
|turn|20
|
|t:|1757921844
|move|p2a: Iron Moth|Fiery Dance|p1a: Garchomp
|-supereffective|p1a: Garchomp
|-damage|p1a: Garchomp|0 fnt
|-boost|p2a: Iron Moth|spa|1
|faint|p1a: Garchomp
|
|-weather|SunnyDay|[upkeep]
|upkeep
|
|t:|1757921846
|switch|p1a: Gholdengo|Gholdengo|94/100
|-damage|p1a: Gholdengo|88/100|[from] Stealth Rock
|-item|p1a: Gholdengo|Air Balloon
|turn|21
|
|t:|1757921850
|-terastallize|p2a: Iron Moth|Fire
|move|p2a: Iron Moth|Fiery Dance|p1a: Gholdengo
|-supereffective|p1a: Gholdengo
|-damage|p1a: Gholdengo|0 fnt
|-boost|p2a: Iron Moth|spa|1
|-enditem|p1a: Gholdengo|Air Balloon
|faint|p1a: Gholdengo
|
|win|child of night
|raw|Team ivan's rating: 1089 &rarr; <strong>1065</strong><br />(-24 for losing)
|raw|child of night's rating: 1077 &rarr; <strong>1106</strong><br />(+29 for winning)
