|inactive|Battle timer is ON: inactive players will automatically lose when time's up.
|t:|1757788560
|gametype|singles
|player|p1|Suzuya|#wcop2025africa2|
|player|p2|Baddy|#scl5shoguns2|
|gen|9
|tier|[Gen 9] OU
|rule|HP Percentage Mod: HP is shown in percentages
|rule|Endless Battle Clause: Forcing endless battles is banned
|rule|Species Clause: Limit one of each Pokémon
|rule|OHKO Clause: OHKO moves are banned
|rule|Evasion Items Clause: Evasion items are banned
|rule|Evasion Moves Clause: Evasion moves are banned
|rule|Evasion Abilities Clause: Evasion abilities are banned
|rule|Sleep Moves Clause: Sleep-inducing moves are banned
|clearpoke
|poke|p1|Rillaboom, M|
|poke|p1|Garganacl, F|
|poke|p1|Darkrai|
|poke|p1|Iron Crown|
|poke|p1|Great Tusk|
|poke|p1|Zapdos|
|poke|p2|Weezing-Galar, F|
|poke|p2|Garchomp, F|
|poke|p2|Ogerpon, F|
|poke|p2|Corviknight, F|
|poke|p2|Alomomola, F|
|poke|p2|Darkrai|
|teampreview
|c|☆Baddy|hf
|c|☆Suzuya|hf
|inactive|Suzuya has 270 seconds left.
|inactive|Baddy has 270 seconds left.
|inactive|Suzuya has 240 seconds left.
|inactive|Baddy has 240 seconds left.
|
|t:|1757788643
|teamsize|p1|6
|teamsize|p2|6
|start
|switch|p1a: Rillaboom|Rillaboom, M|100/100
|switch|p2a: Alomomola|Alomomola, F|100/100
|-fieldstart|move: Grassy Terrain|[from] ability: Grassy Surge|[of] p1a: Rillaboom
|turn|1
|
|t:|1757788659
|switch|p2a: Corviknight|Corviknight, F|100/100
|-ability|p2a: Corviknight|Pressure
|move|p1a: Rillaboom|Knock Off|p2a: Corviknight
|-damage|p2a: Corviknight|69/100
|-damage|p1a: Rillaboom|84/100|[from] item: Rocky Helmet|[of] p2a: Corviknight
|-enditem|p2a: Corviknight|Rocky Helmet|[from] move: Knock Off|[of] p1a: Rillaboom
|
|-heal|p1a: Rillaboom|90/100|[from] Grassy Terrain
|upkeep
|turn|2
|
|t:|1757788674
|switch|p1a: Zapdos|Zapdos|100/100
|move|p2a: Corviknight|U-turn|p1a: Zapdos
|-resisted|p1a: Zapdos
|-damage|p1a: Zapdos|96/100
|inactive|Baddy has 270 seconds left.
|
|t:|1757788698
|switch|p2a: Alomomola|Alomomola, F|100/100|[from] U-turn
|
|upkeep
|turn|3
|
|t:|1757788704
|move|p1a: Zapdos|Thunder Wave|p2a: Alomomola
|-status|p2a: Alomomola|par
|move|p2a: Alomomola|Flip Turn|p1a: Zapdos
|-damage|p1a: Zapdos|84/100
|inactive|Baddy has 270 seconds left.
|
|t:|1757788717
|switch|p2a: Garchomp|Garchomp, F|100/100|[from] Flip Turn
|
|upkeep
|turn|4
|inactive|Baddy has 270 seconds left.
|
|t:|1757788730
|switch|p1a: Darkrai|Darkrai|100/100
|move|p2a: Garchomp|Stealth Rock|p1a: Darkrai
|-sidestart|p1: Suzuya|move: Stealth Rock
|
|upkeep
|turn|5
|inactive|Baddy has 270 seconds left.
|
|t:|1757788751
|switch|p2a: Alomomola|Alomomola, F|100/100 par
|move|p1a: Darkrai|Nasty Plot|p1a: Darkrai
|-boost|p1a: Darkrai|spa|2
|
|-fieldend|move: Grassy Terrain
|upkeep
|turn|6
|
|t:|1757788767
|move|p1a: Darkrai|Nasty Plot|p1a: Darkrai
|-boost|p1a: Darkrai|spa|2
|move|p2a: Alomomola|Icy Wind|p1a: Darkrai
|-damage|p1a: Darkrai|91/100
|-unboost|p1a: Darkrai|spe|1
|
|-heal|p1a: Darkrai|97/100|[from] item: Leftovers
|upkeep
|turn|7
|inactive|Baddy has 270 seconds left.
|
|t:|1757788774
|move|p1a: Darkrai|Dark Pulse|p2a: Alomomola
|-crit|p2a: Alomomola
|-damage|p2a: Alomomola|0 fnt
|faint|p2a: Alomomola
|
|-heal|p1a: Darkrai|100/100|[from] item: Leftovers
|upkeep
|inactive|Baddy has 270 seconds left.
|inactive|Baddy has 240 seconds left.
|inactive|Baddy has 210 seconds left.
|
|t:|1757788854
|switch|p2a: Ogerpon|Ogerpon, F|100/100
|turn|8
|
|t:|1757788858
|switch|p1a: Zapdos|Zapdos|84/100
|-terastallize|p2a: Ogerpon|Grass
|detailschange|p2a: Ogerpon|Ogerpon-Teal-Tera, F, tera:Grass
|-ability|p2a: Ogerpon|Embody Aspect (Teal)|boost
|-boost|p2a: Ogerpon|spe|1
|move|p2a: Ogerpon|U-turn|p1a: Zapdos
|-resisted|p1a: Zapdos
|-damage|p1a: Zapdos|76/100
|-status|p2a: Ogerpon|par|[from] ability: Static|[of] p1a: Zapdos
|c|☆Baddy|gg
|-message|Baddy forfeited.
|
|win|Suzuya
|c|☆Suzuya|sorry 
|c|☆Suzuya|gg
