|j|☆vChickenNugget
|j|☆Jrony
|t:|1757898366
|gametype|singles
|player|p1|vChickenNugget|erika|1135
|player|p2|Jrony|clair|1115
|gen|9
|tier|[Gen 9] OU
|rated|
|rule|HP Percentage Mod: HP is shown in percentages
|rule|Endless Battle Clause: Forcing endless battles is banned
|rule|Species Clause: Limit one of each Pokémon
|rule|OHKO Clause: OHKO moves are banned
|rule|Evasion Items Clause: Evasion items are banned
|rule|Evasion Moves Clause: Evasion moves are banned
|rule|Evasion Abilities Clause: Evasion abilities are banned
|rule|Sleep Moves Clause: Sleep-inducing moves are banned
|clearpoke
|poke|p1|Tyranitar, M|
|poke|p1|Excadrill, M|
|poke|p1|Zamazenta-*|
|poke|p1|Ogerpon-Wellspring, F|
|poke|p1|Moltres|
|poke|p1|Primarina, F|
|poke|p2|Dondozo, M|
|poke|p2|Gothitelle, F|
|poke|p2|Ursaring, F|
|poke|p2|Vileplume, F|
|poke|p2|Snorlax, M|
|poke|p2|Coalossal, M|
|teampreview
|inactive|Battle timer is ON: inactive players will automatically lose when time's up. (requested by vChickenNugget)
|
|t:|1757898398
|teamsize|p1|6
|teamsize|p2|6
|start
|switch|p1a: Primarina|Primarina, F|100/100
|switch|p2a: Dondozo|Dondozo, M|100/100
|turn|1
|
|t:|1757898400
|move|p1a: Primarina|Calm Mind|p1a: Primarina
|-boost|p1a: Primarina|spa|1
|-boost|p1a: Primarina|spd|1
|move|p2a: Dondozo|Curse|p2a: Dondozo
|-unboost|p2a: Dondozo|spe|1
|-boost|p2a: Dondozo|atk|1
|-boost|p2a: Dondozo|def|1
|
|upkeep
|turn|2
|
|t:|1757898404
|move|p1a: Primarina|Calm Mind|p1a: Primarina
|-boost|p1a: Primarina|spa|1
|-boost|p1a: Primarina|spd|1
|move|p2a: Dondozo|Curse|p2a: Dondozo
|-unboost|p2a: Dondozo|spe|1
|-boost|p2a: Dondozo|atk|1
|-boost|p2a: Dondozo|def|1
|
|upkeep
|turn|3
|
|t:|1757898406
|move|p1a: Primarina|Psychic Noise|p2a: Dondozo
|-damage|p2a: Dondozo|81/100
|-start|p2a: Dondozo|move: Heal Block
|move|p2a: Dondozo|Curse|p2a: Dondozo
|-unboost|p2a: Dondozo|spe|1
|-boost|p2a: Dondozo|atk|1
|-boost|p2a: Dondozo|def|1
|
|upkeep
|turn|4
|
|t:|1757898409
|move|p1a: Primarina|Psychic Noise|p2a: Dondozo
|-damage|p2a: Dondozo|60/100
|move|p2a: Dondozo|Curse|p2a: Dondozo
|-unboost|p2a: Dondozo|spe|1
|-boost|p2a: Dondozo|atk|1
|-boost|p2a: Dondozo|def|1
|
|-end|p2a: Dondozo|move: Heal Block
|upkeep
|turn|5
|
|t:|1757898412
|move|p1a: Primarina|Psychic Noise|p2a: Dondozo
|-damage|p2a: Dondozo|40/100
|-start|p2a: Dondozo|move: Heal Block
|move|p2a: Dondozo|Substitute|p2a: Dondozo
|-start|p2a: Dondozo|Substitute
|-damage|p2a: Dondozo|15/100
|
|upkeep
|turn|6
|
|t:|1757898417
|move|p1a: Primarina|Psychic Noise|p2a: Dondozo
|-damage|p2a: Dondozo|0 fnt
|faint|p2a: Dondozo
|
|upkeep
|
|t:|1757898420
|switch|p2a: Vileplume|Vileplume, F|100/100
|turn|7
|
|t:|1757898428
|move|p1a: Primarina|Psychic Noise|p2a: Vileplume
|-supereffective|p2a: Vileplume
|-damage|p2a: Vileplume|11/100
|-start|p2a: Vileplume|move: Heal Block
|move|p2a: Vileplume|Leech Seed|p1a: Primarina
|-start|p1a: Primarina|move: Leech Seed
|
|-damage|p1a: Primarina|88/100|[from] Leech Seed|[of] p2a: Vileplume
|upkeep
|turn|8
|
|t:|1757898435
|switch|p2a: Gothitelle|Gothitelle, F|100/100
|-item|p1a: Primarina|Leftovers|[from] ability: Frisk|[of] p2a: Gothitelle
|move|p1a: Primarina|Psychic Noise|p2a: Gothitelle
|-resisted|p2a: Gothitelle
|-damage|p2a: Gothitelle|84/100
|-start|p2a: Gothitelle|move: Heal Block
|
|-heal|p1a: Primarina|94/100|[from] item: Leftovers
|-damage|p1a: Primarina|82/100|[from] Leech Seed|[of] p2a: Gothitelle
|upkeep
|turn|9
|
|t:|1757898440
|move|p1a: Primarina|Surf|p2a: Gothitelle
|-damage|p2a: Gothitelle|18/100
|move|p2a: Gothitelle|Trick Room|p2a: Gothitelle
|-fieldstart|move: Trick Room|[of] p2a: Gothitelle
|
|-heal|p1a: Primarina|88/100|[from] item: Leftovers
|-damage|p1a: Primarina|75/100|[from] Leech Seed|[of] p2a: Gothitelle
|-end|p2a: Gothitelle|move: Heal Block
|upkeep
|turn|10
|
|t:|1757898447
|move|p1a: Primarina|Draining Kiss|p2a: Gothitelle
|-damage|p2a: Gothitelle|0 fnt
|-heal|p1a: Primarina|86/100|[from] drain|[of] p2a: Gothitelle
|faint|p2a: Gothitelle
|
|-heal|p1a: Primarina|92/100|[from] item: Leftovers
|upkeep
|
|t:|1757898457
|switch|p2a: Ursaring|Ursaring, F|100/100
|turn|11
|-message|Jrony forfeited.
|
|win|vChickenNugget
|raw|vChickenNugget's rating: 1135 &rarr; <strong>1159</strong><br />(+24 for winning)
|raw|Jrony's rating: 1115 &rarr; <strong>1091</strong><br />(-24 for losing)
|l|☆Jrony
|player|p2|
|l|☆vChickenNugget
|player|p1|
