|j|☆neito2613
|j|☆wabumis
|t:|1757862200
|gametype|singles
|player|p1|neito2613|102|1143
|player|p2|wabumis|101|1117
|gen|9
|tier|[Gen 9] OU
|rated|
|rule|HP Percentage Mod: HP is shown in percentages
|rule|Endless Battle Clause: Forcing endless battles is banned
|rule|Species Clause: Limit one of each Pokémon
|rule|OHKO Clause: OHKO moves are banned
|rule|Evasion Items Clause: Evasion items are banned
|rule|Evasion Moves Clause: Evasion moves are banned
|rule|Evasion Abilities Clause: Evasion abilities are banned
|rule|Sleep Moves Clause: Sleep-inducing moves are banned
|clearpoke
|poke|p1|Quaquaval, M|
|poke|p1|Blaziken, F|
|poke|p1|Serperior, F|
|poke|p1|Samurott-Hisui, M|
|poke|p1|Typhlosion, M|
|poke|p1|Venusaur, F|
|poke|p2|Ceruledge, M|
|poke|p2|Darkrai|
|poke|p2|Gliscor, F|
|poke|p2|Kingambit, F|
|poke|p2|Dondozo, M|
|poke|p2|Great Tusk|
|teampreview
|
|t:|1757862224
|teamsize|p1|6
|teamsize|p2|6
|start
|switch|p1a: Samurott|Samurott-Hisui, M|100/100
|switch|p2a: Ceruledge|Ceruledge, M|100/100
|turn|1
|inactive|Battle timer is ON: inactive players will automatically lose when time's up. (requested by wabumis)
|
|t:|1757862234
|-terastallize|p2a: Ceruledge|Ice
|move|p2a: Ceruledge|Close Combat|p1a: Samurott
|-supereffective|p1a: Samurott
|-damage|p1a: Samurott|8/100
|-unboost|p2a: Ceruledge|def|1
|-unboost|p2a: Ceruledge|spd|1
|-damage|p2a: Ceruledge|84/100|[from] item: Rocky Helmet|[of] p1a: Samurott
|move|p1a: Samurott|Razor Shell|p2a: Ceruledge
|-damage|p2a: Ceruledge|0 fnt
|faint|p2a: Ceruledge
|
|upkeep
|
|t:|1757862243
|switch|p2a: Darkrai|Darkrai|100/100
|turn|2
|
|t:|1757862250
|move|p2a: Darkrai|Nasty Plot|p2a: Darkrai
|-boost|p2a: Darkrai|spa|2
|move|p1a: Samurott|Razor Shell|p2a: Darkrai
|-damage|p2a: Darkrai|32/100
|
|upkeep
|turn|3
|
|t:|1757862256
|move|p2a: Darkrai|Ice Beam|p1a: Samurott
|-resisted|p1a: Samurott
|-damage|p1a: Samurott|0 fnt
|faint|p1a: Samurott
|
|upkeep
|
|t:|1757862265
|switch|p1a: Venusaur|Venusaur, F|100/100
|turn|4
|
|t:|1757862270
|move|p2a: Darkrai|Ice Beam|p1a: Venusaur
|-supereffective|p1a: Venusaur
|-damage|p1a: Venusaur|0 fnt
|faint|p1a: Venusaur
|
|upkeep
|
|t:|1757862282
|switch|p1a: Typhlosion|Typhlosion, M|100/100
|turn|5
|
|t:|1757862286
|move|p1a: Typhlosion|Eruption|p2a: Darkrai
|-damage|p2a: Darkrai|0 fnt
|faint|p2a: Darkrai
|
|upkeep
|
|t:|1757862291
|switch|p2a: Gliscor|Gliscor, F|100/100
|turn|6
|
|t:|1757862295
|move|p1a: Typhlosion|Eruption|p2a: Gliscor
|-damage|p2a: Gliscor|18/100
|move|p2a: Gliscor|Earthquake|p1a: Typhlosion
|-supereffective|p1a: Typhlosion
|-damage|p1a: Typhlosion|16/100
|
|-status|p2a: Gliscor|tox|[from] item: Toxic Orb
|upkeep
|turn|7
|
|t:|1757862317
|move|p1a: Typhlosion|Eruption|p2a: Gliscor
|-damage|p2a: Gliscor|7/100 tox
|move|p2a: Gliscor|Earthquake|p1a: Typhlosion
|-supereffective|p1a: Typhlosion
|-damage|p1a: Typhlosion|0 fnt
|faint|p1a: Typhlosion
|
|-heal|p2a: Gliscor|19/100 tox|[from] ability: Poison Heal
|upkeep
|
|t:|1757862325
|switch|p1a: Quaquaval|Quaquaval, M|100/100
|turn|8
|
|t:|1757862329
|move|p1a: Quaquaval|Aqua Step|p2a: Gliscor
|-supereffective|p2a: Gliscor
|-damage|p2a: Gliscor|0 fnt
|-boost|p1a: Quaquaval|spe|1
|faint|p2a: Gliscor
|-ability|p1a: Quaquaval|Moxie|boost
|-boost|p1a: Quaquaval|atk|1
|
|upkeep
|
|t:|1757862332
|switch|p2a: Great Tusk|Great Tusk, shiny|100/100
|-enditem|p2a: Great Tusk|Booster Energy
|-activate|p2a: Great Tusk|ability: Protosynthesis|[fromitem]
|-start|p2a: Great Tusk|protosynthesisatk
|turn|9
|
|t:|1757862338
|move|p1a: Quaquaval|Aqua Step|p2a: Great Tusk
|-supereffective|p2a: Great Tusk
|-damage|p2a: Great Tusk|0 fnt
|-boost|p1a: Quaquaval|spe|1
|faint|p2a: Great Tusk
|-end|p2a: Great Tusk|Protosynthesis|[silent]
|-ability|p1a: Quaquaval|Moxie|boost
|-boost|p1a: Quaquaval|atk|1
|
|upkeep
|
|t:|1757862343
|switch|p2a: Dondozo|Dondozo, M|100/100
|turn|10
|
|t:|1757862347
|move|p1a: Quaquaval|Aqua Step|p2a: Dondozo
|-resisted|p2a: Dondozo
|-damage|p2a: Dondozo|89/100
|-boost|p1a: Quaquaval|spe|1
|-damage|p1a: Quaquaval|84/100|[from] item: Rocky Helmet|[of] p2a: Dondozo
|move|p2a: Dondozo|Curse|p2a: Dondozo
|-unboost|p2a: Dondozo|spe|1
|-boost|p2a: Dondozo|atk|1
|-boost|p2a: Dondozo|def|1
|
|upkeep
|turn|11
|
|t:|1757862356
|move|p1a: Quaquaval|Aqua Step|p2a: Dondozo
|-resisted|p2a: Dondozo
|-damage|p2a: Dondozo|81/100
|-boost|p1a: Quaquaval|spe|1
|-damage|p1a: Quaquaval|68/100|[from] item: Rocky Helmet|[of] p2a: Dondozo
|move|p2a: Dondozo|Curse|p2a: Dondozo
|-unboost|p2a: Dondozo|spe|1
|-boost|p2a: Dondozo|atk|1
|-boost|p2a: Dondozo|def|1
|
|upkeep
|turn|12
|
|t:|1757862365
|move|p1a: Quaquaval|Aqua Step|p2a: Dondozo
|-resisted|p2a: Dondozo
|-damage|p2a: Dondozo|74/100
|-boost|p1a: Quaquaval|spe|1
|-damage|p1a: Quaquaval|51/100|[from] item: Rocky Helmet|[of] p2a: Dondozo
|move|p2a: Dondozo|Curse|p2a: Dondozo
|-unboost|p2a: Dondozo|spe|1
|-boost|p2a: Dondozo|atk|1
|-boost|p2a: Dondozo|def|1
|
|upkeep
|turn|13
|
|t:|1757862374
|move|p1a: Quaquaval|Aqua Step|p2a: Dondozo
|-resisted|p2a: Dondozo
|-crit|p2a: Dondozo
|-damage|p2a: Dondozo|55/100
|-boost|p1a: Quaquaval|spe|1
|-damage|p1a: Quaquaval|35/100|[from] item: Rocky Helmet|[of] p2a: Dondozo
|move|p2a: Dondozo|Body Press|p1a: Quaquaval
|-damage|p1a: Quaquaval|0 fnt
|faint|p1a: Quaquaval
|
|upkeep
|
|t:|1757862385
|switch|p1a: Serperior|Serperior, F|100/100
|turn|14
|
|t:|1757862389
|move|p1a: Serperior|Leaf Storm|p2a: Dondozo
|-supereffective|p2a: Dondozo
|-damage|p2a: Dondozo|0 fnt
|-boost|p1a: Serperior|spa|2
|faint|p2a: Dondozo
|
|upkeep
|
|t:|1757862391
|switch|p2a: Kingambit|Kingambit, F|100/100
|-activate|p2a: Kingambit|ability: Supreme Overlord
|-start|p2a: Kingambit|fallen5|[silent]
|turn|15
|
|t:|1757862399
|move|p1a: Serperior|Leaf Storm|p2a: Kingambit
|-resisted|p2a: Kingambit
|-damage|p2a: Kingambit|34/100
|-boost|p1a: Serperior|spa|2
|move|p2a: Kingambit|Swords Dance|p2a: Kingambit
|-boost|p2a: Kingambit|atk|2
|
|upkeep
|turn|16
|
|t:|1757862407
|-terastallize|p1a: Serperior|Dragon
|move|p2a: Kingambit|Sucker Punch|p1a: Serperior
|-damage|p1a: Serperior|0 fnt
|faint|p1a: Serperior
|
|upkeep
|
|t:|1757862412
|switch|p1a: Blaziken|Blaziken, F, shiny|100/100
|turn|17
|
|t:|1757862417
|move|p2a: Kingambit|Sucker Punch|p1a: Blaziken
|-resisted|p1a: Blaziken
|-damage|p1a: Blaziken|12/100
|move|p1a: Blaziken|Close Combat|p2a: Kingambit
|-supereffective|p2a: Kingambit
|-damage|p2a: Kingambit|0 fnt
|-unboost|p1a: Blaziken|def|1
|-unboost|p1a: Blaziken|spd|1
|faint|p2a: Kingambit
|-end|p2a: Kingambit|fallen5|[silent]
|
|win|neito2613
|raw|neito2613's rating: 1143 &rarr; <strong>1166</strong><br />(+23 for winning)
|raw|wabumis's rating: 1117 &rarr; <strong>1094</strong><br />(-23 for losing)
|l|☆wabumis
|player|p2|
|l|☆neito2613
|player|p1|
