|j|☆sicratus
|j|☆XYnotfound
|t:|1757838096
|gametype|singles
|player|p1|sicratus|benga|1210
|player|p2|XYnotfound|266|1153
|gen|9
|tier|[Gen 9] OU
|rated|
|rule|HP Percentage Mod: HP is shown in percentages
|rule|Endless Battle Clause: Forcing endless battles is banned
|rule|Species Clause: Limit one of each Pokémon
|rule|OHKO Clause: OHKO moves are banned
|rule|Evasion Items Clause: Evasion items are banned
|rule|Evasion Moves Clause: Evasion moves are banned
|rule|Evasion Abilities Clause: Evasion abilities are banned
|rule|Sleep Moves Clause: Sleep-inducing moves are banned
|clearpoke
|poke|p1|Pelipper, M|
|poke|p1|Ogerpon-Wellspring, F|
|poke|p1|Quaquaval, M|
|poke|p1|Zapdos|
|poke|p1|Barraskewda, M|
|poke|p1|Glimmora, M|
|poke|p2|Mienshao, M|
|poke|p2|Zamazenta-*|
|poke|p2|Iron Valiant|
|poke|p2|Iron Hands|
|poke|p2|Infernape, F|
|poke|p2|Keldeo-Resolute|
|teampreview
|inactive|Battle timer is ON: inactive players will automatically lose when time's up. (requested by sicratus)
|
|t:|1757838105
|teamsize|p1|6
|teamsize|p2|6
|start
|switch|p1a: Glimmora|Glimmora, M|100/100
|switch|p2a: Iron Hands|Iron Hands|100/100
|turn|1
|
|t:|1757838114
|move|p1a: Glimmora|Stealth Rock|p2a: Iron Hands
|-sidestart|p2: XYnotfound|move: Stealth Rock
|move|p2a: Iron Hands|Earthquake|p1a: Glimmora
|-supereffective|p1a: Glimmora
|-crit|p1a: Glimmora
|-enditem|p1a: Glimmora|Focus Sash
|-damage|p1a: Glimmora|1/100
|-activate|p1a: Glimmora|ability: Toxic Debris
|-sidestart|p2: XYnotfound|move: Toxic Spikes
|
|upkeep
|turn|2
|
|t:|1757838124
|move|p1a: Glimmora|Toxic|p2a: Iron Hands
|-status|p2a: Iron Hands|tox
|move|p2a: Iron Hands|Supercell Slam|p1a: Glimmora
|-damage|p1a: Glimmora|0 fnt
|-activate|p1a: Glimmora|ability: Toxic Debris
|-sidestart|p2: XYnotfound|move: Toxic Spikes
|faint|p1a: Glimmora
|
|-damage|p2a: Iron Hands|94/100 tox|[from] psn
|upkeep
|
|t:|1757838135
|switch|p1a: Pelipper|Pelipper, M|100/100
|-weather|RainDance|[from] ability: Drizzle|[of] p1a: Pelipper
|turn|3
|
|t:|1757838141
|switch|p1a: Zapdos|Zapdos|100/100
|move|p2a: Iron Hands|Supercell Slam|p1a: Zapdos
|-damage|p1a: Zapdos|41/100
|
|-weather|RainDance|[upkeep]
|-damage|p2a: Iron Hands|82/100 tox|[from] psn
|upkeep
|turn|4
|
|t:|1757838155
|move|p1a: Zapdos|Roost|p1a: Zapdos
|-heal|p1a: Zapdos|91/100
|-singleturn|p1a: Zapdos|move: Roost
|move|p2a: Iron Hands|Supercell Slam|p1a: Zapdos
|-resisted|p1a: Zapdos
|-damage|p1a: Zapdos|62/100
|
|-weather|RainDance|[upkeep]
|-damage|p2a: Iron Hands|64/100 tox|[from] psn
|upkeep
|turn|5
|
|t:|1757838163
|move|p1a: Zapdos|Roost|p1a: Zapdos
|-heal|p1a: Zapdos|100/100
|-singleturn|p1a: Zapdos|move: Roost
|move|p2a: Iron Hands|Supercell Slam|p1a: Zapdos
|-resisted|p1a: Zapdos
|-damage|p1a: Zapdos|71/100
|
|-weather|RainDance|[upkeep]
|-damage|p2a: Iron Hands|40/100 tox|[from] psn
|upkeep
|turn|6
|
|t:|1757838173
|move|p1a: Zapdos|Hurricane|p2a: Iron Hands
|-damage|p2a: Iron Hands|16/100 tox
|move|p2a: Iron Hands|Earthquake|p1a: Zapdos
|-immune|p1a: Zapdos
|
|-weather|RainDance|[upkeep]
|-damage|p2a: Iron Hands|0 fnt|[from] psn
|faint|p2a: Iron Hands
|-end|p2a: Iron Hands|Quark Drive|[silent]
|upkeep
|
|t:|1757838182
|switch|p2a: Infernape|Infernape, F|100/100
|-damage|p2a: Infernape|88/100|[from] Stealth Rock
|-status|p2a: Infernape|tox
|turn|7
|
|t:|1757838198
|switch|p1a: Ogerpon|Ogerpon-Wellspring, F|100/100
|move|p2a: Infernape|Stealth Rock|p1a: Ogerpon
|-sidestart|p1: sicratus|move: Stealth Rock
|
|-weather|RainDance|[upkeep]
|-damage|p2a: Infernape|82/100 tox|[from] psn
|upkeep
|turn|8
|
|t:|1757838203
|move|p2a: Infernape|Mach Punch|p1a: Ogerpon
|-damage|p1a: Ogerpon|76/100
|move|p1a: Ogerpon|Ivy Cudgel|p2a: Infernape|[anim] Ivy Cudgel Water
|-supereffective|p2a: Infernape
|-damage|p2a: Infernape|0 fnt
|faint|p2a: Infernape
|
|-weather|RainDance|[upkeep]
|upkeep
|
|t:|1757838217
|switch|p2a: Iron Valiant|Iron Valiant|100/100
|-damage|p2a: Iron Valiant|94/100|[from] Stealth Rock
|-status|p2a: Iron Valiant|tox
|-enditem|p2a: Iron Valiant|Booster Energy
|-activate|p2a: Iron Valiant|ability: Quark Drive|[fromitem]
|-start|p2a: Iron Valiant|quarkdrivespe
|turn|9
|
|t:|1757838226
|-terastallize|p2a: Iron Valiant|Fairy
|move|p2a: Iron Valiant|Moonblast|p1a: Ogerpon
|-damage|p1a: Ogerpon|0 fnt
|faint|p1a: Ogerpon
|
|-weather|RainDance|[upkeep]
|-damage|p2a: Iron Valiant|88/100 tox|[from] psn
|upkeep
|
|t:|1757838236
|switch|p1a: Zapdos|Zapdos|71/100
|turn|10
|
|t:|1757838238
|move|p2a: Iron Valiant|Moonblast|p1a: Zapdos
|-damage|p1a: Zapdos|0 fnt
|faint|p1a: Zapdos
|
|-weather|none
|-damage|p2a: Iron Valiant|76/100 tox|[from] psn
|upkeep
|
|t:|1757838241
|switch|p1a: Pelipper|Pelipper, M|100/100
|-damage|p1a: Pelipper|76/100|[from] Stealth Rock
|-weather|RainDance|[from] ability: Drizzle|[of] p1a: Pelipper
|turn|11
|
|t:|1757838244
|move|p2a: Iron Valiant|Aura Sphere|p1a: Pelipper
|-resisted|p1a: Pelipper
|-damage|p1a: Pelipper|50/100
|move|p1a: Pelipper|U-turn|p2a: Iron Valiant
|-resisted|p2a: Iron Valiant
|-damage|p2a: Iron Valiant|70/100 tox
|
|t:|1757838250
|switch|p1a: Barraskewda|Barraskewda, M|100/100|[from] U-turn
|-damage|p1a: Barraskewda|88/100|[from] Stealth Rock
|
|-weather|RainDance|[upkeep]
|-damage|p2a: Iron Valiant|51/100 tox|[from] psn
|upkeep
|turn|12
|
|t:|1757838258
|move|p1a: Barraskewda|Liquidation|p2a: Iron Valiant
|-damage|p2a: Iron Valiant|0 fnt
|faint|p2a: Iron Valiant
|-end|p2a: Iron Valiant|Quark Drive|[silent]
|
|-weather|RainDance|[upkeep]
|upkeep
|
|t:|1757838268
|switch|p2a: Zamazenta|Zamazenta|100/100
|-damage|p2a: Zamazenta|94/100|[from] Stealth Rock
|-status|p2a: Zamazenta|tox
|-ability|p2a: Zamazenta|Dauntless Shield|boost
|-boost|p2a: Zamazenta|def|1
|turn|13
|
|t:|1757838272
|move|p1a: Barraskewda|Liquidation|p2a: Zamazenta
|-damage|p2a: Zamazenta|52/100 tox
|move|p2a: Zamazenta|Body Press|p1a: Barraskewda
|-damage|p1a: Barraskewda|0 fnt
|faint|p1a: Barraskewda
|
|-weather|RainDance|[upkeep]
|-heal|p2a: Zamazenta|58/100 tox|[from] item: Leftovers
|-damage|p2a: Zamazenta|52/100 tox|[from] psn
|upkeep
|
|t:|1757838277
|switch|p1a: Pelipper|Pelipper, M|50/100
|-damage|p1a: Pelipper|25/100|[from] Stealth Rock
|turn|14
|
|t:|1757838280
|move|p2a: Zamazenta|Trailblaze|p1a: Pelipper
|-damage|p1a: Pelipper|10/100
|-boost|p2a: Zamazenta|spe|1
|move|p1a: Pelipper|Hurricane|p2a: Zamazenta
|-supereffective|p2a: Zamazenta
|-damage|p2a: Zamazenta|0 fnt
|faint|p2a: Zamazenta
|
|-weather|RainDance|[upkeep]
|upkeep
|
|t:|1757838284
|switch|p2a: Mienshao|Mienshao, M|100/100
|-damage|p2a: Mienshao|95/100|[from] Stealth Rock
|-status|p2a: Mienshao|tox
|turn|15
|
|t:|1757838291
|move|p2a: Mienshao|Knock Off|p1a: Pelipper
|-damage|p1a: Pelipper|0 fnt
|-enditem|p1a: Pelipper|Damp Rock|[from] move: Knock Off|[of] p2a: Mienshao
|faint|p1a: Pelipper
|
|-weather|RainDance|[upkeep]
|-damage|p2a: Mienshao|89/100 tox|[from] psn
|upkeep
|
|t:|1757838293
|switch|p1a: Quaquaval|Quaquaval, M|100/100
|-damage|p1a: Quaquaval|94/100|[from] Stealth Rock
|turn|16
|
|t:|1757838297
|switch|p2a: Keldeo|Keldeo-Resolute|100/100
|-damage|p2a: Keldeo|94/100|[from] Stealth Rock
|-status|p2a: Keldeo|tox
|move|p1a: Quaquaval|Aqua Step|p2a: Keldeo
|-resisted|p2a: Keldeo
|-damage|p2a: Keldeo|51/100 tox
|-boost|p1a: Quaquaval|spe|1
|-damage|p1a: Quaquaval|84/100|[from] item: Life Orb
|
|-weather|RainDance|[upkeep]
|-damage|p2a: Keldeo|45/100 tox|[from] psn
|upkeep
|turn|17
|
|t:|1757838311
|move|p2a: Keldeo|Vacuum Wave|p1a: Quaquaval
|-damage|p1a: Quaquaval|44/100
|move|p1a: Quaquaval|Aqua Step|p2a: Keldeo
|-resisted|p2a: Keldeo
|-damage|p2a: Keldeo|0 fnt
|-boost|p1a: Quaquaval|spe|1
|faint|p2a: Keldeo
|-ability|p1a: Quaquaval|Moxie|boost
|-boost|p1a: Quaquaval|atk|1
|-damage|p1a: Quaquaval|34/100|[from] item: Life Orb
|
|-weather|RainDance|[upkeep]
|upkeep
|
|t:|1757838315
|switch|p2a: Mienshao|Mienshao, M|100/100 tox
|-damage|p2a: Mienshao|95/100 tox|[from] Stealth Rock
|turn|18
|
|t:|1757838320
|move|p1a: Quaquaval|Close Combat|p2a: Mienshao
|-damage|p2a: Mienshao|0 fnt
|-unboost|p1a: Quaquaval|def|1
|-unboost|p1a: Quaquaval|spd|1
|faint|p2a: Mienshao
|-damage|p1a: Quaquaval|24/100|[from] item: Life Orb
|
|win|sicratus
|raw|sicratus's rating: 1210 &rarr; <strong>1231</strong><br />(+21 for winning)
|raw|XYnotfound's rating: 1153 &rarr; <strong>1132</strong><br />(-21 for losing)
|l|☆XYnotfound
|player|p2|
|l|☆sicratus
|player|p1|
