|j|☆NEZK025
|j|☆brilliance12345678
|t:|1757955236
|gametype|singles
|player|p1|NEZK025|nate|1580
|player|p2|brilliance12345678|2|1543
|gen|9
|tier|[Gen 9] OU
|rated|
|rule|HP Percentage Mod: HP is shown in percentages
|rule|Endless Battle Clause: Forcing endless battles is banned
|rule|Species Clause: Limit one of each Pokémon
|rule|OHKO Clause: OHKO moves are banned
|rule|Evasion Items Clause: Evasion items are banned
|rule|Evasion Moves Clause: Evasion moves are banned
|rule|Evasion Abilities Clause: Evasion abilities are banned
|rule|Sleep Moves Clause: Sleep-inducing moves are banned
|clearpoke
|poke|p1|Landorus-Therian, M|
|poke|p1|Samurott-Hisui, F|
|poke|p1|Pecharunt|
|poke|p1|Scizor, F|
|poke|p1|Latios, M|
|poke|p1|Zamazenta-*|
|poke|p2|Toucannon, M|
|poke|p2|Dragonite, M|
|poke|p2|Zamazenta-*|
|poke|p2|Iron Treads|
|poke|p2|Zapdos|
|poke|p2|Primarina, M|
|teampreview
|
|t:|1757955242
|teamsize|p1|6
|teamsize|p2|6
|start
|switch|p1a: Samurott|Samurott-Hisui, F|100/100
|switch|p2a: Toucannon|Toucannon, M|100/100
|turn|1
|
|t:|1757955249
|switch|p1a: Landorus|Landorus-Therian, M|100/100
|-ability|p1a: Landorus|Intimidate|boost
|-unboost|p2a: Toucannon|atk|1
|-singleturn|p2a: Toucannon|move: Beak Blast
|move|p2a: Toucannon|Beak Blast|p1a: Landorus
|-damage|p1a: Landorus|67/100
|
|upkeep
|turn|2
|inactive|Battle timer is ON: inactive players will automatically lose when time's up. (requested by brilliance12345678)
|
|t:|1757955258
|move|p1a: Landorus|Stealth Rock|p2a: Toucannon
|-sidestart|p2: brilliance12345678|move: Stealth Rock
|move|p2a: Toucannon|Knock Off|p1a: Landorus
|-damage|p1a: Landorus|43/100
|-damage|p2a: Toucannon|84/100|[from] item: Rocky Helmet|[of] p1a: Landorus
|-enditem|p1a: Landorus|Rocky Helmet|[from] move: Knock Off|[of] p2a: Toucannon
|
|upkeep
|turn|3
|
|t:|1757955266
|-singleturn|p2a: Toucannon|move: Beak Blast
|move|p1a: Landorus|Smack Down|p2a: Toucannon
|-supereffective|p2a: Toucannon
|-damage|p2a: Toucannon|45/100
|-start|p2a: Toucannon|Smack Down
|move|p2a: Toucannon|Beak Blast|p1a: Landorus
|-damage|p1a: Landorus|8/100
|
|upkeep
|turn|4
|
|t:|1757955274
|move|p1a: Landorus|Earthquake|p2a: Toucannon
|-damage|p2a: Toucannon|0 fnt
|faint|p2a: Toucannon
|
|upkeep
|
|t:|1757955279
|switch|p2a: Iron Treads|Iron Treads|100/100
|-damage|p2a: Iron Treads|98/100|[from] Stealth Rock
|-item|p2a: Iron Treads|Air Balloon
|turn|5
|
|t:|1757955286
|switch|p1a: Pecharunt|Pecharunt|100/100
|move|p2a: Iron Treads|Knock Off|p1a: Pecharunt
|-supereffective|p1a: Pecharunt
|-damage|p1a: Pecharunt|65/100
|-enditem|p1a: Pecharunt|Heavy-Duty Boots|[from] move: Knock Off|[of] p2a: Iron Treads
|
|upkeep
|turn|6
|
|t:|1757955293
|move|p2a: Iron Treads|Earthquake|p1a: Pecharunt
|-supereffective|p1a: Pecharunt
|-damage|p1a: Pecharunt|9/100
|move|p1a: Pecharunt|Parting Shot|p2a: Iron Treads
|-unboost|p2a: Iron Treads|atk|1
|-unboost|p2a: Iron Treads|spa|1
|
|t:|1757955308
|switch|p1a: Samurott|Samurott-Hisui, F|100/100|[from] Parting Shot
|
|upkeep
|turn|7
|
|t:|1757955312
|move|p2a: Iron Treads|Rapid Spin|p1a: Samurott
|-damage|p1a: Samurott|89/100
|-boost|p2a: Iron Treads|spe|1
|-sideend|p2: brilliance12345678|Stealth Rock|[from] move: Rapid Spin|[of] p2a: Iron Treads
|move|p1a: Samurott|Ceaseless Edge|p2a: Iron Treads
|-damage|p2a: Iron Treads|58/100
|-enditem|p2a: Iron Treads|Air Balloon
|-sidestart|p2: brilliance12345678|Spikes
|
|upkeep
|turn|8
|
|t:|1757955323
|move|p2a: Iron Treads|Earthquake|p1a: Samurott
|-damage|p1a: Samurott|56/100
|move|p1a: Samurott|Ceaseless Edge|p2a: Iron Treads|[miss]
|-miss|p1a: Samurott|p2a: Iron Treads
|
|upkeep
|turn|9
|
|t:|1757955329
|move|p2a: Iron Treads|Earthquake|p1a: Samurott
|-damage|p1a: Samurott|21/100
|move|p1a: Samurott|Ceaseless Edge|p2a: Iron Treads
|-damage|p2a: Iron Treads|12/100
|-sidestart|p2: brilliance12345678|Spikes
|
|upkeep
|turn|10
|
|t:|1757955336
|move|p1a: Samurott|Aqua Jet|p2a: Iron Treads
|-supereffective|p2a: Iron Treads
|-damage|p2a: Iron Treads|0 fnt
|faint|p2a: Iron Treads
|-end|p2a: Iron Treads|Quark Drive|[silent]
|
|upkeep
|
|t:|1757955340
|switch|p2a: Primarina|Primarina, M|100/100
|-damage|p2a: Primarina|84/100|[from] Spikes
|turn|11
|
|t:|1757955344
|move|p1a: Samurott|Ceaseless Edge|p2a: Primarina
|-resisted|p2a: Primarina
|-damage|p2a: Primarina|55/100
|-sidestart|p2: brilliance12345678|Spikes
|move|p2a: Primarina|Moonblast|p1a: Samurott
|-supereffective|p1a: Samurott
|-damage|p1a: Samurott|0 fnt
|faint|p1a: Samurott
|
|upkeep
|
|t:|1757955363
|switch|p1a: Landorus|Landorus-Therian, M|8/100
|-ability|p1a: Landorus|Intimidate|boost
|-unboost|p2a: Primarina|atk|1
|turn|12
|
|t:|1757955366
|move|p1a: Landorus|Earthquake|p2a: Primarina
|-damage|p2a: Primarina|0 fnt
|faint|p2a: Primarina
|
|upkeep
|
|t:|1757955372
|switch|p2a: Dragonite|Dragonite, M|100/100
|turn|13
|
|t:|1757955380
|move|p2a: Dragonite|Extreme Speed|p1a: Landorus
|-damage|p1a: Landorus|0 fnt
|faint|p1a: Landorus
|
|upkeep
|
|t:|1757955384
|switch|p1a: Scizor|Scizor, F|100/100
|turn|14
|
|t:|1757955391
|move|p2a: Dragonite|Fire Punch|p1a: Scizor
|-supereffective|p1a: Scizor
|-damage|p1a: Scizor|0 fnt
|faint|p1a: Scizor
|
|upkeep
|c|☆brilliance12345678|lol
|
|t:|1757955395
|switch|p1a: Zamazenta|Zamazenta|100/100
|-ability|p1a: Zamazenta|Dauntless Shield|boost
|-boost|p1a: Zamazenta|def|1
|turn|15
|
|t:|1757955399
|switch|p2a: Zapdos|Zapdos|100/100
|move|p1a: Zamazenta|Iron Defense|p1a: Zamazenta
|-boost|p1a: Zamazenta|def|2
|
|upkeep
|turn|16
|
|t:|1757955406
|-terastallize|p1a: Zamazenta|Fire
|move|p1a: Zamazenta|Iron Defense|p1a: Zamazenta
|-boost|p1a: Zamazenta|def|2
|move|p2a: Zapdos|Hurricane|p1a: Zamazenta
|-damage|p1a: Zamazenta|27/100
|-start|p1a: Zamazenta|confusion
|
|-heal|p1a: Zamazenta|33/100|[from] item: Leftovers
|upkeep
|turn|17
|
|t:|1757955417
|-activate|p1a: Zamazenta|confusion
|move|p1a: Zamazenta|Body Press|p2a: Zapdos
|-resisted|p2a: Zapdos
|-damage|p2a: Zapdos|22/100
|-status|p1a: Zamazenta|par|[from] ability: Static|[of] p2a: Zapdos
|move|p2a: Zapdos|Hurricane|p1a: Zamazenta
|-damage|p1a: Zamazenta|0 fnt
|faint|p1a: Zamazenta
|
|upkeep
|c|☆NEZK025|Specs?
|
|t:|1757955435
|switch|p1a: Latios|Latios, M|100/100
|turn|18
|
|t:|1757955442
|move|p1a: Latios|Calm Mind|p1a: Latios
|-boost|p1a: Latios|spa|1
|-boost|p1a: Latios|spd|1
|move|p2a: Zapdos|Hurricane|p1a: Latios
|-damage|p1a: Latios|46/100
|
|upkeep
|turn|19
|
|t:|1757955451
|move|p1a: Latios|Calm Mind|p1a: Latios
|-boost|p1a: Latios|spa|1
|-boost|p1a: Latios|spd|1
|move|p2a: Zapdos|Hurricane|p1a: Latios
|-damage|p1a: Latios|0 fnt
|faint|p1a: Latios
|
|upkeep
|
|t:|1757955459
|switch|p1a: Pecharunt|Pecharunt|9/100
|turn|20
|c|☆brilliance12345678|low roll into high roll btw
|-message|NEZK025 forfeited.
|
|win|brilliance12345678
|raw|NEZK025's rating: 1580 &rarr; <strong>1558</strong><br />(-22 for losing)
|raw|brilliance12345678's rating: 1543 &rarr; <strong>1565</strong><br />(+22 for winning)
|l|☆NEZK025
|player|p1|
|l|☆brilliance12345678
|player|p2|
