|j|☆kinsword
|j|‽shgfx10
|t:|1757847759
|gametype|singles
|player|p1|kinsword|170|1278
|player|p2|shgfx10|bugcatcher-gen4dp|1352
|gen|9
|tier|[Gen 9] OU
|rated|
|rule|HP Percentage Mod: HP is shown in percentages
|rule|Endless Battle Clause: Forcing endless battles is banned
|rule|Species Clause: Limit one of each Pokémon
|rule|OHKO Clause: OHKO moves are banned
|rule|Evasion Items Clause: Evasion items are banned
|rule|Evasion Moves Clause: Evasion moves are banned
|rule|Evasion Abilities Clause: Evasion abilities are banned
|rule|Sleep Moves Clause: Sleep-inducing moves are banned
|clearpoke
|poke|p1|Tyranitar, M|
|poke|p1|Samurott, F|
|poke|p1|Zapdos-Galar|
|poke|p1|Excadrill, F|
|poke|p1|Enamorus-Therian, F|
|poke|p1|Overqwil, M|
|poke|p2|Ogerpon-Wellspring, F|
|poke|p2|Slowking-Galar, F|
|poke|p2|Dragapult, M|
|poke|p2|Great Tusk|
|poke|p2|Kingambit, M|
|poke|p2|Moltres|
|teampreview
|inactive|Battle timer is ON: inactive players will automatically lose when time's up. (requested by kinsword)
|
|t:|1757847771
|teamsize|p1|6
|teamsize|p2|6
|start
|switch|p1a: Tyranitar|Tyranitar, M|100/100
|switch|p2a: Moltres|Moltres|100/100
|-weather|Sandstorm|[from] ability: Sand Stream|[of] p1a: Tyranitar
|turn|1
|
|t:|1757847779
|move|p2a: Moltres|U-turn|p1a: Tyranitar
|-supereffective|p1a: Tyranitar
|-damage|p1a: Tyranitar|74/100
|
|t:|1757847782
|switch|p2a: Great Tusk|Great Tusk|100/100|[from] U-turn
|move|p1a: Tyranitar|Stone Edge|p2a: Great Tusk|[miss]
|-miss|p1a: Tyranitar|p2a: Great Tusk
|
|-weather|Sandstorm|[upkeep]
|upkeep
|turn|2
|
|t:|1757847791
|move|p2a: Great Tusk|Stealth Rock|p1a: Tyranitar
|-sidestart|p1: kinsword|move: Stealth Rock
|move|p1a: Tyranitar|Ice Beam|p2a: Great Tusk
|-supereffective|p2a: Great Tusk
|-damage|p2a: Great Tusk|36/100
|
|-weather|Sandstorm|[upkeep]
|upkeep
|turn|3
|
|t:|1757847801
|switch|p1a: Zapdos|Zapdos-Galar|100/100
|-damage|p1a: Zapdos|88/100|[from] Stealth Rock
|move|p2a: Great Tusk|Headlong Rush|p1a: Zapdos
|-immune|p1a: Zapdos
|
|-weather|Sandstorm|[upkeep]
|-damage|p1a: Zapdos|82/100|[from] Sandstorm
|upkeep
|turn|4
|
|t:|1757847812
|-end|p2a: Great Tusk|Protosynthesis|[silent]
|switch|p2a: Moltres|Moltres|100/100
|move|p1a: Zapdos|Knock Off|p2a: Moltres
|-damage|p2a: Moltres|62/100
|-enditem|p2a: Moltres|Heavy-Duty Boots|[from] move: Knock Off|[of] p1a: Zapdos
|
|-weather|Sandstorm|[upkeep]
|-damage|p1a: Zapdos|76/100|[from] Sandstorm
|-damage|p2a: Moltres|56/100|[from] Sandstorm
|upkeep
|turn|5
|
|t:|1757847827
|switch|p1a: Samurott|Samurott, F|100/100
|-damage|p1a: Samurott|88/100|[from] Stealth Rock
|move|p2a: Moltres|Hurricane|p1a: Samurott|[miss]
|-miss|p2a: Moltres|p1a: Samurott
|
|-weather|none
|upkeep
|turn|6
|
|t:|1757847839
|move|p2a: Moltres|U-turn|p1a: Samurott
|-damage|p1a: Samurott|74/100
|
|t:|1757847844
|switch|p2a: Great Tusk|Great Tusk|36/100|[from] U-turn
|move|p1a: Samurott|Ice Beam|p2a: Great Tusk
|-supereffective|p2a: Great Tusk
|-damage|p2a: Great Tusk|0 fnt
|faint|p2a: Great Tusk
|-end|p2a: Great Tusk|Protosynthesis|[silent]
|
|upkeep
|
|t:|1757847849
|switch|p2a: Dragapult|Dragapult, M|100/100
|turn|7
|
|t:|1757847856
|-terastallize|p2a: Dragapult|Water
|move|p2a: Dragapult|Shadow Ball|p1a: Samurott
|-damage|p1a: Samurott|37/100
|move|p1a: Samurott|Ice Beam|p2a: Dragapult
|-resisted|p2a: Dragapult
|-damage|p2a: Dragapult|81/100
|
|upkeep
|turn|8
|
|t:|1757847870
|move|p2a: Dragapult|Shadow Ball|p1a: Samurott
|-damage|p1a: Samurott|0 fnt
|faint|p1a: Samurott
|
|upkeep
|
|t:|1757847878
|switch|p1a: Excadrill|Excadrill, F|100/100
|-damage|p1a: Excadrill|97/100|[from] Stealth Rock
|-ability|p1a: Excadrill|Mold Breaker
|turn|9
|
|t:|1757847883
|switch|p2a: Moltres|Moltres|56/100
|move|p1a: Excadrill|Rapid Spin|p2a: Moltres
|-damage|p2a: Moltres|37/100
|-boost|p1a: Excadrill|spe|1
|-sideend|p1: kinsword|Stealth Rock|[from] move: Rapid Spin|[of] p1a: Excadrill
|
|upkeep
|turn|10
|
|t:|1757847891
|move|p1a: Excadrill|Rock Slide|p2a: Moltres
|-supereffective|p2a: Moltres
|-damage|p2a: Moltres|0 fnt
|faint|p2a: Moltres
|
|upkeep
|
|t:|1757847896
|switch|p2a: Kingambit|Kingambit, M|100/100
|-activate|p2a: Kingambit|ability: Supreme Overlord
|-start|p2a: Kingambit|fallen2|[silent]
|-item|p2a: Kingambit|Air Balloon
|turn|11
|
|t:|1757847905
|move|p1a: Excadrill|Iron Head|p2a: Kingambit
|-resisted|p2a: Kingambit
|-damage|p2a: Kingambit|84/100
|-enditem|p2a: Kingambit|Air Balloon
|cant|p2a: Kingambit|flinch
|
|upkeep
|turn|12
|
|t:|1757847913
|move|p1a: Excadrill|Earthquake|p2a: Kingambit
|-supereffective|p2a: Kingambit
|-damage|p2a: Kingambit|5/100
|move|p2a: Kingambit|Low Kick|p1a: Excadrill
|-supereffective|p1a: Excadrill
|-damage|p1a: Excadrill|17/100
|
|upkeep
|turn|13
|
|t:|1757847921
|move|p2a: Kingambit|Sucker Punch|p1a: Excadrill
|-damage|p1a: Excadrill|0 fnt
|faint|p1a: Excadrill
|
|upkeep
|
|t:|1757847927
|switch|p1a: Zapdos|Zapdos-Galar|76/100
|turn|14
|
|t:|1757847934
|move|p2a: Kingambit|Sucker Punch|p1a: Zapdos
|-resisted|p1a: Zapdos
|-damage|p1a: Zapdos|46/100
|move|p1a: Zapdos|U-turn|p2a: Kingambit
|-damage|p2a: Kingambit|0 fnt
|faint|p2a: Kingambit
|-end|p2a: Kingambit|fallen2|[silent]
|
|t:|1757847947
|switch|p1a: Tyranitar|Tyranitar, M|74/100|[from] U-turn
|-weather|Sandstorm|[from] ability: Sand Stream|[of] p1a: Tyranitar
|
|-weather|Sandstorm|[upkeep]
|upkeep
|
|t:|1757847951
|switch|p2a: Ogerpon|Ogerpon-Wellspring, F|100/100
|turn|15
|
|t:|1757847960
|-terastallize|p1a: Tyranitar|Grass
|move|p2a: Ogerpon|Low Kick|p1a: Tyranitar
|-damage|p1a: Tyranitar|33/100
|move|p1a: Tyranitar|Stone Edge|p2a: Ogerpon
|-damage|p2a: Ogerpon|23/100
|
|-weather|Sandstorm|[upkeep]
|-damage|p2a: Ogerpon|17/100|[from] Sandstorm
|-damage|p1a: Tyranitar|27/100|[from] Sandstorm
|upkeep
|turn|16
|
|t:|1757847971
|switch|p1a: Overqwil|Overqwil, M|100/100
|-ability|p1a: Overqwil|Intimidate|boost
|-unboost|p2a: Ogerpon|atk|1
|move|p2a: Ogerpon|Low Kick|p1a: Overqwil
|-damage|p1a: Overqwil|80/100
|
|-weather|Sandstorm|[upkeep]
|-damage|p2a: Ogerpon|11/100|[from] Sandstorm
|-damage|p1a: Overqwil|74/100|[from] Sandstorm
|-heal|p1a: Overqwil|80/100|[from] item: Leftovers
|upkeep
|turn|17
|
|t:|1757847984
|move|p2a: Ogerpon|Ivy Cudgel|p1a: Overqwil|[anim] Ivy Cudgel Water
|-damage|p1a: Overqwil|46/100
|move|p1a: Overqwil|Crunch|p2a: Ogerpon
|-damage|p2a: Ogerpon|0 fnt
|faint|p2a: Ogerpon
|
|-weather|Sandstorm|[upkeep]
|-damage|p1a: Overqwil|40/100|[from] Sandstorm
|-heal|p1a: Overqwil|46/100|[from] item: Leftovers
|upkeep
|
|t:|1757847990
|switch|p2a: Dragapult|Dragapult, M, tera:Water|81/100
|turn|18
|
|t:|1757848000
|move|p2a: Dragapult|U-turn|p1a: Overqwil
|-damage|p1a: Overqwil|32/100
|
|t:|1757848003
|switch|p2a: Slowking|Slowking-Galar, F|100/100|[from] U-turn
|move|p1a: Overqwil|Gunk Shot|p2a: Slowking
|-resisted|p2a: Slowking
|-damage|p2a: Slowking|72/100
|
|-weather|none
|-heal|p1a: Overqwil|38/100|[from] item: Leftovers
|-heal|p2a: Slowking|78/100|[from] item: Leftovers
|upkeep
|turn|19
|
|t:|1757848013
|move|p1a: Overqwil|Crunch|p2a: Slowking
|-supereffective|p2a: Slowking
|-damage|p2a: Slowking|5/100
|move|p2a: Slowking|Thunder Wave|p1a: Overqwil
|-status|p1a: Overqwil|par
|
|-heal|p1a: Overqwil|44/100 par|[from] item: Leftovers
|-heal|p2a: Slowking|11/100|[from] item: Leftovers
|upkeep
|turn|20
|
|t:|1757848024
|move|p1a: Overqwil|Crunch|p2a: Slowking
|-supereffective|p2a: Slowking
|-damage|p2a: Slowking|0 fnt
|faint|p2a: Slowking
|
|-heal|p1a: Overqwil|50/100 par|[from] item: Leftovers
|upkeep
|
|t:|1757848026
|switch|p2a: Dragapult|Dragapult, M, tera:Water|81/100
|turn|21
|
|t:|1757848035
|move|p2a: Dragapult|Surf|p1a: Overqwil
|-damage|p1a: Overqwil|0 fnt
|faint|p1a: Overqwil
|
|upkeep
|
|t:|1757848042
|switch|p1a: Enamorus|Enamorus-Therian, F|100/100
|turn|22
|
|t:|1757848045
|move|p2a: Dragapult|Surf|p1a: Enamorus
|-damage|p1a: Enamorus|60/100
|move|p1a: Enamorus|Moonblast|p2a: Dragapult
|-damage|p2a: Dragapult|6/100
|
|upkeep
|turn|23
|
|t:|1757848052
|move|p2a: Dragapult|Surf|p1a: Enamorus
|-damage|p1a: Enamorus|20/100
|move|p1a: Enamorus|Moonblast|p2a: Dragapult
|-damage|p2a: Dragapult|0 fnt
|faint|p2a: Dragapult
|
|win|kinsword
|raw|kinsword's rating: 1278 &rarr; <strong>1308</strong><br />(+30 for winning)
|raw|shgfx10's rating: 1352 &rarr; <strong>1328</strong><br />(-24 for losing)
|l|☆kinsword
|player|p1|
