|j|☆redkaa
|j|☆serving up heat
|t:|1757909060
|gametype|singles
|player|p1|redkaa|1|1612
|player|p2|serving up heat|waitress|1582
|gen|9
|tier|[Gen 9] OU
|rated|
|rule|HP Percentage Mod: HP is shown in percentages
|rule|Endless Battle Clause: Forcing endless battles is banned
|rule|Species Clause: Limit one of each Pokémon
|rule|OHKO Clause: OHKO moves are banned
|rule|Evasion Items Clause: Evasion items are banned
|rule|Evasion Moves Clause: Evasion moves are banned
|rule|Evasion Abilities Clause: Evasion abilities are banned
|rule|Sleep Moves Clause: Sleep-inducing moves are banned
|clearpoke
|poke|p1|Dragapult, F|
|poke|p1|Pelipper, F|
|poke|p1|Rotom-Wash|
|poke|p1|Great Tusk|
|poke|p1|Slowking-Galar, F|
|poke|p1|Iron Valiant|
|poke|p2|Landorus-Therian, M|
|poke|p2|Zamazenta-*|
|poke|p2|Kingambit, F|
|poke|p2|Samurott-Hisui, F|
|poke|p2|Pecharunt|
|poke|p2|Hydreigon, F|
|teampreview
|
|t:|1757909095
|teamsize|p1|6
|teamsize|p2|6
|start
|switch|p1a: Pelipper|Pelipper, F|100/100
|switch|p2a: i <3 edging|Samurott-Hisui, F|100/100
|-weather|RainDance|[from] ability: Drizzle|[of] p1a: Pelipper
|turn|1
|
|t:|1757909106
|move|p1a: Pelipper|Hurricane|p2a: i <3 edging
|-damage|p2a: i <3 edging|39/100
|move|p2a: i <3 edging|Ceaseless Edge|p1a: Pelipper
|-damage|p1a: Pelipper|47/100
|-sidestart|p1: redkaa|Spikes
|
|-weather|RainDance|[upkeep]
|upkeep
|turn|2
|
|t:|1757909116
|move|p2a: i <3 edging|Sucker Punch|p1a: Pelipper
|-damage|p1a: Pelipper|2/100
|move|p1a: Pelipper|Hurricane|p2a: i <3 edging
|-damage|p2a: i <3 edging|0 fnt
|faint|p2a: i <3 edging
|
|-weather|RainDance|[upkeep]
|upkeep
|
|t:|1757909120
|switch|p2a: caravan|Landorus-Therian, M|100/100
|-ability|p2a: caravan|Intimidate|boost
|-unboost|p1a: Pelipper|atk|1
|turn|3
|
|t:|1757909130
|move|p2a: caravan|U-turn|p1a: Pelipper
|-resisted|p1a: Pelipper
|-damage|p1a: Pelipper|0 fnt
|faint|p1a: Pelipper
|
|t:|1757909138
|switch|p2a: kingoobit|Kingambit, F|100/100|[from] U-turn
|-activate|p2a: kingoobit|ability: Supreme Overlord
|-start|p2a: kingoobit|fallen1|[silent]
|
|-weather|RainDance|[upkeep]
|upkeep
|
|t:|1757909145
|switch|p1a: Rotom|Rotom-Wash|100/100
|turn|4
|
|t:|1757909161
|-end|p2a: kingoobit|fallen1|[silent]
|switch|p2a: serve runt|Pecharunt|100/100
|move|p1a: Rotom|Volt Switch|p2a: serve runt
|-damage|p2a: serve runt|73/100
|
|t:|1757909170
|switch|p1a: Slowking|Slowking-Galar, F|100/100|[from] Volt Switch
|
|-weather|RainDance|[upkeep]
|upkeep
|turn|5
|
|t:|1757909177
|move|p2a: serve runt|Parting Shot|p1a: Slowking
|-unboost|p1a: Slowking|atk|1
|-unboost|p1a: Slowking|spa|1
|
|t:|1757909180
|switch|p2a: caravan|Landorus-Therian, M|100/100|[from] Parting Shot
|-ability|p2a: caravan|Intimidate|boost
|-unboost|p1a: Slowking|atk|1
|move|p1a: Slowking|Psyshock|p2a: caravan
|-damage|p2a: caravan|82/100
|
|-weather|none
|upkeep
|turn|6
|
|t:|1757909188
|switch|p1a: Great Tusk|Great Tusk|100/100
|-damage|p1a: Great Tusk|88/100|[from] Spikes
|move|p2a: caravan|Stealth Rock|p1a: Great Tusk
|-sidestart|p1: redkaa|move: Stealth Rock
|
|upkeep
|turn|7
|
|t:|1757909194
|move|p2a: caravan|U-turn|p1a: Great Tusk
|-resisted|p1a: Great Tusk
|-damage|p1a: Great Tusk|81/100
|-damage|p2a: caravan|66/100|[from] item: Rocky Helmet|[of] p1a: Great Tusk
|
|t:|1757909197
|switch|p2a: serve runt|Pecharunt|73/100|[from] U-turn
|move|p1a: Great Tusk|Stealth Rock|p2a: serve runt
|-sidestart|p2: serving up heat|move: Stealth Rock
|
|upkeep
|turn|8
|
|t:|1757909205
|move|p2a: serve runt|Malignant Chain|p1a: Great Tusk
|-resisted|p1a: Great Tusk
|-damage|p1a: Great Tusk|61/100
|-status|p1a: Great Tusk|tox
|-start|p1a: Great Tusk|confusion|[from] ability: Poison Puppeteer|[of] p2a: serve runt
|-activate|p1a: Great Tusk|confusion
|-damage|p1a: Great Tusk|55/100 tox|[from] confusion
|
|-damage|p1a: Great Tusk|48/100 tox|[from] psn
|upkeep
|turn|9
|
|t:|1757909215
|-end|p1a: Great Tusk|Protosynthesis|[silent]
|switch|p1a: Slowking|Slowking-Galar, F|100/100
|move|p2a: serve runt|Hex|p1a: Slowking
|-supereffective|p1a: Slowking
|-damage|p1a: Slowking|74/100
|
|upkeep
|turn|10
|
|t:|1757909221
|move|p2a: serve runt|Parting Shot|p1a: Slowking
|-unboost|p1a: Slowking|atk|1
|-unboost|p1a: Slowking|spa|1
|
|t:|1757909223
|switch|p2a: caravan|Landorus-Therian, M|66/100|[from] Parting Shot
|-damage|p2a: caravan|54/100|[from] Stealth Rock
|-ability|p2a: caravan|Intimidate|boost
|-unboost|p1a: Slowking|atk|1
|-prepare|p1a: Slowking|Chilly Reception|[premajor]
|move|p1a: Slowking|Chilly Reception|p1a: Slowking
|-weather|Snowscape
|
|t:|1757909234
|switch|p1a: Dragapult|Dragapult, F|100/100|[from] Chilly Reception
|-damage|p1a: Dragapult|88/100|[from] Spikes
|-damage|p1a: Dragapult|76/100|[from] Stealth Rock
|
|-weather|Snowscape|[upkeep]
|upkeep
|turn|11
|
|t:|1757909238
|move|p1a: Dragapult|Dragon Darts|p2a: caravan
|-damage|p2a: caravan|15/100
|-anim|p1a: Dragapult|Dragon Darts|p2a: caravan
|-damage|p2a: caravan|0 fnt
|faint|p2a: caravan
|
|-weather|Snowscape|[upkeep]
|upkeep
|
|t:|1757909250
|switch|p2a: mr worldwide|Zamazenta|100/100
|-ability|p2a: mr worldwide|Dauntless Shield|boost
|-boost|p2a: mr worldwide|def|1
|turn|12
|
|t:|1757909260
|switch|p1a: Iron Valiant|Iron Valiant|100/100
|-damage|p1a: Iron Valiant|88/100|[from] Spikes
|-damage|p1a: Iron Valiant|82/100|[from] Stealth Rock
|-enditem|p1a: Iron Valiant|Booster Energy
|-activate|p1a: Iron Valiant|ability: Quark Drive|[fromitem]
|-start|p1a: Iron Valiant|quarkdrivespe
|move|p2a: mr worldwide|Crunch|p1a: Iron Valiant
|-resisted|p1a: Iron Valiant
|-damage|p1a: Iron Valiant|74/100
|
|-weather|Snowscape|[upkeep]
|upkeep
|turn|13
|
|t:|1757909276
|-terastallize|p2a: mr worldwide|Fire
|move|p1a: Iron Valiant|Calm Mind|p1a: Iron Valiant
|-boost|p1a: Iron Valiant|spa|1
|-boost|p1a: Iron Valiant|spd|1
|move|p2a: mr worldwide|Heavy Slam|p1a: Iron Valiant
|-supereffective|p1a: Iron Valiant
|-damage|p1a: Iron Valiant|0 fnt
|faint|p1a: Iron Valiant
|-end|p1a: Iron Valiant|Quark Drive|[silent]
|
|-weather|Snowscape|[upkeep]
|upkeep
|
|t:|1757909283
|switch|p1a: Rotom|Rotom-Wash|100/100
|-damage|p1a: Rotom|88/100|[from] Stealth Rock
|turn|14
|
|t:|1757909288
|move|p2a: mr worldwide|Close Combat|p1a: Rotom
|-crit|p1a: Rotom
|-damage|p1a: Rotom|22/100
|-unboost|p2a: mr worldwide|def|1
|-unboost|p2a: mr worldwide|spd|1
|move|p1a: Rotom|Hydro Pump|p2a: mr worldwide
|-supereffective|p2a: mr worldwide
|-damage|p2a: mr worldwide|0 fnt
|faint|p2a: mr worldwide
|
|-weather|none
|-heal|p1a: Rotom|28/100|[from] item: Leftovers
|upkeep
|
|t:|1757909294
|switch|p2a: serve runt|Pecharunt|73/100
|turn|15
|
|t:|1757909305
|switch|p1a: Slowking|Slowking-Galar, F|100/100
|move|p2a: serve runt|Hex|p1a: Slowking
|-supereffective|p1a: Slowking
|-damage|p1a: Slowking|77/100
|
|upkeep
|turn|16
|
|t:|1757909314
|move|p2a: serve runt|Hex|p1a: Slowking
|-supereffective|p1a: Slowking
|-damage|p1a: Slowking|51/100
|-prepare|p1a: Slowking|Chilly Reception|[premajor]
|move|p1a: Slowking|Chilly Reception|p1a: Slowking
|-weather|Snowscape
|
|t:|1757909320
|switch|p1a: Dragapult|Dragapult, F|76/100|[from] Chilly Reception
|-damage|p1a: Dragapult|64/100|[from] Spikes
|-damage|p1a: Dragapult|51/100|[from] Stealth Rock
|
|-weather|Snowscape|[upkeep]
|upkeep
|turn|17
|
|t:|1757909327
|-terastallize|p1a: Dragapult|Ghost
|move|p1a: Dragapult|Tera Blast|p2a: serve runt|[anim] Tera Blast Ghost
|-supereffective|p2a: serve runt
|-damage|p2a: serve runt|0 fnt
|faint|p2a: serve runt
|
|-weather|Snowscape|[upkeep]
|upkeep
|
|t:|1757909331
|switch|p2a: death drop|Hydreigon, F|100/100
|-damage|p2a: death drop|88/100|[from] Stealth Rock
|turn|18
|
|t:|1757909336
|move|p1a: Dragapult|Tera Blast|p2a: death drop|[anim] Tera Blast Ghost
|-resisted|p2a: death drop
|-damage|p2a: death drop|44/100
|move|p2a: death drop|Substitute|p2a: death drop
|-start|p2a: death drop|Substitute
|-damage|p2a: death drop|19/100
|
|-weather|Snowscape|[upkeep]
|-heal|p2a: death drop|25/100|[from] item: Leftovers
|upkeep
|turn|19
|
|t:|1757909342
|move|p1a: Dragapult|Tera Blast|p2a: death drop|[anim] Tera Blast Ghost
|-resisted|p2a: death drop
|-end|p2a: death drop|Substitute
|move|p2a: death drop|Draco Meteor|p1a: Dragapult
|-damage|p1a: Dragapult|0 fnt
|-unboost|p2a: death drop|spa|2
|faint|p1a: Dragapult
|
|-weather|Snowscape|[upkeep]
|-heal|p2a: death drop|32/100|[from] item: Leftovers
|upkeep
|
|t:|1757909346
|switch|p1a: Slowking|Slowking-Galar, F|85/100
|turn|20
|
|t:|1757909351
|switch|p2a: kingoobit|Kingambit, F|100/100
|-damage|p2a: kingoobit|94/100|[from] Stealth Rock
|-activate|p2a: kingoobit|ability: Supreme Overlord
|-start|p2a: kingoobit|fallen4|[silent]
|move|p1a: Slowking|Sludge Bomb|p2a: kingoobit
|-immune|p2a: kingoobit
|
|-weather|none
|-heal|p2a: kingoobit|100/100|[from] item: Leftovers
|upkeep
|turn|21
|
|t:|1757909359
|switch|p1a: Great Tusk|Great Tusk|48/100 tox
|-damage|p1a: Great Tusk|36/100 tox|[from] Spikes
|-damage|p1a: Great Tusk|33/100 tox|[from] Stealth Rock
|move|p2a: kingoobit|Swords Dance|p2a: kingoobit
|-boost|p2a: kingoobit|atk|2
|
|-damage|p1a: Great Tusk|27/100 tox|[from] psn
|upkeep
|turn|22
|
|t:|1757909364
|move|p2a: kingoobit|Sucker Punch|p1a: Great Tusk
|-resisted|p1a: Great Tusk
|-damage|p1a: Great Tusk|0 fnt
|-damage|p2a: kingoobit|84/100|[from] item: Rocky Helmet|[of] p1a: Great Tusk
|faint|p1a: Great Tusk
|-end|p1a: Great Tusk|Protosynthesis|[silent]
|
|-heal|p2a: kingoobit|90/100|[from] item: Leftovers
|upkeep
|
|t:|1757909367
|switch|p1a: Rotom|Rotom-Wash|28/100
|-damage|p1a: Rotom|15/100|[from] Stealth Rock
|turn|23
|
|t:|1757909370
|move|p1a: Rotom|Pain Split|p2a: kingoobit
|-sethp|p2a: kingoobit|51/100|[from] move: Pain Split|[silent]
|-sethp|p1a: Rotom|63/100|[from] move: Pain Split
|move|p2a: kingoobit|Iron Head|p1a: Rotom
|-resisted|p1a: Rotom
|-damage|p1a: Rotom|40/100
|
|-heal|p1a: Rotom|46/100|[from] item: Leftovers
|-heal|p2a: kingoobit|58/100|[from] item: Leftovers
|upkeep
|turn|24
|
|t:|1757909375
|move|p1a: Rotom|Will-O-Wisp|p2a: kingoobit
|-status|p2a: kingoobit|brn
|move|p2a: kingoobit|Swords Dance|p2a: kingoobit
|-boost|p2a: kingoobit|atk|2
|
|-heal|p1a: Rotom|52/100|[from] item: Leftovers
|-heal|p2a: kingoobit|64/100 brn|[from] item: Leftovers
|-damage|p2a: kingoobit|58/100 brn|[from] brn
|upkeep
|turn|25
|
|t:|1757909385
|move|p1a: Rotom|Hydro Pump|p2a: kingoobit
|-damage|p2a: kingoobit|15/100 brn
|move|p2a: kingoobit|Swords Dance|p2a: kingoobit
|-boost|p2a: kingoobit|atk|2
|
|-heal|p1a: Rotom|58/100|[from] item: Leftovers
|-heal|p2a: kingoobit|21/100 brn|[from] item: Leftovers
|-damage|p2a: kingoobit|15/100 brn|[from] brn
|upkeep
|turn|26
|
|t:|1757909397
|move|p2a: kingoobit|Sucker Punch|p1a: Rotom
|-damage|p1a: Rotom|0 fnt
|faint|p1a: Rotom
|
|-heal|p2a: kingoobit|21/100 brn|[from] item: Leftovers
|-damage|p2a: kingoobit|15/100 brn|[from] brn
|upkeep
|
|t:|1757909400
|switch|p1a: Slowking|Slowking-Galar, F|100/100
|turn|27
|
|t:|1757909403
|move|p2a: kingoobit|Iron Head|p1a: Slowking
|-damage|p1a: Slowking|0 fnt
|faint|p1a: Slowking
|
|win|serving up heat
|raw|redkaa's rating: 1612 &rarr; <strong>1590</strong><br />(-22 for losing)
|raw|serving up heat's rating: 1582 &rarr; <strong>1604</strong><br />(+22 for winning)
|l|☆serving up heat
|player|p2|
|l|☆redkaa
|player|p1|
