|j|☆Charle_phate
|j|☆bzukanarf
|t:|1757815805
|gametype|singles
|player|p1|Charle_phate|blue|1488
|player|p2|bzukanarf|doubleteam|1465
|gen|9
|tier|[Gen 9] OU
|rated|
|rule|HP Percentage Mod: HP is shown in percentages
|rule|Endless Battle Clause: Forcing endless battles is banned
|rule|Species Clause: Limit one of each Pokémon
|rule|OHKO Clause: OHKO moves are banned
|rule|Evasion Items Clause: Evasion items are banned
|rule|Evasion Moves Clause: Evasion moves are banned
|rule|Evasion Abilities Clause: Evasion abilities are banned
|rule|Sleep Moves Clause: Sleep-inducing moves are banned
|clearpoke
|poke|p1|Serperior, M|
|poke|p1|Rotom-Wash|
|poke|p1|Zapdos|
|poke|p1|Heatran, F|
|poke|p1|Clefable, F|
|poke|p1|Landorus-Therian, M|
|poke|p2|Empoleon, F|
|poke|p2|Kingambit, M|
|poke|p2|Hoopa-Unbound|
|poke|p2|Landorus-Therian, M|
|poke|p2|Dragapult, M|
|poke|p2|Great Tusk|
|teampreview
|inactive|Battle timer is ON: inactive players will automatically lose when time's up. (requested by Charle_phate)
|
|t:|1757815820
|teamsize|p1|6
|teamsize|p2|6
|start
|switch|p1a: Rotom|Rotom-Wash|100/100
|switch|p2a: Empoleon|Empoleon, F|100/100
|turn|1
|
|t:|1757815831
|switch|p2a: Hoopa|Hoopa-Unbound|100/100
|move|p1a: Rotom|Thunder Wave|p2a: Hoopa
|-status|p2a: Hoopa|par
|
|upkeep
|turn|2
|
|t:|1757815841
|switch|p1a: Zapdos|Zapdos|100/100
|move|p2a: Hoopa|Knock Off|p1a: Zapdos
|-damage|p1a: Zapdos|52/100
|-enditem|p1a: Zapdos|Leftovers|[from] move: Knock Off|[of] p2a: Hoopa
|
|upkeep
|turn|3
|
|t:|1757815848
|move|p1a: Zapdos|Ancient Power|p2a: Hoopa
|-damage|p2a: Hoopa|92/100 par
|cant|p2a: Hoopa|par
|
|upkeep
|turn|4
|
|t:|1757815856
|move|p1a: Zapdos|Ancient Power|p2a: Hoopa
|-damage|p2a: Hoopa|83/100 par
|cant|p2a: Hoopa|par
|
|upkeep
|turn|5
|
|t:|1757815860
|move|p1a: Zapdos|Ancient Power|p2a: Hoopa
|-damage|p2a: Hoopa|73/100 par
|move|p2a: Hoopa|Psychic Noise|p1a: Zapdos
|-damage|p1a: Zapdos|6/100
|-start|p1a: Zapdos|move: Heal Block
|
|upkeep
|turn|6
|
|t:|1757815869
|move|p1a: Zapdos|Ancient Power|p2a: Hoopa
|-damage|p2a: Hoopa|63/100 par
|-boost|p1a: Zapdos|atk|1
|-boost|p1a: Zapdos|def|1
|-boost|p1a: Zapdos|spa|1
|-boost|p1a: Zapdos|spd|1
|-boost|p1a: Zapdos|spe|1
|move|p2a: Hoopa|Knock Off|p1a: Zapdos
|-damage|p1a: Zapdos|0 fnt
|faint|p1a: Zapdos
|
|upkeep
|
|t:|1757815876
|switch|p1a: Serperior|Serperior, M|100/100
|turn|7
|
|t:|1757815890
|-terastallize|p2a: Hoopa|Poison
|move|p1a: Serperior|Substitute|p1a: Serperior
|-start|p1a: Serperior|Substitute
|-damage|p1a: Serperior|75/100
|cant|p2a: Hoopa|par
|
|-heal|p1a: Serperior|82/100|[from] item: Leftovers
|upkeep
|turn|8
|
|t:|1757815897
|move|p1a: Serperior|Leech Seed|p2a: Hoopa
|-start|p2a: Hoopa|move: Leech Seed
|cant|p2a: Hoopa|par
|
|-heal|p1a: Serperior|88/100|[from] item: Leftovers
|-damage|p2a: Hoopa|51/100 par|[from] Leech Seed|[of] p1a: Serperior
|-heal|p1a: Serperior|100/100|[silent]
|upkeep
|turn|9
|
|t:|1757815901
|move|p1a: Serperior|Leaf Storm|p2a: Hoopa
|-resisted|p2a: Hoopa
|-crit|p2a: Hoopa
|-damage|p2a: Hoopa|34/100 par
|-boost|p1a: Serperior|spa|2
|move|p2a: Hoopa|Psychic Noise|p1a: Serperior
|-damage|p1a: Serperior|44/100
|-start|p1a: Serperior|move: Heal Block
|
|-damage|p2a: Hoopa|21/100 par|[from] Leech Seed|[of] p1a: Serperior
|upkeep
|turn|10
|
|t:|1757815913
|move|p1a: Serperior|Leaf Storm|p2a: Hoopa
|-resisted|p2a: Hoopa
|-damage|p2a: Hoopa|0 fnt
|-boost|p1a: Serperior|spa|2
|faint|p2a: Hoopa
|
|-end|p1a: Serperior|move: Heal Block
|upkeep
|
|t:|1757815917
|switch|p2a: Dragapult|Dragapult, M|100/100
|turn|11
|
|t:|1757815921
|switch|p1a: Heatran|Heatran, F|100/100
|move|p2a: Dragapult|Dragon Darts|p1a: Heatran
|-resisted|p1a: Heatran
|-damage|p1a: Heatran|92/100
|-anim|p2a: Dragapult|Dragon Darts|p1a: Heatran
|-resisted|p1a: Heatran
|-damage|p1a: Heatran|83/100
|
|-heal|p1a: Heatran|89/100|[from] item: Leftovers
|upkeep
|turn|12
|
|t:|1757815933
|move|p2a: Dragapult|U-turn|p1a: Heatran
|-resisted|p1a: Heatran
|-damage|p1a: Heatran|85/100
|
|t:|1757815951
|switch|p2a: Great Tusk|Great Tusk|100/100|[from] U-turn
|move|p1a: Heatran|Substitute|p1a: Heatran
|-start|p1a: Heatran|Substitute
|-damage|p1a: Heatran|60/100
|
|-heal|p1a: Heatran|66/100|[from] item: Leftovers
|upkeep
|turn|13
|
|t:|1757815971
|move|p2a: Great Tusk|Close Combat|p1a: Heatran
|-supereffective|p1a: Heatran
|-end|p1a: Heatran|Substitute
|-unboost|p2a: Great Tusk|def|1
|-unboost|p2a: Great Tusk|spd|1
|move|p1a: Heatran|Lava Plume|p2a: Great Tusk
|-damage|p2a: Great Tusk|26/100
|
|-heal|p1a: Heatran|73/100|[from] item: Leftovers
|upkeep
|turn|14
|
|t:|1757815987
|-end|p2a: Great Tusk|Protosynthesis|[silent]
|switch|p2a: Landorus|Landorus-Therian, M|100/100
|-ability|p2a: Landorus|Intimidate|boost
|-unboost|p1a: Heatran|atk|1
|switch|p1a: Landorus|Landorus-Therian, M|100/100
|-ability|p1a: Landorus|Intimidate|boost
|-unboost|p2a: Landorus|atk|1
|
|upkeep
|turn|15
|
|t:|1757816004
|move|p2a: Landorus|Taunt|p1a: Landorus
|-start|p1a: Landorus|move: Taunt
|cant|p1a: Landorus|move: Taunt|Swords Dance
|
|upkeep
|turn|16
|
|t:|1757816010
|move|p1a: Landorus|Stone Edge|p2a: Landorus
|-damage|p2a: Landorus|56/100
|-damage|p1a: Landorus|90/100|[from] item: Life Orb
|move|p2a: Landorus|Stealth Rock|p1a: Landorus
|-sidestart|p1: Charle_phate|move: Stealth Rock
|
|upkeep
|turn|17
|
|t:|1757816024
|move|p1a: Landorus|Stone Edge|p2a: Landorus
|-damage|p2a: Landorus|6/100
|-damage|p1a: Landorus|80/100|[from] item: Life Orb
|move|p2a: Landorus|U-turn|p1a: Landorus
|-resisted|p1a: Landorus
|-damage|p1a: Landorus|72/100
|
|t:|1757816035
|switch|p2a: Great Tusk|Great Tusk|26/100|[from] U-turn
|
|-end|p1a: Landorus|move: Taunt
|upkeep
|turn|18
|
|t:|1757816042
|switch|p1a: Heatran|Heatran, F|73/100
|-damage|p1a: Heatran|60/100|[from] Stealth Rock
|move|p2a: Great Tusk|Ice Spinner|p1a: Heatran
|-resisted|p1a: Heatran
|-damage|p1a: Heatran|55/100
|
|-heal|p1a: Heatran|61/100|[from] item: Leftovers
|upkeep
|turn|19
|
|t:|1757816054
|-end|p2a: Great Tusk|Protosynthesis|[silent]
|switch|p2a: Dragapult|Dragapult, M|100/100
|switch|p1a: Rotom|Rotom-Wash|100/100
|-damage|p1a: Rotom|88/100|[from] Stealth Rock
|
|-heal|p1a: Rotom|94/100|[from] item: Leftovers
|upkeep
|turn|20
|
|t:|1757816064
|switch|p1a: Heatran|Heatran, F|61/100
|-damage|p1a: Heatran|48/100|[from] Stealth Rock
|move|p2a: Dragapult|Will-O-Wisp|p1a: Heatran
|-immune|p1a: Heatran
|
|-heal|p1a: Heatran|55/100|[from] item: Leftovers
|upkeep
|turn|21
|
|t:|1757816071
|move|p2a: Dragapult|Hex|p1a: Heatran
|-damage|p1a: Heatran|37/100
|move|p1a: Heatran|Substitute|p1a: Heatran
|-start|p1a: Heatran|Substitute
|-damage|p1a: Heatran|12/100
|
|-heal|p1a: Heatran|18/100|[from] item: Leftovers
|upkeep
|turn|22
|
|t:|1757816077
|move|p2a: Dragapult|Hex|p1a: Heatran
|-damage|p1a: Heatran|2/100
|move|p1a: Heatran|Ancient Power|p2a: Dragapult
|-damage|p2a: Dragapult|76/100
|
|-heal|p1a: Heatran|8/100|[from] item: Leftovers
|upkeep
|turn|23
|
|t:|1757816084
|move|p2a: Dragapult|Hex|p1a: Heatran
|-damage|p1a: Heatran|0 fnt
|faint|p1a: Heatran
|
|upkeep
|
|t:|1757816091
|switch|p1a: Rotom|Rotom-Wash|94/100
|-damage|p1a: Rotom|82/100|[from] Stealth Rock
|turn|24
|
|t:|1757816101
|move|p2a: Dragapult|U-turn|p1a: Rotom
|-damage|p1a: Rotom|60/100
|
|t:|1757816123
|switch|p2a: Landorus|Landorus-Therian, M|6/100|[from] U-turn
|-ability|p2a: Landorus|Intimidate|boost
|-unboost|p1a: Rotom|atk|1
|move|p1a: Rotom|Thunder Wave|p2a: Landorus
|-immune|p2a: Landorus
|
|-heal|p1a: Rotom|66/100|[from] item: Leftovers
|upkeep
|turn|25
|
|t:|1757816135
|move|p2a: Landorus|Taunt|p1a: Rotom
|-start|p1a: Rotom|move: Taunt
|move|p1a: Rotom|Hydro Pump|p2a: Landorus
|-supereffective|p2a: Landorus
|-damage|p2a: Landorus|0 fnt
|faint|p2a: Landorus
|
|-heal|p1a: Rotom|72/100|[from] item: Leftovers
|upkeep
|
|t:|1757816144
|switch|p2a: Empoleon|Empoleon, F|100/100
|turn|26
|
|t:|1757816158
|move|p2a: Empoleon|Grass Knot|p1a: Rotom
|-supereffective|p1a: Rotom
|-damage|p1a: Rotom|50/100
|move|p1a: Rotom|Charge Beam|p2a: Empoleon
|-supereffective|p2a: Empoleon
|-damage|p2a: Empoleon|54/100
|-boost|p1a: Rotom|spa|1
|
|-heal|p1a: Rotom|56/100|[from] item: Leftovers
|upkeep
|turn|27
|inactive|bzukanarf has 120 seconds left.
|
|t:|1757816179
|switch|p2a: Dragapult|Dragapult, M|76/100
|move|p1a: Rotom|Charge Beam|p2a: Dragapult
|-resisted|p2a: Dragapult
|-damage|p2a: Dragapult|54/100
|-boost|p1a: Rotom|spa|1
|
|-heal|p1a: Rotom|62/100|[from] item: Leftovers
|-end|p1a: Rotom|move: Taunt
|upkeep
|turn|28
|inactive|bzukanarf has 120 seconds left.
|
|t:|1757816190
|move|p2a: Dragapult|Dragon Darts|p1a: Rotom
|-damage|p1a: Rotom|37/100
|-anim|p2a: Dragapult|Dragon Darts|p1a: Rotom
|-damage|p1a: Rotom|13/100
|move|p1a: Rotom|Thunder Wave|p2a: Dragapult
|-status|p2a: Dragapult|par
|
|-heal|p1a: Rotom|20/100|[from] item: Leftovers
|upkeep
|turn|29
|
|t:|1757816199
|move|p2a: Dragapult|U-turn|p1a: Rotom
|-damage|p1a: Rotom|0 fnt
|faint|p1a: Rotom
|
|t:|1757816206
|switch|p2a: Great Tusk|Great Tusk|26/100|[from] U-turn
|
|upkeep
|
|t:|1757816215
|switch|p1a: Serperior|Serperior, M|44/100
|-damage|p1a: Serperior|32/100|[from] Stealth Rock
|turn|30
|
|t:|1757816224
|move|p2a: Great Tusk|Ice Spinner|p1a: Serperior
|-supereffective|p1a: Serperior
|-damage|p1a: Serperior|0 fnt
|faint|p1a: Serperior
|
|upkeep
|
|t:|1757816229
|switch|p1a: Landorus|Landorus-Therian, M|72/100
|-damage|p1a: Landorus|60/100|[from] Stealth Rock
|-ability|p1a: Landorus|Intimidate|boost
|-unboost|p2a: Great Tusk|atk|1
|turn|31
|
|t:|1757816234
|move|p2a: Great Tusk|Ice Spinner|p1a: Landorus
|-supereffective|p1a: Landorus
|-damage|p1a: Landorus|0 fnt
|faint|p1a: Landorus
|
|upkeep
|
|t:|1757816236
|switch|p1a: Clefable|Clefable, F|100/100
|turn|32
|
|t:|1757816250
|move|p2a: Great Tusk|Ice Spinner|p1a: Clefable
|-damage|p1a: Clefable|86/100
|move|p1a: Clefable|Cosmic Power|p1a: Clefable
|-boost|p1a: Clefable|def|1
|-boost|p1a: Clefable|spd|1
|
|-heal|p1a: Clefable|92/100|[from] item: Leftovers
|upkeep
|turn|33
|
|t:|1757816260
|-end|p2a: Great Tusk|Protosynthesis|[silent]
|switch|p2a: Dragapult|Dragapult, M|54/100 par
|move|p1a: Clefable|Cosmic Power|p1a: Clefable
|-boost|p1a: Clefable|def|1
|-boost|p1a: Clefable|spd|1
|
|-heal|p1a: Clefable|98/100|[from] item: Leftovers
|upkeep
|turn|34
|
|t:|1757816265
|move|p2a: Dragapult|Will-O-Wisp|p1a: Clefable
|-status|p1a: Clefable|brn
|move|p1a: Clefable|Cosmic Power|p1a: Clefable
|-boost|p1a: Clefable|def|1
|-boost|p1a: Clefable|spd|1
|
|-heal|p1a: Clefable|100/100 brn|[from] item: Leftovers
|upkeep
|turn|35
|
|t:|1757816277
|cant|p2a: Dragapult|par
|move|p1a: Clefable|Cosmic Power|p1a: Clefable
|-boost|p1a: Clefable|def|1
|-boost|p1a: Clefable|spd|1
|
|upkeep
|turn|36
|
|t:|1757816281
|cant|p2a: Dragapult|par
|move|p1a: Clefable|Cosmic Power|p1a: Clefable
|-boost|p1a: Clefable|def|1
|-boost|p1a: Clefable|spd|1
|
|upkeep
|turn|37
|
|t:|1757816286
|move|p2a: Dragapult|Hex|p1a: Clefable
|-damage|p1a: Clefable|86/100 brn
|move|p1a: Clefable|Cosmic Power|p1a: Clefable
|-boost|p1a: Clefable|def|1
|-boost|p1a: Clefable|spd|1
|
|-heal|p1a: Clefable|93/100 brn|[from] item: Leftovers
|upkeep
|turn|38
|
|t:|1757816291
|move|p2a: Dragapult|Hex|p1a: Clefable
|-damage|p1a: Clefable|79/100 brn
|move|p1a: Clefable|Charge Beam|p2a: Dragapult|[miss]
|-miss|p1a: Clefable|p2a: Dragapult
|
|-heal|p1a: Clefable|86/100 brn|[from] item: Leftovers
|upkeep
|turn|39
|
|t:|1757816297
|move|p2a: Dragapult|Hex|p1a: Clefable
|-damage|p1a: Clefable|75/100 brn
|move|p1a: Clefable|Charge Beam|p2a: Dragapult
|-resisted|p2a: Dragapult
|-damage|p2a: Dragapult|45/100 par
|-boost|p1a: Clefable|spa|1
|
|-heal|p1a: Clefable|81/100 brn|[from] item: Leftovers
|upkeep
|turn|40
|
|t:|1757816302
|move|p2a: Dragapult|Hex|p1a: Clefable
|-damage|p1a: Clefable|68/100 brn
|move|p1a: Clefable|Charge Beam|p2a: Dragapult
|-resisted|p2a: Dragapult
|-damage|p2a: Dragapult|32/100 par
|-boost|p1a: Clefable|spa|1
|
|-heal|p1a: Clefable|74/100 brn|[from] item: Leftovers
|upkeep
|turn|41
|
|t:|1757816312
|move|p2a: Dragapult|Hex|p1a: Clefable
|-damage|p1a: Clefable|63/100 brn
|move|p1a: Clefable|Charge Beam|p2a: Dragapult
|-resisted|p2a: Dragapult
|-damage|p2a: Dragapult|15/100 par
|-boost|p1a: Clefable|spa|1
|
|-heal|p1a: Clefable|69/100 brn|[from] item: Leftovers
|upkeep
|turn|42
|
|t:|1757816319
|move|p2a: Dragapult|Hex|p1a: Clefable
|-damage|p1a: Clefable|58/100 brn
|move|p1a: Clefable|Charge Beam|p2a: Dragapult
|-resisted|p2a: Dragapult
|-damage|p2a: Dragapult|0 fnt
|-boost|p1a: Clefable|spa|1
|faint|p2a: Dragapult
|
|-heal|p1a: Clefable|64/100 brn|[from] item: Leftovers
|upkeep
|
|t:|1757816325
|switch|p2a: Great Tusk|Great Tusk|26/100
|turn|43
|
|t:|1757816331
|move|p2a: Great Tusk|Headlong Rush|p1a: Clefable
|-damage|p1a: Clefable|50/100 brn
|-unboost|p2a: Great Tusk|def|1
|-unboost|p2a: Great Tusk|spd|1
|move|p1a: Clefable|Draining Kiss|p2a: Great Tusk
|-supereffective|p2a: Great Tusk
|-damage|p2a: Great Tusk|0 fnt
|-heal|p1a: Clefable|71/100 brn|[from] drain|[of] p2a: Great Tusk
|faint|p2a: Great Tusk
|-end|p2a: Great Tusk|Protosynthesis|[silent]
|
|-heal|p1a: Clefable|77/100 brn|[from] item: Leftovers
|upkeep
|
|t:|1757816346
|switch|p2a: Empoleon|Empoleon, F|54/100
|turn|44
|
|t:|1757816353
|move|p2a: Empoleon|Flash Cannon|p1a: Clefable
|-supereffective|p1a: Clefable
|-damage|p1a: Clefable|47/100 brn
|move|p1a: Clefable|Charge Beam|p2a: Empoleon
|-supereffective|p2a: Empoleon
|-damage|p2a: Empoleon|0 fnt
|-boost|p1a: Clefable|spa|1
|faint|p2a: Empoleon
|
|-heal|p1a: Clefable|53/100 brn|[from] item: Leftovers
|upkeep
|
|t:|1757816358
|switch|p2a: Kingambit|Kingambit, M|100/100
|-activate|p2a: Kingambit|ability: Supreme Overlord
|-start|p2a: Kingambit|fallen5|[silent]
|turn|45
|
|t:|1757816366
|move|p2a: Kingambit|Iron Head|p1a: Clefable
|-supereffective|p1a: Clefable
|-damage|p1a: Clefable|10/100 brn
|cant|p1a: Clefable|flinch
|
|-heal|p1a: Clefable|16/100 brn|[from] item: Leftovers
|upkeep
|turn|46
|
|t:|1757816374
|-terastallize|p1a: Clefable|Fire
|move|p2a: Kingambit|Iron Head|p1a: Clefable
|-resisted|p1a: Clefable
|-damage|p1a: Clefable|5/100 brn
|cant|p1a: Clefable|flinch
|
|-heal|p1a: Clefable|11/100 brn|[from] item: Leftovers
|upkeep
|turn|47
|
|t:|1757816383
|move|p2a: Kingambit|Iron Head|p1a: Clefable
|-resisted|p1a: Clefable
|-damage|p1a: Clefable|2/100 brn
|move|p1a: Clefable|Draining Kiss|p2a: Kingambit
|-damage|p2a: Kingambit|35/100
|-heal|p1a: Clefable|51/100 brn|[from] drain|[of] p2a: Kingambit
|
|-heal|p1a: Clefable|57/100 brn|[from] item: Leftovers
|upkeep
|turn|48
|
|t:|1757816390
|move|p2a: Kingambit|Iron Head|p1a: Clefable
|-resisted|p1a: Clefable
|-damage|p1a: Clefable|47/100 brn
|move|p1a: Clefable|Draining Kiss|p2a: Kingambit
|-crit|p2a: Kingambit
|-damage|p2a: Kingambit|0 fnt
|-heal|p1a: Clefable|73/100 brn|[from] drain|[of] p2a: Kingambit
|faint|p2a: Kingambit
|-end|p2a: Kingambit|fallen5|[silent]
|
|win|Charle_phate
|raw|Charle_phate's rating: 1488 &rarr; <strong>1507</strong><br />(+19 for winning)
|raw|bzukanarf's rating: 1465 &rarr; <strong>1446</strong><br />(-19 for losing)
