|j|☆Armed_L
|j|‽karinaaa.1
|t:|1757938093
|gametype|singles
|player|p1|Armed_L|266|1217
|player|p2|karinaaa.1|elesa|1189
|gen|9
|tier|[Gen 9] OU
|rated|
|rule|HP Percentage Mod: HP is shown in percentages
|rule|Endless Battle Clause: Forcing endless battles is banned
|rule|Species Clause: Limit one of each Pokémon
|rule|OHKO Clause: OHKO moves are banned
|rule|Evasion Items Clause: Evasion items are banned
|rule|Evasion Moves Clause: Evasion moves are banned
|rule|Evasion Abilities Clause: Evasion abilities are banned
|rule|Sleep Moves Clause: Sleep-inducing moves are banned
|clearpoke
|poke|p1|Dragapult, M|
|poke|p1|Lokix, F|
|poke|p1|Slowking-Galar, F|
|poke|p1|Alomomola, M|
|poke|p1|Iron Crown|
|poke|p1|Zamazenta-*|
|poke|p2|Latias, F|
|poke|p2|Cinderace, F|
|poke|p2|Ogerpon-Cornerstone, F|
|poke|p2|Ursaluna, F|
|poke|p2|Eiscue, M|
|poke|p2|Pecharunt|
|teampreview
|inactive|Battle timer is ON: inactive players will automatically lose when time's up. (requested by karinaaa.1)
|
|t:|1757938135
|teamsize|p1|6
|teamsize|p2|6
|start
|switch|p1a: Iron Crown|Iron Crown|100/100
|switch|p2a: Pecharunt|Pecharunt|100/100
|turn|1
|
|t:|1757938145
|move|p1a: Iron Crown|Future Sight|p2a: Pecharunt
|-start|p1a: Iron Crown|move: Future Sight
|move|p2a: Pecharunt|Shadow Ball|p1a: Iron Crown
|-supereffective|p1a: Iron Crown
|-damage|p1a: Iron Crown|81/100
|-unboost|p1a: Iron Crown|spd|1
|
|upkeep
|turn|2
|
|t:|1757938155
|move|p1a: Iron Crown|Tachyon Cutter|p2a: Pecharunt
|-damage|p2a: Pecharunt|82/100
|-damage|p2a: Pecharunt|61/100
|-hitcount|p2a: Pecharunt|2
|move|p2a: Pecharunt|Parting Shot|p1a: Iron Crown
|-unboost|p1a: Iron Crown|atk|1
|-unboost|p1a: Iron Crown|spa|1
|
|t:|1757938162
|switch|p2a: Latias|Latias, F|100/100|[from] Parting Shot
|
|upkeep
|turn|3
|
|t:|1757938167
|move|p2a: Latias|Agility|p2a: Latias
|-boost|p2a: Latias|spe|2
|move|p1a: Iron Crown|Volt Switch|p2a: Latias
|-resisted|p2a: Latias
|-damage|p2a: Latias|97/100
|
|t:|1757938171
|-end|p1a: Iron Crown|Quark Drive|[silent]
|switch|p1a: Lokix|Lokix, F|100/100|[from] Volt Switch
|
|-end|p2a: Latias|move: Future Sight
|-resisted|p2a: Latias
|-damage|p2a: Latias|81/100
|upkeep
|turn|4
|
|t:|1757938196
|move|p1a: Lokix|First Impression|p2a: Latias
|-supereffective|p2a: Latias
|-damage|p2a: Latias|0 fnt
|faint|p2a: Latias
|
|upkeep
|
|t:|1757938204
|switch|p2a: Cinderace|Cinderace, F|100/100
|turn|5
|
|t:|1757938225
|switch|p1a: Alomomola|Alomomola, M|100/100
|move|p2a: Cinderace|Pyro Ball|p1a: Alomomola|[miss]
|-miss|p2a: Cinderace|p1a: Alomomola
|
|upkeep
|turn|6
|
|t:|1757938238
|switch|p2a: Pecharunt|Pecharunt|61/100
|move|p1a: Alomomola|Flip Turn|p2a: Pecharunt
|-damage|p2a: Pecharunt|52/100
|
|t:|1757938241
|switch|p1a: Iron Crown|Iron Crown|81/100|[from] Flip Turn
|
|upkeep
|turn|7
|
|t:|1757938248
|move|p1a: Iron Crown|Future Sight|p2a: Pecharunt
|-start|p1a: Iron Crown|move: Future Sight
|move|p2a: Pecharunt|Parting Shot|p1a: Iron Crown
|-unboost|p1a: Iron Crown|atk|1
|-unboost|p1a: Iron Crown|spa|1
|
|t:|1757938256
|switch|p2a: Cinderace|Cinderace, F|100/100|[from] Parting Shot
|
|upkeep
|turn|8
|
|t:|1757938266
|switch|p2a: Eiscue|Eiscue, M|100/100
|-end|p1a: Iron Crown|Quark Drive|[silent]
|switch|p1a: Alomomola|Alomomola, M|100/100
|
|upkeep
|turn|9
|
|t:|1757938273
|move|p2a: Eiscue|Belly Drum|p2a: Eiscue
|-damage|p2a: Eiscue|50/100
|-setboost|p2a: Eiscue|atk|6|[from] move: Belly Drum
|move|p1a: Alomomola|Flip Turn|p2a: Eiscue
|-activate|p2a: Eiscue|ability: Ice Face
|-damage|p2a: Eiscue|50/100
|detailschange|p2a: Eiscue|Eiscue-Noice, M
|
|t:|1757938283
|switch|p1a: Lokix|Lokix, F|100/100|[from] Flip Turn
|
|-end|p2a: Eiscue|move: Future Sight
|-damage|p2a: Eiscue|0 fnt
|faint|p2a: Eiscue
|upkeep
|-message|karinaaa.1 forfeited.
|
|win|Armed_L
|raw|Armed_L's rating: 1217 &rarr; <strong>1240</strong><br />(+23 for winning)
|raw|karinaaa.1's rating: 1189 &rarr; <strong>1166</strong><br />(-23 for losing)
|l|‽karinaaa.1
|player|p2|
|l|☆Armed_L
|player|p1|
