|j|☆Midorinome
|j|☆Shoxks
|t:|1757935785
|gametype|singles
|player|p1|Midorinome|102|1347
|player|p2|Shoxks|169|1380
|gen|9
|tier|[Gen 9] OU
|rated|
|rule|HP Percentage Mod: HP is shown in percentages
|rule|Endless Battle Clause: Forcing endless battles is banned
|rule|Species Clause: Limit one of each Pokémon
|rule|OHKO Clause: OHKO moves are banned
|rule|Evasion Items Clause: Evasion items are banned
|rule|Evasion Moves Clause: Evasion moves are banned
|rule|Evasion Abilities Clause: Evasion abilities are banned
|rule|Sleep Moves Clause: Sleep-inducing moves are banned
|clearpoke
|poke|p1|Ursaluna, F|
|poke|p1|Salamence, M|
|poke|p1|Umbreon, M|
|poke|p1|Avalugg, M|
|poke|p1|Farigiraf, M|
|poke|p1|Gengar, F|
|poke|p2|Cinderace, M|
|poke|p2|Kingambit, M|
|poke|p2|Great Tusk|
|poke|p2|Thundurus-Therian, M|
|poke|p2|Darkrai|
|poke|p2|Enamorus, F|
|teampreview
|
|t:|1757935794
|teamsize|p1|6
|teamsize|p2|6
|start
|switch|p1a: Salamence|Salamence, M|100/100
|switch|p2a: Darkrai|Darkrai|100/100
|-ability|p1a: Salamence|Intimidate|boost
|-unboost|p2a: Darkrai|atk|1
|turn|1
|
|t:|1757935800
|switch|p1a: Lightie|Umbreon, M, shiny|100/100
|move|p2a: Darkrai|Ice Beam|p1a: Lightie
|-damage|p1a: Lightie|72/100
|-damage|p2a: Darkrai|91/100|[from] item: Life Orb
|
|upkeep
|turn|2
|
|t:|1757935809
|move|p2a: Darkrai|Ice Beam|p1a: Lightie
|-damage|p1a: Lightie|44/100
|-damage|p2a: Darkrai|81/100|[from] item: Life Orb
|move|p1a: Lightie|Moonlight|p1a: Lightie
|-heal|p1a: Lightie|94/100
|
|upkeep
|turn|3
|
|t:|1757935814
|switch|p2a: Thundurus|Thundurus-Therian, M|100/100
|move|p1a: Lightie|Calm Mind|p1a: Lightie
|-boost|p1a: Lightie|spa|1
|-boost|p1a: Lightie|spd|1
|
|upkeep
|turn|4
|
|t:|1757935820
|move|p2a: Thundurus|Thunderbolt|p1a: Lightie
|-damage|p1a: Lightie|62/100
|-damage|p2a: Thundurus|91/100|[from] item: Life Orb
|move|p1a: Lightie|Calm Mind|p1a: Lightie
|-boost|p1a: Lightie|spa|1
|-boost|p1a: Lightie|spd|1
|
|upkeep
|turn|5
|
|t:|1757935823
|move|p2a: Thundurus|Thunderbolt|p1a: Lightie
|-damage|p1a: Lightie|40/100
|-damage|p2a: Thundurus|81/100|[from] item: Life Orb
|move|p1a: Lightie|Moonlight|p1a: Lightie
|-heal|p1a: Lightie|90/100
|
|upkeep
|turn|6
|
|t:|1757935826
|move|p2a: Thundurus|Thunderbolt|p1a: Lightie
|-damage|p1a: Lightie|68/100
|-damage|p2a: Thundurus|71/100|[from] item: Life Orb
|move|p1a: Lightie|Dark Pulse|p2a: Thundurus
|-damage|p2a: Thundurus|11/100
|
|upkeep
|turn|7
|
|t:|1757935835
|move|p2a: Thundurus|Thunderbolt|p1a: Lightie
|-damage|p1a: Lightie|44/100
|-damage|p2a: Thundurus|1/100|[from] item: Life Orb
|move|p1a: Lightie|Moonlight|p1a: Lightie
|-heal|p1a: Lightie|94/100
|
|upkeep
|turn|8
|
|t:|1757935838
|move|p2a: Thundurus|Thunderbolt|p1a: Lightie
|-damage|p1a: Lightie|73/100
|-damage|p2a: Thundurus|0 fnt|[from] item: Life Orb
|faint|p2a: Thundurus
|move|p1a: Lightie|Tera Blast|p2: Thundurus|[notarget]
|-fail|p1a: Lightie
|
|upkeep
|inactive|Battle timer is ON: inactive players will automatically lose when time's up. (requested by Midorinome)
|
|t:|1757935845
|switch|p2a: Cinderace|Cinderace, M|100/100
|turn|9
|
|t:|1757935861
|-terastallize|p1a: Lightie|Fairy
|move|p2a: Cinderace|High Jump Kick|p1a: Lightie
|-start|p2a: Cinderace|typechange|Fighting|[from] ability: Libero
|-resisted|p1a: Lightie
|-damage|p1a: Lightie|42/100
|move|p1a: Lightie|Tera Blast|p2a: Cinderace|[anim] Tera Blast Fairy
|-supereffective|p2a: Cinderace
|-damage|p2a: Cinderace|0 fnt
|faint|p2a: Cinderace
|
|upkeep
|
|t:|1757935870
|switch|p2a: Darkrai|Darkrai|81/100
|turn|10
|
|t:|1757935873
|move|p2a: Darkrai|Sludge Bomb|p1a: Lightie
|-supereffective|p1a: Lightie
|-damage|p1a: Lightie|14/100
|-damage|p2a: Darkrai|71/100|[from] item: Life Orb
|move|p1a: Lightie|Moonlight|p1a: Lightie
|-heal|p1a: Lightie|64/100
|
|upkeep
|turn|11
|
|t:|1757935876
|move|p2a: Darkrai|Sludge Bomb|p1a: Lightie
|-supereffective|p1a: Lightie
|-damage|p1a: Lightie|37/100
|-damage|p2a: Darkrai|61/100|[from] item: Life Orb
|move|p1a: Lightie|Moonlight|p1a: Lightie
|-heal|p1a: Lightie|87/100
|
|upkeep
|turn|12
|
|t:|1757935880
|move|p2a: Darkrai|Sludge Bomb|p1a: Lightie
|-supereffective|p1a: Lightie
|-damage|p1a: Lightie|57/100
|-damage|p2a: Darkrai|51/100|[from] item: Life Orb
|move|p1a: Lightie|Tera Blast|p2a: Darkrai|[anim] Tera Blast Fairy
|-supereffective|p2a: Darkrai
|-damage|p2a: Darkrai|0 fnt
|faint|p2a: Darkrai
|
|upkeep
|
|t:|1757935885
|switch|p2a: Great Tusk|Great Tusk|100/100
|-enditem|p2a: Great Tusk|Booster Energy
|-activate|p2a: Great Tusk|ability: Protosynthesis|[fromitem]
|-start|p2a: Great Tusk|protosynthesisspe
|turn|13
|c|☆Midorinome|Mvp
|
|t:|1757935896
|-terastallize|p2a: Great Tusk|Poison
|move|p2a: Great Tusk|Bulk Up|p2a: Great Tusk
|-boost|p2a: Great Tusk|atk|1
|-boost|p2a: Great Tusk|def|1
|move|p1a: Lightie|Tera Blast|p2a: Great Tusk|[anim] Tera Blast Fairy
|-resisted|p2a: Great Tusk
|-damage|p2a: Great Tusk|71/100
|
|upkeep
|turn|14
|c|☆Shoxks|I hate it here .-.
|
|t:|1757935904
|move|p2a: Great Tusk|Headlong Rush|p1a: Lightie
|-damage|p1a: Lightie|0 fnt
|-unboost|p2a: Great Tusk|def|1
|-unboost|p2a: Great Tusk|spd|1
|faint|p1a: Lightie
|
|upkeep
|
|t:|1757935913
|switch|p1a: Farigiraf|Farigiraf, M|100/100
|turn|15
|
|t:|1757935917
|move|p2a: Great Tusk|Headlong Rush|p1a: Farigiraf
|-damage|p1a: Farigiraf|19/100
|-unboost|p2a: Great Tusk|def|1
|-unboost|p2a: Great Tusk|spd|1
|move|p1a: Farigiraf|Trick Room|p1a: Farigiraf
|-fieldstart|move: Trick Room|[of] p1a: Farigiraf
|
|upkeep
|turn|16
|
|t:|1757935923
|move|p1a: Farigiraf|Twin Beam|p2a: Great Tusk
|-supereffective|p2a: Great Tusk
|-damage|p2a: Great Tusk|0 fnt
|faint|p2a: Great Tusk
|-end|p2a: Great Tusk|Protosynthesis|[silent]
|-hitcount|p2: Great Tusk|1
|
|upkeep
|
|t:|1757935929
|switch|p2a: Enamorus|Enamorus, F|100/100
|turn|17
|
|t:|1757935934
|move|p1a: Farigiraf|Endeavor|p2a: Enamorus
|-damage|p2a: Enamorus|29/100
|-start|p1a: Farigiraf|Attract|[from] ability: Cute Charm|[of] p2a: Enamorus
|move|p2a: Enamorus|Moonblast|p1a: Farigiraf
|-damage|p1a: Farigiraf|0 fnt
|faint|p1a: Farigiraf
|
|upkeep
|
|t:|1757935936
|switch|p1a: Ellie s Bear|Ursaluna, F|100/100
|turn|18
|
|t:|1757935944
|move|p1a: Ellie s Bear|Fire Punch|p2a: Enamorus
|-damage|p2a: Enamorus|0 fnt
|faint|p2a: Enamorus
|
|-status|p1a: Ellie s Bear|brn|[from] item: Flame Orb
|upkeep
|
|t:|1757935946
|switch|p2a: Kingambit|Kingambit, M|100/100
|-activate|p2a: Kingambit|ability: Supreme Overlord
|-start|p2a: Kingambit|fallen5|[silent]
|turn|19
|
|t:|1757935948
|move|p2a: Kingambit|Sucker Punch|p1a: Ellie s Bear
|-damage|p1a: Ellie s Bear|44/100 brn
|move|p1a: Ellie s Bear|Earthquake|p2a: Kingambit
|-supereffective|p2a: Kingambit
|-damage|p2a: Kingambit|0 fnt
|faint|p2a: Kingambit
|-end|p2a: Kingambit|fallen5|[silent]
|
|win|Midorinome
|raw|Midorinome's rating: 1347 &rarr; <strong>1369</strong><br />(+22 for winning)
|raw|Shoxks's rating: 1380 &rarr; <strong>1358</strong><br />(-22 for losing)
|c|☆Shoxks|gg
|c|☆Midorinome|Gg
|l|☆Shoxks
|player|p2|
|l|☆Midorinome
|player|p1|
