|j|☆BlunderBag
|j|☆igudehu
|t:|1757865944
|gametype|singles
|player|p1|BlunderBag|skier|1038
|player|p2|igudehu|marley|1000
|gen|9
|tier|[Gen 9] OU
|rated|
|rule|HP Percentage Mod: HP is shown in percentages
|rule|Endless Battle Clause: Forcing endless battles is banned
|rule|Species Clause: Limit one of each Pokémon
|rule|OHKO Clause: OHKO moves are banned
|rule|Evasion Items Clause: Evasion items are banned
|rule|Evasion Moves Clause: Evasion moves are banned
|rule|Evasion Abilities Clause: Evasion abilities are banned
|rule|Sleep Moves Clause: Sleep-inducing moves are banned
|clearpoke
|poke|p1|Gholdengo|
|poke|p1|Great Tusk|
|poke|p1|Gliscor, M|
|poke|p1|Slowking-Galar, F|
|poke|p1|Kingambit, M|
|poke|p1|Raging Bolt|
|poke|p2|Hawlucha, M|
|poke|p2|Victreebel, F|
|poke|p2|Malamar, F|
|poke|p2|Dragonite, M|
|poke|p2|Greninja-*, M|
|poke|p2|Delphox, F|
|teampreview
|inactive|Battle timer is ON: inactive players will automatically lose when time's up. (requested by igudehu)
|
|t:|1757865960
|teamsize|p1|6
|teamsize|p2|6
|start
|switch|p1a: Raging Bolt|Raging Bolt|100/100
|switch|p2a: My Friend|Malamar, F|100/100
|-item|p1a: Raging Bolt|Air Balloon
|turn|1
|
|t:|1757865981
|move|p1a: Raging Bolt|Thunderclap|p2a: My Friend
|-damage|p2a: My Friend|50/100
|move|p2a: My Friend|Superpower|p1a: Raging Bolt
|-damage|p1a: Raging Bolt|72/100
|-boost|p2a: My Friend|atk|1
|-boost|p2a: My Friend|def|1
|-enditem|p1a: Raging Bolt|Air Balloon
|
|upkeep
|turn|2
|
|t:|1757865997
|move|p1a: Raging Bolt|Thunderclap||[still]
|-fail|p1a: Raging Bolt
|move|p2a: My Friend|Rest|p2a: My Friend
|-status|p2a: My Friend|slp|[from] move: Rest
|-heal|p2a: My Friend|100/100 slp|[silent]
|-enditem|p2a: My Friend|Chesto Berry|[eat]
|-curestatus|p2a: My Friend|slp|[msg]
|
|upkeep
|turn|3
|
|t:|1757866002
|move|p1a: Raging Bolt|Thunderbolt|p2a: My Friend
|-damage|p2a: My Friend|34/100
|move|p2a: My Friend|Superpower|p1a: Raging Bolt
|-damage|p1a: Raging Bolt|28/100
|-boost|p2a: My Friend|atk|1
|-boost|p2a: My Friend|def|1
|
|upkeep
|turn|4
|
|t:|1757866008
|move|p1a: Raging Bolt|Thunderclap|p2a: My Friend
|-damage|p2a: My Friend|0 fnt
|faint|p2a: My Friend
|
|upkeep
|
|t:|1757866019
|switch|p2a: Goofy ass ballon|Victreebel, F|100/100
|turn|5
|
|t:|1757866030
|-terastallize|p1a: Raging Bolt|Steel
|move|p2a: Goofy ass ballon|Poison Jab|p1a: Raging Bolt
|-immune|p1a: Raging Bolt
|move|p1a: Raging Bolt|Dragon Pulse|p2a: Goofy ass ballon
|-damage|p2a: Goofy ass ballon|21/100
|-enditem|p2a: Goofy ass ballon|Salac Berry|[eat]
|-boost|p2a: Goofy ass ballon|spe|1|[from] item: Salac Berry
|
|upkeep
|turn|6
|
|t:|1757866037
|move|p2a: Goofy ass ballon|Sucker Punch|p1a: Raging Bolt
|-damage|p1a: Raging Bolt|11/100
|move|p1a: Raging Bolt|Thunderclap||[still]
|-fail|p1a: Raging Bolt
|
|upkeep
|turn|7
|
|t:|1757866045
|move|p2a: Goofy ass ballon|Sucker Punch|p1a: Raging Bolt
|-damage|p1a: Raging Bolt|0 fnt
|faint|p1a: Raging Bolt
|-end|p1a: Raging Bolt|Protosynthesis|[silent]
|
|upkeep
|
|t:|1757866052
|switch|p1a: Gliscor|Gliscor, M|100/100
|turn|8
|
|t:|1757866058
|move|p2a: Goofy ass ballon|Swords Dance|p2a: Goofy ass ballon
|-boost|p2a: Goofy ass ballon|atk|2
|move|p1a: Gliscor|U-turn|p2a: Goofy ass ballon
|-damage|p2a: Goofy ass ballon|0 fnt
|faint|p2a: Goofy ass ballon
|
|t:|1757866062
|switch|p1a: Gholdengo|Gholdengo, shiny|100/100|[from] U-turn
|
|upkeep
|
|t:|1757866065
|switch|p2a: Fantastic Ms Fox|Delphox, F|100/100
|turn|9
|
|t:|1757866074
|move|p2a: Fantastic Ms Fox|Fire Blast|p1a: Gholdengo
|-supereffective|p1a: Gholdengo
|-damage|p1a: Gholdengo|0 fnt
|faint|p1a: Gholdengo
|
|upkeep
|
|t:|1757866080
|switch|p1a: Great Tusk|Great Tusk|100/100
|-enditem|p1a: Great Tusk|Booster Energy
|-activate|p1a: Great Tusk|ability: Protosynthesis|[fromitem]
|-start|p1a: Great Tusk|protosynthesisatk
|turn|10
|
|t:|1757866090
|switch|p2a: Asterix|Dragonite, M|100/100
|move|p1a: Great Tusk|Rapid Spin|p2a: Asterix
|-damage|p2a: Asterix|88/100
|-boost|p1a: Great Tusk|spe|1
|
|upkeep
|turn|11
|
|t:|1757866099
|move|p1a: Great Tusk|Ice Spinner|p2a: Asterix
|-supereffective|p2a: Asterix
|-damage|p2a: Asterix|0 fnt
|faint|p2a: Asterix
|
|upkeep
|
|t:|1757866103
|switch|p2a: Aura farming ninja|Greninja, M|100/100
|turn|12
|
|t:|1757866109
|-terastallize|p2a: Aura farming ninja|Water
|move|p2a: Aura farming ninja|Water Shuriken|p1a: Great Tusk
|-supereffective|p1a: Great Tusk
|-damage|p1a: Great Tusk|66/100
|-supereffective|p1a: Great Tusk
|-damage|p1a: Great Tusk|35/100
|-supereffective|p1a: Great Tusk
|-damage|p1a: Great Tusk|1/100
|-hitcount|p1a: Great Tusk|3
|-damage|p2a: Aura farming ninja|91/100|[from] item: Life Orb
|move|p1a: Great Tusk|Brick Break|p2a: Aura farming ninja
|-damage|p2a: Aura farming ninja|11/100
|
|upkeep
|turn|13
|
|t:|1757866124
|-end|p1a: Great Tusk|Protosynthesis|[silent]
|switch|p1a: Kingambit|Kingambit, M|100/100
|-activate|p1a: Kingambit|ability: Supreme Overlord
|-start|p1a: Kingambit|fallen2|[silent]
|move|p2a: Aura farming ninja|Water Shuriken|p1a: Kingambit
|-damage|p1a: Kingambit|91/100
|-damage|p1a: Kingambit|81/100
|-damage|p1a: Kingambit|71/100
|-damage|p1a: Kingambit|61/100
|-hitcount|p1a: Kingambit|4
|-damage|p2a: Aura farming ninja|1/100|[from] item: Life Orb
|
|-heal|p1a: Kingambit|67/100|[from] item: Leftovers
|upkeep
|turn|14
|
|t:|1757866131
|move|p2a: Aura farming ninja|Water Shuriken|p1a: Kingambit
|-damage|p1a: Kingambit|58/100
|-crit|p1a: Kingambit
|-damage|p1a: Kingambit|44/100
|-hitcount|p1a: Kingambit|2
|-damage|p2a: Aura farming ninja|0 fnt|[from] item: Life Orb
|faint|p2a: Aura farming ninja
|move|p1a: Kingambit|Kowtow Cleave|p2: Aura farming ninja|[notarget]
|-fail|p1a: Kingambit
|
|-heal|p1a: Kingambit|50/100|[from] item: Leftovers
|upkeep
|
|t:|1757866137
|switch|p2a: Rey Misterio|Hawlucha, M|100/100
|turn|15
|
|t:|1757866143
|move|p2a: Rey Misterio|Swords Dance|p2a: Rey Misterio
|-boost|p2a: Rey Misterio|atk|2
|move|p1a: Kingambit|Zen Headbutt|p2a: Rey Misterio
|-supereffective|p2a: Rey Misterio
|-damage|p2a: Rey Misterio|9/100
|
|-heal|p1a: Kingambit|56/100|[from] item: Leftovers
|upkeep
|turn|16
|
|t:|1757866150
|move|p1a: Kingambit|Sucker Punch||[still]
|-fail|p1a: Kingambit
|move|p2a: Rey Misterio|Swords Dance|p2a: Rey Misterio
|-boost|p2a: Rey Misterio|atk|2
|
|-heal|p1a: Kingambit|62/100|[from] item: Leftovers
|upkeep
|turn|17
|
|t:|1757866157
|-end|p1a: Kingambit|fallen2|[silent]
|switch|p1a: Great Tusk|Great Tusk|1/100
|move|p2a: Rey Misterio|Close Combat|p1a: Great Tusk
|-damage|p1a: Great Tusk|0 fnt
|-unboost|p2a: Rey Misterio|def|1
|-unboost|p2a: Rey Misterio|spd|1
|faint|p1a: Great Tusk
|-end|p1a: Great Tusk|Protosynthesis|[silent]
|-enditem|p2a: Rey Misterio|White Herb
|-clearnegativeboost|p2a: Rey Misterio|[silent]
|
|upkeep
|
|t:|1757866159
|switch|p1a: Gliscor|Gliscor, M|100/100
|turn|18
|
|t:|1757866162
|move|p2a: Rey Misterio|Acrobatics|p1a: Gliscor
|-damage|p1a: Gliscor|0 fnt
|faint|p1a: Gliscor
|
|upkeep
|
|t:|1757866165
|switch|p1a: Slowking|Slowking-Galar, F|100/100
|turn|19
|
|t:|1757866170
|move|p2a: Rey Misterio|Acrobatics|p1a: Slowking
|-damage|p1a: Slowking|0 fnt
|faint|p1a: Slowking
|
|upkeep
|
|t:|1757866173
|switch|p1a: Kingambit|Kingambit, M|62/100
|-activate|p1a: Kingambit|ability: Supreme Overlord
|-start|p1a: Kingambit|fallen5|[silent]
|turn|20
|
|t:|1757866179
|move|p1a: Kingambit|Sucker Punch||[still]
|-fail|p1a: Kingambit
|move|p2a: Rey Misterio|Swords Dance|p2a: Rey Misterio
|-boost|p2a: Rey Misterio|atk|2
|
|-heal|p1a: Kingambit|68/100|[from] item: Leftovers
|upkeep
|turn|21
|
|t:|1757866185
|move|p1a: Kingambit|Sucker Punch||[still]
|-fail|p1a: Kingambit
|move|p2a: Rey Misterio|Swords Dance|p2a: Rey Misterio
|-boost|p2a: Rey Misterio|atk|0
|
|-heal|p1a: Kingambit|74/100|[from] item: Leftovers
|upkeep
|turn|22
|
|t:|1757866190
|move|p2a: Rey Misterio|Swords Dance|p2a: Rey Misterio
|-boost|p2a: Rey Misterio|atk|0
|move|p1a: Kingambit|Iron Head|p2a: Rey Misterio
|-damage|p2a: Rey Misterio|0 fnt
|faint|p2a: Rey Misterio
|
|-heal|p1a: Kingambit|80/100|[from] item: Leftovers
|upkeep
|
|t:|1757866192
|switch|p2a: Fantastic Ms Fox|Delphox, F|100/100
|turn|23
|
|t:|1757866197
|move|p1a: Kingambit|Sucker Punch|p2a: Fantastic Ms Fox
|-supereffective|p2a: Fantastic Ms Fox
|-damage|p2a: Fantastic Ms Fox|0 fnt
|faint|p2a: Fantastic Ms Fox
|
|win|BlunderBag
|raw|BlunderBag's rating: 1038 &rarr; <strong>1069</strong><br />(+31 for winning)
|raw|igudehu's rating: 1000 &rarr; <strong>1000</strong><br />(+0 for losing)
|l|☆igudehu
|player|p2|
