|j|☆Alexboss30
|j|☆MedichamEnthusiast
|t:|1757942520
|gametype|singles
|player|p1|Alexboss30|266|1146
|player|p2|MedichamEnthusiast|101|1193
|gen|9
|tier|[Gen 9] OU
|rated|
|rule|HP Percentage Mod: HP is shown in percentages
|rule|Endless Battle Clause: Forcing endless battles is banned
|rule|Species Clause: Limit one of each Pokémon
|rule|OHKO Clause: OHKO moves are banned
|rule|Evasion Items Clause: Evasion items are banned
|rule|Evasion Moves Clause: Evasion moves are banned
|rule|Evasion Abilities Clause: Evasion abilities are banned
|rule|Sleep Moves Clause: Sleep-inducing moves are banned
|clearpoke
|poke|p1|Pelipper, F|
|poke|p1|Cloyster, M|
|poke|p1|Quaquaval, M|
|poke|p1|Whiscash, M|
|poke|p1|Qwilfish, M|
|poke|p1|Ogerpon-Wellspring, F|
|poke|p2|Jirachi|
|poke|p2|Pecharunt|
|poke|p2|Volcanion|
|poke|p2|Deoxys-Speed|
|poke|p2|Meloetta|
|poke|p2|Zarude|
|teampreview
|inactive|Battle timer is ON: inactive players will automatically lose when time's up. (requested by Alexboss30)
|
|t:|1757942535
|teamsize|p1|6
|teamsize|p2|6
|start
|switch|p1a: Pelipper|Pelipper, F|100/100
|switch|p2a: Deoxys|Deoxys-Speed|100/100
|-ability|p2a: Deoxys|Pressure
|-weather|RainDance|[from] ability: Drizzle|[of] p1a: Pelipper
|turn|1
|
|t:|1757942544
|move|p2a: Deoxys|Meteor Beam||[still]
|-prepare|p2a: Deoxys|Meteor Beam
|-boost|p2a: Deoxys|spa|1
|-enditem|p2a: Deoxys|Power Herb
|-anim|p2a: Deoxys|Meteor Beam|p1a: Pelipper
|-supereffective|p1a: Pelipper
|-damage|p1a: Pelipper|0 fnt
|faint|p1a: Pelipper
|
|-weather|RainDance|[upkeep]
|upkeep
|
|t:|1757942557
|switch|p1a: Whiscash|Whiscash, M|100/100
|turn|2
|
|t:|1757942566
|move|p2a: Deoxys|Psychic|p1a: Whiscash
|-damage|p1a: Whiscash|33/100
|move|p1a: Whiscash|Liquidation|p2a: Deoxys
|-damage|p2a: Deoxys|0 fnt
|faint|p2a: Deoxys
|-damage|p1a: Whiscash|23/100|[from] item: Life Orb
|
|-weather|RainDance|[upkeep]
|upkeep
|
|t:|1757942578
|switch|p2a: Meloetta|Meloetta|100/100
|turn|3
|
|t:|1757942586
|move|p2a: Meloetta|Relic Song|p1a: Whiscash
|-damage|p1a: Whiscash|0 fnt
|faint|p1a: Whiscash
|-formechange|p2a: Meloetta|Meloetta-Pirouette|[msg]
|
|-weather|RainDance|[upkeep]
|upkeep
|
|t:|1757942605
|switch|p1a: Qwilfish|Qwilfish, M|100/100
|turn|4
|
|t:|1757942609
|move|p1a: Qwilfish|Barb Barrage|p2a: Meloetta
|-damage|p2a: Meloetta|66/100
|-status|p2a: Meloetta|psn
|move|p2a: Meloetta|Thunder Punch|p1a: Qwilfish
|-supereffective|p1a: Qwilfish
|-damage|p1a: Qwilfish|39/100
|
|-weather|RainDance|[upkeep]
|-damage|p2a: Meloetta|54/100 psn|[from] psn
|upkeep
|turn|5
|
|t:|1757942619
|move|p1a: Qwilfish|Destiny Bond|p1a: Qwilfish
|-singlemove|p1a: Qwilfish|Destiny Bond
|move|p2a: Meloetta|Thunder Punch|p1a: Qwilfish
|-supereffective|p1a: Qwilfish
|-damage|p1a: Qwilfish|0 fnt
|faint|p1a: Qwilfish
|-activate|p1a: Qwilfish|move: Destiny Bond
|faint|p2a: Meloetta
|
|-weather|RainDance|[upkeep]
|upkeep
|
|t:|1757942632
|switch|p2a: Jirachi|Jirachi|100/100
|switch|p1a: Quaquaval|Quaquaval, M|100/100
|turn|6
|
|t:|1757942638
|move|p2a: Jirachi|Iron Head|p1a: Quaquaval
|-resisted|p1a: Quaquaval
|-damage|p1a: Quaquaval|74/100
|move|p1a: Quaquaval|Aqua Step|p2a: Jirachi
|-damage|p2a: Jirachi|39/100
|-boost|p1a: Quaquaval|spe|1
|
|-weather|RainDance|[upkeep]
|-heal|p2a: Jirachi|45/100|[from] item: Leftovers
|upkeep
|turn|7
|
|t:|1757942648
|switch|p2a: Volcanion|Volcanion|100/100
|move|p1a: Quaquaval|Aqua Step|p2a: Volcanion
|-immune|p2a: Volcanion|[from] ability: Water Absorb
|
|-weather|RainDance|[upkeep]
|upkeep
|turn|8
|
|t:|1757942656
|switch|p1a: Ogerpon|Ogerpon-Wellspring, F|100/100
|move|p2a: Volcanion|Sludge Wave|p1a: Ogerpon
|-supereffective|p1a: Ogerpon
|-damage|p1a: Ogerpon|0 fnt
|faint|p1a: Ogerpon
|
|-weather|none
|upkeep
|
|t:|1757942666
|switch|p1a: Quaquaval|Quaquaval, M|74/100
|turn|9
|
|t:|1757942669
|move|p1a: Quaquaval|Close Combat|p2a: Volcanion
|-damage|p2a: Volcanion|53/100
|-unboost|p1a: Quaquaval|def|1
|-unboost|p1a: Quaquaval|spd|1
|move|p2a: Volcanion|Sludge Wave|p1a: Quaquaval
|-damage|p1a: Quaquaval|0 fnt
|faint|p1a: Quaquaval
|
|upkeep
|
|t:|1757942680
|switch|p1a: Cloyster|Cloyster, M|100/100
|turn|10
|
|t:|1757942683
|move|p1a: Cloyster|Shell Smash|p1a: Cloyster
|-unboost|p1a: Cloyster|def|1
|-unboost|p1a: Cloyster|spd|1
|-boost|p1a: Cloyster|atk|2
|-boost|p1a: Cloyster|spa|2
|-boost|p1a: Cloyster|spe|2
|move|p2a: Volcanion|Sludge Wave|p1a: Cloyster
|-damage|p1a: Cloyster|0 fnt
|faint|p1a: Cloyster
|
|win|MedichamEnthusiast
|raw|Alexboss30's rating: 1146 &rarr; <strong>1124</strong><br />(-22 for losing)
|raw|MedichamEnthusiast's rating: 1193 &rarr; <strong>1215</strong><br />(+22 for winning)
|l|☆Alexboss30
|player|p1|
