|inactive|Battle timer is ON: inactive players will automatically lose when time's up.
|t:|1757885921
|gametype|singles
|player|p1|ggbridges|1|
|player|p2|butts99999|2|
|gen|9
|tier|[Gen 9] OU
|rule|HP Percentage Mod: HP is shown in percentages
|rule|Endless Battle Clause: Forcing endless battles is banned
|rule|Species Clause: Limit one of each Pokémon
|rule|OHKO Clause: OHKO moves are banned
|rule|Evasion Items Clause: Evasion items are banned
|rule|Evasion Moves Clause: Evasion moves are banned
|rule|Evasion Abilities Clause: Evasion abilities are banned
|rule|Sleep Moves Clause: Sleep-inducing moves are banned
|clearpoke
|poke|p1|Walking Wake|
|poke|p1|Raging Bolt|
|poke|p1|Gliscor, M|
|poke|p1|Clodsire, F|
|poke|p1|Darkrai|
|poke|p1|Grimmsnarl, M|
|poke|p2|Scrafty, M|
|poke|p2|Oricorio, F|
|poke|p2|Kommo-o, M|
|poke|p2|Zamazenta-*|
|poke|p2|Great Tusk|
|poke|p2|Iron Valiant|
|teampreview
|
|t:|1757885933
|teamsize|p1|6
|teamsize|p2|6
|start
|switch|p1a: GABA|Grimmsnarl, M|100/100
|switch|p2a: Shnoser|Great Tusk|100/100
|-enditem|p2a: Shnoser|Booster Energy
|-activate|p2a: Shnoser|ability: Protosynthesis|[fromitem]
|-start|p2a: Shnoser|protosynthesisspe
|turn|1
|
|t:|1757885939
|move|p2a: Shnoser|Stealth Rock|p1a: GABA
|-sidestart|p1: ggbridges|move: Stealth Rock
|move|p1a: GABA|Spirit Break|p2a: Shnoser
|-supereffective|p2a: Shnoser
|-damage|p2a: Shnoser|62/100
|-unboost|p2a: Shnoser|spa|1
|
|upkeep
|turn|2
|
|t:|1757885944
|move|p1a: GABA|Reflect|p1a: GABA
|-sidestart|p1: ggbridges|Reflect
|move|p2a: Shnoser|Close Combat|p1a: GABA
|-damage|p1a: GABA|67/100
|-unboost|p2a: Shnoser|def|1
|-unboost|p2a: Shnoser|spd|1
|
|upkeep
|turn|3
|
|t:|1757885948
|move|p2a: Shnoser|Close Combat|p1a: GABA
|-damage|p1a: GABA|34/100
|-unboost|p2a: Shnoser|def|1
|-unboost|p2a: Shnoser|spd|1
|move|p1a: GABA|Spirit Break|p2a: Shnoser
|-supereffective|p2a: Shnoser
|-damage|p2a: Shnoser|0 fnt
|faint|p2a: Shnoser
|-end|p2a: Shnoser|Protosynthesis|[silent]
|
|upkeep
|
|t:|1757885965
|switch|p2a: Clifford|Zamazenta, shiny|100/100
|-ability|p2a: Clifford|Dauntless Shield|boost
|-boost|p2a: Clifford|def|1
|turn|4
|
|t:|1757885973
|move|p1a: GABA|Thunder Wave|p2a: Clifford|[miss]
|-miss|p1a: GABA|p2a: Clifford
|move|p2a: Clifford|Iron Defense|p2a: Clifford
|-boost|p2a: Clifford|def|2
|
|upkeep
|turn|5
|
|t:|1757885977
|move|p1a: GABA|Thunder Wave|p2a: Clifford
|-status|p2a: Clifford|par
|cant|p2a: Clifford|par
|
|upkeep
|turn|6
|
|t:|1757885992
|switch|p1a: calcitonin|Gliscor, M|100/100
|-damage|p1a: calcitonin|88/100|[from] Stealth Rock
|move|p2a: Clifford|Body Press|p1a: calcitonin
|-resisted|p1a: calcitonin
|-damage|p1a: calcitonin|73/100
|
|-status|p1a: calcitonin|tox|[from] item: Toxic Orb
|upkeep
|turn|7
|
|t:|1757886001
|move|p1a: calcitonin|Knock Off|p2a: Clifford
|-resisted|p2a: Clifford
|-damage|p2a: Clifford|97/100 par
|-enditem|p2a: Clifford|Chesto Berry|[from] move: Knock Off|[of] p1a: calcitonin
|cant|p2a: Clifford|par
|
|-heal|p1a: calcitonin|86/100 tox|[from] ability: Poison Heal
|upkeep
|turn|8
|
|t:|1757886020
|move|p1a: calcitonin|U-turn|p2a: Clifford
|-resisted|p2a: Clifford
|-damage|p2a: Clifford|95/100 par
|inactive|ggbridges has 270 seconds left.
|
|t:|1757886068
|switch|p1a: stercobilin|Clodsire, F|100/100|[from] U-turn
|move|p2a: Clifford|Iron Defense|p2a: Clifford
|-boost|p2a: Clifford|def|2
|
|upkeep
|turn|9
|
|t:|1757886077
|switch|p1a: calcitonin|Gliscor, M|86/100 tox
|-damage|p1a: calcitonin|73/100 tox|[from] Stealth Rock
|move|p2a: Clifford|Iron Defense|p2a: Clifford
|-boost|p2a: Clifford|def|1
|
|-heal|p1a: calcitonin|86/100 tox|[from] ability: Poison Heal
|-sideend|p1: ggbridges|Reflect
|upkeep
|turn|10
|
|t:|1757886085
|move|p1a: calcitonin|Knock Off|p2a: Clifford
|-resisted|p2a: Clifford
|-damage|p2a: Clifford|93/100 par
|move|p2a: Clifford|Body Press|p1a: calcitonin
|-resisted|p1a: calcitonin
|-damage|p1a: calcitonin|38/100 tox
|
|-heal|p1a: calcitonin|50/100 tox|[from] ability: Poison Heal
|upkeep
|turn|11
|
|t:|1757886091
|move|p1a: calcitonin|Protect|p1a: calcitonin
|-singleturn|p1a: calcitonin|Protect
|move|p2a: Clifford|Body Press|p1a: calcitonin
|-activate|p1a: calcitonin|move: Protect
|
|-heal|p1a: calcitonin|63/100 tox|[from] ability: Poison Heal
|upkeep
|turn|12
|
|t:|1757886100
|switch|p1a: stercobilin|Clodsire, F|100/100
|move|p2a: Clifford|Body Press|p1a: stercobilin
|-resisted|p1a: stercobilin
|-damage|p1a: stercobilin|79/100
|
|upkeep
|turn|13
|
|t:|1757886105
|move|p2a: Clifford|Crunch|p1a: stercobilin
|-crit|p1a: stercobilin
|-damage|p1a: stercobilin|44/100
|move|p1a: stercobilin|Recover|p1a: stercobilin
|-heal|p1a: stercobilin|94/100
|
|upkeep
|turn|14
|
|t:|1757886113
|cant|p2a: Clifford|par
|move|p1a: stercobilin|Earthquake|p2a: Clifford
|-damage|p2a: Clifford|71/100 par
|
|upkeep
|turn|15
|
|t:|1757886124
|move|p2a: Clifford|Crunch|p1a: stercobilin
|-damage|p1a: stercobilin|71/100
|move|p1a: stercobilin|Earthquake|p2a: Clifford
|-damage|p2a: Clifford|49/100 par
|
|upkeep
|turn|16
|
|t:|1757886138
|move|p2a: Clifford|Rest|p2a: Clifford
|-status|p2a: Clifford|slp|[from] move: Rest
|-heal|p2a: Clifford|100/100 slp|[silent]
|move|p1a: stercobilin|Earthquake|p2a: Clifford
|-damage|p2a: Clifford|81/100 slp
|
|upkeep
|turn|17
|
|t:|1757886147
|switch|p1a: delta|Darkrai|100/100
|cant|p2a: Clifford|slp
|
|-damage|p2a: Clifford|68/100 slp|[from] ability: Bad Dreams|[of] p1a: delta
|upkeep
|turn|18
|inactive|ggbridges has 270 seconds left.
|
|t:|1757886206
|cant|p2a: Clifford|slp
|move|p1a: delta|Psychic|p2a: Clifford
|-supereffective|p2a: Clifford
|-damage|p2a: Clifford|10/100 slp
|
|-damage|p2a: Clifford|0 fnt|[from] ability: Bad Dreams|[of] p1a: delta
|faint|p2a: Clifford
|upkeep
|
|t:|1757886216
|switch|p2a: Jorgen|Kommo-o, M, shiny|100/100
|turn|19
|
|t:|1757886223
|move|p1a: delta|Will-O-Wisp|p2a: Jorgen
|-status|p2a: Jorgen|brn
|move|p2a: Jorgen|Clangorous Soul|p2a: Jorgen
|-boost|p2a: Jorgen|atk|1
|-boost|p2a: Jorgen|def|1
|-boost|p2a: Jorgen|spa|1
|-boost|p2a: Jorgen|spd|1
|-boost|p2a: Jorgen|spe|1
|-damage|p2a: Jorgen|68/100 brn
|
|-heal|p2a: Jorgen|74/100 brn|[from] item: Leftovers
|-damage|p2a: Jorgen|68/100 brn|[from] brn
|upkeep
|turn|20
|
|t:|1757886241
|switch|p1a: stercobilin|Clodsire, F|71/100
|move|p2a: Jorgen|Drain Punch|p1a: stercobilin
|-resisted|p1a: stercobilin
|-damage|p1a: stercobilin|61/100
|-heal|p2a: Jorgen|75/100 brn|[from] drain|[of] p1a: stercobilin
|
|-heal|p2a: Jorgen|82/100 brn|[from] item: Leftovers
|-damage|p2a: Jorgen|75/100 brn|[from] brn
|upkeep
|turn|21
|
|t:|1757886250
|move|p2a: Jorgen|Ice Punch|p1a: stercobilin
|-supereffective|p1a: stercobilin
|-damage|p1a: stercobilin|33/100
|move|p1a: stercobilin|Recover|p1a: stercobilin
|-heal|p1a: stercobilin|83/100
|
|-heal|p2a: Jorgen|82/100 brn|[from] item: Leftovers
|-damage|p2a: Jorgen|75/100 brn|[from] brn
|upkeep
|turn|22
|
|t:|1757886273
|move|p2a: Jorgen|Ice Punch|p1a: stercobilin
|-supereffective|p1a: stercobilin
|-damage|p1a: stercobilin|59/100
|move|p1a: stercobilin|Earthquake|p2a: Jorgen
|-damage|p2a: Jorgen|47/100 brn
|
|-heal|p2a: Jorgen|53/100 brn|[from] item: Leftovers
|-damage|p2a: Jorgen|47/100 brn|[from] brn
|upkeep
|turn|23
|
|t:|1757886285
|move|p2a: Jorgen|Ice Punch|p1a: stercobilin
|-supereffective|p1a: stercobilin
|-damage|p1a: stercobilin|33/100
|move|p1a: stercobilin|Earthquake|p2a: Jorgen
|-damage|p2a: Jorgen|18/100 brn
|
|-heal|p2a: Jorgen|25/100 brn|[from] item: Leftovers
|-damage|p2a: Jorgen|18/100 brn|[from] brn
|upkeep
|turn|24
|
|t:|1757886290
|move|p2a: Jorgen|Ice Punch|p1a: stercobilin
|-supereffective|p1a: stercobilin
|-damage|p1a: stercobilin|7/100
|move|p1a: stercobilin|Recover|p1a: stercobilin
|-heal|p1a: stercobilin|57/100
|
|-heal|p2a: Jorgen|25/100 brn|[from] item: Leftovers
|-damage|p2a: Jorgen|18/100 brn|[from] brn
|upkeep
|turn|25
|
|t:|1757886298
|move|p2a: Jorgen|Ice Punch|p1a: stercobilin
|-supereffective|p1a: stercobilin
|-damage|p1a: stercobilin|32/100
|move|p1a: stercobilin|Recover|p1a: stercobilin
|-heal|p1a: stercobilin|82/100
|
|-heal|p2a: Jorgen|25/100 brn|[from] item: Leftovers
|-damage|p2a: Jorgen|18/100 brn|[from] brn
|upkeep
|turn|26
|
|t:|1757886304
|move|p2a: Jorgen|Ice Punch|p1a: stercobilin
|-supereffective|p1a: stercobilin
|-damage|p1a: stercobilin|56/100
|move|p1a: stercobilin|Recover|p1a: stercobilin
|-heal|p1a: stercobilin|100/100
|
|-heal|p2a: Jorgen|25/100 brn|[from] item: Leftovers
|-damage|p2a: Jorgen|18/100 brn|[from] brn
|upkeep
|turn|27
|
|t:|1757886307
|move|p2a: Jorgen|Ice Punch|p1a: stercobilin
|-supereffective|p1a: stercobilin
|-damage|p1a: stercobilin|75/100
|move|p1a: stercobilin|Earthquake|p2a: Jorgen
|-damage|p2a: Jorgen|0 fnt
|faint|p2a: Jorgen
|
|upkeep
|
|t:|1757886313
|switch|p2a: Jesse|Scrafty, M|100/100
|turn|28
|
|t:|1757886323
|switch|p1a: GABA|Grimmsnarl, M|34/100
|-damage|p1a: GABA|22/100|[from] Stealth Rock
|move|p2a: Jesse|Dragon Dance|p2a: Jesse
|-boost|p2a: Jesse|atk|1
|-boost|p2a: Jesse|spe|1
|
|upkeep
|turn|29
|
|t:|1757886327
|move|p1a: GABA|Thunder Wave|p2a: Jesse
|-hint|Since gen 7, Dark is immune to Prankster moves.
|-immune|p2a: Jesse
|move|p2a: Jesse|Drain Punch|p1a: GABA
|-damage|p1a: GABA|0 fnt
|faint|p1a: GABA
|
|upkeep
|
|t:|1757886346
|switch|p1a: ATII|Walking Wake|100/100
|-damage|p1a: ATII|88/100|[from] Stealth Rock
|-enditem|p1a: ATII|Booster Energy
|-activate|p1a: ATII|ability: Protosynthesis|[fromitem]
|-start|p1a: ATII|protosynthesisspe
|turn|30
|inactive|butts99999 has 270 seconds left.
|
|t:|1757886377
|move|p1a: ATII|Dragon Pulse|p2a: Jesse
|-damage|p2a: Jesse|69/100
|move|p2a: Jesse|Dragon Dance|p2a: Jesse
|-boost|p2a: Jesse|atk|1
|-boost|p2a: Jesse|spe|1
|
|-heal|p2a: Jesse|75/100|[from] item: Leftovers
|upkeep
|turn|31
|
|t:|1757886396
|-end|p1a: ATII|Protosynthesis|[silent]
|switch|p1a: calcitonin|Gliscor, M|63/100 tox
|-damage|p1a: calcitonin|50/100 tox|[from] Stealth Rock
|move|p2a: Jesse|Dragon Dance|p2a: Jesse
|-boost|p2a: Jesse|atk|1
|-boost|p2a: Jesse|spe|1
|
|-heal|p2a: Jesse|81/100|[from] item: Leftovers
|-heal|p1a: calcitonin|63/100 tox|[from] ability: Poison Heal
|upkeep
|turn|32
|
|t:|1757886403
|move|p1a: calcitonin|Protect|p1a: calcitonin
|-singleturn|p1a: calcitonin|Protect
|move|p2a: Jesse|Ice Punch|p1a: calcitonin
|-activate|p1a: calcitonin|move: Protect
|
|-heal|p2a: Jesse|87/100|[from] item: Leftovers
|-heal|p1a: calcitonin|75/100 tox|[from] ability: Poison Heal
|upkeep
|turn|33
|
|t:|1757886423
|move|p2a: Jesse|Ice Punch|p1a: calcitonin
|-supereffective|p1a: calcitonin
|-damage|p1a: calcitonin|0 fnt
|faint|p1a: calcitonin
|
|-heal|p2a: Jesse|93/100|[from] item: Leftovers
|upkeep
|
|t:|1757886435
|switch|p1a: myelin|Raging Bolt|100/100
|-damage|p1a: myelin|88/100|[from] Stealth Rock
|turn|34
|
|t:|1757886446
|move|p1a: myelin|Thunderclap|p2a: Jesse
|-damage|p2a: Jesse|61/100
|move|p2a: Jesse|Ice Punch|p1a: myelin
|-supereffective|p1a: myelin
|-damage|p1a: myelin|22/100
|
|-heal|p2a: Jesse|67/100|[from] item: Leftovers
|-heal|p1a: myelin|28/100|[from] item: Leftovers
|upkeep
|turn|35
|
|t:|1757886457
|move|p1a: myelin|Thunderclap|p2a: Jesse
|-damage|p2a: Jesse|35/100
|move|p2a: Jesse|Drain Punch|p1a: myelin
|-damage|p1a: myelin|0 fnt
|-heal|p2a: Jesse|54/100|[from] drain|[of] p1a: myelin
|faint|p1a: myelin
|-end|p1a: myelin|Protosynthesis|[silent]
|
|-heal|p2a: Jesse|60/100|[from] item: Leftovers
|upkeep
|
|t:|1757886467
|switch|p1a: ATII|Walking Wake|88/100
|-damage|p1a: ATII|76/100|[from] Stealth Rock
|turn|36
|
|t:|1757886472
|move|p2a: Jesse|Drain Punch|p1a: ATII
|-damage|p1a: ATII|12/100
|-heal|p2a: Jesse|93/100|[from] drain|[of] p1a: ATII
|move|p1a: ATII|Draco Meteor|p2a: Jesse
|-damage|p2a: Jesse|43/100
|-unboost|p1a: ATII|spa|2
|
|-heal|p2a: Jesse|49/100|[from] item: Leftovers
|upkeep
|turn|37
|
|t:|1757886478
|move|p2a: Jesse|Drain Punch|p1a: ATII
|-damage|p1a: ATII|0 fnt
|-heal|p2a: Jesse|55/100|[from] drain|[of] p1a: ATII
|faint|p1a: ATII
|-end|p1a: ATII|Protosynthesis|[silent]
|
|-heal|p2a: Jesse|61/100|[from] item: Leftovers
|upkeep
|
|t:|1757886480
|switch|p1a: stercobilin|Clodsire, F|75/100
|turn|38
|
|t:|1757886483
|move|p2a: Jesse|Ice Punch|p1a: stercobilin
|-supereffective|p1a: stercobilin
|-damage|p1a: stercobilin|39/100
|move|p1a: stercobilin|Earthquake|p2a: Jesse
|-damage|p2a: Jesse|40/100
|
|-heal|p2a: Jesse|46/100|[from] item: Leftovers
|upkeep
|turn|39
|
|t:|1757886488
|move|p2a: Jesse|Ice Punch|p1a: stercobilin
|-supereffective|p1a: stercobilin
|-damage|p1a: stercobilin|1/100
|move|p1a: stercobilin|Earthquake|p2a: Jesse
|-damage|p2a: Jesse|22/100
|
|-heal|p2a: Jesse|28/100|[from] item: Leftovers
|upkeep
|turn|40
|
|t:|1757886504
|move|p2a: Jesse|Drain Punch|p1a: stercobilin
|-resisted|p1a: stercobilin
|-damage|p1a: stercobilin|0 fnt
|-heal|p2a: Jesse|28/100|[from] drain|[of] p1a: stercobilin
|faint|p1a: stercobilin
|
|-heal|p2a: Jesse|34/100|[from] item: Leftovers
|upkeep
|
|t:|1757886506
|switch|p1a: delta|Darkrai|100/100
|turn|41
|
|t:|1757886526
|-terastallize|p1a: delta|Ground
|move|p2a: Jesse|Drain Punch|p1a: delta
|-damage|p1a: delta|27/100
|-heal|p2a: Jesse|67/100|[from] drain|[of] p1a: delta
|move|p1a: delta|Will-O-Wisp|p2a: Jesse
|-status|p2a: Jesse|brn
|
|-heal|p2a: Jesse|73/100 brn|[from] item: Leftovers
|-damage|p2a: Jesse|67/100 brn|[from] brn
|upkeep
|turn|42
|
|t:|1757886545
|move|p2a: Jesse|Drain Punch|p1a: delta
|-damage|p1a: delta|0 fnt
|-heal|p2a: Jesse|79/100 brn|[from] drain|[of] p1a: delta
|faint|p1a: delta
|
|win|butts99999
