|j|☆karivaar
|j|☆ancasa
|t:|1757954997
|gametype|singles
|player|p1|karivaar|265|1227
|player|p2|ancasa|1|1221
|gen|9
|tier|[Gen 9] OU
|rated|
|rule|HP Percentage Mod: HP is shown in percentages
|rule|Endless Battle Clause: Forcing endless battles is banned
|rule|Species Clause: Limit one of each Pokémon
|rule|OHKO Clause: OHKO moves are banned
|rule|Evasion Items Clause: Evasion items are banned
|rule|Evasion Moves Clause: Evasion moves are banned
|rule|Evasion Abilities Clause: Evasion abilities are banned
|rule|Sleep Moves Clause: Sleep-inducing moves are banned
|clearpoke
|poke|p1|Garchomp, M|
|poke|p1|Arcanine-Hisui, M|
|poke|p1|Ribombee, M|
|poke|p1|Gholdengo|
|poke|p1|Cryogonal|
|poke|p1|Zapdos|
|poke|p2|Sinistcha|
|poke|p2|Kleavor, F|
|poke|p2|Arcanine-Hisui, F|
|poke|p2|Iron Treads|
|poke|p2|Iron Moth|
|poke|p2|Weavile, M|
|teampreview
|inactive|Battle timer is ON: inactive players will automatically lose when time's up. (requested by ancasa)
|
|t:|1757955015
|teamsize|p1|6
|teamsize|p2|6
|start
|switch|p1a: Ribombee|Ribombee, M|100/100
|switch|p2a: Kleavor|Kleavor, F|100/100
|turn|1
|
|t:|1757955019
|move|p2a: Kleavor|Stone Axe|p1a: Ribombee
|-supereffective|p1a: Ribombee
|-enditem|p1a: Ribombee|Focus Sash
|-damage|p1a: Ribombee|1/100
|-sidestart|p1: karivaar|move: Stealth Rock
|move|p1a: Ribombee|Sticky Web|p2a: Kleavor
|-sidestart|p2: ancasa|move: Sticky Web
|
|upkeep
|turn|2
|
|t:|1757955030
|switch|p2a: Iron Treads|Iron Treads|100/100
|-activate|p2a: Iron Treads|move: Sticky Web
|-unboost|p2a: Iron Treads|spe|1
|switch|p1a: Garchomp|Garchomp, M|100/100
|-damage|p1a: Garchomp|94/100|[from] Stealth Rock
|
|upkeep
|turn|3
|
|t:|1757955037
|move|p1a: Garchomp|Earthquake|p2a: Iron Treads
|-supereffective|p2a: Iron Treads
|-damage|p2a: Iron Treads|12/100
|move|p2a: Iron Treads|Rapid Spin|p1a: Garchomp
|-damage|p1a: Garchomp|78/100
|-boost|p2a: Iron Treads|spe|1
|-damage|p2a: Iron Treads|0 fnt|[from] ability: Rough Skin|[of] p1a: Garchomp
|faint|p2a: Iron Treads
|-end|p2a: Iron Treads|Quark Drive|[silent]
|
|upkeep
|
|t:|1757955049
|switch|p2a: Weavile|Weavile, M|100/100
|-activate|p2a: Weavile|move: Sticky Web
|-unboost|p2a: Weavile|spe|1
|-ability|p2a: Weavile|Pressure
|turn|4
|
|t:|1757955079
|-terastallize|p1a: Garchomp|Steel
|move|p1a: Garchomp|Iron Head|p2a: Weavile
|-supereffective|p2a: Weavile
|-damage|p2a: Weavile|0 fnt
|faint|p2a: Weavile
|
|upkeep
|
|t:|1757955094
|switch|p2a: Sinistcha|Sinistcha|100/100
|-activate|p2a: Sinistcha|move: Sticky Web
|-unboost|p2a: Sinistcha|spe|1
|turn|5
|
|t:|1757955104
|move|p1a: Garchomp|Swords Dance|p1a: Garchomp
|-boost|p1a: Garchomp|atk|2
|move|p2a: Sinistcha|Strength Sap|p1a: Garchomp
|-unboost|p1a: Garchomp|atk|1
|
|upkeep
|turn|6
|
|t:|1757955112
|move|p1a: Garchomp|Swords Dance|p1a: Garchomp
|-boost|p1a: Garchomp|atk|2
|move|p2a: Sinistcha|Calm Mind|p2a: Sinistcha
|-boost|p2a: Sinistcha|spa|1
|-boost|p2a: Sinistcha|spd|1
|
|upkeep
|turn|7
|
|t:|1757955126
|move|p1a: Garchomp|Scale Shot|p2a: Sinistcha|[miss]
|-miss|p1a: Garchomp|p2a: Sinistcha
|move|p2a: Sinistcha|Shadow Ball|p1a: Garchomp
|-damage|p1a: Garchomp|0 fnt
|faint|p1a: Garchomp
|
|upkeep
|inactive|karivaar has 120 seconds left.
|
|t:|1757955151
|switch|p1a: Zapdos|Zapdos|100/100
|turn|8
|inactive|karivaar has 120 seconds left.
|
|t:|1757955162
|-terastallize|p2a: Sinistcha|Dark
|move|p1a: Zapdos|Hurricane|p2a: Sinistcha
|-damage|p2a: Sinistcha|56/100
|move|p2a: Sinistcha|Calm Mind|p2a: Sinistcha
|-boost|p2a: Sinistcha|spa|1
|-boost|p2a: Sinistcha|spd|1
|
|upkeep
|turn|9
|
|t:|1757955171
|move|p1a: Zapdos|Volt Switch|p2a: Sinistcha
|-damage|p2a: Sinistcha|34/100
|
|t:|1757955175
|switch|p1a: Ribombee|Ribombee, M|1/100|[from] Volt Switch
|-damage|p1a: Ribombee|0 fnt|[from] Stealth Rock
|faint|p1a: Ribombee
|move|p2a: Sinistcha|Shadow Ball|p1: Ribombee|[notarget]
|-fail|p2a: Sinistcha
|
|upkeep
|
|t:|1757955188
|switch|p1a: Arcanine|Arcanine-Hisui, M|100/100
|-damage|p1a: Arcanine|76/100|[from] Stealth Rock
|turn|10
|
|t:|1757955195
|move|p1a: Arcanine|Flare Blitz|p2a: Sinistcha
|-damage|p2a: Sinistcha|0 fnt
|-damage|p1a: Arcanine|59/100|[from] item: Rocky Helmet|[of] p2a: Sinistcha
|faint|p2a: Sinistcha
|
|upkeep
|
|t:|1757955199
|switch|p2a: Kleavor|Kleavor, F|100/100
|-activate|p2a: Kleavor|move: Sticky Web
|-unboost|p2a: Kleavor|spe|1
|turn|11
|
|t:|1757955212
|move|p1a: Arcanine|Flare Blitz|p2a: Kleavor
|-damage|p2a: Kleavor|0 fnt
|faint|p2a: Kleavor
|
|upkeep
|
|t:|1757955215
|switch|p2a: Arcanine|Arcanine-Hisui, F|100/100
|-activate|p2a: Arcanine|move: Sticky Web
|-unboost|p2a: Arcanine|spe|1
|turn|12
|
|t:|1757955226
|switch|p1a: Gholdengo|Gholdengo|100/100
|-damage|p1a: Gholdengo|94/100|[from] Stealth Rock
|-item|p1a: Gholdengo|Air Balloon
|move|p2a: Arcanine|Head Smash|p1a: Gholdengo
|-resisted|p1a: Gholdengo
|-damage|p1a: Gholdengo|37/100
|-enditem|p1a: Gholdengo|Air Balloon
|-damage|p2a: Arcanine|91/100|[from] item: Life Orb
|
|upkeep
|turn|13
|
|t:|1757955240
|move|p1a: Gholdengo|Make It Rain|p2a: Arcanine
|-damage|p2a: Arcanine|17/100
|-unboost|p1a: Gholdengo|spa|1
|move|p2a: Arcanine|Flame Charge|p1a: Gholdengo
|-supereffective|p1a: Gholdengo
|-damage|p1a: Gholdengo|0 fnt
|-boost|p2a: Arcanine|spe|1
|faint|p1a: Gholdengo
|-damage|p2a: Arcanine|7/100|[from] item: Life Orb
|
|upkeep
|
|t:|1757955259
|switch|p1a: Cryogonal|Cryogonal|100/100
|turn|14
|
|t:|1757955263
|move|p1a: Cryogonal|Rapid Spin|p2a: Arcanine
|-resisted|p2a: Arcanine
|-damage|p2a: Arcanine|3/100
|-boost|p1a: Cryogonal|spe|1
|-sideend|p1: karivaar|Stealth Rock|[from] move: Rapid Spin|[of] p1a: Cryogonal
|move|p2a: Arcanine|Flare Blitz|p1a: Cryogonal
|-supereffective|p1a: Cryogonal
|-damage|p1a: Cryogonal|0 fnt
|faint|p1a: Cryogonal
|-damage|p2a: Arcanine|0 fnt|[from] item: Life Orb
|faint|p2a: Arcanine
|
|upkeep
|
|t:|1757955276
|switch|p1a: Arcanine|Arcanine-Hisui, M|59/100
|switch|p2a: Iron Moth|Iron Moth|100/100
|-activate|p2a: Iron Moth|move: Sticky Web
|-unboost|p2a: Iron Moth|spe|1
|-enditem|p2a: Iron Moth|Booster Energy
|-activate|p2a: Iron Moth|ability: Quark Drive|[fromitem]
|-start|p2a: Iron Moth|quarkdrivespa
|turn|15
|
|t:|1757955286
|move|p1a: Arcanine|Double-Edge|p2a: Iron Moth
|-damage|p2a: Iron Moth|18/100
|move|p2a: Iron Moth|Sludge Wave|p1a: Arcanine
|-resisted|p1a: Arcanine
|-damage|p1a: Arcanine|19/100
|
|upkeep
|turn|16
|-message|ancasa forfeited.
|
|win|karivaar
|raw|karivaar's rating: 1227 &rarr; <strong>1252</strong><br />(+25 for winning)
|raw|ancasa's rating: 1221 &rarr; <strong>1196</strong><br />(-25 for losing)
|l|☆ancasa
|player|p2|
