|j|☆jessies boyfriend
|j|☆Devrai
|t:|1757874233
|gametype|singles
|player|p1|jessies boyfriend|brock|1341
|player|p2|Devrai|zinnia|1384
|gen|9
|tier|[Gen 9] OU
|rated|
|rule|HP Percentage Mod: HP is shown in percentages
|rule|Endless Battle Clause: Forcing endless battles is banned
|rule|Species Clause: Limit one of each Pokémon
|rule|OHKO Clause: OHKO moves are banned
|rule|Evasion Items Clause: Evasion items are banned
|rule|Evasion Moves Clause: Evasion moves are banned
|rule|Evasion Abilities Clause: Evasion abilities are banned
|rule|Sleep Moves Clause: Sleep-inducing moves are banned
|clearpoke
|poke|p1|Moltres|
|poke|p1|Chandelure, M|
|poke|p1|Ting-Lu|
|poke|p1|Sinistcha|
|poke|p1|Enamorus, F|
|poke|p1|Great Tusk|
|poke|p2|Araquanid, M|
|poke|p2|Skeledirge, F|
|poke|p2|Enamorus, F|
|poke|p2|Iron Treads|
|poke|p2|Latios, M|
|poke|p2|Raichu, F|
|teampreview
|inactive|Battle timer is ON: inactive players will automatically lose when time's up. (requested by jessies boyfriend)
|
|t:|1757874258
|teamsize|p1|6
|teamsize|p2|6
|start
|switch|p1a: Chandelure|Chandelure, M, shiny|100/100
|switch|p2a: Bubble Buddy|Araquanid, M, shiny|100/100
|turn|1
|
|t:|1757874274
|move|p1a: Chandelure|Shadow Ball|p2a: Bubble Buddy
|-damage|p2a: Bubble Buddy|63/100
|move|p2a: Bubble Buddy|Liquidation|p1a: Chandelure
|-supereffective|p1a: Chandelure
|-damage|p1a: Chandelure|0 fnt
|faint|p1a: Chandelure
|
|-heal|p2a: Bubble Buddy|69/100|[from] item: Leftovers
|upkeep
|
|t:|1757874289
|switch|p1a: Enamorus|Enamorus, F|100/100
|turn|2
|
|t:|1757874298
|move|p1a: Enamorus|Moonblast|p2a: Bubble Buddy
|-damage|p2a: Bubble Buddy|30/100
|-unboost|p2a: Bubble Buddy|spa|1
|move|p2a: Bubble Buddy|Sticky Web|p1a: Enamorus
|-sidestart|p1: jessies boyfriend|move: Sticky Web
|
|-heal|p2a: Bubble Buddy|37/100|[from] item: Leftovers
|upkeep
|turn|3
|
|t:|1757874309
|switch|p2a: Treadmill|Iron Treads, shiny|100/100
|move|p1a: Enamorus|Moonblast|p2a: Treadmill
|-resisted|p2a: Treadmill
|-damage|p2a: Treadmill|70/100
|
|upkeep
|turn|4
|
|t:|1757874315
|switch|p1a: Moltres|Moltres|100/100
|move|p2a: Treadmill|Stealth Rock|p1a: Moltres
|-sidestart|p1: jessies boyfriend|move: Stealth Rock
|
|upkeep
|turn|5
|
|t:|1757874320
|move|p2a: Treadmill|Knock Off|p1a: Moltres
|-damage|p1a: Moltres|80/100
|-enditem|p1a: Moltres|Leftovers|[from] move: Knock Off|[of] p2a: Treadmill
|move|p1a: Moltres|Scorching Sands|p2a: Treadmill
|-supereffective|p2a: Treadmill
|-damage|p2a: Treadmill|26/100
|
|upkeep
|turn|6
|inactive|Devrai has 120 seconds left.
|inactive|jessies boyfriend has 120 seconds left.
|
|t:|1757874369
|-end|p2a: Treadmill|Quark Drive|[silent]
|switch|p2a: Mistress|Enamorus, F, shiny|100/100
|move|p1a: Moltres|Will-O-Wisp|p2a: Mistress
|-status|p2a: Mistress|brn
|
|-damage|p2a: Mistress|94/100 brn|[from] brn
|upkeep
|turn|7
|inactive|Devrai has 90 seconds left.
|
|t:|1757874415
|-terastallize|p2a: Mistress|Stellar
|move|p2a: Mistress|Tera Blast|p1a: Moltres|[anim] Tera Blast Stellar
|-damage|p1a: Moltres|43/100
|-boost|p2a: Mistress|atk|1
|-boost|p2a: Mistress|spa|1
|move|p1a: Moltres|Roost|p1a: Moltres
|-heal|p1a: Moltres|93/100
|-singleturn|p1a: Moltres|move: Roost
|
|-damage|p2a: Mistress|88/100 brn|[from] brn
|upkeep
|turn|8
|
|t:|1757874434
|move|p2a: Mistress|Tera Blast|p1a: Moltres|[anim] Tera Blast Stellar
|-damage|p1a: Moltres|47/100
|-boost|p2a: Mistress|atk|1
|-boost|p2a: Mistress|spa|1
|move|p1a: Moltres|Scorching Sands|p2a: Mistress
|-immune|p2a: Mistress
|
|-damage|p2a: Mistress|82/100 brn|[from] brn
|upkeep
|turn|9
|
|t:|1757874440
|move|p2a: Mistress|Tera Blast|p1a: Moltres|[anim] Tera Blast Stellar
|-crit|p1a: Moltres
|-damage|p1a: Moltres|0 fnt
|-boost|p2a: Mistress|atk|1
|-boost|p2a: Mistress|spa|1
|faint|p1a: Moltres
|
|-damage|p2a: Mistress|76/100 brn|[from] brn
|upkeep
|
|t:|1757874448
|switch|p1a: Enamorus|Enamorus, F|100/100
|-damage|p1a: Enamorus|76/100|[from] Stealth Rock
|turn|10
|
|t:|1757874456
|move|p1a: Enamorus|Moonblast|p2a: Mistress
|-damage|p2a: Mistress|30/100 brn
|-boost|p2a: Mistress|spa|1
|move|p2a: Mistress|Draining Kiss|p1a: Enamorus
|-damage|p1a: Enamorus|0 fnt
|-heal|p2a: Mistress|81/100 brn|[from] drain|[of] p1a: Enamorus
|faint|p1a: Enamorus
|
|-damage|p2a: Mistress|74/100 brn|[from] brn
|upkeep
|
|t:|1757874465
|switch|p1a: Ting-Lu|Ting-Lu|100/100
|-activate|p1a: Ting-Lu|move: Sticky Web
|-unboost|p1a: Ting-Lu|spe|1
|-damage|p1a: Ting-Lu|94/100|[from] Stealth Rock
|-ability|p1a: Ting-Lu|Vessel of Ruin
|turn|11
|
|t:|1757874470
|-terastallize|p1a: Ting-Lu|Ghost
|move|p2a: Mistress|Superpower|p1a: Ting-Lu
|-immune|p1a: Ting-Lu
|move|p1a: Ting-Lu|Whirlwind|p2a: Mistress
|drag|p2a: Ampere|Raichu, F|100/100
|
|-heal|p1a: Ting-Lu|100/100|[from] item: Leftovers
|upkeep
|turn|12
|
|t:|1757874476
|move|p2a: Ampere|Encore|p1a: Ting-Lu
|-start|p1a: Ting-Lu|Encore
|move|p1a: Ting-Lu|Whirlwind|p2a: Ampere
|drag|p2a: Jet Lag|Latios, M, shiny|100/100
|
|upkeep
|turn|13
|
|t:|1757874481
|move|p2a: Jet Lag|Luster Purge|p1a: Ting-Lu
|-damage|p1a: Ting-Lu|80/100
|-unboost|p1a: Ting-Lu|spd|1
|move|p1a: Ting-Lu|Whirlwind|p2a: Jet Lag
|drag|p2a: Bubble Buddy|Araquanid, M, shiny|37/100
|
|-heal|p1a: Ting-Lu|87/100|[from] item: Leftovers
|-heal|p2a: Bubble Buddy|43/100|[from] item: Leftovers
|upkeep
|turn|14
|
|t:|1757874488
|move|p2a: Bubble Buddy|Chilling Water|p1a: Ting-Lu
|-damage|p1a: Ting-Lu|75/100
|-unboost|p1a: Ting-Lu|atk|1
|move|p1a: Ting-Lu|Whirlwind|p2a: Bubble Buddy
|drag|p2a: King Gator|Skeledirge, F, shiny|100/100
|
|-heal|p1a: Ting-Lu|81/100|[from] item: Leftovers
|-end|p1a: Ting-Lu|Encore
|upkeep
|turn|15
|
|t:|1757874492
|move|p2a: King Gator|Will-O-Wisp|p1a: Ting-Lu
|-status|p1a: Ting-Lu|brn
|move|p1a: Ting-Lu|Stealth Rock|p2a: King Gator
|-sidestart|p2: Devrai|move: Stealth Rock
|
|-heal|p1a: Ting-Lu|87/100 brn|[from] item: Leftovers
|-damage|p1a: Ting-Lu|81/100 brn|[from] brn
|upkeep
|turn|16
|inactive|Devrai has 120 seconds left.
|
|t:|1757874534
|move|p2a: King Gator|Torch Song|p1a: Ting-Lu
|-damage|p1a: Ting-Lu|66/100 brn
|-boost|p2a: King Gator|spa|1
|move|p1a: Ting-Lu|Spikes|p2a: King Gator
|-sidestart|p2: Devrai|Spikes
|
|-heal|p1a: Ting-Lu|73/100 brn|[from] item: Leftovers
|-damage|p1a: Ting-Lu|66/100 brn|[from] brn
|upkeep
|turn|17
|
|t:|1757874538
|move|p2a: King Gator|Hex|p1a: Ting-Lu
|-supereffective|p1a: Ting-Lu
|-damage|p1a: Ting-Lu|0 fnt
|faint|p1a: Ting-Lu
|
|upkeep
|
|t:|1757874553
|switch|p1a: Great Tusk|Great Tusk|100/100
|-activate|p1a: Great Tusk|move: Sticky Web
|-unboost|p1a: Great Tusk|spe|1
|-damage|p1a: Great Tusk|98/100|[from] Stealth Rock
|-enditem|p1a: Great Tusk|Booster Energy
|-activate|p1a: Great Tusk|ability: Protosynthesis|[fromitem]
|-start|p1a: Great Tusk|protosynthesisatk
|turn|18
|
|t:|1757874558
|move|p1a: Great Tusk|Headlong Rush|p2a: King Gator
|-supereffective|p2a: King Gator
|-damage|p2a: King Gator|0 fnt
|-unboost|p1a: Great Tusk|def|1
|-unboost|p1a: Great Tusk|spd|1
|faint|p2a: King Gator
|
|upkeep
|
|t:|1757874560
|switch|p2a: Jet Lag|Latios, M, shiny|100/100
|-damage|p2a: Jet Lag|88/100|[from] Stealth Rock
|turn|19
|
|t:|1757874564
|move|p2a: Jet Lag|Luster Purge|p1a: Great Tusk
|-supereffective|p1a: Great Tusk
|-damage|p1a: Great Tusk|0 fnt
|faint|p1a: Great Tusk
|-end|p1a: Great Tusk|Protosynthesis|[silent]
|
|upkeep
|
|t:|1757874565
|switch|p1a: Sinistcha|Sinistcha, shiny|100/100
|turn|20
|
|t:|1757874574
|switch|p2a: Treadmill|Iron Treads, shiny|26/100
|move|p1a: Sinistcha|Matcha Gotcha|p2a: Treadmill
|-crit|p2a: Treadmill
|-damage|p2a: Treadmill|0 fnt
|faint|p2a: Treadmill
|-end|p2a: Treadmill|Quark Drive|[silent]
|
|upkeep
|
|t:|1757874575
|switch|p2a: Jet Lag|Latios, M, shiny|88/100
|-damage|p2a: Jet Lag|76/100|[from] Stealth Rock
|turn|21
|
|t:|1757874578
|move|p2a: Jet Lag|Trick|p1a: Sinistcha
|-activate|p2a: Jet Lag|move: Trick|[of] p1a: Sinistcha
|-item|p1a: Sinistcha|Choice Scarf|[from] move: Trick
|-item|p2a: Jet Lag|Heavy-Duty Boots|[from] move: Trick
|move|p1a: Sinistcha|Hex|p2a: Jet Lag
|-supereffective|p2a: Jet Lag
|-crit|p2a: Jet Lag
|-damage|p2a: Jet Lag|0 fnt
|faint|p2a: Jet Lag
|
|upkeep
|
|t:|1757874585
|switch|p2a: Mistress|Enamorus, F, shiny, tera:Stellar|74/100 brn
|-damage|p2a: Mistress|49/100 brn|[from] Stealth Rock
|turn|22
|
|t:|1757874587
|move|p2a: Mistress|Tera Blast|p1a: Sinistcha|[anim] Tera Blast Stellar
|-damage|p1a: Sinistcha|54/100
|-boost|p2a: Mistress|atk|1
|-boost|p2a: Mistress|spa|1
|move|p1a: Sinistcha|Hex|p2a: Mistress
|-damage|p2a: Mistress|0 fnt
|faint|p2a: Mistress
|
|upkeep
|
|t:|1757874592
|switch|p2a: Bubble Buddy|Araquanid, M, shiny|43/100
|-damage|p2a: Bubble Buddy|18/100|[from] Stealth Rock
|-damage|p2a: Bubble Buddy|5/100|[from] Spikes
|turn|23
|
|t:|1757874594
|move|p1a: Sinistcha|Hex|p2a: Bubble Buddy
|-damage|p2a: Bubble Buddy|0 fnt
|faint|p2a: Bubble Buddy
|
|upkeep
|
|t:|1757874596
|switch|p2a: Ampere|Raichu, F|100/100
|-damage|p2a: Ampere|88/100|[from] Stealth Rock
|-damage|p2a: Ampere|76/100|[from] Spikes
|turn|24
|
|t:|1757874598
|move|p2a: Ampere|Alluring Voice|p1a: Sinistcha
|-damage|p1a: Sinistcha|14/100
|-damage|p2a: Ampere|66/100|[from] item: Life Orb
|move|p1a: Sinistcha|Hex|p2a: Ampere
|-damage|p2a: Ampere|9/100
|
|upkeep
|turn|25
|
|t:|1757874600
|move|p2a: Ampere|Alluring Voice|p1a: Sinistcha
|-damage|p1a: Sinistcha|0 fnt
|faint|p1a: Sinistcha
|-damage|p2a: Ampere|0 fnt|[from] item: Life Orb
|faint|p2a: Ampere
|
|win|Devrai
|raw|jessies boyfriend's rating: 1341 &rarr; <strong>1323</strong><br />(-18 for losing)
|raw|Devrai's rating: 1384 &rarr; <strong>1402</strong><br />(+18 for winning)
|l|☆jessies boyfriend
|player|p1|
|l|☆Devrai
|player|p2|
