|j|☆ts0x
|j|☆Mimo69
|t:|1757943783
|gametype|singles
|player|p1|ts0x|266|1070
|player|p2|Mimo69|hilbert-wonderlauncher|1094
|gen|9
|tier|[Gen 9] OU
|rated|
|rule|HP Percentage Mod: HP is shown in percentages
|rule|Endless Battle Clause: Forcing endless battles is banned
|rule|Species Clause: Limit one of each Pokémon
|rule|OHKO Clause: OHKO moves are banned
|rule|Evasion Items Clause: Evasion items are banned
|rule|Evasion Moves Clause: Evasion moves are banned
|rule|Evasion Abilities Clause: Evasion abilities are banned
|rule|Sleep Moves Clause: Sleep-inducing moves are banned
|clearpoke
|poke|p1|Skeledirge, M|
|poke|p1|Greninja-*, M|
|poke|p1|Iron Leaves|
|poke|p1|Cryogonal|
|poke|p1|Great Tusk|
|poke|p1|Muk-Alola, F|
|poke|p2|Decidueye, M|
|poke|p2|Arcanine-Hisui, M|
|poke|p2|Metagross|
|poke|p2|Zoroark-Hisui, M|
|poke|p2|Glimmora, F|
|poke|p2|Dragapult, M|
|teampreview
|
|t:|1757943790
|teamsize|p1|6
|teamsize|p2|6
|start
|switch|p1a: Great Tusk|Great Tusk|100/100
|switch|p2a: toxic ass|Glimmora, F|100/100
|-enditem|p1a: Great Tusk|Booster Energy
|-activate|p1a: Great Tusk|ability: Protosynthesis|[fromitem]
|-start|p1a: Great Tusk|protosynthesisdef
|turn|1
|
|t:|1757943798
|move|p2a: toxic ass|Stealth Rock|p1a: Great Tusk
|-sidestart|p1: ts0x|move: Stealth Rock
|move|p1a: Great Tusk|Earthquake|p2a: toxic ass
|-supereffective|p2a: toxic ass
|-damage|p2a: toxic ass|0 fnt
|-activate|p2a: toxic ass|ability: Toxic Debris
|-sidestart|p1: ts0x|move: Toxic Spikes
|faint|p2a: toxic ass
|
|upkeep
|
|t:|1757943816
|switch|p2a: big steel man|Metagross, shiny|100/100
|turn|2
|
|t:|1757943833
|-terastallize|p2a: big steel man|Fairy
|move|p1a: Great Tusk|Protect|p1a: Great Tusk
|-singleturn|p1a: Great Tusk|Protect
|move|p2a: big steel man|Psyshock|p1a: Great Tusk
|-activate|p1a: Great Tusk|move: Protect
|
|upkeep
|turn|3
|
|t:|1757943845
|move|p1a: Great Tusk|Stealth Rock|p2a: big steel man
|-sidestart|p2: Mimo69|move: Stealth Rock
|move|p2a: big steel man|Psyshock|p1a: Great Tusk
|-supereffective|p1a: Great Tusk
|-damage|p1a: Great Tusk|74/100
|
|upkeep
|turn|4
|
|t:|1757943851
|move|p1a: Great Tusk|Earthquake|p2a: big steel man
|-damage|p2a: big steel man|69/100
|move|p2a: big steel man|Shadow Ball|p1a: Great Tusk
|-damage|p1a: Great Tusk|42/100
|
|upkeep
|turn|5
|
|t:|1757943857
|move|p1a: Great Tusk|Earthquake|p2a: big steel man
|-damage|p2a: big steel man|36/100
|move|p2a: big steel man|Shadow Ball|p1a: Great Tusk
|-damage|p1a: Great Tusk|8/100
|-unboost|p1a: Great Tusk|spd|1
|
|upkeep
|turn|6
|
|t:|1757943867
|move|p1a: Great Tusk|Earthquake|p2a: big steel man
|-damage|p2a: big steel man|2/100
|move|p2a: big steel man|Knock Off|p1a: Great Tusk
|-resisted|p1a: Great Tusk
|-crit|p1a: Great Tusk
|-damage|p1a: Great Tusk|3/100
|
|upkeep
|turn|7
|
|t:|1757943874
|move|p1a: Great Tusk|Earthquake|p2a: big steel man
|-damage|p2a: big steel man|0 fnt
|faint|p2a: big steel man
|
|upkeep
|
|t:|1757943881
|switch|p2a: dragon ak47|Dragapult, M|100/100
|-damage|p2a: dragon ak47|88/100|[from] Stealth Rock
|turn|8
|
|t:|1757943889
|move|p1a: Great Tusk|Protect|p1a: Great Tusk
|-singleturn|p1a: Great Tusk|Protect
|move|p2a: dragon ak47|Dragon Darts|p1a: Great Tusk
|-activate|p1a: Great Tusk|move: Protect
|
|upkeep
|turn|9
|
|t:|1757943898
|move|p2a: dragon ak47|Phantom Force||[still]
|-prepare|p2a: dragon ak47|Phantom Force
|move|p1a: Great Tusk|Earthquake|p2a: dragon ak47|[miss]
|-miss|p1a: Great Tusk|p2a: dragon ak47
|
|upkeep
|turn|10
|
|t:|1757943903
|move|p1a: Great Tusk|Protect|p1a: Great Tusk
|-singleturn|p1a: Great Tusk|Protect
|move|p2a: dragon ak47|Phantom Force|p1a: Great Tusk|[from] lockedmove
|-activate|p1a: Great Tusk|move: Phantom Force|[broken]
|-damage|p1a: Great Tusk|0 fnt
|faint|p1a: Great Tusk
|-end|p1a: Great Tusk|Protosynthesis|[silent]
|
|upkeep
|
|t:|1757943911
|switch|p1a: Cryogonal|Cryogonal, shiny|100/100
|-damage|p1a: Cryogonal|76/100|[from] Stealth Rock
|turn|11
|
|t:|1757943918
|move|p2a: dragon ak47|U-turn|p1a: Cryogonal
|-damage|p1a: Cryogonal|36/100
|
|t:|1757943922
|switch|p2a: fire dog|Arcanine-Hisui, M|100/100|[from] U-turn
|-damage|p2a: fire dog|76/100|[from] Stealth Rock
|-ability|p2a: fire dog|Intimidate|boost
|-unboost|p1a: Cryogonal|atk|1
|move|p1a: Cryogonal|Rapid Spin|p2a: fire dog
|-resisted|p2a: fire dog
|-damage|p2a: fire dog|73/100
|-boost|p1a: Cryogonal|spe|1
|-damage|p1a: Cryogonal|19/100|[from] item: Rocky Helmet|[of] p2a: fire dog
|-sideend|p1: ts0x|Toxic Spikes|[from] move: Rapid Spin|[of] p1a: Cryogonal
|-sideend|p1: ts0x|Stealth Rock|[from] move: Rapid Spin|[of] p1a: Cryogonal
|
|upkeep
|turn|12
|
|t:|1757943946
|move|p1a: Cryogonal|Protect|p1a: Cryogonal
|-singleturn|p1a: Cryogonal|Protect
|move|p2a: fire dog|Crunch|p1a: Cryogonal
|-activate|p1a: Cryogonal|move: Protect
|
|upkeep
|turn|13
|
|t:|1757943951
|move|p1a: Cryogonal|Explosion|p2a: fire dog
|-resisted|p2a: fire dog
|-damage|p2a: fire dog|58/100
|faint|p1a: Cryogonal
|move|p2a: fire dog|Crunch|p1: Cryogonal|[notarget]
|-fail|p2a: fire dog
|
|upkeep
|
|t:|1757943958
|switch|p1a: Greninja|Greninja, M, shiny|100/100
|turn|14
|
|t:|1757943966
|move|p1a: Greninja|Sludge Wave|p2a: fire dog
|-start|p1a: Greninja|typechange|Poison|[from] ability: Protean
|-resisted|p2a: fire dog
|-damage|p2a: fire dog|33/100
|move|p2a: fire dog|Roar|p1a: Greninja
|drag|p1a: Skeledirge|Skeledirge, M|100/100
|
|upkeep
|turn|15
|
|t:|1757943983
|switch|p1a: Greninja|Greninja, M, shiny|100/100
|move|p2a: fire dog|Head Smash|p1a: Greninja
|-damage|p1a: Greninja|0 fnt
|faint|p1a: Greninja
|-damage|p2a: fire dog|0 fnt|[from] Recoil
|faint|p2a: fire dog
|
|upkeep
|
|t:|1757943992
|switch|p1a: Skeledirge|Skeledirge, M|100/100
|switch|p2a: dragon ak47|Dragapult, M|88/100
|-damage|p2a: dragon ak47|76/100|[from] Stealth Rock
|turn|16
|
|t:|1757944001
|-terastallize|p1a: Skeledirge|Fairy
|move|p2a: dragon ak47|Dragon Darts|p1a: Skeledirge
|-immune|p1a: Skeledirge
|move|p1a: Skeledirge|Hex|p2a: dragon ak47
|-supereffective|p2a: dragon ak47
|-damage|p2a: dragon ak47|12/100
|
|upkeep
|turn|17
|
|t:|1757944013
|move|p2a: dragon ak47|Phantom Force||[still]
|-prepare|p2a: dragon ak47|Phantom Force
|move|p1a: Skeledirge|Hex|p2a: dragon ak47|[miss]
|-miss|p1a: Skeledirge|p2a: dragon ak47
|
|upkeep
|turn|18
|
|t:|1757944022
|move|p2a: dragon ak47|Phantom Force|p1a: Skeledirge|[from] lockedmove
|-damage|p1a: Skeledirge|70/100
|move|p1a: Skeledirge|Torch Song|p2a: dragon ak47
|-resisted|p2a: dragon ak47
|-damage|p2a: dragon ak47|0 fnt
|-boost|p1a: Skeledirge|spa|1
|faint|p2a: dragon ak47
|
|-heal|p1a: Skeledirge|76/100|[from] item: Leftovers
|upkeep
|
|t:|1757944032
|switch|p2a: DeciDude|Decidueye, M, shiny|100/100
|-damage|p2a: DeciDude|88/100|[from] Stealth Rock
|turn|19
|
|t:|1757944040
|move|p2a: DeciDude|Substitute|p2a: DeciDude
|-start|p2a: DeciDude|Substitute
|-damage|p2a: DeciDude|63/100
|move|p1a: Skeledirge|Torch Song|p2a: DeciDude
|-damage|p2a: DeciDude|0 fnt
|-boost|p1a: Skeledirge|spa|1
|replace|p2a: YOU FOOL|Zoroark-Hisui, M, shiny
|-end|p2a: YOU FOOL|Illusion
|faint|p2a: YOU FOOL
|
|-heal|p1a: Skeledirge|82/100|[from] item: Leftovers
|upkeep
|-message|Mimo69 forfeited.
|
|win|ts0x
|raw|ts0x's rating: 1070 &rarr; <strong>1102</strong><br />(+32 for winning)
|raw|Mimo69's rating: 1094 &rarr; <strong>1068</strong><br />(-26 for losing)
|l|☆Mimo69
|player|p2|
|l|☆ts0x
|player|p1|
