|j|☆Ancient Tito
|j|☆UltraAero
|t:|1757919817
|gametype|singles
|player|p1|Ancient Tito|rood|1227
|player|p2|UltraAero|dawn-gen4pt|1217
|gen|9
|tier|[Gen 9] OU
|rated|
|rule|HP Percentage Mod: HP is shown in percentages
|rule|Endless Battle Clause: Forcing endless battles is banned
|rule|Species Clause: Limit one of each Pokémon
|rule|OHKO Clause: OHKO moves are banned
|rule|Evasion Items Clause: Evasion items are banned
|rule|Evasion Moves Clause: Evasion moves are banned
|rule|Evasion Abilities Clause: Evasion abilities are banned
|rule|Sleep Moves Clause: Sleep-inducing moves are banned
|clearpoke
|poke|p1|Meowscarada, F|
|poke|p1|Cinderace, M|
|poke|p1|Dondozo, M|
|poke|p1|Raging Bolt|
|poke|p1|Iron Treads|
|poke|p1|Ogerpon-Wellspring, F|
|poke|p2|Iron Valiant|
|poke|p2|Raichu-Alola, M|
|poke|p2|Vaporeon, F|
|poke|p2|Cinderace, M|
|poke|p2|Gliscor, M|
|poke|p2|Gogoat, F|
|teampreview
|inactive|Battle timer is ON: inactive players will automatically lose when time's up. (requested by Ancient Tito)
|
|t:|1757919826
|teamsize|p1|6
|teamsize|p2|6
|start
|switch|p1a: Meowscarada|Meowscarada, F|100/100
|switch|p2a: Cinderace|Cinderace, M|100/100
|turn|1
|
|t:|1757919837
|move|p1a: Meowscarada|U-turn|p2a: Cinderace
|-start|p1a: Meowscarada|typechange|Bug|[from] ability: Protean
|-resisted|p2a: Cinderace
|-damage|p2a: Cinderace|63/100
|
|t:|1757919845
|switch|p1a: Dondozo|Dondozo, M|100/100|[from] U-turn
|move|p2a: Cinderace|U-turn|p1a: Dondozo
|-start|p2a: Cinderace|typechange|Bug|[from] ability: Libero
|-damage|p1a: Dondozo|83/100
|
|t:|1757919850
|switch|p2a: Gogoat|Gogoat, F|100/100|[from] U-turn
|
|-heal|p1a: Dondozo|89/100|[from] item: Leftovers
|upkeep
|turn|2
|
|t:|1757919857
|switch|p1a: Cinderace|Cinderace, M|100/100
|move|p2a: Gogoat|Trailblaze|p1a: Cinderace
|-resisted|p1a: Cinderace
|-damage|p1a: Cinderace|83/100
|-boost|p2a: Gogoat|spe|1
|
|upkeep
|turn|3
|
|t:|1757919867
|-terastallize|p2a: Gogoat|Fire
|move|p1a: Cinderace|Pyro Ball|p2a: Gogoat
|-resisted|p2a: Gogoat
|-damage|p2a: Gogoat|66/100
|move|p2a: Gogoat|Earthquake|p1a: Cinderace
|-supereffective|p1a: Cinderace
|-damage|p1a: Cinderace|0 fnt
|faint|p1a: Cinderace
|
|upkeep
|
|t:|1757919879
|switch|p1a: Ogerpon|Ogerpon-Wellspring, F|100/100
|turn|4
|
|t:|1757919884
|move|p1a: Ogerpon|Ivy Cudgel|p2a: Gogoat|[anim] Ivy Cudgel Water
|-supereffective|p2a: Gogoat
|-damage|p2a: Gogoat|0 fnt
|faint|p2a: Gogoat
|
|upkeep
|
|t:|1757919892
|switch|p2a: Cinderace|Cinderace, M|63/100
|turn|5
|
|t:|1757919898
|switch|p1a: Iron Treads|Iron Treads|100/100
|move|p2a: Cinderace|U-turn|p1a: Iron Treads
|-start|p2a: Cinderace|typechange|Bug|[from] ability: Libero
|-resisted|p1a: Iron Treads
|-damage|p1a: Iron Treads|87/100
|
|t:|1757919905
|switch|p2a: Iron Valiant|Iron Valiant|100/100|[from] U-turn
|-enditem|p2a: Iron Valiant|Booster Energy
|-activate|p2a: Iron Valiant|ability: Quark Drive|[fromitem]
|-start|p2a: Iron Valiant|quarkdrivespe
|
|upkeep
|turn|6
|
|t:|1757919911
|move|p2a: Iron Valiant|Close Combat|p1a: Iron Treads
|-supereffective|p1a: Iron Treads
|-damage|p1a: Iron Treads|0 fnt
|-unboost|p2a: Iron Valiant|def|1
|-unboost|p2a: Iron Valiant|spd|1
|faint|p1a: Iron Treads
|-end|p1a: Iron Treads|Quark Drive|[silent]
|
|upkeep
|
|t:|1757919917
|switch|p1a: Raging Bolt|Raging Bolt|100/100
|turn|7
|
|t:|1757919922
|move|p2a: Iron Valiant|Spirit Break|p1a: Raging Bolt
|-supereffective|p1a: Raging Bolt
|-damage|p1a: Raging Bolt|53/100
|-unboost|p1a: Raging Bolt|spa|1
|move|p1a: Raging Bolt|Calm Mind|p1a: Raging Bolt
|-boost|p1a: Raging Bolt|spa|1
|-boost|p1a: Raging Bolt|spd|1
|
|-heal|p1a: Raging Bolt|60/100|[from] item: Leftovers
|upkeep
|turn|8
|-message|Ancient Tito forfeited.
|
|win|UltraAero
|raw|Ancient Tito's rating: 1227 &rarr; <strong>1201</strong><br />(-26 for losing)
|raw|UltraAero's rating: 1217 &rarr; <strong>1243</strong><br />(+26 for winning)
|l|☆Ancient Tito
|player|p1|
|l|☆UltraAero
|player|p2|
