|j|☆Efrain.9
|j|‽ivon_neeeeeee
|t:|1757953524
|gametype|singles
|player|p1|Efrain.9|hilbert-wonderlauncher|1502
|player|p2|ivon_neeeeeee|n|1562
|gen|9
|tier|[Gen 9] OU
|rated|
|rule|HP Percentage Mod: HP is shown in percentages
|rule|Endless Battle Clause: Forcing endless battles is banned
|rule|Species Clause: Limit one of each Pokémon
|rule|OHKO Clause: OHKO moves are banned
|rule|Evasion Items Clause: Evasion items are banned
|rule|Evasion Moves Clause: Evasion moves are banned
|rule|Evasion Abilities Clause: Evasion abilities are banned
|rule|Sleep Moves Clause: Sleep-inducing moves are banned
|clearpoke
|poke|p1|Pelipper, F|
|poke|p1|Basculegion, M|
|poke|p1|Gholdengo|
|poke|p1|Scizor, M|
|poke|p1|Raging Bolt|
|poke|p1|Ogerpon-Wellspring, F|
|poke|p2|Latios, M|
|poke|p2|Ting-Lu|
|poke|p2|Gholdengo|
|poke|p2|Moltres|
|poke|p2|Great Tusk|
|poke|p2|Ogerpon-Wellspring, F|
|teampreview
|
|t:|1757953542
|teamsize|p1|6
|teamsize|p2|6
|start
|switch|p1a: Pelipper|Pelipper, F|100/100
|switch|p2a: Latios|Latios, M|100/100
|-weather|RainDance|[from] ability: Drizzle|[of] p1a: Pelipper
|turn|1
|
|t:|1757953549
|switch|p1a: Scizor|Scizor, M|100/100
|move|p2a: Latios|Draco Meteor|p1a: Scizor
|-resisted|p1a: Scizor
|-damage|p1a: Scizor|55/100
|-unboost|p2a: Latios|spa|2
|
|-weather|RainDance|[upkeep]
|upkeep
|turn|2
|
|t:|1757953558
|switch|p2a: Moltres|Moltres|100/100
|switch|p1a: Raging Bolt|Raging Bolt|100/100
|
|-weather|RainDance|[upkeep]
|upkeep
|turn|3
|
|t:|1757953565
|switch|p2a: Latios|Latios, M|100/100
|move|p1a: Raging Bolt|Weather Ball|p2a: Latios
|-resisted|p2a: Latios
|-damage|p2a: Latios|63/100
|-damage|p1a: Raging Bolt|91/100|[from] item: Life Orb
|
|-weather|RainDance|[upkeep]
|upkeep
|turn|4
|
|t:|1757953574
|-terastallize|p1a: Raging Bolt|Fairy
|move|p2a: Latios|Psychic Noise|p1a: Raging Bolt
|-damage|p1a: Raging Bolt|51/100
|-start|p1a: Raging Bolt|move: Heal Block
|move|p1a: Raging Bolt|Draco Meteor|p2a: Latios
|-supereffective|p2a: Latios
|-damage|p2a: Latios|0 fnt
|-unboost|p1a: Raging Bolt|spa|2
|faint|p2a: Latios
|-damage|p1a: Raging Bolt|41/100|[from] item: Life Orb
|
|-weather|RainDance|[upkeep]
|upkeep
|
|t:|1757953587
|switch|p2a: Ogerpon|Ogerpon-Wellspring, F|100/100
|turn|5
|
|t:|1757953591
|-end|p1a: Raging Bolt|Protosynthesis|[silent]
|switch|p1a: Ogerpon|Ogerpon-Wellspring, F|100/100
|move|p2a: Ogerpon|U-turn|p1a: Ogerpon
|-supereffective|p1a: Ogerpon
|-damage|p1a: Ogerpon|25/100
|
|t:|1757953598
|switch|p2a: Gholdengo|Gholdengo|100/100|[from] U-turn
|
|-weather|RainDance|[upkeep]
|upkeep
|turn|6
|
|t:|1757953603
|move|p2a: Gholdengo|Shadow Ball|p1a: Ogerpon
|-damage|p1a: Ogerpon|0 fnt
|faint|p1a: Ogerpon
|
|-weather|RainDance|[upkeep]
|upkeep
|inactive|Battle timer is ON: inactive players will automatically lose when time's up. (requested by ivon_neeeeeee)
|
|t:|1757953610
|switch|p1a: Basculegion|Basculegion, M|100/100
|turn|7
|
|t:|1757953617
|switch|p2a: Ogerpon|Ogerpon-Wellspring, F|100/100
|move|p1a: Basculegion|Wave Crash|p2a: Ogerpon
|-immune|p2a: Ogerpon|[from] ability: Water Absorb
|
|-weather|RainDance|[upkeep]
|upkeep
|turn|8
|
|t:|1757953624
|switch|p1a: Scizor|Scizor, M|55/100
|move|p2a: Ogerpon|Knock Off|p1a: Scizor
|-damage|p1a: Scizor|14/100
|-enditem|p1a: Scizor|Heavy-Duty Boots|[from] move: Knock Off|[of] p2a: Ogerpon
|
|-weather|none
|upkeep
|turn|9
|
|t:|1757953631
|move|p1a: Scizor|Bullet Punch|p2a: Ogerpon
|-resisted|p2a: Ogerpon
|-damage|p2a: Ogerpon|76/100
|move|p2a: Ogerpon|Knock Off|p1a: Scizor
|-damage|p1a: Scizor|0 fnt
|faint|p1a: Scizor
|
|upkeep
|
|t:|1757953644
|switch|p1a: Pelipper|Pelipper, F|100/100
|-weather|RainDance|[from] ability: Drizzle|[of] p1a: Pelipper
|turn|10
|
|t:|1757953651
|move|p2a: Ogerpon|U-turn|p1a: Pelipper
|-resisted|p1a: Pelipper
|-damage|p1a: Pelipper|86/100
|
|t:|1757953655
|switch|p2a: Gholdengo|Gholdengo|100/100|[from] U-turn
|move|p1a: Pelipper|Hurricane|p2a: Gholdengo
|-resisted|p2a: Gholdengo
|-damage|p2a: Gholdengo|69/100
|-start|p2a: Gholdengo|confusion
|
|-weather|RainDance|[upkeep]
|upkeep
|turn|11
|
|t:|1757953665
|switch|p2a: Ting-Lu|Ting-Lu|100/100
|-ability|p2a: Ting-Lu|Vessel of Ruin
|move|p1a: Pelipper|Weather Ball|p2a: Ting-Lu
|-supereffective|p2a: Ting-Lu
|-damage|p2a: Ting-Lu|43/100
|
|-weather|RainDance|[upkeep]
|-heal|p2a: Ting-Lu|50/100|[from] item: Leftovers
|upkeep
|turn|12
|
|t:|1757953682
|move|p1a: Pelipper|Weather Ball|p2a: Ting-Lu
|-supereffective|p2a: Ting-Lu
|-damage|p2a: Ting-Lu|0 fnt
|faint|p2a: Ting-Lu
|
|-weather|RainDance|[upkeep]
|upkeep
|
|t:|1757953688
|switch|p2a: Gholdengo|Gholdengo|69/100
|turn|13
|
|t:|1757953691
|move|p2a: Gholdengo|Shadow Ball|p1a: Pelipper
|-damage|p1a: Pelipper|23/100
|move|p1a: Pelipper|Weather Ball|p2a: Gholdengo
|-damage|p2a: Gholdengo|0 fnt
|faint|p2a: Gholdengo
|
|-weather|RainDance|[upkeep]
|upkeep
|
|t:|1757953699
|switch|p2a: Ogerpon|Ogerpon-Wellspring, F|76/100
|turn|14
|
|t:|1757953713
|move|p2a: Ogerpon|Knock Off|p1a: Pelipper
|-damage|p1a: Pelipper|0 fnt
|-enditem|p1a: Pelipper|Damp Rock|[from] move: Knock Off|[of] p2a: Ogerpon
|faint|p1a: Pelipper
|
|-weather|RainDance|[upkeep]
|upkeep
|
|t:|1757953721
|switch|p1a: Raging Bolt|Raging Bolt, tera:Fairy|41/100
|turn|15
|
|t:|1757953725
|move|p1a: Raging Bolt|Thunderclap|p2a: Ogerpon
|-damage|p2a: Ogerpon|18/100
|-damage|p1a: Raging Bolt|31/100|[from] item: Life Orb
|move|p2a: Ogerpon|Ivy Cudgel|p1a: Raging Bolt|[anim] Ivy Cudgel Water
|-crit|p1a: Raging Bolt
|-damage|p1a: Raging Bolt|0 fnt
|faint|p1a: Raging Bolt
|-end|p1a: Raging Bolt|Protosynthesis|[silent]
|
|-weather|RainDance|[upkeep]
|upkeep
|
|t:|1757953733
|switch|p1a: Basculegion|Basculegion, M|100/100
|turn|16
|
|t:|1757953741
|switch|p2a: Great Tusk|Great Tusk|100/100
|move|p1a: Basculegion|Tera Blast|p2a: Great Tusk
|-damage|p2a: Great Tusk|73/100
|-damage|p1a: Basculegion|91/100|[from] item: Life Orb
|
|-weather|RainDance|[upkeep]
|upkeep
|turn|17
|
|t:|1757953750
|move|p1a: Basculegion|Ice Fang|p2a: Great Tusk|[miss]
|-miss|p1a: Basculegion|p2a: Great Tusk
|move|p2a: Great Tusk|Headlong Rush|p1a: Basculegion
|-damage|p1a: Basculegion|6/100
|-unboost|p2a: Great Tusk|def|1
|-unboost|p2a: Great Tusk|spd|1
|
|-weather|none
|upkeep
|turn|18
|
|t:|1757953759
|move|p1a: Basculegion|Aqua Jet|p2a: Great Tusk
|-supereffective|p2a: Great Tusk
|-damage|p2a: Great Tusk|16/100
|-damage|p1a: Basculegion|0 fnt|[from] item: Life Orb
|faint|p1a: Basculegion
|move|p2a: Great Tusk|Ice Spinner|p1: Basculegion|[notarget]
|-fail|p2a: Great Tusk
|
|upkeep
|
|t:|1757953765
|switch|p1a: Gholdengo|Gholdengo, shiny|100/100
|turn|19
|
|t:|1757953768
|move|p2a: Great Tusk|Headlong Rush|p1a: Gholdengo
|-supereffective|p1a: Gholdengo
|-damage|p1a: Gholdengo|0 fnt
|-unboost|p2a: Great Tusk|def|1
|-unboost|p2a: Great Tusk|spd|1
|faint|p1a: Gholdengo
|
|win|ivon_neeeeeee
|raw|Efrain.9's rating: 1502 &rarr; <strong>1485</strong><br />(-17 for losing)
|raw|ivon_neeeeeee's rating: 1562 &rarr; <strong>1579</strong><br />(+17 for winning)
|l|☆Efrain.9
|player|p1|
|l|‽ivon_neeeeeee
|player|p2|
