|j|☆Jinghan Yu
|j|☆LX1987
|t:|1757862735
|gametype|singles
|player|p1|Jinghan Yu|nate|1295
|player|p2|LX1987|169|1334
|gen|9
|tier|[Gen 9] OU
|rated|
|rule|HP Percentage Mod: HP is shown in percentages
|rule|Endless Battle Clause: Forcing endless battles is banned
|rule|Species Clause: Limit one of each Pokémon
|rule|OHKO Clause: OHKO moves are banned
|rule|Evasion Items Clause: Evasion items are banned
|rule|Evasion Moves Clause: Evasion moves are banned
|rule|Evasion Abilities Clause: Evasion abilities are banned
|rule|Sleep Moves Clause: Sleep-inducing moves are banned
|clearpoke
|poke|p1|Scizor, M|
|poke|p1|Tyranitar, M|
|poke|p1|Garchomp, M|
|poke|p1|Gyarados, M|
|poke|p1|Gengar, M|
|poke|p1|Excadrill, M|
|poke|p2|Dragonite, F|
|poke|p2|Gholdengo|
|poke|p2|Weezing-Galar, F|
|poke|p2|Kleavor, M|
|poke|p2|Primarina, F|
|poke|p2|Breloom, M|
|teampreview
|
|t:|1757862744
|teamsize|p1|6
|teamsize|p2|6
|start
|switch|p1a: Timothy|Tyranitar, M|100/100
|switch|p2a: Kleavor|Kleavor, M|100/100
|-weather|Sandstorm|[from] ability: Sand Stream|[of] p1a: Timothy
|turn|1
|
|t:|1757862752
|move|p2a: Kleavor|Stone Axe|p1a: Timothy
|-damage|p1a: Timothy|50/100
|-sidestart|p1: Jinghan Yu|move: Stealth Rock
|move|p1a: Timothy|Stealth Rock|p2a: Kleavor
|-sidestart|p2: LX1987|move: Stealth Rock
|
|-weather|Sandstorm|[upkeep]
|upkeep
|turn|2
|
|t:|1757862760
|switch|p1a: Mangus|Garchomp, M, shiny|100/100
|-damage|p1a: Mangus|94/100|[from] Stealth Rock
|move|p2a: Kleavor|Close Combat|p1a: Mangus
|-damage|p1a: Mangus|50/100
|-unboost|p2a: Kleavor|def|1
|-unboost|p2a: Kleavor|spd|1
|-damage|p2a: Kleavor|88/100|[from] ability: Rough Skin|[of] p1a: Mangus
|-damage|p2a: Kleavor|72/100|[from] item: Rocky Helmet|[of] p1a: Mangus
|
|-weather|Sandstorm|[upkeep]
|upkeep
|turn|3
|
|t:|1757862775
|switch|p2a: Weezing|Weezing-Galar, F|100/100
|-damage|p2a: Weezing|88/100|[from] Stealth Rock
|-terastallize|p1a: Mangus|Ghost
|move|p1a: Mangus|Swords Dance|p1a: Mangus
|-boost|p1a: Mangus|atk|2
|
|-weather|Sandstorm|[upkeep]
|-damage|p1a: Mangus|44/100|[from] Sandstorm
|-damage|p2a: Weezing|82/100|[from] Sandstorm
|upkeep
|turn|4
|
|t:|1757862787
|move|p1a: Mangus|Earthquake|p2a: Weezing
|-immune|p2a: Weezing|[from] ability: Levitate
|move|p2a: Weezing|Toxic|p1a: Mangus
|-status|p1a: Mangus|tox
|
|-weather|Sandstorm|[upkeep]
|-damage|p1a: Mangus|38/100 tox|[from] Sandstorm
|-damage|p2a: Weezing|76/100|[from] Sandstorm
|-damage|p1a: Mangus|32/100 tox|[from] psn
|upkeep
|turn|5
|inactive|Battle timer is ON: inactive players will automatically lose when time's up. (requested by LX1987)
|
|t:|1757862798
|move|p1a: Mangus|Shadow Claw|p2a: Weezing
|-damage|p2a: Weezing|20/100
|-damage|p1a: Mangus|16/100 tox|[from] item: Rocky Helmet|[of] p2a: Weezing
|move|p2a: Weezing|Fire Blast|p1a: Mangus
|-damage|p1a: Mangus|0 fnt
|faint|p1a: Mangus
|
|-weather|Sandstorm|[upkeep]
|-damage|p2a: Weezing|14/100|[from] Sandstorm
|upkeep
|
|t:|1757862804
|switch|p1a: Boden|Scizor, M, shiny|100/100
|-damage|p1a: Boden|88/100|[from] Stealth Rock
|turn|6
|
|t:|1757862816
|move|p1a: Boden|Swords Dance|p1a: Boden
|-boost|p1a: Boden|atk|2
|move|p2a: Weezing|Fire Blast|p1a: Boden
|-supereffective|p1a: Boden
|-damage|p1a: Boden|0 fnt
|faint|p1a: Boden
|
|-weather|Sandstorm|[upkeep]
|-damage|p2a: Weezing|8/100|[from] Sandstorm
|upkeep
|
|t:|1757862824
|switch|p1a: Osten|Gyarados, M, shiny|100/100
|-damage|p1a: Osten|76/100|[from] Stealth Rock
|-ability|p1a: Osten|Intimidate|boost
|-unboost|p2a: Weezing|atk|1
|turn|7
|
|t:|1757862832
|move|p1a: Osten|Dragon Dance|p1a: Osten
|-boost|p1a: Osten|atk|1
|-boost|p1a: Osten|spe|1
|move|p2a: Weezing|Toxic|p1a: Osten
|-status|p1a: Osten|tox
|
|-weather|Sandstorm|[upkeep]
|-damage|p1a: Osten|70/100 tox|[from] Sandstorm
|-damage|p2a: Weezing|2/100|[from] Sandstorm
|-heal|p1a: Osten|76/100 tox|[from] item: Leftovers
|-damage|p1a: Osten|70/100 tox|[from] psn
|upkeep
|turn|8
|
|t:|1757862843
|move|p1a: Osten|Dragon Dance|p1a: Osten
|-boost|p1a: Osten|atk|1
|-boost|p1a: Osten|spe|1
|move|p2a: Weezing|Strange Steam|p1a: Osten
|-damage|p1a: Osten|42/100 tox
|-start|p1a: Osten|confusion
|
|-weather|none
|-heal|p1a: Osten|48/100 tox|[from] item: Leftovers
|-damage|p1a: Osten|36/100 tox|[from] psn
|upkeep
|turn|9
|
|t:|1757862855
|-activate|p1a: Osten|confusion
|-damage|p1a: Osten|0 fnt|[from] confusion
|faint|p1a: Osten
|move|p2a: Weezing|Strange Steam|p1: Osten|[notarget]
|-fail|p2a: Weezing
|
|upkeep
|
|t:|1757862857
|switch|p1a: Timothy|Tyranitar, M|50/100
|-damage|p1a: Timothy|38/100|[from] Stealth Rock
|-weather|Sandstorm|[from] ability: Sand Stream|[of] p1a: Timothy
|turn|10
|
|t:|1757862865
|move|p1a: Timothy|Rock Slide|p2a: Weezing|[miss]
|-miss|p1a: Timothy|p2a: Weezing
|move|p2a: Weezing|Toxic|p1a: Timothy
|-status|p1a: Timothy|tox
|
|-weather|Sandstorm|[upkeep]
|-damage|p2a: Weezing|0 fnt|[from] Sandstorm
|faint|p2a: Weezing
|-damage|p1a: Timothy|32/100 tox|[from] psn
|upkeep
|
|t:|1757862878
|switch|p2a: Breloom|Breloom, M|100/100
|-damage|p2a: Breloom|94/100|[from] Stealth Rock
|turn|11
|
|t:|1757862884
|switch|p1a: Nasim|Gengar, M|100/100
|-damage|p1a: Nasim|88/100|[from] Stealth Rock
|move|p2a: Breloom|Rock Tomb|p1a: Nasim
|-damage|p1a: Nasim|26/100
|-unboost|p1a: Nasim|spe|1
|
|-weather|Sandstorm|[upkeep]
|-damage|p2a: Breloom|88/100|[from] Sandstorm
|-damage|p1a: Nasim|20/100|[from] Sandstorm
|-enditem|p1a: Nasim|Salac Berry|[eat]
|-boost|p1a: Nasim|spe|1|[from] item: Salac Berry
|upkeep
|turn|12
|
|t:|1757862899
|switch|p2a: Primarina|Primarina, F|100/100
|-damage|p2a: Primarina|88/100|[from] Stealth Rock
|move|p1a: Nasim|Dazzling Gleam|p2a: Primarina
|-damage|p2a: Primarina|73/100
|
|-weather|Sandstorm|[upkeep]
|-damage|p1a: Nasim|13/100|[from] Sandstorm
|-damage|p2a: Primarina|67/100|[from] Sandstorm
|upkeep
|turn|13
|
|t:|1757862910
|move|p1a: Nasim|Hex|p2a: Primarina
|-damage|p2a: Primarina|45/100
|move|p2a: Primarina|Sparkling Aria|p1a: Nasim
|-crit|p1a: Nasim
|-damage|p1a: Nasim|0 fnt
|faint|p1a: Nasim
|
|-weather|Sandstorm|[upkeep]
|-damage|p2a: Primarina|39/100|[from] Sandstorm
|upkeep
|
|t:|1757862915
|switch|p1a: Emmett|Excadrill, M|100/100
|-damage|p1a: Emmett|97/100|[from] Stealth Rock
|-item|p1a: Emmett|Air Balloon
|turn|14
|
|t:|1757862925
|move|p1a: Emmett|Earthquake|p2a: Primarina
|-damage|p2a: Primarina|0 fnt
|faint|p2a: Primarina
|
|-weather|Sandstorm|[upkeep]
|upkeep
|
|t:|1757862932
|switch|p2a: Breloom|Breloom, M|88/100
|-damage|p2a: Breloom|82/100|[from] Stealth Rock
|turn|15
|
|t:|1757862941
|move|p2a: Breloom|Mach Punch|p1a: Emmett
|-supereffective|p1a: Emmett
|-crit|p1a: Emmett
|-damage|p1a: Emmett|0 fnt
|-enditem|p1a: Emmett|Air Balloon
|faint|p1a: Emmett
|
|-weather|Sandstorm|[upkeep]
|-damage|p2a: Breloom|76/100|[from] Sandstorm
|upkeep
|
|t:|1757862945
|switch|p1a: Timothy|Tyranitar, M|32/100 tox
|-damage|p1a: Timothy|19/100 tox|[from] Stealth Rock
|turn|16
|-message|Jinghan Yu forfeited.
|
|win|LX1987
|raw|Jinghan Yu's rating: 1295 &rarr; <strong>1273</strong><br />(-22 for losing)
|raw|LX1987's rating: 1334 &rarr; <strong>1352</strong><br />(+18 for winning)
|l|☆Jinghan Yu
|player|p1|
