|j|☆Brewers_Pizza
|j|☆LooksGoodToMe
|t:|1757914563
|gametype|singles
|player|p1|Brewers_Pizza|sabrina|1134
|player|p2|LooksGoodToMe|169|1193
|gen|9
|tier|[Gen 9] OU
|rated|
|rule|HP Percentage Mod: HP is shown in percentages
|rule|Endless Battle Clause: Forcing endless battles is banned
|rule|Species Clause: Limit one of each Pokémon
|rule|OHKO Clause: OHKO moves are banned
|rule|Evasion Items Clause: Evasion items are banned
|rule|Evasion Moves Clause: Evasion moves are banned
|rule|Evasion Abilities Clause: Evasion abilities are banned
|rule|Sleep Moves Clause: Sleep-inducing moves are banned
|clearpoke
|poke|p1|Glimmora, M|
|poke|p1|Darkrai|
|poke|p1|Delphox, M|
|poke|p1|Indeedee, M|
|poke|p1|Arcanine-Hisui, F|
|poke|p1|Breloom, M|
|poke|p2|Dragapult, F|
|poke|p2|Zamazenta-*|
|poke|p2|Darkrai|
|poke|p2|Cinderace, F|
|poke|p2|Iron Valiant|
|poke|p2|Ogerpon-Wellspring, F|
|teampreview
|inactive|Battle timer is ON: inactive players will automatically lose when time's up. (requested by LooksGoodToMe)
|inactive|LooksGoodToMe has 120 seconds left.
|
|t:|1757914599
|teamsize|p1|6
|teamsize|p2|6
|start
|switch|p1a: Indeedee|Indeedee, M|100/100
|switch|p2a: Darkrai|Darkrai|100/100
|-fieldstart|move: Psychic Terrain|[from] ability: Psychic Surge|[of] p1a: Indeedee
|turn|1
|c|☆LooksGoodToMe|hf
|
|t:|1757914623
|move|p2a: Darkrai|Focus Blast|p1a: Indeedee
|-damage|p1a: Indeedee|21/100
|-damage|p2a: Darkrai|91/100|[from] item: Life Orb
|move|p1a: Indeedee|Dazzling Gleam|p2a: Darkrai
|-supereffective|p2a: Darkrai
|-damage|p2a: Darkrai|0 fnt
|faint|p2a: Darkrai
|
|upkeep
|c|☆Brewers_Pizza|Gl hf
|inactive|LooksGoodToMe has 120 seconds left.
|
|t:|1757914654
|switch|p2a: Ogerpon|Ogerpon-Wellspring, F|100/100
|turn|2
|inactive|LooksGoodToMe has 90 seconds left.
|
|t:|1757914683
|switch|p1a: Breloom|Breloom, M|100/100
|move|p2a: Ogerpon|Trailblaze|p1a: Breloom
|-resisted|p1a: Breloom
|-damage|p1a: Breloom|83/100
|-boost|p2a: Ogerpon|spe|1
|
|upkeep
|turn|3
|inactive|LooksGoodToMe has 90 seconds left.
|
|t:|1757914709
|move|p2a: Ogerpon|Play Rough|p1a: Breloom
|-supereffective|p1a: Breloom
|-damage|p1a: Breloom|0 fnt
|faint|p1a: Breloom
|
|upkeep
|
|t:|1757914722
|switch|p1a: Glimmora|Glimmora, M|100/100
|turn|4
|c|☆Brewers_Pizza|Oops
|c|☆Brewers_Pizza|me when I forget rock is weak to water
|
|t:|1757914751
|move|p2a: Ogerpon|Ivy Cudgel|p1a: Glimmora|[anim] Ivy Cudgel Water
|-supereffective|p1a: Glimmora
|-enditem|p1a: Glimmora|Focus Sash
|-damage|p1a: Glimmora|1/100
|move|p1a: Glimmora|Sludge Bomb|p2a: Ogerpon
|-supereffective|p2a: Ogerpon
|-damage|p2a: Ogerpon|0 fnt
|faint|p2a: Ogerpon
|
|upkeep
|inactive|LooksGoodToMe has 60 seconds left.
|c|☆Brewers_Pizza|Not me also forgetting I had sash
|
|t:|1757914777
|switch|p2a: Zamazenta|Zamazenta|100/100
|-ability|p2a: Zamazenta|Dauntless Shield|boost
|-boost|p2a: Zamazenta|def|1
|turn|5
|inactive|LooksGoodToMe has 30 seconds left.
|
|t:|1757914805
|switch|p1a: Delphox|Delphox, M|100/100
|move|p2a: Zamazenta|Wild Charge|p1a: Delphox
|-damage|p1a: Delphox|36/100
|-damage|p2a: Zamazenta|86/100|[from] Recoil
|-enditem|p1a: Delphox|Red Card|[of] p2a: Zamazenta
|drag|p2a: Iron Valiant|Iron Valiant|100/100
|
|-fieldend|move: Psychic Terrain
|upkeep
|turn|6
|inactive|LooksGoodToMe has 30 seconds left.
|inactive|LooksGoodToMe has 20 seconds left.
|
|t:|1757914828
|move|p2a: Iron Valiant|Shadow Ball|p1a: Delphox
|-supereffective|p1a: Delphox
|-damage|p1a: Delphox|0 fnt
|faint|p1a: Delphox
|-damage|p2a: Iron Valiant|91/100|[from] item: Life Orb
|
|upkeep
|
|t:|1757914843
|switch|p1a: Arcanine|Arcanine-Hisui, F|100/100
|-ability|p1a: Arcanine|Intimidate|boost
|-unboost|p2a: Iron Valiant|atk|1
|turn|7
|inactive|LooksGoodToMe has 30 seconds left.
|inactive|LooksGoodToMe has 20 seconds left.
|
|t:|1757914859
|move|p2a: Iron Valiant|Close Combat|p1a: Arcanine
|-supereffective|p1a: Arcanine
|-damage|p1a: Arcanine|4/100
|-unboost|p2a: Iron Valiant|def|1
|-unboost|p2a: Iron Valiant|spd|1
|-damage|p2a: Iron Valiant|74/100|[from] item: Rocky Helmet|[of] p1a: Arcanine
|-damage|p2a: Iron Valiant|65/100|[from] item: Life Orb
|move|p1a: Arcanine|Will-O-Wisp|p2a: Iron Valiant
|-status|p2a: Iron Valiant|brn
|
|-damage|p2a: Iron Valiant|58/100 brn|[from] brn
|upkeep
|turn|8
|inactive|LooksGoodToMe has 30 seconds left this turn.
|inactive|LooksGoodToMe has 20 seconds left.
|
|t:|1757914878
|switch|p1a: Glimmora|Glimmora, M|1/100
|move|p2a: Iron Valiant|Moonblast|p1a: Glimmora
|-resisted|p1a: Glimmora
|-damage|p1a: Glimmora|0 fnt
|faint|p1a: Glimmora
|-damage|p2a: Iron Valiant|49/100 brn|[from] item: Life Orb
|
|-damage|p2a: Iron Valiant|42/100 brn|[from] brn
|upkeep
|
|t:|1757914886
|switch|p1a: Darkrai|Darkrai|100/100
|turn|9
|inactive|LooksGoodToMe has 30 seconds left.
|
|t:|1757914897
|-end|p2a: Iron Valiant|Quark Drive|[silent]
|switch|p2a: Zamazenta|Zamazenta|86/100
|-terastallize|p1a: Darkrai|Electric
|move|p1a: Darkrai|Nasty Plot|p1a: Darkrai
|-boost|p1a: Darkrai|spa|2
|
|upkeep
|turn|10
|
|t:|1757914906
|move|p2a: Zamazenta|Close Combat|p1a: Darkrai
|-damage|p1a: Darkrai|0 fnt
|-unboost|p2a: Zamazenta|def|1
|-unboost|p2a: Zamazenta|spd|1
|faint|p1a: Darkrai
|-damage|p2a: Zamazenta|76/100|[from] item: Life Orb
|
|upkeep
|
|t:|1757914911
|switch|p1a: Indeedee|Indeedee, M|21/100
|-fieldstart|move: Psychic Terrain|[from] ability: Psychic Surge|[of] p1a: Indeedee
|turn|11
|
|t:|1757914920
|move|p2a: Zamazenta|Wild Charge|p1a: Indeedee
|-damage|p1a: Indeedee|0 fnt
|faint|p1a: Indeedee
|-damage|p2a: Zamazenta|72/100|[from] Recoil
|-damage|p2a: Zamazenta|62/100|[from] item: Life Orb
|
|upkeep
|
|t:|1757914924
|switch|p1a: Arcanine|Arcanine-Hisui, F|4/100
|-ability|p1a: Arcanine|Intimidate|boost
|-unboost|p2a: Zamazenta|atk|1
|turn|12
|
|t:|1757914928
|move|p2a: Zamazenta|Play Rough|p1a: Arcanine
|-resisted|p1a: Arcanine
|-damage|p1a: Arcanine|0 fnt
|-damage|p2a: Zamazenta|46/100|[from] item: Rocky Helmet|[of] p1a: Arcanine
|faint|p1a: Arcanine
|-damage|p2a: Zamazenta|36/100|[from] item: Life Orb
|
|win|LooksGoodToMe
|raw|Brewers_Pizza's rating: 1134 &rarr; <strong>1113</strong><br />(-21 for losing)
|raw|LooksGoodToMe's rating: 1193 &rarr; <strong>1214</strong><br />(+21 for winning)
|c|☆LooksGoodToMe|gg
|c|☆Brewers_Pizza|Gg
|l|☆Brewers_Pizza
|player|p1|
|l|☆LooksGoodToMe
|player|p2|
