|j|‽Once-well trained
|j|☆kattenkg
|t:|1757848080
|gametype|singles
|player|p1|Once-well trained|lucas|1101
|player|p2|kattenkg|dawn|1107
|gen|9
|tier|[Gen 9] OU
|rated|
|rule|HP Percentage Mod: HP is shown in percentages
|rule|Endless Battle Clause: Forcing endless battles is banned
|rule|Species Clause: Limit one of each Pokémon
|rule|OHKO Clause: OHKO moves are banned
|rule|Evasion Items Clause: Evasion items are banned
|rule|Evasion Moves Clause: Evasion moves are banned
|rule|Evasion Abilities Clause: Evasion abilities are banned
|rule|Sleep Moves Clause: Sleep-inducing moves are banned
|clearpoke
|poke|p1|Primarina, M|
|poke|p1|Mew|
|poke|p1|Altaria, M|
|poke|p1|Ditto|
|poke|p1|Cinderace, M|
|poke|p1|Scream Tail|
|poke|p2|Furret, M|
|poke|p2|Vivillon-Pokeball, F|
|poke|p2|Iron Moth|
|poke|p2|Dragonite, F|
|poke|p2|Gholdengo|
|poke|p2|Ursaluna, F|
|teampreview
|
|t:|1757848101
|teamsize|p1|6
|teamsize|p2|6
|start
|switch|p1a: Primarina|Primarina, M, shiny|100/100
|switch|p2a: Vivillon|Vivillon-Pokeball, F|100/100
|turn|1
|
|t:|1757848108
|move|p2a: Vivillon|Quiver Dance|p2a: Vivillon
|-boost|p2a: Vivillon|spa|1
|-boost|p2a: Vivillon|spd|1
|-boost|p2a: Vivillon|spe|1
|move|p1a: Primarina|Flip Turn|p2a: Vivillon
|-damage|p2a: Vivillon|72/100
|
|t:|1757848119
|switch|p1a: Ditto|Ditto|100/100|[from] Flip Turn
|-transform|p1a: Ditto|p2a: Vivillon|[from] ability: Imposter
|
|upkeep
|turn|2
|
|t:|1757848127
|-terastallize|p2a: Vivillon|Steel
|move|p1a: Ditto|Hurricane|p2a: Vivillon
|-resisted|p2a: Vivillon
|-damage|p2a: Vivillon|22/100
|move|p2a: Vivillon|Hurricane|p1a: Ditto
|-supereffective|p1a: Ditto
|-damage|p1a: Ditto|0 fnt
|faint|p1a: Ditto
|
|upkeep
|
|t:|1757848135
|switch|p1a: Cinderace|Cinderace, M|100/100
|turn|3
|
|t:|1757848138
|move|p1a: Cinderace|Sucker Punch|p2a: Vivillon
|-start|p1a: Cinderace|typechange|Dark|[from] ability: Libero
|-damage|p2a: Vivillon|0 fnt
|faint|p2a: Vivillon
|
|upkeep
|
|t:|1757848144
|switch|p2a: Ursaluna|Ursaluna, F|100/100
|turn|4
|
|t:|1757848162
|switch|p2a: Gholdengo|Gholdengo|100/100
|move|p1a: Cinderace|U-turn|p2a: Gholdengo
|-resisted|p2a: Gholdengo
|-damage|p2a: Gholdengo|94/100
|
|t:|1757848170
|switch|p1a: Altaria|Altaria, M|100/100|[from] U-turn
|
|upkeep
|turn|5
|
|t:|1757848192
|move|p2a: Gholdengo|Trick|p1a: Altaria
|-activate|p2a: Gholdengo|move: Trick|[of] p1a: Altaria
|-item|p1a: Altaria|Choice Scarf|[from] move: Trick
|-item|p2a: Gholdengo|Eject Button|[from] move: Trick
|move|p1a: Altaria|Flamethrower|p2a: Gholdengo
|-supereffective|p2a: Gholdengo
|-damage|p2a: Gholdengo|57/100
|-enditem|p2a: Gholdengo|Eject Button
|
|t:|1757848206
|switch|p2a: Iron Moth|Iron Moth|100/100
|-enditem|p2a: Iron Moth|Booster Energy
|-activate|p2a: Iron Moth|ability: Quark Drive|[fromitem]
|-start|p2a: Iron Moth|quarkdrivespa
|
|upkeep
|turn|6
|
|t:|1757848221
|switch|p1a: Primarina|Primarina, M, shiny|100/100
|move|p2a: Iron Moth|Dazzling Gleam|p1a: Primarina
|-damage|p1a: Primarina|69/100
|
|upkeep
|turn|7
|
|t:|1757848228
|move|p2a: Iron Moth|Sludge Wave|p1a: Primarina
|-supereffective|p1a: Primarina
|-damage|p1a: Primarina|0 fnt
|faint|p1a: Primarina
|
|upkeep
|
|t:|1757848234
|switch|p1a: Cinderace|Cinderace, M|100/100
|turn|8
|
|t:|1757848237
|move|p1a: Cinderace|Zen Headbutt|p2a: Iron Moth
|-start|p1a: Cinderace|typechange|Psychic|[from] ability: Libero
|-supereffective|p2a: Iron Moth
|-damage|p2a: Iron Moth|0 fnt
|faint|p2a: Iron Moth
|-end|p2a: Iron Moth|Quark Drive|[silent]
|
|upkeep
|
|t:|1757848244
|switch|p2a: Gholdengo|Gholdengo|57/100
|turn|9
|
|t:|1757848250
|move|p1a: Cinderace|U-turn|p2a: Gholdengo
|-resisted|p2a: Gholdengo
|-damage|p2a: Gholdengo|52/100
|
|t:|1757848255
|switch|p1a: Altaria|Altaria, M|100/100|[from] U-turn
|move|p2a: Gholdengo|Trick|p1a: Altaria
|-activate|p2a: Gholdengo|move: Trick|[of] p1a: Altaria
|-enditem|p1a: Altaria|Choice Scarf|[silent]|[from] move: Trick
|-item|p2a: Gholdengo|Choice Scarf|[from] move: Trick
|
|upkeep
|turn|10
|
|t:|1757848267
|move|p2a: Gholdengo|Shadow Ball|p1a: Altaria
|-damage|p1a: Altaria|65/100
|move|p1a: Altaria|Flamethrower|p2a: Gholdengo
|-supereffective|p2a: Gholdengo
|-damage|p2a: Gholdengo|18/100
|
|upkeep
|turn|11
|
|t:|1757848274
|move|p2a: Gholdengo|Shadow Ball|p1a: Altaria
|-damage|p1a: Altaria|31/100
|move|p1a: Altaria|Flamethrower|p2a: Gholdengo
|-supereffective|p2a: Gholdengo
|-damage|p2a: Gholdengo|0 fnt
|faint|p2a: Gholdengo
|
|upkeep
|
|t:|1757848280
|switch|p2a: Dragonite|Dragonite, F|100/100
|turn|12
|
|t:|1757848284
|move|p2a: Dragonite|Extreme Speed|p1a: Altaria
|-damage|p1a: Altaria|2/100
|move|p1a: Altaria|Roost|p1a: Altaria
|-heal|p1a: Altaria|52/100
|-singleturn|p1a: Altaria|move: Roost
|
|upkeep
|turn|13
|
|t:|1757848310
|move|p2a: Dragonite|Dragon Dance|p2a: Dragonite
|-boost|p2a: Dragonite|atk|1
|-boost|p2a: Dragonite|spe|1
|move|p1a: Altaria|Brave Bird|p2a: Dragonite
|-damage|p2a: Dragonite|85/100
|-damage|p1a: Altaria|46/100|[from] Recoil
|
|upkeep
|turn|14
|
|t:|1757848344
|switch|p1a: Mew|Mew|100/100
|move|p2a: Dragonite|Ice Spinner|p1a: Mew
|-damage|p1a: Mew|61/100
|
|upkeep
|turn|15
|
|t:|1757848353
|move|p2a: Dragonite|Extreme Speed|p1a: Mew
|-damage|p1a: Mew|19/100
|move|p1a: Mew|Reflect|p1a: Mew
|-sidestart|p1: Once-well trained|Reflect
|
|upkeep
|turn|16
|
|t:|1757848363
|move|p2a: Dragonite|Extreme Speed|p1a: Mew
|-damage|p1a: Mew|0 fnt
|faint|p1a: Mew
|
|upkeep
|
|t:|1757848385
|switch|p1a: Scream Tail|Scream Tail|100/100
|turn|17
|
|t:|1757848394
|switch|p2a: Ursaluna|Ursaluna, F|100/100
|move|p1a: Scream Tail|Ice Punch|p2a: Ursaluna
|-supereffective|p2a: Ursaluna
|-damage|p2a: Ursaluna|73/100
|
|-status|p2a: Ursaluna|brn|[from] item: Flame Orb
|upkeep
|turn|18
|
|t:|1757848408
|move|p1a: Scream Tail|Ice Punch|p2a: Ursaluna
|-supereffective|p2a: Ursaluna
|-damage|p2a: Ursaluna|47/100 brn
|move|p2a: Ursaluna|Facade|p1a: Scream Tail
|-damage|p1a: Scream Tail|47/100
|
|-heal|p1a: Scream Tail|53/100|[from] item: Leftovers
|-damage|p2a: Ursaluna|40/100 brn|[from] brn
|upkeep
|turn|19
|
|t:|1757848422
|move|p1a: Scream Tail|Ice Punch|p2a: Ursaluna
|-supereffective|p2a: Ursaluna
|-damage|p2a: Ursaluna|14/100 brn
|move|p2a: Ursaluna|Facade|p1a: Scream Tail
|-damage|p1a: Scream Tail|2/100
|
|-heal|p1a: Scream Tail|9/100|[from] item: Leftovers
|-damage|p2a: Ursaluna|8/100 brn|[from] brn
|upkeep
|turn|20
|
|t:|1757848430
|move|p1a: Scream Tail|Ice Punch|p2a: Ursaluna
|-supereffective|p2a: Ursaluna
|-damage|p2a: Ursaluna|0 fnt
|faint|p2a: Ursaluna
|
|-heal|p1a: Scream Tail|15/100|[from] item: Leftovers
|upkeep
|
|t:|1757848437
|switch|p2a: Dragonite|Dragonite, F|85/100
|turn|21
|
|t:|1757848442
|move|p2a: Dragonite|Extreme Speed|p1a: Scream Tail
|-damage|p1a: Scream Tail|3/100
|move|p1a: Scream Tail|Ice Punch|p2a: Dragonite
|-supereffective|p2a: Dragonite
|-damage|p2a: Dragonite|4/100
|
|-heal|p1a: Scream Tail|9/100|[from] item: Leftovers
|upkeep
|turn|22
|
|t:|1757848450
|move|p2a: Dragonite|Extreme Speed|p1a: Scream Tail
|-damage|p1a: Scream Tail|0 fnt
|faint|p1a: Scream Tail
|-end|p1a: Scream Tail|Protosynthesis|[silent]
|
|-sideend|p1: Once-well trained|Reflect
|upkeep
|
|t:|1757848455
|switch|p1a: Cinderace|Cinderace, M|100/100
|turn|23
|
|t:|1757848459
|switch|p1a: Altaria|Altaria, M|46/100
|move|p2a: Dragonite|Earthquake|p1a: Altaria
|-immune|p1a: Altaria
|
|upkeep
|turn|24
|-message|kattenkg forfeited.
|
|win|Once-well trained
|raw|Once-well trained's rating: 1101 &rarr; <strong>1126</strong><br />(+25 for winning)
|raw|kattenkg's rating: 1107 &rarr; <strong>1082</strong><br />(-25 for losing)
|l|☆kattenkg
|player|p2|
|l|‽Once-well trained
|player|p1|
