|j|☆anfrofro
|j|☆rosemune
|t:|1757863316
|gametype|singles
|player|p1|anfrofro|170|1121
|player|p2|rosemune|volkner|1119
|gen|9
|tier|[Gen 9] OU
|rated|
|rule|HP Percentage Mod: HP is shown in percentages
|rule|Endless Battle Clause: Forcing endless battles is banned
|rule|Species Clause: Limit one of each Pokémon
|rule|OHKO Clause: OHKO moves are banned
|rule|Evasion Items Clause: Evasion items are banned
|rule|Evasion Moves Clause: Evasion moves are banned
|rule|Evasion Abilities Clause: Evasion abilities are banned
|rule|Sleep Moves Clause: Sleep-inducing moves are banned
|clearpoke
|poke|p1|Malamar, M|
|poke|p1|Garchomp, M|
|poke|p1|Empoleon, M|
|poke|p1|Umbreon, M|
|poke|p1|Oricorio-Pom-Pom, F|
|poke|p1|Scyther, M|
|poke|p2|Ninetales-Alola, F|
|poke|p2|Arcanine, F|
|poke|p2|Serperior, F|
|poke|p2|Ursaluna, F|
|poke|p2|Salamence, M|
|poke|p2|Milotic, M|
|teampreview
|
|t:|1757863321
|teamsize|p1|6
|teamsize|p2|6
|start
|switch|p1a: Oricorio|Oricorio-Pom-Pom, F, shiny|100/100
|switch|p2a: Ninetales|Ninetales-Alola, F|100/100
|-weather|Snowscape|[from] ability: Snow Warning|[of] p2a: Ninetales
|turn|1
|inactive|Battle timer is ON: inactive players will automatically lose when time's up. (requested by anfrofro)
|
|t:|1757863335
|move|p2a: Ninetales|Aurora Veil|p2a: Ninetales
|-sidestart|p2: rosemune|move: Aurora Veil
|move|p1a: Oricorio|Quiver Dance|p1a: Oricorio
|-boost|p1a: Oricorio|spa|1
|-boost|p1a: Oricorio|spd|1
|-boost|p1a: Oricorio|spe|1
|
|-weather|Snowscape|[upkeep]
|upkeep
|turn|2
|
|t:|1757863343
|-terastallize|p1a: Oricorio|Electric
|move|p1a: Oricorio|Quiver Dance|p1a: Oricorio
|-boost|p1a: Oricorio|spa|1
|-boost|p1a: Oricorio|spd|1
|-boost|p1a: Oricorio|spe|1
|move|p2a: Ninetales|Encore|p1a: Oricorio
|-start|p1a: Oricorio|Encore
|
|-weather|Snowscape|[upkeep]
|upkeep
|turn|3
|
|t:|1757863370
|switch|p2a: Ursaluna|Ursaluna, F, shiny|100/100
|move|p1a: Oricorio|Quiver Dance|p1a: Oricorio
|-boost|p1a: Oricorio|spa|1
|-boost|p1a: Oricorio|spd|1
|-boost|p1a: Oricorio|spe|1
|
|-weather|Snowscape|[upkeep]
|-status|p2a: Ursaluna|brn|[from] item: Flame Orb
|upkeep
|turn|4
|
|t:|1757863381
|move|p1a: Oricorio|Quiver Dance|p1a: Oricorio
|-boost|p1a: Oricorio|spa|1
|-boost|p1a: Oricorio|spd|1
|-boost|p1a: Oricorio|spe|1
|move|p2a: Ursaluna|Headlong Rush|p1a: Oricorio
|-supereffective|p1a: Oricorio
|-damage|p1a: Oricorio|0 fnt
|-unboost|p2a: Ursaluna|def|1
|-unboost|p2a: Ursaluna|spd|1
|-damage|p2a: Ursaluna|84/100 brn|[from] item: Rocky Helmet|[of] p1a: Oricorio
|faint|p1a: Oricorio
|
|-weather|Snowscape|[upkeep]
|-damage|p2a: Ursaluna|78/100 brn|[from] brn
|upkeep
|
|t:|1757863395
|switch|p1a: Umbreon|Umbreon, M|100/100
|turn|5
|
|t:|1757863403
|move|p2a: Ursaluna|Facade|p1a: Umbreon
|-crit|p1a: Umbreon
|-damage|p1a: Umbreon|0 fnt
|faint|p1a: Umbreon
|
|-weather|none
|-damage|p2a: Ursaluna|72/100 brn|[from] brn
|upkeep
|
|t:|1757863410
|switch|p1a: Scyther|Scyther, M|100/100
|turn|6
|
|t:|1757863417
|switch|p2a: Arcanine|Arcanine, F|100/100
|-ability|p2a: Arcanine|Intimidate|boost
|-unboost|p1a: Scyther|atk|1
|move|p1a: Scyther|Bug Bite|p2a: Arcanine
|-resisted|p2a: Arcanine
|-damage|p2a: Arcanine|93/100
|-damage|p1a: Scyther|84/100|[from] item: Rocky Helmet|[of] p2a: Arcanine
|-damage|p1a: Scyther|74/100|[from] item: Life Orb
|
|upkeep
|turn|7
|
|t:|1757863427
|move|p1a: Scyther|Aerial Ace|p2a: Arcanine
|-damage|p2a: Arcanine|78/100
|-damage|p1a: Scyther|58/100|[from] item: Rocky Helmet|[of] p2a: Arcanine
|-damage|p1a: Scyther|48/100|[from] item: Life Orb
|move|p2a: Arcanine|Will-O-Wisp|p1a: Scyther
|-status|p1a: Scyther|brn
|
|-damage|p1a: Scyther|42/100 brn|[from] brn
|upkeep
|turn|8
|
|t:|1757863439
|switch|p2a: Ninetales|Ninetales-Alola, F|100/100
|-weather|Snowscape|[from] ability: Snow Warning|[of] p2a: Ninetales
|move|p1a: Scyther|Aerial Ace|p2a: Ninetales
|-damage|p2a: Ninetales|92/100
|-damage|p1a: Scyther|32/100 brn|[from] item: Life Orb
|
|-weather|Snowscape|[upkeep]
|-damage|p1a: Scyther|26/100 brn|[from] brn
|-sideend|p2: rosemune|move: Aurora Veil
|upkeep
|turn|9
|
|t:|1757863451
|move|p2a: Ninetales|Aurora Veil|p2a: Ninetales
|-sidestart|p2: rosemune|move: Aurora Veil
|move|p1a: Scyther|Swords Dance|p1a: Scyther
|-boost|p1a: Scyther|atk|2
|
|-weather|Snowscape|[upkeep]
|-damage|p1a: Scyther|20/100 brn|[from] brn
|upkeep
|turn|10
|
|t:|1757863458
|move|p2a: Ninetales|Freeze-Dry|p1a: Scyther
|-supereffective|p1a: Scyther
|-damage|p1a: Scyther|0 fnt
|faint|p1a: Scyther
|
|-weather|Snowscape|[upkeep]
|upkeep
|
|t:|1757863470
|switch|p1a: Empoleon|Empoleon, M|100/100
|turn|11
|
|t:|1757863478
|move|p2a: Ninetales|Freeze-Dry|p1a: Empoleon
|-damage|p1a: Empoleon|79/100
|move|p1a: Empoleon|Flash Cannon|p2a: Ninetales
|-supereffective|p2a: Ninetales
|-damage|p2a: Ninetales|0 fnt
|faint|p2a: Ninetales
|-damage|p1a: Empoleon|69/100|[from] item: Life Orb
|
|-weather|Snowscape|[upkeep]
|upkeep
|
|t:|1757863489
|switch|p2a: Serperior|Serperior, F, shiny|100/100
|turn|12
|
|t:|1757863496
|move|p2a: Serperior|Leaf Storm|p1a: Empoleon
|-damage|p1a: Empoleon|18/100
|-boost|p2a: Serperior|spa|2
|move|p1a: Empoleon|Agility|p1a: Empoleon
|-boost|p1a: Empoleon|spe|2
|
|-weather|none
|upkeep
|turn|13
|inactive|anfrofro has 120 seconds left.
|
|t:|1757863528
|move|p1a: Empoleon|Ice Beam|p2a: Serperior
|-supereffective|p2a: Serperior
|-damage|p2a: Serperior|69/100
|-damage|p1a: Empoleon|8/100|[from] item: Life Orb
|move|p2a: Serperior|Leaf Storm|p1a: Empoleon
|-damage|p1a: Empoleon|0 fnt
|-boost|p2a: Serperior|spa|2
|faint|p1a: Empoleon
|
|upkeep
|inactive|anfrofro has 120 seconds left.
|
|t:|1757863546
|switch|p1a: Malamar|Malamar, M|100/100
|turn|14
|
|t:|1757863559
|move|p1a: Malamar|Superpower|p2a: Serperior
|-damage|p2a: Serperior|48/100
|-boost|p1a: Malamar|atk|1
|-boost|p1a: Malamar|def|1
|move|p2a: Serperior|Leaf Storm|p1a: Malamar
|-damage|p1a: Malamar|0 fnt
|-boost|p2a: Serperior|spa|2
|faint|p1a: Malamar
|
|upkeep
|
|t:|1757863579
|switch|p1a: Garchomp|Garchomp, M|100/100
|turn|15
|
|t:|1757863584
|move|p2a: Serperior|Giga Drain|p1a: Garchomp
|-damage|p1a: Garchomp|0 fnt
|-heal|p2a: Serperior|100/100|[from] drain|[of] p1a: Garchomp
|faint|p1a: Garchomp
|
|win|rosemune
|raw|anfrofro's rating: 1121 &rarr; <strong>1096</strong><br />(-25 for losing)
|raw|rosemune's rating: 1119 &rarr; <strong>1144</strong><br />(+25 for winning)
|l|☆anfrofro
|player|p1|
|l|☆rosemune
|player|p2|
