|j|☆evin
|j|☆TapuTeao
|t:|1757870685
|gametype|singles
|player|p1|evin|2|1520
|player|p2|TapuTeao|266|1525
|gen|9
|tier|[Gen 9] OU
|rated|
|rule|HP Percentage Mod: HP is shown in percentages
|rule|Endless Battle Clause: Forcing endless battles is banned
|rule|Species Clause: Limit one of each Pokémon
|rule|OHKO Clause: OHKO moves are banned
|rule|Evasion Items Clause: Evasion items are banned
|rule|Evasion Moves Clause: Evasion moves are banned
|rule|Evasion Abilities Clause: Evasion abilities are banned
|rule|Sleep Moves Clause: Sleep-inducing moves are banned
|clearpoke
|poke|p1|Ursaluna, F|
|poke|p1|Garchomp, M|
|poke|p1|Porygon-Z|
|poke|p1|Avalugg, M|
|poke|p1|Lucario, F|
|poke|p1|Iron Valiant|
|poke|p2|Necrozma|
|poke|p2|Kingambit, M|
|poke|p2|Samurott-Hisui, M|
|poke|p2|Iron Treads|
|poke|p2|Pecharunt|
|poke|p2|Enamorus, F|
|teampreview
|inactive|Battle timer is ON: inactive players will automatically lose when time's up. (requested by evin)
|
|t:|1757870725
|teamsize|p1|6
|teamsize|p2|6
|start
|switch|p1a: Garchomp|Garchomp, M|100/100
|switch|p2a: Necrozma|Necrozma|100/100
|turn|1
|
|t:|1757870738
|move|p1a: Garchomp|Swords Dance|p1a: Garchomp
|-boost|p1a: Garchomp|atk|2
|move|p2a: Necrozma|Trick Room|p2a: Necrozma
|-fieldstart|move: Trick Room|[of] p2a: Necrozma
|
|upkeep
|turn|2
|
|t:|1757870742
|-terastallize|p2a: Necrozma|Fairy
|move|p2a: Necrozma|Tera Blast|p1a: Garchomp|[anim] Tera Blast Fairy
|-supereffective|p1a: Garchomp
|-damage|p1a: Garchomp|0 fnt
|faint|p1a: Garchomp
|
|upkeep
|
|t:|1757870754
|switch|p1a: Avalugg|Avalugg, M|100/100
|turn|3
|
|t:|1757870763
|move|p2a: Necrozma|Photon Geyser|p1a: Avalugg
|-damage|p1a: Avalugg|46/100
|move|p1a: Avalugg|Mirror Coat|p2a: Necrozma
|-damage|p2a: Necrozma|0 fnt
|faint|p2a: Necrozma
|
|upkeep
|
|t:|1757870775
|switch|p2a: Kingambit|Kingambit, M|100/100
|-activate|p2a: Kingambit|ability: Supreme Overlord
|-start|p2a: Kingambit|fallen1|[silent]
|turn|4
|inactive|evin has 120 seconds left.
|inactive|evin has 90 seconds left.
|
|t:|1757870851
|move|p1a: Avalugg|Body Press|p2a: Kingambit
|-supereffective|p2a: Kingambit
|-damage|p2a: Kingambit|13/100
|move|p2a: Kingambit|Iron Head|p1a: Avalugg
|-supereffective|p1a: Avalugg
|-damage|p1a: Avalugg|0 fnt
|faint|p1a: Avalugg
|
|upkeep
|
|t:|1757870856
|switch|p1a: Lucario|Lucario, F|100/100
|turn|5
|
|t:|1757870864
|-end|p2a: Kingambit|fallen1|[silent]
|switch|p2a: Pecharunt|Pecharunt|100/100
|-item|p2a: Pecharunt|Air Balloon
|move|p1a: Lucario|Vacuum Wave|p2a: Pecharunt
|-immune|p2a: Pecharunt
|
|-fieldend|move: Trick Room
|upkeep
|turn|6
|
|t:|1757870873
|move|p1a: Lucario|Nasty Plot|p1a: Lucario
|-boost|p1a: Lucario|spa|2
|move|p2a: Pecharunt|Hex|p1a: Lucario
|-damage|p1a: Lucario|66/100
|
|upkeep
|turn|7
|inactive|evin has 90 seconds left.
|
|t:|1757870879
|move|p1a: Lucario|Flash Cannon|p2a: Pecharunt
|-damage|p2a: Pecharunt|7/100
|-enditem|p2a: Pecharunt|Air Balloon
|-damage|p1a: Lucario|56/100|[from] item: Life Orb
|move|p2a: Pecharunt|Parting Shot|p1a: Lucario
|-unboost|p1a: Lucario|atk|1
|-unboost|p1a: Lucario|spa|1
|
|t:|1757870889
|switch|p2a: Enamorus|Enamorus, F|100/100|[from] Parting Shot
|
|upkeep
|turn|8
|inactive|evin has 90 seconds left.
|
|t:|1757870931
|switch|p1a: Ursaluna|Ursaluna, F|100/100
|move|p2a: Enamorus|Moonblast|p1a: Ursaluna
|-damage|p1a: Ursaluna|68/100
|
|-heal|p1a: Ursaluna|74/100|[from] item: Leftovers
|upkeep
|turn|9
|inactive|evin has 60 seconds left.
|
|t:|1757870949
|switch|p2a: Pecharunt|Pecharunt|7/100
|move|p1a: Ursaluna|Facade|p2a: Pecharunt
|-immune|p2a: Pecharunt
|
|-heal|p1a: Ursaluna|81/100|[from] item: Leftovers
|upkeep
|turn|10
|
|t:|1757870958
|move|p2a: Pecharunt|Malignant Chain|p1a: Ursaluna
|-resisted|p1a: Ursaluna
|-damage|p1a: Ursaluna|72/100
|-status|p1a: Ursaluna|tox
|-start|p1a: Ursaluna|confusion|[from] ability: Poison Puppeteer|[of] p2a: Pecharunt
|-activate|p1a: Ursaluna|confusion
|move|p1a: Ursaluna|Earthquake|p2a: Pecharunt
|-supereffective|p2a: Pecharunt
|-damage|p2a: Pecharunt|0 fnt
|faint|p2a: Pecharunt
|
|-heal|p1a: Ursaluna|78/100 tox|[from] item: Leftovers
|-damage|p1a: Ursaluna|72/100 tox|[from] psn
|upkeep
|
|t:|1757870971
|switch|p2a: Samurott|Samurott-Hisui, M|100/100
|turn|11
|
|t:|1757870988
|move|p2a: Samurott|Razor Shell|p1a: Ursaluna
|-supereffective|p1a: Ursaluna
|-damage|p1a: Ursaluna|0 fnt
|faint|p1a: Ursaluna
|
|upkeep
|
|t:|1757870998
|switch|p1a: Iron Valiant|Iron Valiant|100/100
|-enditem|p1a: Iron Valiant|Booster Energy
|-activate|p1a: Iron Valiant|ability: Quark Drive|[fromitem]
|-start|p1a: Iron Valiant|quarkdrivespe
|turn|12
|
|t:|1757871025
|switch|p2a: Kingambit|Kingambit, M|13/100
|-activate|p2a: Kingambit|ability: Supreme Overlord
|-start|p2a: Kingambit|fallen2|[silent]
|move|p1a: Iron Valiant|Moonblast|p2a: Kingambit
|-damage|p2a: Kingambit|0 fnt
|faint|p2a: Kingambit
|-end|p2a: Kingambit|fallen2|[silent]
|
|upkeep
|
|t:|1757871032
|switch|p2a: Enamorus|Enamorus, F|100/100
|turn|13
|inactive|evin has 90 seconds left.
|
|t:|1757871058
|-terastallize|p1a: Iron Valiant|Ghost
|move|p1a: Iron Valiant|Calm Mind|p1a: Iron Valiant
|-boost|p1a: Iron Valiant|spa|1
|-boost|p1a: Iron Valiant|spd|1
|move|p2a: Enamorus|Moonblast|p1a: Iron Valiant
|-damage|p1a: Iron Valiant|39/100
|
|upkeep
|turn|14
|
|t:|1757871072
|switch|p2a: Samurott|Samurott-Hisui, M|100/100
|move|p1a: Iron Valiant|Moonblast|p2a: Samurott
|-supereffective|p2a: Samurott
|-damage|p2a: Samurott|0 fnt
|faint|p2a: Samurott
|
|upkeep
|
|t:|1757871078
|switch|p2a: Iron Treads|Iron Treads|100/100
|turn|15
|inactive|evin has 90 seconds left.
|inactive|evin has 60 seconds left.
|inactive|evin has 30 seconds left.
|inactive|evin has 20 seconds left.
|inactive|evin has 15 seconds left.
|inactive|evin has 10 seconds left.
|inactive|evin has 5 seconds left.
|-message|evin lost due to inactivity.
|
|win|TapuTeao
|raw|evin's rating: 1520 &rarr; <strong>1500</strong><br />(-20 for losing)
|raw|TapuTeao's rating: 1525 &rarr; <strong>1545</strong><br />(+20 for winning)
|l|☆TapuTeao
|player|p2|
|l|☆evin
|player|p1|
