|j|☆layeas
|j|‽Actually_Apollo
|t:|1757874462
|gametype|singles
|player|p1|layeas|1|1200
|player|p2|Actually_Apollo|morty|1249
|gen|9
|tier|[Gen 9] OU
|rated|
|rule|HP Percentage Mod: HP is shown in percentages
|rule|Endless Battle Clause: Forcing endless battles is banned
|rule|Species Clause: Limit one of each Pokémon
|rule|OHKO Clause: OHKO moves are banned
|rule|Evasion Items Clause: Evasion items are banned
|rule|Evasion Moves Clause: Evasion moves are banned
|rule|Evasion Abilities Clause: Evasion abilities are banned
|rule|Sleep Moves Clause: Sleep-inducing moves are banned
|clearpoke
|poke|p1|Dragapult, F|
|poke|p1|Hatterene, F|
|poke|p1|Glimmora, M|
|poke|p1|Ogerpon-Wellspring, F|
|poke|p1|Kingambit, M|
|poke|p1|Raging Bolt|
|poke|p2|Floatzel, M|
|poke|p2|Barraskewda, F|
|poke|p2|Shroodle, M|
|poke|p2|Glimmora, M|
|poke|p2|Kingambit, F|
|poke|p2|Pelipper, M|
|teampreview
|inactive|Battle timer is ON: inactive players will automatically lose when time's up. (requested by Actually_Apollo)
|inactive|layeas also wants the timer to be on.
|
|t:|1757874479
|teamsize|p1|6
|teamsize|p2|6
|start
|switch|p1a: Hatterene|Hatterene, F|100/100
|switch|p2a: Shroodle|Shroodle, M|100/100
|turn|1
|
|t:|1757874485
|move|p2a: Shroodle|Rain Dance|p2a: Shroodle
|-weather|RainDance
|move|p1a: Hatterene|Nuzzle|p2a: Shroodle
|-damage|p2a: Shroodle|91/100
|-status|p2a: Shroodle|par
|
|-weather|RainDance|[upkeep]
|upkeep
|turn|2
|
|t:|1757874494
|move|p1a: Hatterene|Psychic Noise|p2a: Shroodle
|-supereffective|p2a: Shroodle
|-damage|p2a: Shroodle|0 fnt
|faint|p2a: Shroodle
|
|-weather|RainDance|[upkeep]
|upkeep
|
|t:|1757874497
|switch|p2a: Floatzel|Floatzel, M|100/100
|turn|3
|
|t:|1757874501
|move|p2a: Floatzel|Wave Crash|p1a: Hatterene
|-damage|p1a: Hatterene|0 fnt
|faint|p1a: Hatterene
|-damage|p2a: Floatzel|67/100|[from] Recoil
|
|-weather|RainDance|[upkeep]
|upkeep
|
|t:|1757874506
|switch|p1a: Raging Bolt|Raging Bolt|100/100
|-enditem|p1a: Raging Bolt|Booster Energy
|-activate|p1a: Raging Bolt|ability: Protosynthesis|[fromitem]
|-start|p1a: Raging Bolt|protosynthesisspa
|turn|4
|
|t:|1757874524
|switch|p2a: Glimmora|Glimmora, M|100/100
|move|p1a: Raging Bolt|Thunderbolt|p2a: Glimmora
|-damage|p2a: Glimmora|12/100
|
|-weather|RainDance|[upkeep]
|upkeep
|turn|5
|
|t:|1757874533
|move|p1a: Raging Bolt|Thunderclap||[still]
|-fail|p1a: Raging Bolt
|move|p2a: Glimmora|Spikes|p1a: Raging Bolt
|-sidestart|p1: layeas|Spikes
|
|-weather|none
|upkeep
|turn|6
|
|t:|1757874542
|move|p1a: Raging Bolt|Thunderclap|p2a: Glimmora
|-damage|p2a: Glimmora|0 fnt
|faint|p2a: Glimmora
|
|upkeep
|
|t:|1757874544
|switch|p2a: Barraskewda|Barraskewda, F|100/100
|turn|7
|
|t:|1757874548
|-terastallize|p2a: Barraskewda|Ground
|move|p1a: Raging Bolt|Thunderclap|p2a: Barraskewda
|-immune|p2a: Barraskewda
|move|p2a: Barraskewda|Drill Run|p1a: Raging Bolt
|-supereffective|p1a: Raging Bolt
|-damage|p1a: Raging Bolt|0 fnt
|faint|p1a: Raging Bolt
|-end|p1a: Raging Bolt|Protosynthesis|[silent]
|
|upkeep
|
|t:|1757874557
|switch|p1a: Ogerpon|Ogerpon-Wellspring, F|100/100
|-damage|p1a: Ogerpon|88/100|[from] Spikes
|turn|8
|
|t:|1757874560
|switch|p2a: Pelipper|Pelipper, M|100/100
|-weather|RainDance|[from] ability: Drizzle|[of] p2a: Pelipper
|move|p1a: Ogerpon|Knock Off|p2a: Pelipper
|-damage|p2a: Pelipper|73/100
|-enditem|p2a: Pelipper|Damp Rock|[from] move: Knock Off|[of] p1a: Ogerpon
|
|-weather|RainDance|[upkeep]
|upkeep
|turn|9
|
|t:|1757874569
|-terastallize|p1a: Ogerpon|Water
|detailschange|p1a: Ogerpon|Ogerpon-Wellspring-Tera, F, tera:Water
|-ability|p1a: Ogerpon|Embody Aspect (Wellspring)|boost
|-boost|p1a: Ogerpon|spd|1
|move|p1a: Ogerpon|Ivy Cudgel|p2a: Pelipper|[anim] Ivy Cudgel Water
|-resisted|p2a: Pelipper
|-damage|p2a: Pelipper|28/100
|move|p2a: Pelipper|Hurricane|p1a: Ogerpon
|-damage|p1a: Ogerpon|57/100
|
|-weather|RainDance|[upkeep]
|upkeep
|turn|10
|inactive|Actually_Apollo has 120 seconds left.
|
|t:|1757874627
|switch|p2a: Kingambit|Kingambit, F|100/100
|-activate|p2a: Kingambit|ability: Supreme Overlord
|-start|p2a: Kingambit|fallen2|[silent]
|move|p1a: Ogerpon|Spikes|p2a: Kingambit
|-sidestart|p2: Actually_Apollo|Spikes
|
|-weather|RainDance|[upkeep]
|upkeep
|turn|11
|
|t:|1757874640
|move|p1a: Ogerpon|Ivy Cudgel|p2a: Kingambit|[anim] Ivy Cudgel Water
|-damage|p2a: Kingambit|14/100
|move|p2a: Kingambit|Swords Dance|p2a: Kingambit
|-boost|p2a: Kingambit|atk|2
|
|-weather|RainDance|[upkeep]
|upkeep
|turn|12
|
|t:|1757874645
|move|p2a: Kingambit|Sucker Punch||[still]
|-fail|p2a: Kingambit
|move|p1a: Ogerpon|Spikes|p2a: Kingambit
|-sidestart|p2: Actually_Apollo|Spikes
|
|-weather|RainDance|[upkeep]
|upkeep
|turn|13
|
|t:|1757874651
|move|p2a: Kingambit|Sucker Punch||[still]
|-fail|p2a: Kingambit
|move|p1a: Ogerpon|Spikes|p2a: Kingambit
|-sidestart|p2: Actually_Apollo|Spikes
|
|-weather|RainDance|[upkeep]
|upkeep
|turn|14
|
|t:|1757874661
|switch|p1a: Kingambit|Kingambit, M|100/100
|-damage|p1a: Kingambit|88/100|[from] Spikes
|-activate|p1a: Kingambit|ability: Supreme Overlord
|-start|p1a: Kingambit|fallen2|[silent]
|move|p2a: Kingambit|Sucker Punch||[still]
|-fail|p2a: Kingambit
|
|-weather|RainDance|[upkeep]
|-heal|p1a: Kingambit|94/100|[from] item: Leftovers
|upkeep
|turn|15
|
|t:|1757874668
|move|p2a: Kingambit|Sucker Punch||[still]
|-fail|p2a: Kingambit
|move|p1a: Kingambit|Swords Dance|p1a: Kingambit
|-boost|p1a: Kingambit|atk|2
|
|-weather|none
|-heal|p1a: Kingambit|100/100|[from] item: Leftovers
|upkeep
|turn|16
|
|t:|1757874672
|move|p1a: Kingambit|Sucker Punch|p2a: Kingambit
|-resisted|p2a: Kingambit
|-damage|p2a: Kingambit|0 fnt
|faint|p2a: Kingambit
|-end|p2a: Kingambit|fallen2|[silent]
|
|upkeep
|
|t:|1757874675
|switch|p2a: Pelipper|Pelipper, M|28/100
|-weather|RainDance|[from] ability: Drizzle|[of] p2a: Pelipper
|turn|17
|
|t:|1757874683
|move|p1a: Kingambit|Sucker Punch|p2a: Pelipper
|-damage|p2a: Pelipper|0 fnt
|faint|p2a: Pelipper
|
|-weather|RainDance|[upkeep]
|upkeep
|
|t:|1757874685
|switch|p2a: Barraskewda|Barraskewda, F, tera:Ground|100/100
|-damage|p2a: Barraskewda|76/100|[from] Spikes
|turn|18
|
|t:|1757874690
|move|p1a: Kingambit|Sucker Punch|p2a: Barraskewda
|-damage|p2a: Barraskewda|0 fnt
|faint|p2a: Barraskewda
|
|-weather|RainDance|[upkeep]
|upkeep
|
|t:|1757874692
|switch|p2a: Floatzel|Floatzel, M|67/100
|-damage|p2a: Floatzel|42/100|[from] Spikes
|turn|19
|
|t:|1757874697
|move|p2a: Floatzel|Aqua Jet|p1a: Kingambit
|-damage|p1a: Kingambit|60/100
|move|p1a: Kingambit|Sucker Punch||[still]
|-fail|p1a: Kingambit
|
|-weather|RainDance|[upkeep]
|-heal|p1a: Kingambit|66/100|[from] item: Leftovers
|upkeep
|turn|20
|
|t:|1757874703
|move|p2a: Floatzel|Aqua Jet|p1a: Kingambit
|-damage|p1a: Kingambit|26/100
|move|p1a: Kingambit|Sucker Punch||[still]
|-fail|p1a: Kingambit
|
|-weather|RainDance|[upkeep]
|-heal|p1a: Kingambit|32/100|[from] item: Leftovers
|upkeep
|turn|21
|
|t:|1757874708
|move|p2a: Floatzel|Aqua Jet|p1a: Kingambit
|-damage|p1a: Kingambit|0 fnt
|faint|p1a: Kingambit
|-end|p1a: Kingambit|fallen2|[silent]
|
|-weather|none
|upkeep
|
|t:|1757874713
|switch|p1a: Ogerpon|Ogerpon-Wellspring-Tera, F, tera:Water|57/100
|-damage|p1a: Ogerpon|45/100|[from] Spikes
|-ability|p1a: Ogerpon|Embody Aspect (Wellspring)|boost
|-boost|p1a: Ogerpon|spd|1
|turn|22
|
|t:|1757874715
|move|p2a: Floatzel|Aqua Jet|p1a: Ogerpon
|-resisted|p1a: Ogerpon
|-damage|p1a: Ogerpon|27/100
|move|p1a: Ogerpon|Knock Off|p2a: Floatzel
|-damage|p2a: Floatzel|0 fnt
|-enditem|p2a: Floatzel|Choice Band|[from] move: Knock Off|[of] p1a: Ogerpon
|faint|p2a: Floatzel
|
|win|layeas
|raw|layeas's rating: 1200 &rarr; <strong>1229</strong><br />(+29 for winning)
|raw|Actually_Apollo's rating: 1249 &rarr; <strong>1220</strong><br />(-29 for losing)
|l|‽Actually_Apollo
|player|p2|
|l|☆layeas
|player|p1|
