|j|☆Leo50
|j|☆Luncia666
|t:|1757962249
|gametype|singles
|player|p1|Leo50|102|1045
|player|p2|Luncia666|bellelba|1085
|gen|9
|tier|[Gen 9] OU
|rated|
|rule|HP Percentage Mod: HP is shown in percentages
|rule|Endless Battle Clause: Forcing endless battles is banned
|rule|Species Clause: Limit one of each Pokémon
|rule|OHKO Clause: OHKO moves are banned
|rule|Evasion Items Clause: Evasion items are banned
|rule|Evasion Moves Clause: Evasion moves are banned
|rule|Evasion Abilities Clause: Evasion abilities are banned
|rule|Sleep Moves Clause: Sleep-inducing moves are banned
|clearpoke
|poke|p1|Zamazenta-*|
|poke|p1|Ninetales-Alola, M|
|poke|p1|Darkrai|
|poke|p1|Ceruledge, F|
|poke|p1|Gliscor, M|
|poke|p1|Hatterene, F|
|poke|p2|Galvantula, F|
|poke|p2|Garchomp, M|
|poke|p2|Oricorio-Sensu, F|
|poke|p2|Corviknight, F|
|poke|p2|Slither Wing|
|poke|p2|Landorus-Therian, M|
|teampreview
|
|t:|1757962252
|teamsize|p1|6
|teamsize|p2|6
|start
|switch|p1a: Ninetales|Ninetales-Alola, M|100/100
|switch|p2a: Galvantula|Galvantula, F|100/100
|-weather|Snowscape|[from] ability: Snow Warning|[of] p1a: Ninetales
|turn|1
|
|t:|1757962270
|move|p1a: Ninetales|Aurora Veil|p1a: Ninetales
|-sidestart|p1: Leo50|move: Aurora Veil
|move|p2a: Galvantula|Sticky Web|p1a: Ninetales
|-sidestart|p1: Leo50|move: Sticky Web
|
|-weather|Snowscape|[upkeep]
|upkeep
|turn|2
|
|t:|1757962277
|switch|p1a: Gliscor|Gliscor, M|100/100
|move|p2a: Galvantula|Thunder Wave|p1a: Gliscor
|-immune|p1a: Gliscor
|
|-weather|Snowscape|[upkeep]
|-status|p1a: Gliscor|tox|[from] item: Toxic Orb
|upkeep
|turn|3
|
|t:|1757962293
|switch|p2a: Corviknight|Corviknight, F|100/100
|-ability|p2a: Corviknight|Pressure
|move|p1a: Gliscor|Swords Dance|p1a: Gliscor
|-boost|p1a: Gliscor|atk|2
|
|-weather|Snowscape|[upkeep]
|upkeep
|turn|4
|
|t:|1757962307
|move|p1a: Gliscor|Agility|p1a: Gliscor
|-boost|p1a: Gliscor|spe|2
|move|p2a: Corviknight|Iron Defense|p2a: Corviknight
|-boost|p2a: Corviknight|def|2
|
|-weather|Snowscape|[upkeep]
|upkeep
|turn|5
|
|t:|1757962318
|move|p1a: Gliscor|Swords Dance|p1a: Gliscor
|-boost|p1a: Gliscor|atk|2
|move|p2a: Corviknight|Iron Defense|p2a: Corviknight
|-boost|p2a: Corviknight|def|2
|
|-weather|none
|upkeep
|turn|6
|
|t:|1757962326
|move|p1a: Gliscor|Swords Dance|p1a: Gliscor
|-boost|p1a: Gliscor|atk|2
|move|p2a: Corviknight|Iron Defense|p2a: Corviknight
|-boost|p2a: Corviknight|def|2
|
|upkeep
|turn|7
|
|t:|1757962334
|-terastallize|p1a: Gliscor|Normal
|-terastallize|p2a: Corviknight|Fighting
|move|p1a: Gliscor|Facade|p2a: Corviknight
|-damage|p2a: Corviknight|72/100
|move|p2a: Corviknight|Body Press|p1a: Gliscor
|-supereffective|p1a: Gliscor
|-crit|p1a: Gliscor
|-damage|p1a: Gliscor|0 fnt
|faint|p1a: Gliscor
|
|-heal|p2a: Corviknight|78/100|[from] item: Leftovers
|upkeep
|-message|Leo50 forfeited.
|
|win|Luncia666
|raw|Leo50's rating: 1045 &rarr; <strong>1030</strong><br />(-15 for losing)
|raw|Luncia666's rating: 1085 &rarr; <strong>1109</strong><br />(+24 for winning)
|l|☆Leo50
|player|p1|
