|j|☆KutusDaFaquinGod
|j|☆tezca07
|t:|1757869264
|gametype|singles
|player|p1|KutusDaFaquinGod|sabrina|1297
|player|p2|tezca07|102|1265
|gen|9
|tier|[Gen 9] OU
|rated|
|rule|HP Percentage Mod: HP is shown in percentages
|rule|Endless Battle Clause: Forcing endless battles is banned
|rule|Species Clause: Limit one of each Pokémon
|rule|OHKO Clause: OHKO moves are banned
|rule|Evasion Items Clause: Evasion items are banned
|rule|Evasion Moves Clause: Evasion moves are banned
|rule|Evasion Abilities Clause: Evasion abilities are banned
|rule|Sleep Moves Clause: Sleep-inducing moves are banned
|clearpoke
|poke|p1|Ceruledge, M|
|poke|p1|Sandy Shocks|
|poke|p1|Corviknight, M|
|poke|p1|Meowscarada, F|
|poke|p1|Primarina, F|
|poke|p1|Hawlucha, M|
|poke|p2|Cloyster, F|
|poke|p2|Heatran, M|
|poke|p2|Conkeldurr, F|
|poke|p2|Goodra-Hisui, F|
|poke|p2|Thundurus-Therian, M|
|poke|p2|Iron Leaves|
|teampreview
|
|t:|1757869281
|teamsize|p1|6
|teamsize|p2|6
|start
|switch|p1a: Sandy Shocks|Sandy Shocks|100/100
|switch|p2a: Thundurus|Thundurus-Therian, M, shiny|100/100
|turn|1
|
|t:|1757869303
|-terastallize|p2a: Thundurus|Poison
|move|p1a: Sandy Shocks|Stealth Rock|p2a: Thundurus
|-sidestart|p2: tezca07|move: Stealth Rock
|move|p2a: Thundurus|Sludge Bomb|p1a: Sandy Shocks
|-resisted|p1a: Sandy Shocks
|-damage|p1a: Sandy Shocks|56/100
|-damage|p2a: Thundurus|90/100|[from] item: Life Orb
|
|upkeep
|turn|2
|
|t:|1757869318
|switch|p2a: Heatran|Heatran, M|100/100
|-damage|p2a: Heatran|88/100|[from] Stealth Rock
|-item|p2a: Heatran|Air Balloon
|move|p1a: Sandy Shocks|Earth Power|p2a: Heatran
|-immune|p2a: Heatran
|
|upkeep
|turn|3
|
|t:|1757869328
|move|p1a: Sandy Shocks|Volt Switch|p2a: Heatran
|-damage|p2a: Heatran|50/100
|-enditem|p2a: Heatran|Air Balloon
|-damage|p1a: Sandy Shocks|46/100|[from] item: Life Orb
|
|t:|1757869332
|-end|p1a: Sandy Shocks|Protosynthesis|[silent]
|switch|p1a: Primarina|Primarina, F|100/100|[from] Volt Switch
|move|p2a: Heatran|Stealth Rock|p1a: Primarina
|-sidestart|p1: KutusDaFaquinGod|move: Stealth Rock
|
|upkeep
|turn|4
|
|t:|1757869341
|move|p2a: Heatran|Flash Cannon|p1a: Primarina
|-damage|p1a: Primarina|75/100
|-unboost|p1a: Primarina|spd|1
|move|p1a: Primarina|Psychic Noise|p2a: Heatran
|-supereffective|p2a: Heatran
|-damage|p2a: Heatran|0 fnt
|faint|p2a: Heatran
|
|upkeep
|
|t:|1757869367
|switch|p2a: Thundurus|Thundurus-Therian, M, shiny, tera:Poison|90/100
|-damage|p2a: Thundurus|78/100|[from] Stealth Rock
|turn|5
|
|t:|1757869386
|move|p2a: Thundurus|Volt Switch|p1a: Primarina
|-supereffective|p1a: Primarina
|-damage|p1a: Primarina|0 fnt
|faint|p1a: Primarina
|-damage|p2a: Thundurus|68/100|[from] item: Life Orb
|
|t:|1757869393
|switch|p2a: Goodra|Goodra-Hisui, F|100/100|[from] Volt Switch
|-damage|p2a: Goodra|95/100|[from] Stealth Rock
|
|-heal|p2a: Goodra|100/100|[from] item: Leftovers
|upkeep
|
|t:|1757869399
|switch|p1a: Sandy Shocks|Sandy Shocks|46/100
|-damage|p1a: Sandy Shocks|40/100|[from] Stealth Rock
|turn|6
|
|t:|1757869415
|move|p1a: Sandy Shocks|Earth Power|p2a: Goodra
|-supereffective|p2a: Goodra
|-damage|p2a: Goodra|27/100
|-damage|p1a: Sandy Shocks|30/100|[from] item: Life Orb
|move|p2a: Goodra|Ice Beam|p1a: Sandy Shocks
|-supereffective|p1a: Sandy Shocks
|-damage|p1a: Sandy Shocks|0 fnt
|faint|p1a: Sandy Shocks
|-end|p1a: Sandy Shocks|Protosynthesis|[silent]
|
|-heal|p2a: Goodra|33/100|[from] item: Leftovers
|upkeep
|
|t:|1757869465
|switch|p1a: Meowscarada|Meowscarada, F|100/100
|-damage|p1a: Meowscarada|88/100|[from] Stealth Rock
|turn|7
|
|t:|1757869485
|move|p1a: Meowscarada|Knock Off|p2a: Goodra
|-start|p1a: Meowscarada|typechange|Dark|[from] ability: Protean
|-damage|p2a: Goodra|0 fnt
|-ability|p2a: Goodra|Gooey
|-unboost|p1a: Meowscarada|spe|1
|-enditem|p2a: Goodra|Leftovers|[from] move: Knock Off|[of] p1a: Meowscarada
|faint|p2a: Goodra
|
|upkeep
|
|t:|1757869503
|switch|p2a: Iron Leaves|Iron Leaves|100/100
|-damage|p2a: Iron Leaves|88/100|[from] Stealth Rock
|-enditem|p2a: Iron Leaves|Booster Energy
|-activate|p2a: Iron Leaves|ability: Quark Drive|[fromitem]
|-start|p2a: Iron Leaves|quarkdriveatk
|turn|8
|
|t:|1757869515
|move|p2a: Iron Leaves|Sacred Sword|p1a: Meowscarada
|-supereffective|p1a: Meowscarada
|-damage|p1a: Meowscarada|0 fnt
|faint|p1a: Meowscarada
|
|upkeep
|-message|KutusDaFaquinGod forfeited.
|
|win|tezca07
|raw|KutusDaFaquinGod's rating: 1297 &rarr; <strong>1270</strong><br />(-27 for losing)
|raw|tezca07's rating: 1265 &rarr; <strong>1292</strong><br />(+27 for winning)
|l|☆KutusDaFaquinGod
|player|p1|
|l|☆tezca07
|player|p2|
