|j|☆Shoerun
|j|☆yeunybvcl
|t:|1757944089
|gametype|singles
|player|p1|Shoerun|169|1150
|player|p2|yeunybvcl|clair|1106
|gen|9
|tier|[Gen 9] OU
|rated|
|rule|HP Percentage Mod: HP is shown in percentages
|rule|Endless Battle Clause: Forcing endless battles is banned
|rule|Species Clause: Limit one of each Pokémon
|rule|OHKO Clause: OHKO moves are banned
|rule|Evasion Items Clause: Evasion items are banned
|rule|Evasion Moves Clause: Evasion moves are banned
|rule|Evasion Abilities Clause: Evasion abilities are banned
|rule|Sleep Moves Clause: Sleep-inducing moves are banned
|clearpoke
|poke|p1|Pecharunt|
|poke|p1|Dragonite, F|
|poke|p1|Great Tusk|
|poke|p1|Volcanion|
|poke|p1|Gliscor, M|
|poke|p1|Meowscarada, M|
|poke|p2|Araquanid, F|
|poke|p2|Munkidori, M|
|poke|p2|Kingambit, F|
|poke|p2|Raging Bolt|
|poke|p2|Skeledirge, M|
|poke|p2|Gliscor, M|
|teampreview
|inactive|Battle timer is ON: inactive players will automatically lose when time's up. (requested by yeunybvcl)
|inactive|Shoerun has 120 seconds left.
|inactive|Shoerun has 90 seconds left.
|
|t:|1757944176
|teamsize|p1|6
|teamsize|p2|6
|start
|switch|p1a: Meowscarada|Meowscarada, M, shiny|100/100
|switch|p2a: Araquanid|Araquanid, F|100/100
|turn|1
|
|t:|1757944204
|move|p1a: Meowscarada|Play Rough|p2a: Araquanid
|-damage|p2a: Araquanid|68/100
|move|p2a: Araquanid|Leech Life|p1a: Meowscarada
|-supereffective|p1a: Meowscarada
|-damage|p1a: Meowscarada|0 fnt
|-heal|p2a: Araquanid|100/100|[from] drain|[of] p1a: Meowscarada
|faint|p1a: Meowscarada
|
|upkeep
|inactive|Shoerun has 120 seconds left.
|
|t:|1757944214
|switch|p1a: Volcanion|Volcanion|100/100
|turn|2
|
|t:|1757944222
|move|p1a: Volcanion|Flamethrower|p2a: Araquanid
|-damage|p2a: Araquanid|67/100
|move|p2a: Araquanid|Sticky Web|p1a: Volcanion
|-sidestart|p1: Shoerun|move: Sticky Web
|
|upkeep
|turn|3
|
|t:|1757944232
|move|p1a: Volcanion|Sludge Bomb|p2a: Araquanid
|-damage|p2a: Araquanid|45/100
|move|p2a: Araquanid|Liquidation|p1a: Volcanion
|-immune|p1a: Volcanion|[from] ability: Water Absorb
|
|upkeep
|turn|4
|
|t:|1757944242
|move|p1a: Volcanion|Steam Eruption|p2a: Araquanid
|-heal|p2a: Araquanid|70/100|[from] ability: Water Absorb|[of] p1a: Volcanion
|move|p2a: Araquanid|Mirror Coat||[still]
|-fail|p2a: Araquanid
|
|upkeep
|turn|5
|
|t:|1757944250
|move|p1a: Volcanion|Flamethrower|p2a: Araquanid
|-damage|p2a: Araquanid|39/100
|-status|p2a: Araquanid|brn
|move|p2a: Araquanid|Leech Life|p1a: Volcanion
|-resisted|p1a: Volcanion
|-damage|p1a: Volcanion|95/100
|-heal|p2a: Araquanid|42/100 brn|[from] drain|[of] p1a: Volcanion
|
|-damage|p2a: Araquanid|36/100 brn|[from] brn
|upkeep
|turn|6
|
|t:|1757944261
|move|p1a: Volcanion|Flamethrower|p2a: Araquanid
|-damage|p2a: Araquanid|0 fnt
|faint|p2a: Araquanid
|
|upkeep
|
|t:|1757944266
|switch|p2a: Raging Bolt|Raging Bolt|100/100
|-enditem|p2a: Raging Bolt|Booster Energy
|-activate|p2a: Raging Bolt|ability: Protosynthesis|[fromitem]
|-start|p2a: Raging Bolt|protosynthesisspa
|turn|7
|
|t:|1757944272
|switch|p1a: Great Tusk|Great Tusk, shiny|100/100
|-activate|p1a: Great Tusk|move: Sticky Web
|-unboost|p1a: Great Tusk|spe|1
|-enditem|p1a: Great Tusk|Booster Energy
|-activate|p1a: Great Tusk|ability: Protosynthesis|[fromitem]
|-start|p1a: Great Tusk|protosynthesisatk
|move|p2a: Raging Bolt|Thunderbolt|p1a: Great Tusk
|-immune|p1a: Great Tusk
|
|upkeep
|turn|8
|
|t:|1757944281
|-end|p2a: Raging Bolt|Protosynthesis|[silent]
|switch|p2a: Gliscor|Gliscor, M|100/100
|move|p1a: Great Tusk|Rapid Spin|p2a: Gliscor
|-damage|p2a: Gliscor|81/100
|-boost|p1a: Great Tusk|spe|1
|-sideend|p1: Shoerun|Sticky Web|[from] move: Rapid Spin|[of] p1a: Great Tusk
|
|-status|p2a: Gliscor|tox|[from] item: Toxic Orb
|upkeep
|turn|9
|inactive|yeunybvcl has 120 seconds left.
|
|t:|1757944322
|-end|p1a: Great Tusk|Protosynthesis|[silent]
|switch|p1a: Pecharunt|Pecharunt|100/100
|move|p2a: Gliscor|Acrobatics|p1a: Pecharunt
|-damage|p1a: Pecharunt|89/100
|
|-heal|p1a: Pecharunt|95/100|[from] item: Black Sludge
|-heal|p2a: Gliscor|94/100 tox|[from] ability: Poison Heal
|upkeep
|turn|10
|
|t:|1757944332
|move|p1a: Pecharunt|Shadow Ball|p2a: Gliscor
|-damage|p2a: Gliscor|58/100 tox
|move|p2a: Gliscor|Earthquake|p1a: Pecharunt
|-supereffective|p1a: Pecharunt
|-damage|p1a: Pecharunt|55/100
|
|-heal|p1a: Pecharunt|61/100|[from] item: Black Sludge
|-heal|p2a: Gliscor|70/100 tox|[from] ability: Poison Heal
|upkeep
|turn|11
|inactive|yeunybvcl has 120 seconds left.
|
|t:|1757944345
|move|p1a: Pecharunt|Shadow Ball|p2a: Gliscor
|-damage|p2a: Gliscor|35/100 tox
|move|p2a: Gliscor|Earthquake|p1a: Pecharunt
|-supereffective|p1a: Pecharunt
|-damage|p1a: Pecharunt|14/100
|
|-heal|p1a: Pecharunt|20/100|[from] item: Black Sludge
|-heal|p2a: Gliscor|47/100 tox|[from] ability: Poison Heal
|upkeep
|turn|12
|inactive|yeunybvcl has 120 seconds left.
|
|t:|1757944369
|move|p2a: Gliscor|Protect|p2a: Gliscor
|-singleturn|p2a: Gliscor|Protect
|move|p1a: Pecharunt|Recover|p1a: Pecharunt
|-heal|p1a: Pecharunt|70/100
|
|-heal|p1a: Pecharunt|77/100|[from] item: Black Sludge
|-heal|p2a: Gliscor|59/100 tox|[from] ability: Poison Heal
|upkeep
|turn|13
|
|t:|1757944378
|move|p1a: Pecharunt|Shadow Ball|p2a: Gliscor
|-damage|p2a: Gliscor|22/100 tox
|move|p2a: Gliscor|Earthquake|p1a: Pecharunt
|-supereffective|p1a: Pecharunt
|-damage|p1a: Pecharunt|30/100
|
|-heal|p1a: Pecharunt|36/100|[from] item: Black Sludge
|-heal|p2a: Gliscor|34/100 tox|[from] ability: Poison Heal
|upkeep
|turn|14
|inactive|yeunybvcl has 120 seconds left.
|
|t:|1757944392
|switch|p2a: Kingambit|Kingambit, F|100/100
|-activate|p2a: Kingambit|ability: Supreme Overlord
|-start|p2a: Kingambit|fallen1|[silent]
|move|p1a: Pecharunt|Recover|p1a: Pecharunt
|-heal|p1a: Pecharunt|86/100
|
|-heal|p1a: Pecharunt|92/100|[from] item: Black Sludge
|upkeep
|turn|15
|
|t:|1757944409
|move|p1a: Pecharunt|Malignant Chain|p2a: Kingambit
|-immune|p2a: Kingambit
|move|p2a: Kingambit|Kowtow Cleave|p1a: Pecharunt
|-supereffective|p1a: Pecharunt
|-damage|p1a: Pecharunt|8/100
|-damage|p2a: Kingambit|91/100|[from] item: Life Orb
|
|-heal|p1a: Pecharunt|14/100|[from] item: Black Sludge
|upkeep
|turn|16
|
|t:|1757944428
|switch|p1a: Volcanion|Volcanion|95/100
|move|p2a: Kingambit|Iron Head|p1a: Volcanion
|-resisted|p1a: Volcanion
|-damage|p1a: Volcanion|79/100
|-damage|p2a: Kingambit|81/100|[from] item: Life Orb
|
|upkeep
|turn|17
|
|t:|1757944443
|-end|p2a: Kingambit|fallen1|[silent]
|switch|p2a: Raging Bolt|Raging Bolt|100/100
|move|p1a: Volcanion|Earth Power|p2a: Raging Bolt
|-supereffective|p2a: Raging Bolt
|-damage|p2a: Raging Bolt|55/100
|
|upkeep
|turn|18
|
|t:|1757944457
|-terastallize|p1a: Volcanion|Fairy
|-terastallize|p2a: Raging Bolt|Water
|move|p1a: Volcanion|Earth Power|p2a: Raging Bolt
|-damage|p2a: Raging Bolt|31/100
|-unboost|p2a: Raging Bolt|spd|1
|move|p2a: Raging Bolt|Dragon Pulse|p1a: Volcanion
|-immune|p1a: Volcanion
|
|upkeep
|turn|19
|inactive|Shoerun has 120 seconds left.
|
|t:|1757944478
|-end|p2a: Raging Bolt|Protosynthesis|[silent]
|switch|p2a: Kingambit|Kingambit, F|81/100
|-activate|p2a: Kingambit|ability: Supreme Overlord
|-start|p2a: Kingambit|fallen1|[silent]
|move|p1a: Volcanion|Sludge Bomb|p2a: Kingambit
|-immune|p2a: Kingambit
|
|upkeep
|turn|20
|inactive|Shoerun has 120 seconds left.
|
|t:|1757944513
|move|p1a: Volcanion|Steam Eruption|p2a: Kingambit
|-damage|p2a: Kingambit|28/100
|move|p2a: Kingambit|Iron Head|p1a: Volcanion
|-supereffective|p1a: Volcanion
|-damage|p1a: Volcanion|0 fnt
|faint|p1a: Volcanion
|-damage|p2a: Kingambit|19/100|[from] item: Life Orb
|
|upkeep
|inactive|Shoerun has 90 seconds left.
|
|t:|1757944523
|switch|p1a: Dragonite|Dragonite, F, shiny|100/100
|turn|21
|
|t:|1757944530
|-end|p2a: Kingambit|fallen1|[silent]
|switch|p2a: Skeledirge|Skeledirge, M|100/100
|move|p1a: Dragonite|Extreme Speed|p2a: Skeledirge
|-immune|p2a: Skeledirge
|
|upkeep
|turn|22
|inactive|Shoerun has 90 seconds left.
|
|t:|1757944548
|move|p1a: Dragonite|Earthquake|p2a: Skeledirge
|-supereffective|p2a: Skeledirge
|-damage|p2a: Skeledirge|36/100
|move|p2a: Skeledirge|Will-O-Wisp|p1a: Dragonite
|-status|p1a: Dragonite|brn
|
|-heal|p2a: Skeledirge|42/100|[from] item: Leftovers
|-damage|p1a: Dragonite|94/100 brn|[from] brn
|upkeep
|turn|23
|inactive|Shoerun has 90 seconds left.
|
|t:|1757944560
|move|p1a: Dragonite|Ice Spinner|p2a: Skeledirge
|-resisted|p2a: Skeledirge
|-damage|p2a: Skeledirge|36/100
|move|p2a: Skeledirge|Slack Off|p2a: Skeledirge
|-heal|p2a: Skeledirge|86/100
|
|-heal|p2a: Skeledirge|92/100|[from] item: Leftovers
|-damage|p1a: Dragonite|88/100 brn|[from] brn
|upkeep
|turn|24
|
|t:|1757944569
|move|p1a: Dragonite|Earthquake|p2a: Skeledirge
|-supereffective|p2a: Skeledirge
|-damage|p2a: Skeledirge|64/100
|move|p2a: Skeledirge|Hex|p1a: Dragonite
|-damage|p1a: Dragonite|30/100 brn
|
|-heal|p2a: Skeledirge|70/100|[from] item: Leftovers
|-damage|p1a: Dragonite|24/100 brn|[from] brn
|upkeep
|turn|25
|inactive|Shoerun has 90 seconds left.
|
|t:|1757944586
|switch|p1a: Gliscor|Gliscor, M|100/100
|move|p2a: Skeledirge|Slack Off|p2a: Skeledirge
|-heal|p2a: Skeledirge|100/100
|
|-status|p1a: Gliscor|tox|[from] item: Toxic Orb
|upkeep
|turn|26
|inactive|Shoerun has 90 seconds left.
|
|t:|1757944596
|move|p1a: Gliscor|Toxic|p2a: Skeledirge
|-status|p2a: Skeledirge|tox
|move|p2a: Skeledirge|Hex|p1a: Gliscor
|-damage|p1a: Gliscor|24/100 tox
|
|-heal|p1a: Gliscor|36/100 tox|[from] ability: Poison Heal
|-damage|p2a: Skeledirge|94/100 tox|[from] psn
|upkeep
|turn|27
|inactive|Shoerun has 90 seconds left.
|
|t:|1757944615
|move|p1a: Gliscor|Earthquake|p2a: Skeledirge
|-supereffective|p2a: Skeledirge
|-damage|p2a: Skeledirge|47/100 tox
|move|p2a: Skeledirge|Slack Off|p2a: Skeledirge
|-heal|p2a: Skeledirge|97/100 tox
|
|-heal|p2a: Skeledirge|100/100 tox|[from] item: Leftovers
|-heal|p1a: Gliscor|49/100 tox|[from] ability: Poison Heal
|-damage|p2a: Skeledirge|88/100 tox|[from] psn
|upkeep
|turn|28
|inactive|Shoerun has 90 seconds left.
|
|t:|1757944629
|move|p1a: Gliscor|Protect|p1a: Gliscor
|-singleturn|p1a: Gliscor|Protect
|move|p2a: Skeledirge|Hex|p1a: Gliscor
|-activate|p1a: Gliscor|move: Protect
|
|-heal|p2a: Skeledirge|94/100 tox|[from] item: Leftovers
|-heal|p1a: Gliscor|61/100 tox|[from] ability: Poison Heal
|-damage|p2a: Skeledirge|76/100 tox|[from] psn
|upkeep
|turn|29
|inactive|Shoerun has 90 seconds left.
|
|t:|1757944641
|move|p1a: Gliscor|Earthquake|p2a: Skeledirge
|-supereffective|p2a: Skeledirge
|-damage|p2a: Skeledirge|21/100 tox
|move|p2a: Skeledirge|Hex|p1a: Gliscor
|-damage|p1a: Gliscor|0 fnt
|faint|p1a: Gliscor
|
|-heal|p2a: Skeledirge|27/100 tox|[from] item: Leftovers
|-damage|p2a: Skeledirge|3/100 tox|[from] psn
|upkeep
|
|t:|1757944662
|switch|p1a: Pecharunt|Pecharunt|14/100
|turn|30
|
|t:|1757944690
|switch|p2a: Kingambit|Kingambit, F|19/100
|-activate|p2a: Kingambit|ability: Supreme Overlord
|-start|p2a: Kingambit|fallen1|[silent]
|move|p1a: Pecharunt|Recover|p1a: Pecharunt
|-heal|p1a: Pecharunt|64/100
|
|-heal|p1a: Pecharunt|70/100|[from] item: Black Sludge
|upkeep
|turn|31
|
|t:|1757944711
|move|p1a: Pecharunt|Protect|p1a: Pecharunt
|-singleturn|p1a: Pecharunt|Protect
|move|p2a: Kingambit|Kowtow Cleave|p1a: Pecharunt
|-activate|p1a: Pecharunt|move: Protect
|
|-heal|p1a: Pecharunt|76/100|[from] item: Black Sludge
|upkeep
|turn|32
|
|t:|1757944728
|switch|p1a: Great Tusk|Great Tusk, shiny|100/100
|move|p2a: Kingambit|Sucker Punch||[still]
|-fail|p2a: Kingambit
|
|upkeep
|turn|33
|
|t:|1757944741
|-end|p2a: Kingambit|fallen1|[silent]
|switch|p2a: Skeledirge|Skeledirge, M|3/100 tox
|move|p1a: Great Tusk|Headlong Rush|p2a: Skeledirge
|-supereffective|p2a: Skeledirge
|-damage|p2a: Skeledirge|0 fnt
|-unboost|p1a: Great Tusk|def|1
|-unboost|p1a: Great Tusk|spd|1
|faint|p2a: Skeledirge
|
|upkeep
|
|t:|1757944751
|switch|p2a: Munkidori|Munkidori, M|100/100
|turn|34
|
|t:|1757944771
|move|p2a: Munkidori|Fake Out|p1a: Great Tusk
|-damage|p1a: Great Tusk|93/100
|cant|p1a: Great Tusk|flinch
|
|upkeep
|turn|35
|
|t:|1757944779
|move|p2a: Munkidori|Psychic Noise|p1a: Great Tusk
|-supereffective|p1a: Great Tusk
|-damage|p1a: Great Tusk|0 fnt
|faint|p1a: Great Tusk
|-end|p1a: Great Tusk|Protosynthesis|[silent]
|
|upkeep
|
|t:|1757944787
|switch|p1a: Dragonite|Dragonite, F, shiny|24/100 brn
|turn|36
|
|t:|1757944803
|move|p1a: Dragonite|Extreme Speed|p2a: Munkidori
|-damage|p2a: Munkidori|74/100
|move|p2a: Munkidori|Psychic Noise|p1a: Dragonite
|-damage|p1a: Dragonite|0 fnt
|faint|p1a: Dragonite
|
|upkeep
|
|t:|1757944825
|switch|p1a: Pecharunt|Pecharunt|76/100
|turn|37
|inactive|yeunybvcl has 120 seconds left.
|inactive|yeunybvcl has 90 seconds left.
|
|t:|1757944891
|move|p2a: Munkidori|Psychic Noise|p1a: Pecharunt
|-supereffective|p1a: Pecharunt
|-damage|p1a: Pecharunt|0 fnt
|faint|p1a: Pecharunt
|
|win|yeunybvcl
|raw|Shoerun's rating: 1150 &rarr; <strong>1120</strong><br />(-30 for losing)
|raw|yeunybvcl's rating: 1085 &rarr; <strong>1117</strong><br />(+32 for winning)
|l|☆yeunybvcl
|player|p2|
|l|☆Shoerun
|player|p1|
