|j|☆Ajusmill3
|j|☆LikeEmerald
|t:|1757835144
|gametype|singles
|player|p1|Ajusmill3|1|1086
|player|p2|LikeEmerald|102|1070
|gen|9
|tier|[Gen 9] OU
|rated|
|rule|HP Percentage Mod: HP is shown in percentages
|rule|Endless Battle Clause: Forcing endless battles is banned
|rule|Species Clause: Limit one of each Pokémon
|rule|OHKO Clause: OHKO moves are banned
|rule|Evasion Items Clause: Evasion items are banned
|rule|Evasion Moves Clause: Evasion moves are banned
|rule|Evasion Abilities Clause: Evasion abilities are banned
|rule|Sleep Moves Clause: Sleep-inducing moves are banned
|clearpoke
|poke|p1|Ceruledge, M|
|poke|p1|Umbreon, F|
|poke|p1|Garchomp, F|
|poke|p1|Porygon-Z|
|poke|p1|Scizor, F|
|poke|p1|Glimmora, M|
|poke|p2|Yanmega, F|
|poke|p2|Araquanid, M|
|poke|p2|Tinkaton, F|
|poke|p2|Kingambit, F|
|poke|p2|Dragapult, M|
|poke|p2|Moltres|
|teampreview
|
|t:|1757835155
|teamsize|p1|6
|teamsize|p2|6
|start
|switch|p1a: Glimmora|Glimmora, M, shiny|100/100
|switch|p2a: Araquanid|Araquanid, M, shiny|100/100
|turn|1
|
|t:|1757835164
|move|p1a: Glimmora|Stealth Rock|p2a: Araquanid
|-sidestart|p2: LikeEmerald|move: Stealth Rock
|move|p2a: Araquanid|Surf|p1a: Glimmora
|-supereffective|p1a: Glimmora
|-enditem|p1a: Glimmora|Focus Sash
|-damage|p1a: Glimmora|1/100
|
|upkeep
|turn|2
|
|t:|1757835173
|move|p1a: Glimmora|Power Gem|p2a: Araquanid
|-supereffective|p2a: Araquanid
|-damage|p2a: Araquanid|37/100
|move|p2a: Araquanid|Infestation|p1a: Glimmora
|-resisted|p1a: Glimmora
|-damage|p1a: Glimmora|0 fnt
|faint|p1a: Glimmora
|
|-heal|p2a: Araquanid|43/100|[from] item: Leftovers
|upkeep
|
|t:|1757835191
|switch|p1a: Porygon-Z|Porygon-Z|100/100
|-ability|p1a: Porygon-Z|Download|boost
|-boost|p1a: Porygon-Z|atk|1
|turn|3
|
|t:|1757835204
|move|p1a: Porygon-Z|Thunderbolt|p2a: Araquanid
|-supereffective|p2a: Araquanid
|-crit|p2a: Araquanid
|-damage|p2a: Araquanid|0 fnt
|faint|p2a: Araquanid
|
|upkeep
|
|t:|1757835218
|switch|p2a: Dragapult|Dragapult, M, shiny|100/100
|-damage|p2a: Dragapult|88/100|[from] Stealth Rock
|turn|4
|
|t:|1757835227
|switch|p1a: Umbreon|Umbreon, F, shiny|100/100
|move|p2a: Dragapult|Draco Meteor|p1a: Umbreon
|-damage|p1a: Umbreon|67/100
|-unboost|p2a: Dragapult|spa|2
|
|-heal|p1a: Umbreon|73/100|[from] item: Leftovers
|upkeep
|turn|5
|
|t:|1757835239
|switch|p2a: Tinkaton|Tinkaton, F, shiny|100/100
|-damage|p2a: Tinkaton|94/100|[from] Stealth Rock
|-ability|p2a: Tinkaton|Mold Breaker
|-item|p2a: Tinkaton|Air Balloon
|move|p1a: Umbreon|Wish|p1a: Umbreon
|
|-heal|p1a: Umbreon|79/100|[from] item: Leftovers
|upkeep
|turn|6
|
|t:|1757835250
|switch|p1a: Scizor|Scizor, F|100/100
|move|p2a: Tinkaton|Stealth Rock|p1a: Scizor
|-sidestart|p1: Ajusmill3|move: Stealth Rock
|
|upkeep
|turn|7
|
|t:|1757835257
|move|p2a: Tinkaton|Knock Off|p1a: Scizor
|-crit|p1a: Scizor
|-damage|p1a: Scizor|57/100
|-enditem|p1a: Scizor|Focus Sash|[from] move: Knock Off|[of] p2a: Tinkaton
|move|p1a: Scizor|Knock Off|p2a: Tinkaton
|-resisted|p2a: Tinkaton
|-damage|p2a: Tinkaton|72/100
|-enditem|p2a: Tinkaton|Air Balloon
|
|upkeep
|turn|8
|
|t:|1757835270
|move|p2a: Tinkaton|Gigaton Hammer|p1a: Scizor
|-resisted|p1a: Scizor
|-damage|p1a: Scizor|22/100
|move|p1a: Scizor|U-turn|p2a: Tinkaton
|-resisted|p2a: Tinkaton
|-damage|p2a: Tinkaton|60/100
|
|t:|1757835291
|switch|p1a: Garchomp|Garchomp, F|100/100|[from] U-turn
|-damage|p1a: Garchomp|94/100|[from] Stealth Rock
|
|upkeep
|turn|9
|
|t:|1757835299
|switch|p2a: Moltres|Moltres, shiny|100/100
|move|p1a: Garchomp|Earthquake|p2a: Moltres
|-immune|p2a: Moltres
|
|upkeep
|turn|10
|
|t:|1757835307
|switch|p1a: Umbreon|Umbreon, F, shiny|79/100
|-damage|p1a: Umbreon|67/100|[from] Stealth Rock
|move|p2a: Moltres|Scorching Sands|p1a: Umbreon
|-damage|p1a: Umbreon|52/100
|
|-heal|p1a: Umbreon|58/100|[from] item: Leftovers
|upkeep
|turn|11
|
|t:|1757835317
|switch|p2a: Yanmega|Yanmega, F, shiny|100/100
|move|p1a: Umbreon|Wish|p1a: Umbreon
|
|-heal|p1a: Umbreon|64/100|[from] item: Leftovers
|upkeep
|turn|12
|
|t:|1757835325
|move|p1a: Umbreon|Protect|p1a: Umbreon
|-singleturn|p1a: Umbreon|Protect
|move|p2a: Yanmega|Swords Dance|p2a: Yanmega
|-boost|p2a: Yanmega|atk|2
|
|-heal|p1a: Umbreon|100/100|[from] move: Wish|[wisher] Umbreon
|upkeep
|turn|13
|
|t:|1757835337
|switch|p1a: Scizor|Scizor, F|22/100
|-damage|p1a: Scizor|10/100|[from] Stealth Rock
|-terastallize|p2a: Yanmega|Bug
|move|p2a: Yanmega|Leech Life|p1a: Scizor
|-resisted|p1a: Scizor
|-damage|p1a: Scizor|0 fnt
|faint|p1a: Scizor
|
|upkeep
|
|t:|1757835348
|switch|p1a: Porygon-Z|Porygon-Z|100/100
|-damage|p1a: Porygon-Z|88/100|[from] Stealth Rock
|-ability|p1a: Porygon-Z|Download|boost
|-boost|p1a: Porygon-Z|spa|1
|turn|14
|
|t:|1757835357
|move|p1a: Porygon-Z|Hyper Beam|p2a: Yanmega
|-damage|p2a: Yanmega|0 fnt
|-mustrecharge|p1a: Porygon-Z
|faint|p2a: Yanmega
|
|upkeep
|
|t:|1757835372
|switch|p2a: Tinkaton|Tinkaton, F, shiny|60/100
|-damage|p2a: Tinkaton|54/100|[from] Stealth Rock
|-ability|p2a: Tinkaton|Mold Breaker
|turn|15
|
|t:|1757835378
|cant|p1a: Porygon-Z|recharge
|move|p2a: Tinkaton|Brick Break|p1a: Porygon-Z
|-supereffective|p1a: Porygon-Z
|-damage|p1a: Porygon-Z|37/100
|
|upkeep
|turn|16
|
|t:|1757835395
|switch|p1a: Umbreon|Umbreon, F, shiny|100/100
|-damage|p1a: Umbreon|88/100|[from] Stealth Rock
|switch|p2a: Dragapult|Dragapult, M, shiny|88/100
|-damage|p2a: Dragapult|76/100|[from] Stealth Rock
|
|-heal|p1a: Umbreon|94/100|[from] item: Leftovers
|upkeep
|turn|17
|
|t:|1757835407
|move|p2a: Dragapult|U-turn|p1a: Umbreon
|-supereffective|p1a: Umbreon
|-damage|p1a: Umbreon|67/100
|
|t:|1757835413
|switch|p2a: Tinkaton|Tinkaton, F, shiny|54/100|[from] U-turn
|-damage|p2a: Tinkaton|47/100|[from] Stealth Rock
|-ability|p2a: Tinkaton|Mold Breaker
|move|p1a: Umbreon|Toxic|p2a: Tinkaton
|-immune|p2a: Tinkaton
|
|-heal|p1a: Umbreon|73/100|[from] item: Leftovers
|upkeep
|turn|18
|
|t:|1757835438
|move|p2a: Tinkaton|Knock Off|p1a: Umbreon
|-resisted|p1a: Umbreon
|-damage|p1a: Umbreon|64/100
|-enditem|p1a: Umbreon|Leftovers|[from] move: Knock Off|[of] p2a: Tinkaton
|move|p1a: Umbreon|Wish|p1a: Umbreon
|
|upkeep
|turn|19
|
|t:|1757835454
|move|p1a: Umbreon|Protect|p1a: Umbreon
|-singleturn|p1a: Umbreon|Protect
|move|p2a: Tinkaton|Brick Break|p1a: Umbreon
|-activate|p1a: Umbreon|move: Protect
|
|-heal|p1a: Umbreon|100/100|[from] move: Wish|[wisher] Umbreon
|upkeep
|turn|20
|
|t:|1757835463
|move|p2a: Tinkaton|Gigaton Hammer|p1a: Umbreon
|-damage|p1a: Umbreon|57/100
|move|p1a: Umbreon|Wish|p1a: Umbreon
|
|upkeep
|turn|21
|
|t:|1757835472
|switch|p1a: Ceruledge|Ceruledge, M|100/100
|-damage|p1a: Ceruledge|76/100|[from] Stealth Rock
|move|p2a: Tinkaton|Brick Break|p1a: Ceruledge
|-immune|p1a: Ceruledge
|
|-heal|p1a: Ceruledge|100/100|[from] move: Wish|[wisher] Umbreon
|upkeep
|turn|22
|
|t:|1757835486
|move|p2a: Tinkaton|Knock Off|p1a: Ceruledge
|-supereffective|p1a: Ceruledge
|-damage|p1a: Ceruledge|36/100
|-ability|p1a: Ceruledge|Weak Armor|boost
|-unboost|p1a: Ceruledge|def|1
|-boost|p1a: Ceruledge|spe|2
|-enditem|p1a: Ceruledge|Focus Sash|[from] move: Knock Off|[of] p2a: Tinkaton
|move|p1a: Ceruledge|Bulk Up|p1a: Ceruledge
|-boost|p1a: Ceruledge|atk|1
|-boost|p1a: Ceruledge|def|1
|
|upkeep
|turn|23
|
|t:|1757835497
|move|p1a: Ceruledge|Bitter Blade|p2a: Tinkaton
|-supereffective|p2a: Tinkaton
|-damage|p2a: Tinkaton|0 fnt
|-heal|p1a: Ceruledge|61/100|[from] drain|[of] p2a: Tinkaton
|faint|p2a: Tinkaton
|
|upkeep
|
|t:|1757835501
|switch|p2a: Moltres|Moltres, shiny|100/100
|turn|24
|
|t:|1757835514
|-terastallize|p1a: Ceruledge|Water
|move|p1a: Ceruledge|Bitter Blade|p2a: Moltres
|-resisted|p2a: Moltres
|-damage|p2a: Moltres|69/100
|-heal|p1a: Ceruledge|82/100|[from] drain|[of] p2a: Moltres
|move|p2a: Moltres|Scorching Sands|p1a: Ceruledge
|-damage|p1a: Ceruledge|54/100
|
|upkeep
|turn|25
|
|t:|1757835527
|move|p1a: Ceruledge|Shadow Sneak|p2a: Moltres
|-damage|p2a: Moltres|37/100
|move|p2a: Moltres|Scorching Sands|p1a: Ceruledge
|-damage|p1a: Ceruledge|21/100
|
|upkeep
|turn|26
|
|t:|1757835533
|move|p1a: Ceruledge|Bitter Blade|p2a: Moltres
|-resisted|p2a: Moltres
|-damage|p2a: Moltres|1/100
|-heal|p1a: Ceruledge|44/100|[from] drain|[of] p2a: Moltres
|move|p2a: Moltres|Scorching Sands|p1a: Ceruledge
|-damage|p1a: Ceruledge|15/100
|-status|p1a: Ceruledge|brn
|
|-damage|p1a: Ceruledge|9/100 brn|[from] brn
|upkeep
|turn|27
|
|t:|1757835544
|move|p1a: Ceruledge|Shadow Sneak|p2a: Moltres
|-crit|p2a: Moltres
|-damage|p2a: Moltres|0 fnt
|faint|p2a: Moltres
|
|-damage|p1a: Ceruledge|3/100 brn|[from] brn
|upkeep
|
|t:|1757835561
|switch|p2a: Kingambit|Kingambit, F, shiny|100/100
|-damage|p2a: Kingambit|94/100|[from] Stealth Rock
|-activate|p2a: Kingambit|ability: Supreme Overlord
|-start|p2a: Kingambit|fallen4|[silent]
|turn|28
|
|t:|1757835576
|move|p2a: Kingambit|Sucker Punch|p1a: Ceruledge
|-damage|p1a: Ceruledge|0 fnt
|faint|p1a: Ceruledge
|
|upkeep
|
|t:|1757835586
|switch|p1a: Garchomp|Garchomp, F|94/100
|-damage|p1a: Garchomp|88/100|[from] Stealth Rock
|turn|29
|
|t:|1757835600
|-end|p2a: Kingambit|fallen4|[silent]
|switch|p2a: Dragapult|Dragapult, M, shiny|76/100
|-damage|p2a: Dragapult|64/100|[from] Stealth Rock
|move|p1a: Garchomp|Swords Dance|p1a: Garchomp
|-boost|p1a: Garchomp|atk|2
|
|upkeep
|turn|30
|
|t:|1757835610
|move|p2a: Dragapult|Draco Meteor|p1a: Garchomp
|-supereffective|p1a: Garchomp
|-damage|p1a: Garchomp|0 fnt
|-unboost|p2a: Dragapult|spa|2
|faint|p1a: Garchomp
|
|upkeep
|
|t:|1757835617
|switch|p1a: Umbreon|Umbreon, F, shiny|57/100
|-damage|p1a: Umbreon|44/100|[from] Stealth Rock
|turn|31
|
|t:|1757835624
|switch|p2a: Kingambit|Kingambit, F, shiny|94/100
|-damage|p2a: Kingambit|88/100|[from] Stealth Rock
|-activate|p2a: Kingambit|ability: Supreme Overlord
|-start|p2a: Kingambit|fallen4|[silent]
|move|p1a: Umbreon|Wish|p1a: Umbreon
|
|upkeep
|turn|32
|
|t:|1757835632
|move|p1a: Umbreon|Protect|p1a: Umbreon
|-singleturn|p1a: Umbreon|Protect
|move|p2a: Kingambit|Poison Jab|p1a: Umbreon
|-activate|p1a: Umbreon|move: Protect
|
|-heal|p1a: Umbreon|94/100|[from] move: Wish|[wisher] Umbreon
|upkeep
|turn|33
|
|t:|1757835644
|move|p1a: Umbreon|Wish|p1a: Umbreon
|move|p2a: Kingambit|Poison Jab|p1a: Umbreon
|-damage|p1a: Umbreon|59/100
|
|upkeep
|turn|34
|
|t:|1757835652
|move|p1a: Umbreon|Foul Play|p2a: Kingambit
|-resisted|p2a: Kingambit
|-damage|p2a: Kingambit|68/100
|move|p2a: Kingambit|Poison Jab|p1a: Umbreon
|-damage|p1a: Umbreon|27/100
|-status|p1a: Umbreon|psn
|-activate|p1a: Umbreon|ability: Synchronize
|-immune|p2a: Kingambit
|
|-heal|p1a: Umbreon|77/100 psn|[from] move: Wish|[wisher] Umbreon
|-damage|p1a: Umbreon|65/100 psn|[from] psn
|upkeep
|turn|35
|-message|Ajusmill3 forfeited.
|
|win|LikeEmerald
|raw|Ajusmill3's rating: 1086 &rarr; <strong>1062</strong><br />(-24 for losing)
|raw|LikeEmerald's rating: 1070 &rarr; <strong>1101</strong><br />(+31 for winning)
|l|☆Ajusmill3
|player|p1|
