|j|☆charizandra
|j|☆chiggleramus
|t:|1757873728
|gametype|singles
|player|p1|charizandra|cynthia-gen4|1046
|player|p2|chiggleramus|policeman-gen4|1000
|gen|9
|tier|[Gen 9] OU
|rated|
|rule|HP Percentage Mod: HP is shown in percentages
|rule|Endless Battle Clause: Forcing endless battles is banned
|rule|Species Clause: Limit one of each Pokémon
|rule|OHKO Clause: OHKO moves are banned
|rule|Evasion Items Clause: Evasion items are banned
|rule|Evasion Moves Clause: Evasion moves are banned
|rule|Evasion Abilities Clause: Evasion abilities are banned
|rule|Sleep Moves Clause: Sleep-inducing moves are banned
|clearpoke
|poke|p1|Maushold-Four|
|poke|p1|Meloetta|
|poke|p1|Ambipom, F|
|poke|p1|Staraptor, F|
|poke|p1|Blissey, F|
|poke|p1|Porygon2|
|poke|p2|Hydreigon, M|
|poke|p2|Gothitelle, M|
|poke|p2|Luxray, M|
|poke|p2|Tinkaton, F|
|poke|p2|Chespin, F|
|poke|p2|Ursaluna, F|
|teampreview
|
|t:|1757873733
|teamsize|p1|6
|teamsize|p2|6
|start
|switch|p1a: Ambipom|Ambipom, F|100/100
|switch|p2a: Gothitelle|Gothitelle, M|100/100
|-item|p1a: Ambipom|Normal Gem|[from] ability: Frisk|[of] p2a: Gothitelle
|turn|1
|
|t:|1757873742
|move|p1a: Ambipom|Fake Out|p2a: Gothitelle
|-enditem|p1a: Ambipom|Normal Gem|[from] gem
|-damage|p2a: Gothitelle|63/100
|cant|p2a: Gothitelle|flinch
|
|upkeep
|turn|2
|
|t:|1757873751
|move|p1a: Ambipom|Knock Off|p2a: Gothitelle
|-supereffective|p2a: Gothitelle
|-damage|p2a: Gothitelle|8/100
|-enditem|p2a: Gothitelle|Expert Belt|[from] move: Knock Off|[of] p1a: Ambipom
|move|p2a: Gothitelle|Dark Pulse|p1a: Ambipom
|-damage|p1a: Ambipom|71/100
|
|upkeep
|turn|3
|
|t:|1757873763
|switch|p2a: Tinkaton|Tinkaton, F|100/100
|-ability|p2a: Tinkaton|Mold Breaker
|move|p1a: Ambipom|Acrobatics|p2a: Tinkaton
|-resisted|p2a: Tinkaton
|-damage|p2a: Tinkaton|83/100
|
|upkeep
|turn|4
|
|t:|1757873774
|-terastallize|p2a: Tinkaton|Fairy
|move|p1a: Ambipom|Knock Off|p2a: Tinkaton
|-resisted|p2a: Tinkaton
|-damage|p2a: Tinkaton|65/100
|-enditem|p2a: Tinkaton|Power Herb|[from] move: Knock Off|[of] p1a: Ambipom
|move|p2a: Tinkaton|Knock Off|p1a: Ambipom
|-damage|p1a: Ambipom|48/100
|
|upkeep
|turn|5
|
|t:|1757873784
|move|p1a: Ambipom|Acrobatics|p2a: Tinkaton
|-damage|p2a: Tinkaton|29/100
|move|p2a: Tinkaton|Gigaton Hammer|p1a: Ambipom
|-damage|p1a: Ambipom|0 fnt
|faint|p1a: Ambipom
|
|upkeep
|
|t:|1757873793
|switch|p1a: Maushold|Maushold-Four, shiny|100/100
|turn|6
|
|t:|1757873797
|switch|p2a: Chespin|Chespin, F|100/100
|move|p1a: Maushold|Tidy Up|p1a: Maushold
|-boost|p1a: Maushold|atk|1
|-boost|p1a: Maushold|spe|1
|
|upkeep
|turn|7
|
|t:|1757873806
|move|p1a: Maushold|Population Bomb|p2a: Chespin
|-damage|p2a: Chespin|74/100
|-damage|p2a: Chespin|48/100
|-crit|p2a: Chespin
|-damage|p2a: Chespin|8/100
|-damage|p2a: Chespin|0 fnt
|faint|p2a: Chespin
|-hitcount|p2: Chespin|4
|
|upkeep
|
|t:|1757873816
|switch|p2a: Ursaluna|Ursaluna, F|100/100
|turn|8
|
|t:|1757873822
|move|p1a: Maushold|Population Bomb|p2a: Ursaluna
|-damage|p2a: Ursaluna|89/100
|-damage|p2a: Ursaluna|77/100
|-damage|p2a: Ursaluna|65/100
|-damage|p2a: Ursaluna|52/100
|-damage|p2a: Ursaluna|40/100
|-damage|p2a: Ursaluna|28/100
|-damage|p2a: Ursaluna|16/100
|-damage|p2a: Ursaluna|5/100
|-damage|p2a: Ursaluna|0 fnt
|faint|p2a: Ursaluna
|-hitcount|p2: Ursaluna|9
|
|upkeep
|
|t:|1757873838
|switch|p2a: Tinkaton|Tinkaton, F, tera:Fairy|29/100
|-ability|p2a: Tinkaton|Mold Breaker
|turn|9
|
|t:|1757873845
|move|p1a: Maushold|Population Bomb|p2a: Tinkaton|[miss]
|-miss|p1a: Maushold|p2a: Tinkaton
|move|p2a: Tinkaton|Knock Off|p1a: Maushold
|-damage|p1a: Maushold|69/100
|-enditem|p1a: Maushold|Loaded Dice|[from] move: Knock Off|[of] p2a: Tinkaton
|
|upkeep
|turn|10
|
|t:|1757873858
|move|p1a: Maushold|Population Bomb|p2a: Tinkaton
|-damage|p2a: Tinkaton|8/100
|-damage|p2a: Tinkaton|0 fnt
|faint|p2a: Tinkaton
|-hitcount|p2: Tinkaton|2
|
|upkeep
|
|t:|1757873865
|switch|p2a: Hydreigon|Hydreigon, M|100/100
|turn|11
|
|t:|1757873871
|move|p1a: Maushold|Play Rough|p2a: Hydreigon
|-supereffective|p2a: Hydreigon
|-damage|p2a: Hydreigon|0 fnt
|faint|p2a: Hydreigon
|
|upkeep
|
|t:|1757873876
|switch|p2a: Luxray|Luxray, M|100/100
|turn|12
|
|t:|1757873884
|move|p1a: Maushold|Population Bomb|p2a: Luxray
|-damage|p2a: Luxray|79/100
|-damage|p2a: Luxray|59/100
|-damage|p2a: Luxray|39/100
|-damage|p2a: Luxray|20/100
|-damage|p2a: Luxray|0 fnt
|faint|p2a: Luxray
|-hitcount|p2: Luxray|5
|
|upkeep
|
|t:|1757873892
|switch|p2a: Gothitelle|Gothitelle, M|8/100
|turn|13
|
|t:|1757873897
|move|p1a: Maushold|Population Bomb|p2a: Gothitelle
|-damage|p2a: Gothitelle|0 fnt
|faint|p2a: Gothitelle
|-hitcount|p2: Gothitelle|1
|
|win|charizandra
|raw|charizandra's rating: 1046 &rarr; <strong>1075</strong><br />(+29 for winning)
|raw|chiggleramus's rating: 1000 &rarr; <strong>1000</strong><br />(+0 for losing)
