|j|☆disco 2003
|j|☆LT124YH Prav33n
|t:|1757808006
|gametype|singles
|player|p1|disco 2003|policeman-gen4|1673
|player|p2|LT124YH Prav33n|koga|1790
|gen|9
|tier|[Gen 9] OU
|rated|
|rule|HP Percentage Mod: HP is shown in percentages
|rule|Endless Battle Clause: Forcing endless battles is banned
|rule|Species Clause: Limit one of each Pokémon
|rule|OHKO Clause: OHKO moves are banned
|rule|Evasion Items Clause: Evasion items are banned
|rule|Evasion Moves Clause: Evasion moves are banned
|rule|Evasion Abilities Clause: Evasion abilities are banned
|rule|Sleep Moves Clause: Sleep-inducing moves are banned
|clearpoke
|poke|p1|Indeedee, M|
|poke|p1|Hatterene, F|
|poke|p1|Ursaluna, F|
|poke|p1|Iron Hands|
|poke|p1|Hoopa-Unbound|
|poke|p1|Mimikyu, F|
|poke|p2|Great Tusk|
|poke|p2|Dragapult, M|
|poke|p2|Moltres|
|poke|p2|Scizor, M|
|poke|p2|Kyurem|
|poke|p2|Samurott-Hisui, F|
|teampreview
|inactive|Battle timer is ON: inactive players will automatically lose when time's up. (requested by LT124YH Prav33n)
|
|t:|1757808039
|teamsize|p1|6
|teamsize|p2|6
|start
|switch|p1a: Crashout YN|Ursaluna, F, shiny|100/100
|switch|p2a: Scizor|Scizor, M, shiny|100/100
|turn|1
|inactive|disco 2003 has 120 seconds left.
|
|t:|1757808079
|move|p2a: Scizor|Knock Off|p1a: Crashout YN
|-damage|p1a: Crashout YN|58/100
|-enditem|p1a: Crashout YN|Flame Orb|[from] move: Knock Off|[of] p2a: Scizor
|move|p1a: Crashout YN|Headlong Rush|p2a: Scizor
|-damage|p2a: Scizor|21/100
|-unboost|p1a: Crashout YN|def|1
|-unboost|p1a: Crashout YN|spd|1
|
|upkeep
|turn|2
|
|t:|1757808104
|switch|p1a: LEBRON|Iron Hands, shiny|100/100
|-enditem|p1a: LEBRON|Booster Energy
|-activate|p1a: LEBRON|ability: Quark Drive|[fromitem]
|-start|p1a: LEBRON|quarkdriveatk
|move|p2a: Scizor|Knock Off|p1a: LEBRON
|-resisted|p1a: LEBRON
|-damage|p1a: LEBRON|88/100
|
|upkeep
|turn|3
|inactive|disco 2003 has 90 seconds left.
|
|t:|1757808144
|move|p2a: Scizor|Knock Off|p1a: LEBRON
|-resisted|p1a: LEBRON
|-damage|p1a: LEBRON|76/100
|move|p1a: LEBRON|Supercell Slam|p2a: Scizor
|-damage|p2a: Scizor|0 fnt
|faint|p2a: Scizor
|
|upkeep
|
|t:|1757808149
|switch|p2a: Great Tusk|Great Tusk|100/100
|turn|4
|
|t:|1757808163
|move|p2a: Great Tusk|Stealth Rock|p1a: LEBRON
|-sidestart|p1: disco 2003|move: Stealth Rock
|move|p1a: LEBRON|Ice Punch|p2a: Great Tusk
|-supereffective|p2a: Great Tusk
|-damage|p2a: Great Tusk|48/100
|
|upkeep
|turn|5
|
|t:|1757808170
|move|p2a: Great Tusk|Headlong Rush|p1a: LEBRON
|-supereffective|p1a: LEBRON
|-damage|p1a: LEBRON|0 fnt
|-unboost|p2a: Great Tusk|def|1
|-unboost|p2a: Great Tusk|spd|1
|faint|p1a: LEBRON
|-end|p1a: LEBRON|Quark Drive|[silent]
|
|upkeep
|
|t:|1757808176
|switch|p1a: Subaru|Indeedee, M, shiny|100/100
|-damage|p1a: Subaru|88/100|[from] Stealth Rock
|-fieldstart|move: Psychic Terrain|[from] ability: Psychic Surge|[of] p1a: Subaru
|turn|6
|
|t:|1757808180
|-end|p2a: Great Tusk|Protosynthesis|[silent]
|switch|p2a: Samurott|Samurott-Hisui, F|100/100
|move|p1a: Subaru|Trick Room|p1a: Subaru
|-fieldstart|move: Trick Room|[of] p1a: Subaru
|
|upkeep
|turn|7
|
|t:|1757808186
|switch|p1a: Satella|Hatterene, F, shiny|100/100
|-damage|p1a: Satella|88/100|[from] Stealth Rock
|move|p2a: Samurott|Ceaseless Edge|p1a: Satella
|-damage|p1a: Satella|41/100
|-sidestart|p1: disco 2003|Spikes
|
|upkeep
|turn|8
|
|t:|1757808215
|switch|p2a: Moltres|Moltres|100/100
|move|p1a: Satella|Draining Kiss|p2a: Moltres
|-resisted|p2a: Moltres
|-damage|p2a: Moltres|82/100
|-heal|p1a: Satella|57/100|[from] drain|[of] p2a: Moltres
|-damage|p1a: Satella|48/100|[from] item: Life Orb
|
|upkeep
|turn|9
|j| GraphLegion
|
|t:|1757808221
|switch|p2a: Samurott|Samurott-Hisui, F|100/100
|move|p1a: Satella|Expanding Force|p2a: Samurott
|-immune|p2a: Samurott
|
|upkeep
|turn|10
|
|t:|1757808224
|switch|p2a: Moltres|Moltres|82/100
|move|p1a: Satella|Draining Kiss|p2a: Moltres
|-resisted|p2a: Moltres
|-damage|p2a: Moltres|61/100
|-heal|p1a: Satella|67/100|[from] drain|[of] p2a: Moltres
|-damage|p1a: Satella|57/100|[from] item: Life Orb
|
|-fieldend|move: Trick Room
|upkeep
|turn|11
|
|t:|1757808231
|move|p2a: Moltres|Flamethrower|p1a: Satella
|-damage|p1a: Satella|15/100
|move|p1a: Satella|Trick Room|p1a: Satella
|-fieldstart|move: Trick Room|[of] p1a: Satella
|
|upkeep
|turn|12
|
|t:|1757808240
|move|p1a: Satella|Draining Kiss|p2a: Moltres
|-resisted|p2a: Moltres
|-damage|p2a: Moltres|40/100
|-heal|p1a: Satella|34/100|[from] drain|[of] p2a: Moltres
|-damage|p1a: Satella|24/100|[from] item: Life Orb
|move|p2a: Moltres|Roost|p2a: Moltres
|-heal|p2a: Moltres|91/100
|-singleturn|p2a: Moltres|move: Roost
|
|upkeep
|turn|13
|
|t:|1757808247
|switch|p2a: Samurott|Samurott-Hisui, F|100/100
|move|p1a: Satella|Draining Kiss|p2a: Samurott
|-supereffective|p2a: Samurott
|-damage|p2a: Samurott|42/100
|-heal|p1a: Satella|77/100|[from] drain|[of] p2a: Samurott
|-damage|p1a: Satella|67/100|[from] item: Life Orb
|
|-fieldend|move: Psychic Terrain
|upkeep
|turn|14
|
|t:|1757808255
|switch|p1a: Subaru|Indeedee, M, shiny|88/100
|-damage|p1a: Subaru|76/100|[from] Stealth Rock
|-damage|p1a: Subaru|63/100|[from] Spikes
|-fieldstart|move: Psychic Terrain|[from] ability: Psychic Surge|[of] p1a: Subaru
|switch|p2a: Moltres|Moltres|91/100
|
|upkeep
|turn|15
|
|t:|1757808268
|move|p2a: Moltres|U-turn|p1a: Subaru
|-supereffective|p1a: Subaru
|-damage|p1a: Subaru|31/100
|
|t:|1757808270
|switch|p2a: Samurott|Samurott-Hisui, F|42/100|[from] U-turn
|move|p1a: Subaru|Healing Wish|p1a: Subaru
|faint|p1a: Subaru
|
|-fieldend|move: Trick Room
|upkeep
|-message|disco 2003 forfeited.
|
|win|LT124YH Prav33n
|raw|disco 2003's rating: 1673 &rarr; <strong>1659</strong><br />(-14 for losing)
|raw|LT124YH Prav33n's rating: 1790 &rarr; <strong>1804</strong><br />(+14 for winning)
|l|☆disco 2003
|player|p1|
|l|☆LT124YH Prav33n
|player|p2|
|l| GraphLegion
