|j|☆theguycalledben
|j|☆Prerak04
|t:|1757839325
|gametype|singles
|player|p1|theguycalledben|265|1441
|player|p2|Prerak04|265|1391
|gen|9
|tier|[Gen 9] OU
|rated|
|rule|HP Percentage Mod: HP is shown in percentages
|rule|Endless Battle Clause: Forcing endless battles is banned
|rule|Species Clause: Limit one of each Pokémon
|rule|OHKO Clause: OHKO moves are banned
|rule|Evasion Items Clause: Evasion items are banned
|rule|Evasion Moves Clause: Evasion moves are banned
|rule|Evasion Abilities Clause: Evasion abilities are banned
|rule|Sleep Moves Clause: Sleep-inducing moves are banned
|clearpoke
|poke|p1|Toxapex, M|
|poke|p1|Gholdengo|
|poke|p1|Great Tusk|
|poke|p1|Goodra-Hisui, F|
|poke|p1|Dragonite, F|
|poke|p1|Ditto|
|poke|p2|Dragapult, M|
|poke|p2|Glimmora, M|
|poke|p2|Comfey, M|
|poke|p2|Kingambit, M|
|poke|p2|Ogerpon-Wellspring, F|
|poke|p2|Blaziken, M|
|teampreview
|
|t:|1757839334
|teamsize|p1|6
|teamsize|p2|6
|start
|switch|p1a: Gholdengo|Gholdengo|100/100
|switch|p2a: Ogerpon|Ogerpon-Wellspring, F|100/100
|turn|1
|
|t:|1757839345
|move|p1a: Gholdengo|Shadow Ball|p2a: Ogerpon
|-damage|p2a: Ogerpon|50/100
|-unboost|p2a: Ogerpon|spd|1
|move|p2a: Ogerpon|Spikes|p1a: Gholdengo
|-sidestart|p1: theguycalledben|Spikes
|
|upkeep
|turn|2
|
|t:|1757839353
|switch|p2a: Kingambit|Kingambit, M, shiny|100/100
|move|p1a: Gholdengo|Shadow Ball|p2a: Kingambit
|-resisted|p2a: Kingambit
|-damage|p2a: Kingambit|80/100
|
|-heal|p2a: Kingambit|86/100|[from] item: Leftovers
|upkeep
|turn|3
|
|t:|1757839357
|switch|p1a: Great Tusk|Great Tusk|100/100
|-damage|p1a: Great Tusk|88/100|[from] Spikes
|-end|p2a: Kingambit|fallenundefined|[silent]
|switch|p2a: Ogerpon|Ogerpon-Wellspring, F|50/100
|
|-heal|p1a: Great Tusk|94/100|[from] item: Leftovers
|upkeep
|turn|4
|
|t:|1757839380
|-terastallize|p1a: Great Tusk|Ground
|move|p2a: Ogerpon|U-turn|p1a: Great Tusk
|-damage|p1a: Great Tusk|78/100
|
|t:|1757839390
|switch|p2a: Dragapult|Dragapult, M, shiny|100/100|[from] U-turn
|move|p1a: Great Tusk|Headlong Rush|p2a: Dragapult
|-damage|p2a: Dragapult|0 fnt
|-unboost|p1a: Great Tusk|def|1
|-unboost|p1a: Great Tusk|spd|1
|faint|p2a: Dragapult
|
|-heal|p1a: Great Tusk|84/100|[from] item: Leftovers
|upkeep
|
|t:|1757839393
|switch|p2a: Ogerpon|Ogerpon-Wellspring, F|50/100
|turn|5
|
|t:|1757839402
|-end|p1a: Great Tusk|Protosynthesis|[silent]
|switch|p1a: Gholdengo|Gholdengo|100/100
|-damage|p1a: Gholdengo|88/100|[from] Spikes
|move|p2a: Ogerpon|Ivy Cudgel|p1a: Gholdengo|[anim] Ivy Cudgel Water
|-damage|p1a: Gholdengo|18/100
|
|upkeep
|turn|6
|
|t:|1757839410
|switch|p2a: Kingambit|Kingambit, M, shiny|86/100
|-activate|p2a: Kingambit|ability: Supreme Overlord
|-start|p2a: Kingambit|fallen1|[silent]
|move|p1a: Gholdengo|Shadow Ball|p2a: Kingambit
|-resisted|p2a: Kingambit
|-damage|p2a: Kingambit|64/100
|-unboost|p2a: Kingambit|spd|1
|
|-heal|p2a: Kingambit|70/100|[from] item: Leftovers
|upkeep
|turn|7
|
|t:|1757839424
|switch|p1a: Great Tusk|Great Tusk, tera:Ground|84/100
|-damage|p1a: Great Tusk|71/100|[from] Spikes
|move|p2a: Kingambit|Kowtow Cleave|p1a: Great Tusk
|-damage|p1a: Great Tusk|36/100
|
|-heal|p1a: Great Tusk|42/100|[from] item: Leftovers
|-heal|p2a: Kingambit|77/100|[from] item: Leftovers
|upkeep
|turn|8
|
|t:|1757839439
|-end|p2a: Kingambit|fallen1|[silent]
|switch|p2a: Ogerpon|Ogerpon-Wellspring, F|50/100
|move|p1a: Great Tusk|Rapid Spin|p2a: Ogerpon
|-damage|p2a: Ogerpon|25/100
|-boost|p1a: Great Tusk|spe|1
|-sideend|p1: theguycalledben|Spikes|[from] move: Rapid Spin|[of] p1a: Great Tusk
|
|-heal|p1a: Great Tusk|49/100|[from] item: Leftovers
|upkeep
|turn|9
|
|t:|1757839448
|move|p2a: Ogerpon|Ivy Cudgel|p1a: Great Tusk|[anim] Ivy Cudgel Water
|-supereffective|p1a: Great Tusk
|-crit|p1a: Great Tusk
|-damage|p1a: Great Tusk|0 fnt
|faint|p1a: Great Tusk
|-end|p1a: Great Tusk|Protosynthesis|[silent]
|
|upkeep
|inactive|Battle timer is ON: inactive players will automatically lose when time's up. (requested by Prerak04)
|
|t:|1757839456
|switch|p1a: Ditto|Ditto|100/100
|-transform|p1a: Ditto|p2a: Ogerpon|[from] ability: Imposter
|turn|10
|
|t:|1757839461
|switch|p2a: Glimmora|Glimmora, M, shiny|100/100
|move|p1a: Ditto|U-turn|p2a: Glimmora
|-resisted|p2a: Glimmora
|-damage|p2a: Glimmora|92/100
|-activate|p2a: Glimmora|ability: Toxic Debris
|-sidestart|p1: theguycalledben|move: Toxic Spikes
|-enditem|p2a: Glimmora|Red Card|[of] p1a: Ditto
|drag|p1a: Goodra|Goodra-Hisui, F|100/100
|
|upkeep
|turn|11
|
|t:|1757839478
|move|p2a: Glimmora|Stealth Rock|p1a: Goodra
|-sidestart|p1: theguycalledben|move: Stealth Rock
|move|p1a: Goodra|Flash Cannon|p2a: Glimmora
|-supereffective|p2a: Glimmora
|-damage|p2a: Glimmora|8/100
|
|upkeep
|turn|12
|
|t:|1757839488
|switch|p2a: Blaziken|Blaziken, M, shiny|100/100
|move|p1a: Goodra|Flash Cannon|p2a: Blaziken
|-resisted|p2a: Blaziken
|-damage|p2a: Blaziken|74/100
|
|upkeep
|turn|13
|
|t:|1757839491
|move|p2a: Blaziken|Protect|p2a: Blaziken
|-singleturn|p2a: Blaziken|Protect
|move|p1a: Goodra|Surf|p2a: Blaziken
|-activate|p2a: Blaziken|move: Protect
|
|-ability|p2a: Blaziken|Speed Boost|boost
|-boost|p2a: Blaziken|spe|1
|upkeep
|turn|14
|
|t:|1757839497
|move|p2a: Blaziken|Close Combat|p1a: Goodra
|-supereffective|p1a: Goodra
|-damage|p1a: Goodra|0 fnt
|-unboost|p2a: Blaziken|def|1
|-unboost|p2a: Blaziken|spd|1
|faint|p1a: Goodra
|-damage|p2a: Blaziken|64/100|[from] item: Life Orb
|
|-ability|p2a: Blaziken|Speed Boost|boost
|-boost|p2a: Blaziken|spe|1
|upkeep
|
|t:|1757839502
|switch|p1a: Toxapex|Toxapex, M|100/100
|-sideend|p1: theguycalledben|move: Toxic Spikes|[of] p1a: Toxapex
|-damage|p1a: Toxapex|88/100|[from] Stealth Rock
|turn|15
|
|t:|1757839508
|switch|p2a: Ogerpon|Ogerpon-Wellspring, F|25/100
|move|p1a: Toxapex|Infestation|p2a: Ogerpon
|-supereffective|p2a: Ogerpon
|-damage|p2a: Ogerpon|19/100
|-activate|p2a: Ogerpon|move: Infestation|[of] p1a: Toxapex
|
|-damage|p2a: Ogerpon|7/100|[from] move: Infestation|[partiallytrapped]
|upkeep
|turn|16
|
|t:|1757839513
|move|p1a: Toxapex|Baneful Bunker|p1a: Toxapex
|-singleturn|p1a: Toxapex|move: Protect
|move|p2a: Ogerpon|Spikes|p1a: Toxapex
|-sidestart|p1: theguycalledben|Spikes
|
|-damage|p2a: Ogerpon|0 fnt|[from] move: Infestation|[partiallytrapped]
|faint|p2a: Ogerpon
|upkeep
|
|t:|1757839516
|switch|p2a: Comfey|Comfey, M, shiny|100/100
|turn|17
|
|t:|1757839524
|move|p2a: Comfey|Substitute|p2a: Comfey
|-start|p2a: Comfey|Substitute
|-damage|p2a: Comfey|76/100
|move|p1a: Toxapex|Toxic||[still]
|-fail|p1a: Toxapex
|
|upkeep
|turn|18
|-message|theguycalledben forfeited.
|
|win|Prerak04
|raw|theguycalledben's rating: 1441 &rarr; <strong>1418</strong><br />(-23 for losing)
|raw|Prerak04's rating: 1391 &rarr; <strong>1414</strong><br />(+23 for winning)
|l|☆theguycalledben
|player|p1|
|l|☆Prerak04
|player|p2|
