|j|☆byxxium
|j|☆TJ13_SSB
|t:|1757908795
|gametype|singles
|player|p1|byxxium|170|1159
|player|p2|TJ13_SSB|102|1206
|gen|9
|tier|[Gen 9] OU
|rated|
|rule|HP Percentage Mod: HP is shown in percentages
|rule|Endless Battle Clause: Forcing endless battles is banned
|rule|Species Clause: Limit one of each Pokémon
|rule|OHKO Clause: OHKO moves are banned
|rule|Evasion Items Clause: Evasion items are banned
|rule|Evasion Moves Clause: Evasion moves are banned
|rule|Evasion Abilities Clause: Evasion abilities are banned
|rule|Sleep Moves Clause: Sleep-inducing moves are banned
|clearpoke
|poke|p1|Gallade, M|
|poke|p1|Gliscor, F|
|poke|p1|Lokix, M|
|poke|p1|Zapdos|
|poke|p1|Alomomola, M|
|poke|p1|Iron Moth|
|poke|p2|Great Tusk|
|poke|p2|Landorus-Therian, M|
|poke|p2|Heatran, F|
|poke|p2|Darkrai|
|poke|p2|Araquanid, F|
|poke|p2|Weezing-Galar, M|
|teampreview
|
|t:|1757908817
|teamsize|p1|6
|teamsize|p2|6
|start
|switch|p1a: Gliscor|Gliscor, F|100/100
|switch|p2a: Weezing|Weezing-Galar, M|100/100
|turn|1
|
|t:|1757908822
|move|p1a: Gliscor|Protect|p1a: Gliscor
|-singleturn|p1a: Gliscor|Protect
|move|p2a: Weezing|Will-O-Wisp|p1a: Gliscor
|-activate|p1a: Gliscor|move: Protect
|
|-status|p1a: Gliscor|tox|[from] item: Toxic Orb
|upkeep
|turn|2
|inactive|Battle timer is ON: inactive players will automatically lose when time's up. (requested by byxxium)
|
|t:|1757908891
|move|p1a: Gliscor|Spikes|p2a: Weezing
|-sidestart|p2: TJ13_SSB|Spikes
|move|p2a: Weezing|Strange Steam|p1a: Gliscor
|-damage|p1a: Gliscor|77/100 tox
|
|-heal|p1a: Gliscor|90/100 tox|[from] ability: Poison Heal
|upkeep
|turn|3
|
|t:|1757908917
|switch|p2a: Great Tusk|Great Tusk|100/100
|-damage|p2a: Great Tusk|88/100|[from] Spikes
|move|p1a: Gliscor|Spikes|p2a: Great Tusk
|-sidestart|p2: TJ13_SSB|Spikes
|
|-heal|p2a: Great Tusk|94/100|[from] item: Leftovers
|-heal|p1a: Gliscor|100/100 tox|[from] ability: Poison Heal
|upkeep
|turn|4
|
|t:|1757908929
|move|p2a: Great Tusk|Ice Spinner|p1a: Gliscor
|-supereffective|p1a: Gliscor
|-crit|p1a: Gliscor
|-damage|p1a: Gliscor|0 fnt
|faint|p1a: Gliscor
|
|-heal|p2a: Great Tusk|100/100|[from] item: Leftovers
|upkeep
|
|t:|1757908934
|switch|p1a: Gallade|Gallade, M|100/100
|turn|5
|
|t:|1757908946
|move|p2a: Great Tusk|Rapid Spin|p1a: Gallade
|-damage|p1a: Gallade|71/100
|-boost|p2a: Great Tusk|spe|1
|-sideend|p2: TJ13_SSB|Spikes|[from] move: Rapid Spin|[of] p2a: Great Tusk
|move|p1a: Gallade|Psycho Cut|p2a: Great Tusk
|-supereffective|p2a: Great Tusk
|-damage|p2a: Great Tusk|0 fnt
|faint|p2a: Great Tusk
|-end|p2a: Great Tusk|Protosynthesis|[silent]
|-damage|p1a: Gallade|61/100|[from] item: Life Orb
|
|upkeep
|
|t:|1757908964
|switch|p2a: Landorus|Landorus-Therian, M|100/100
|-ability|p2a: Landorus|Intimidate|boost
|-unboost|p1a: Gallade|atk|1
|turn|6
|
|t:|1757908969
|move|p2a: Landorus|Earthquake|p1a: Gallade
|-damage|p1a: Gallade|0 fnt
|faint|p1a: Gallade
|
|upkeep
|
|t:|1757908975
|switch|p1a: Zapdos|Zapdos|100/100
|turn|7
|inactive|TJ13_SSB has 120 seconds left.
|
|t:|1757909025
|move|p2a: Landorus|Stealth Rock|p1a: Zapdos
|-sidestart|p1: byxxium|move: Stealth Rock
|move|p1a: Zapdos|Hurricane|p2a: Landorus
|-damage|p2a: Landorus|39/100
|
|upkeep
|turn|8
|
|t:|1757909035
|switch|p2a: Heatran|Heatran, F|100/100
|move|p1a: Zapdos|Hurricane|p2a: Heatran|[miss]
|-miss|p1a: Zapdos|p2a: Heatran
|
|upkeep
|turn|9
|
|t:|1757909041
|move|p1a: Zapdos|Volt Switch|p2a: Heatran
|-damage|p2a: Heatran|85/100
|
|t:|1757909045
|switch|p1a: Alomomola|Alomomola, M|100/100|[from] Volt Switch
|move|p2a: Heatran|Power Gem|p1a: Alomomola
|-damage|p1a: Alomomola|68/100
|
|upkeep
|turn|10
|
|t:|1757909053
|move|p2a: Heatran|Power Gem|p1a: Alomomola
|-damage|p1a: Alomomola|32/100
|move|p1a: Alomomola|Scald|p2a: Heatran
|-supereffective|p2a: Heatran
|-damage|p2a: Heatran|69/100
|
|upkeep
|turn|11
|
|t:|1757909063
|move|p2a: Heatran|Power Gem|p1a: Alomomola
|-damage|p1a: Alomomola|0 fnt
|faint|p1a: Alomomola
|
|upkeep
|
|t:|1757909072
|switch|p1a: Zapdos|Zapdos|100/100
|turn|12
|
|t:|1757909075
|move|p1a: Zapdos|Thunder Wave|p2a: Heatran
|-status|p2a: Heatran|par
|move|p2a: Heatran|Power Gem|p1a: Zapdos
|-supereffective|p1a: Zapdos
|-damage|p1a: Zapdos|48/100
|
|upkeep
|turn|13
|
|t:|1757909081
|move|p1a: Zapdos|Hurricane|p2a: Heatran
|-resisted|p2a: Heatran
|-crit|p2a: Heatran
|-damage|p2a: Heatran|49/100 par
|-start|p2a: Heatran|confusion
|-activate|p2a: Heatran|confusion
|move|p2a: Heatran|Power Gem|p1a: Zapdos
|-supereffective|p1a: Zapdos
|-damage|p1a: Zapdos|0 fnt
|faint|p1a: Zapdos
|
|upkeep
|
|t:|1757909086
|switch|p1a: Iron Moth|Iron Moth|100/100
|-damage|p1a: Iron Moth|76/100|[from] Stealth Rock
|-enditem|p1a: Iron Moth|Booster Energy
|-activate|p1a: Iron Moth|ability: Quark Drive|[fromitem]
|-start|p1a: Iron Moth|quarkdrivespe
|turn|14
|
|t:|1757909097
|move|p1a: Iron Moth|Dazzling Gleam|p2a: Heatran
|-resisted|p2a: Heatran
|-damage|p2a: Heatran|45/100 par
|-activate|p2a: Heatran|confusion
|cant|p2a: Heatran|par
|
|upkeep
|turn|15
|l|☆byxxium
|inactive|byxxium disconnected and has a minute to reconnect!
|player|p1|
|inactive|byxxium has 30 seconds to reconnect!
|inactive|byxxium has 20 seconds to reconnect!
|inactive|byxxium has 15 seconds to reconnect!
|inactive|byxxium has 10 seconds to reconnect!
|inactive|byxxium has 5 seconds to reconnect!
|-message|byxxium lost due to inactivity.
|
|win|TJ13_SSB
|raw|byxxium's rating: 1159 &rarr; <strong>1137</strong><br />(-22 for losing)
|raw|TJ13_SSB's rating: 1206 &rarr; <strong>1228</strong><br />(+22 for winning)
|l|☆TJ13_SSB
|player|p2|
