|j|☆SlimyTime
|j|☆meganium275
|t:|1757795320
|gametype|singles
|player|p1|SlimyTime|ltsurge|1706
|player|p2|meganium275|volkner|1778
|gen|9
|tier|[Gen 9] OU
|rated|
|rule|HP Percentage Mod: HP is shown in percentages
|rule|Endless Battle Clause: Forcing endless battles is banned
|rule|Species Clause: Limit one of each Pokémon
|rule|OHKO Clause: OHKO moves are banned
|rule|Evasion Items Clause: Evasion items are banned
|rule|Evasion Moves Clause: Evasion moves are banned
|rule|Evasion Abilities Clause: Evasion abilities are banned
|rule|Sleep Moves Clause: Sleep-inducing moves are banned
|clearpoke
|poke|p1|Ogerpon-Wellspring, F|
|poke|p1|Zamazenta-*|
|poke|p1|Iron Treads|
|poke|p1|Pecharunt|
|poke|p1|Samurott-Hisui, F|
|poke|p1|Hatterene, F|
|poke|p2|Yanmega, M|
|poke|p2|Glimmora, M|
|poke|p2|Great Tusk|
|poke|p2|Zamazenta-*|
|poke|p2|Kingambit, M|
|poke|p2|Kyurem|
|teampreview
|
|t:|1757795333
|teamsize|p1|6
|teamsize|p2|6
|start
|switch|p1a: Iron Treads|Iron Treads|100/100
|switch|p2a: Jack Frost|Kyurem|100/100
|-ability|p2a: Jack Frost|Pressure
|turn|1
|
|t:|1757795338
|move|p1a: Iron Treads|Knock Off|p2a: Jack Frost
|-damage|p2a: Jack Frost|72/100
|-enditem|p2a: Jack Frost|Loaded Dice|[from] move: Knock Off|[of] p1a: Iron Treads
|move|p2a: Jack Frost|Dragon Dance|p2a: Jack Frost
|-boost|p2a: Jack Frost|atk|1
|-boost|p2a: Jack Frost|spe|1
|
|upkeep
|turn|2
|inactive|Battle timer is ON: inactive players will automatically lose when time's up. (requested by meganium275)
|
|t:|1757795353
|-end|p1a: Iron Treads|Quark Drive|[silent]
|switch|p1a: Pecharunt|Pecharunt|100/100
|move|p2a: Jack Frost|Icicle Spear|p1a: Pecharunt
|-damage|p1a: Pecharunt|90/100
|-crit|p1a: Pecharunt
|-damage|p1a: Pecharunt|74/100
|-damage|p1a: Pecharunt|63/100
|-crit|p1a: Pecharunt
|-damage|p1a: Pecharunt|45/100
|-damage|p1a: Pecharunt|34/100
|-hitcount|p1a: Pecharunt|5
|
|upkeep
|turn|3
|
|t:|1757795364
|switch|p1a: Samurott|Samurott-Hisui, F|100/100
|move|p2a: Jack Frost|Icicle Spear|p1a: Samurott
|-resisted|p1a: Samurott
|-damage|p1a: Samurott|86/100
|-resisted|p1a: Samurott
|-damage|p1a: Samurott|74/100
|-hitcount|p1a: Samurott|2
|
|upkeep
|turn|4
|
|t:|1757795369
|move|p2a: Jack Frost|Scale Shot|p1a: Samurott
|-damage|p1a: Samurott|45/100
|-damage|p1a: Samurott|17/100
|-damage|p1a: Samurott|0 fnt
|faint|p1a: Samurott
|-hitcount|p1: Samurott|3
|-unboost|p2a: Jack Frost|def|1
|-boost|p2a: Jack Frost|spe|1
|
|upkeep
|
|t:|1757795373
|switch|p1a: Zamazenta|Zamazenta|100/100
|-ability|p1a: Zamazenta|Dauntless Shield|boost
|-boost|p1a: Zamazenta|def|1
|turn|5
|
|t:|1757795378
|switch|p2a: Shiny Rock|Glimmora, M, shiny|100/100
|move|p1a: Zamazenta|Body Press|p2a: Shiny Rock
|-damage|p2a: Shiny Rock|36/100
|-activate|p2a: Shiny Rock|ability: Toxic Debris
|-sidestart|p1: SlimyTime|move: Toxic Spikes
|-enditem|p2a: Shiny Rock|Red Card|[of] p1a: Zamazenta
|drag|p1a: Ogerpon|Ogerpon-Wellspring, F|100/100
|-status|p1a: Ogerpon|psn
|
|-damage|p1a: Ogerpon|88/100 psn|[from] psn
|upkeep
|turn|6
|
|t:|1757795385
|move|p1a: Ogerpon|Ivy Cudgel|p2a: Shiny Rock|[anim] Ivy Cudgel Water
|-supereffective|p2a: Shiny Rock
|-damage|p2a: Shiny Rock|0 fnt
|-activate|p2a: Shiny Rock|ability: Toxic Debris
|-sidestart|p1: SlimyTime|move: Toxic Spikes
|faint|p2a: Shiny Rock
|
|-damage|p1a: Ogerpon|76/100 psn|[from] psn
|upkeep
|
|t:|1757795390
|switch|p2a: Jack Frost|Kyurem|72/100
|-ability|p2a: Jack Frost|Pressure
|turn|7
|
|t:|1757795397
|move|p1a: Ogerpon|U-turn|p2a: Jack Frost
|-damage|p2a: Jack Frost|45/100
|
|t:|1757795400
|switch|p1a: Pecharunt|Pecharunt|34/100|[from] U-turn
|-sideend|p1: SlimyTime|move: Toxic Spikes|[of] p1a: Pecharunt
|move|p2a: Jack Frost|Dragon Dance|p2a: Jack Frost
|-boost|p2a: Jack Frost|atk|1
|-boost|p2a: Jack Frost|spe|1
|
|upkeep
|turn|8
|
|t:|1757795404
|move|p2a: Jack Frost|Icicle Spear|p1a: Pecharunt
|-damage|p1a: Pecharunt|22/100
|-damage|p1a: Pecharunt|11/100
|-damage|p1a: Pecharunt|0 fnt
|faint|p1a: Pecharunt
|-hitcount|p1: Pecharunt|3
|
|upkeep
|
|t:|1757795406
|switch|p1a: Zamazenta|Zamazenta|100/100
|turn|9
|
|t:|1757795411
|move|p2a: Jack Frost|Icicle Spear|p1a: Zamazenta
|-damage|p1a: Zamazenta|84/100
|-damage|p1a: Zamazenta|67/100
|-hitcount|p1a: Zamazenta|2
|move|p1a: Zamazenta|Body Press|p2a: Jack Frost
|-supereffective|p2a: Jack Frost
|-damage|p2a: Jack Frost|0 fnt
|faint|p2a: Jack Frost
|
|-heal|p1a: Zamazenta|73/100|[from] item: Leftovers
|upkeep
|
|t:|1757795417
|switch|p2a: The Only Mega|Yanmega, M|100/100
|turn|10
|
|t:|1757795421
|switch|p1a: Hatterene|Hatterene, F|100/100
|move|p2a: The Only Mega|Air Slash|p1a: Hatterene
|-damage|p1a: Hatterene|74/100
|
|-ability|p2a: The Only Mega|Speed Boost|boost
|-boost|p2a: The Only Mega|spe|1
|upkeep
|turn|11
|
|t:|1757795431
|switch|p2a: Napoleon|Kingambit, M|100/100
|-activate|p2a: Napoleon|ability: Supreme Overlord
|-start|p2a: Napoleon|fallen2|[silent]
|move|p1a: Hatterene|Draining Kiss|p2a: Napoleon
|-damage|p2a: Napoleon|72/100
|-heal|p1a: Hatterene|99/100|[from] drain|[of] p2a: Napoleon
|
|upkeep
|turn|12
|
|t:|1757795437
|switch|p1a: Iron Treads|Iron Treads|100/100
|move|p2a: Napoleon|Iron Head|p1a: Iron Treads
|-resisted|p1a: Iron Treads
|-damage|p1a: Iron Treads|77/100
|
|-heal|p1a: Iron Treads|83/100|[from] item: Leftovers
|upkeep
|turn|13
|
|t:|1757795440
|move|p1a: Iron Treads|Stealth Rock|p2a: Napoleon
|-sidestart|p2: meganium275|move: Stealth Rock
|move|p2a: Napoleon|Kowtow Cleave|p1a: Iron Treads
|-damage|p1a: Iron Treads|21/100
|
|-heal|p1a: Iron Treads|27/100|[from] item: Leftovers
|upkeep
|turn|14
|
|t:|1757795445
|-end|p1a: Iron Treads|Quark Drive|[silent]
|switch|p1a: Zamazenta|Zamazenta|73/100
|move|p2a: Napoleon|Sucker Punch||[still]
|-fail|p2a: Napoleon
|
|-heal|p1a: Zamazenta|79/100|[from] item: Leftovers
|upkeep
|turn|15
|
|t:|1757795448
|-end|p2a: Napoleon|fallen2|[silent]
|switch|p2a: Amazing Tusks|Great Tusk|100/100
|move|p1a: Zamazenta|Body Press|p2a: Amazing Tusks
|-damage|p2a: Amazing Tusks|75/100
|
|-heal|p1a: Zamazenta|85/100|[from] item: Leftovers
|upkeep
|turn|16
|
|t:|1757795455
|switch|p1a: Iron Treads|Iron Treads|27/100
|move|p2a: Amazing Tusks|Rapid Spin|p1a: Iron Treads
|-resisted|p1a: Iron Treads
|-damage|p1a: Iron Treads|20/100
|-boost|p2a: Amazing Tusks|spe|1
|-sideend|p2: meganium275|Stealth Rock|[from] move: Rapid Spin|[of] p2a: Amazing Tusks
|
|-heal|p1a: Iron Treads|26/100|[from] item: Leftovers
|upkeep
|turn|17
|
|t:|1757795460
|move|p2a: Amazing Tusks|Knock Off|p1a: Iron Treads
|-damage|p1a: Iron Treads|0 fnt
|-enditem|p1a: Iron Treads|Leftovers|[from] move: Knock Off|[of] p2a: Amazing Tusks
|faint|p1a: Iron Treads
|-end|p1a: Iron Treads|Quark Drive|[silent]
|
|upkeep
|
|t:|1757795464
|switch|p1a: Ogerpon|Ogerpon-Wellspring, F|76/100 psn
|turn|18
|
|t:|1757795467
|-end|p2a: Amazing Tusks|Protosynthesis|[silent]
|switch|p2a: Zamazazamazenta|Zamazenta|100/100
|-ability|p2a: Zamazazamazenta|Dauntless Shield|boost
|-boost|p2a: Zamazazamazenta|def|1
|move|p1a: Ogerpon|Ivy Cudgel|p2a: Zamazazamazenta|[anim] Ivy Cudgel Water
|-damage|p2a: Zamazazamazenta|70/100
|
|-heal|p2a: Zamazazamazenta|76/100|[from] item: Leftovers
|-damage|p1a: Ogerpon|64/100 psn|[from] psn
|upkeep
|turn|19
|j| Lonelyenders
|
|t:|1757795472
|switch|p1a: Hatterene|Hatterene, F|99/100
|move|p2a: Zamazazamazenta|Body Press|p1a: Hatterene
|-resisted|p1a: Hatterene
|-crit|p1a: Hatterene
|-damage|p1a: Hatterene|73/100
|
|-heal|p2a: Zamazazamazenta|82/100|[from] item: Leftovers
|upkeep
|turn|20
|
|t:|1757795475
|switch|p2a: Napoleon|Kingambit, M|72/100
|-activate|p2a: Napoleon|ability: Supreme Overlord
|-start|p2a: Napoleon|fallen2|[silent]
|move|p1a: Hatterene|Nuzzle|p2a: Napoleon
|-damage|p2a: Napoleon|69/100
|-status|p2a: Napoleon|par
|
|upkeep
|turn|21
|
|t:|1757795479
|switch|p1a: Ogerpon|Ogerpon-Wellspring, F|64/100 psn
|move|p2a: Napoleon|Iron Head|p1a: Ogerpon
|-resisted|p1a: Ogerpon
|-damage|p1a: Ogerpon|25/100 psn
|
|-damage|p1a: Ogerpon|12/100 psn|[from] psn
|upkeep
|turn|22
|
|t:|1757795489
|cant|p2a: Napoleon|par
|move|p1a: Ogerpon|Ivy Cudgel|p2a: Napoleon|[anim] Ivy Cudgel Water
|-damage|p2a: Napoleon|25/100 par
|
|-damage|p1a: Ogerpon|0 fnt|[from] psn
|faint|p1a: Ogerpon
|upkeep
|
|t:|1757795492
|switch|p1a: Zamazenta|Zamazenta|85/100
|turn|23
|
|t:|1757795494
|move|p1a: Zamazenta|Iron Defense|p1a: Zamazenta
|-boost|p1a: Zamazenta|def|2
|move|p2a: Napoleon|Iron Head|p1a: Zamazenta
|-damage|p1a: Zamazenta|67/100
|
|-heal|p1a: Zamazenta|73/100|[from] item: Leftovers
|upkeep
|turn|24
|
|t:|1757795497
|move|p1a: Zamazenta|Iron Defense|p1a: Zamazenta
|-boost|p1a: Zamazenta|def|2
|cant|p2a: Napoleon|par
|
|-heal|p1a: Zamazenta|79/100|[from] item: Leftovers
|upkeep
|turn|25
|
|t:|1757795501
|move|p1a: Zamazenta|Iron Defense|p1a: Zamazenta
|-boost|p1a: Zamazenta|def|2
|move|p2a: Napoleon|Iron Head|p1a: Zamazenta
|-damage|p1a: Zamazenta|69/100
|
|-heal|p1a: Zamazenta|75/100|[from] item: Leftovers
|upkeep
|turn|26
|
|t:|1757795503
|move|p1a: Zamazenta|Substitute|p1a: Zamazenta
|-start|p1a: Zamazenta|Substitute
|-damage|p1a: Zamazenta|51/100
|move|p2a: Napoleon|Iron Head|p1a: Zamazenta
|-activate|p1a: Zamazenta|move: Substitute|[damage]
|
|-heal|p1a: Zamazenta|57/100|[from] item: Leftovers
|upkeep
|turn|27
|
|t:|1757795508
|move|p1a: Zamazenta|Body Press|p2a: Napoleon
|-supereffective|p2a: Napoleon
|-damage|p2a: Napoleon|0 fnt
|faint|p2a: Napoleon
|-end|p2a: Napoleon|fallen2|[silent]
|
|-heal|p1a: Zamazenta|63/100|[from] item: Leftovers
|upkeep
|
|t:|1757795510
|switch|p2a: Zamazazamazenta|Zamazenta|82/100
|turn|28
|
|t:|1757795514
|move|p1a: Zamazenta|Body Press|p2a: Zamazazamazenta
|-damage|p2a: Zamazazamazenta|0 fnt
|faint|p2a: Zamazazamazenta
|
|-heal|p1a: Zamazenta|69/100|[from] item: Leftovers
|upkeep
|
|t:|1757795518
|switch|p2a: The Only Mega|Yanmega, M|100/100
|turn|29
|
|t:|1757795528
|-terastallize|p1a: Zamazenta|Fire
|move|p1a: Zamazenta|Body Press|p2a: The Only Mega
|-resisted|p2a: The Only Mega
|-damage|p2a: The Only Mega|51/100
|move|p2a: The Only Mega|Air Slash|p1a: Zamazenta
|-end|p1a: Zamazenta|Substitute
|
|-heal|p1a: Zamazenta|75/100|[from] item: Leftovers
|-ability|p2a: The Only Mega|Speed Boost|boost
|-boost|p2a: The Only Mega|spe|1
|upkeep
|turn|30
|
|t:|1757795549
|-terastallize|p2a: The Only Mega|Ground
|move|p2a: The Only Mega|Tera Blast|p1a: Zamazenta|[anim] Tera Blast Ground
|-supereffective|p1a: Zamazenta
|-damage|p1a: Zamazenta|7/100
|move|p1a: Zamazenta|Body Press|p2a: The Only Mega
|-damage|p2a: The Only Mega|0 fnt
|faint|p2a: The Only Mega
|
|-heal|p1a: Zamazenta|13/100|[from] item: Leftovers
|upkeep
|
|t:|1757795556
|switch|p2a: Amazing Tusks|Great Tusk|75/100
|turn|31
|
|t:|1757795559
|move|p1a: Zamazenta|Body Press|p2a: Amazing Tusks
|-damage|p2a: Amazing Tusks|0 fnt
|faint|p2a: Amazing Tusks
|-end|p2a: Amazing Tusks|Protosynthesis|[silent]
|
|win|SlimyTime
|raw|SlimyTime's rating: 1706 &rarr; <strong>1730</strong><br />(+24 for winning)
|raw|meganium275's rating: 1778 &rarr; <strong>1754</strong><br />(-24 for losing)
|c|☆meganium275|gg
|l|☆SlimyTime
|player|p1|
|l|☆meganium275
|player|p2|
