|j|☆GarbagioFilth
|j|☆youjustgotnoobed
|t:|1757788127
|gametype|singles
|player|p1|GarbagioFilth|byron|1436
|player|p2|youjustgotnoobed|lady|1477
|gen|9
|tier|[Gen 9] OU
|rated|
|rule|HP Percentage Mod: HP is shown in percentages
|rule|Endless Battle Clause: Forcing endless battles is banned
|rule|Species Clause: Limit one of each Pokémon
|rule|OHKO Clause: OHKO moves are banned
|rule|Evasion Items Clause: Evasion items are banned
|rule|Evasion Moves Clause: Evasion moves are banned
|rule|Evasion Abilities Clause: Evasion abilities are banned
|rule|Sleep Moves Clause: Sleep-inducing moves are banned
|clearpoke
|poke|p1|Dondozo, F|
|poke|p1|Blissey, F|
|poke|p1|Corviknight, M|
|poke|p1|Weezing-Galar, F|
|poke|p1|Gliscor, M|
|poke|p1|Toxapex, M|
|poke|p2|Comfey, F|
|poke|p2|Whimsicott, F|
|poke|p2|Great Tusk|
|poke|p2|Walking Wake|
|poke|p2|Slither Wing|
|poke|p2|Ninetales, M|
|teampreview
|inactive|Battle timer is ON: inactive players will automatically lose when time's up. (requested by youjustgotnoobed)
|
|t:|1757788164
|teamsize|p1|6
|teamsize|p2|6
|start
|switch|p1a: Stallking|Toxapex, M|100/100
|switch|p2a: Ninetales|Ninetales, M|100/100
|-weather|SunnyDay|[from] ability: Drought|[of] p2a: Ninetales
|turn|1
|
|t:|1757788171
|switch|p2a: Comfey|Comfey, F|100/100
|move|p1a: Stallking|Toxic|p2a: Comfey
|-status|p2a: Comfey|tox
|
|-weather|SunnyDay|[upkeep]
|-damage|p2a: Comfey|94/100 tox|[from] psn
|upkeep
|turn|2
|
|t:|1757788186
|switch|p2a: Walking Wake|Walking Wake|100/100
|-activate|p2a: Walking Wake|ability: Protosynthesis
|-start|p2a: Walking Wake|protosynthesisspa
|move|p1a: Stallking|Haze|p1a: Stallking
|-clearallboost
|
|-weather|SunnyDay|[upkeep]
|upkeep
|turn|3
|
|t:|1757788191
|move|p2a: Walking Wake|Draco Meteor|p1a: Stallking
|-damage|p1a: Stallking|4/100
|-unboost|p2a: Walking Wake|spa|2
|move|p1a: Stallking|Toxic|p2a: Walking Wake
|-status|p2a: Walking Wake|tox
|
|-weather|SunnyDay|[upkeep]
|-heal|p1a: Stallking|11/100|[from] item: Leftovers
|-damage|p2a: Walking Wake|94/100 tox|[from] psn
|upkeep
|turn|4
|
|t:|1757788203
|-end|p2a: Walking Wake|Protosynthesis|[silent]
|switch|p2a: Slither Wing|Slither Wing|100/100
|-activate|p2a: Slither Wing|ability: Protosynthesis
|-start|p2a: Slither Wing|protosynthesisatk
|switch|p1a: Staletto|Weezing-Galar, F|100/100
|-ability|p1a: Staletto|Neutralizing Gas
|
|-weather|SunnyDay|[upkeep]
|upkeep
|turn|5
|
|t:|1757788210
|-end|p1a: Staletto|ability: Neutralizing Gas
|switch|p1a: Stalin|Dondozo, F|100/100
|move|p2a: Slither Wing|Earthquake|p1a: Stalin
|-damage|p1a: Stalin|77/100
|
|-weather|SunnyDay|[upkeep]
|-heal|p1a: Stalin|84/100|[from] item: Leftovers
|upkeep
|turn|6
|
|t:|1757788218
|-end|p2a: Slither Wing|Protosynthesis|[silent]
|switch|p2a: Whimsicott|Whimsicott, F|100/100
|move|p1a: Stalin|Body Press|p2a: Whimsicott
|-resisted|p2a: Whimsicott
|-damage|p2a: Whimsicott|83/100
|
|-weather|SunnyDay|[upkeep]
|-heal|p1a: Stalin|90/100|[from] item: Leftovers
|upkeep
|turn|7
|
|t:|1757788234
|switch|p1a: Stalinski|Corviknight, M|100/100
|-ability|p1a: Stalinski|Pressure
|move|p2a: Whimsicott|Growth|p2a: Whimsicott
|-boost|p2a: Whimsicott|atk|2
|-boost|p2a: Whimsicott|spa|2
|
|-weather|SunnyDay|[upkeep]
|upkeep
|turn|8
|
|t:|1757788252
|-terastallize|p2a: Whimsicott|Ghost
|move|p2a: Whimsicott|Growth|p2a: Whimsicott
|-boost|p2a: Whimsicott|atk|2
|-boost|p2a: Whimsicott|spa|2
|move|p1a: Stalinski|Body Press|p2a: Whimsicott
|-immune|p2a: Whimsicott
|
|-weather|none
|upkeep
|turn|9
|
|t:|1757788262
|switch|p1a: Stalingrad|Blissey, F|100/100
|move|p2a: Whimsicott|Shadow Ball|p1a: Stalingrad
|-immune|p1a: Stalingrad
|
|upkeep
|turn|10
|
|t:|1757788272
|move|p2a: Whimsicott|Moonblast|p1a: Stalingrad
|-damage|p1a: Stalingrad|56/100
|-damage|p2a: Whimsicott|73/100|[from] item: Life Orb
|move|p1a: Stalingrad|Calm Mind|p1a: Stalingrad
|-boost|p1a: Stalingrad|spa|1
|-boost|p1a: Stalingrad|spd|1
|
|-heal|p1a: Stalingrad|62/100|[from] item: Leftovers
|upkeep
|turn|11
|
|t:|1757788275
|move|p2a: Whimsicott|Moonblast|p1a: Stalingrad
|-damage|p1a: Stalingrad|29/100
|-unboost|p1a: Stalingrad|spa|1
|-damage|p2a: Whimsicott|63/100|[from] item: Life Orb
|move|p1a: Stalingrad|Soft-Boiled|p1a: Stalingrad
|-heal|p1a: Stalingrad|79/100
|
|-heal|p1a: Stalingrad|85/100|[from] item: Leftovers
|upkeep
|turn|12
|
|t:|1757788278
|move|p2a: Whimsicott|Moonblast|p1a: Stalingrad
|-damage|p1a: Stalingrad|56/100
|-damage|p2a: Whimsicott|54/100|[from] item: Life Orb
|move|p1a: Stalingrad|Calm Mind|p1a: Stalingrad
|-boost|p1a: Stalingrad|spa|1
|-boost|p1a: Stalingrad|spd|1
|
|-heal|p1a: Stalingrad|63/100|[from] item: Leftovers
|upkeep
|turn|13
|
|t:|1757788283
|move|p2a: Whimsicott|Moonblast|p1a: Stalingrad
|-damage|p1a: Stalingrad|40/100
|-damage|p2a: Whimsicott|44/100|[from] item: Life Orb
|move|p1a: Stalingrad|Calm Mind|p1a: Stalingrad
|-boost|p1a: Stalingrad|spa|1
|-boost|p1a: Stalingrad|spd|1
|
|-heal|p1a: Stalingrad|46/100|[from] item: Leftovers
|upkeep
|turn|14
|
|t:|1757788292
|switch|p2a: Great Tusk|Great Tusk|100/100
|move|p1a: Stalingrad|Soft-Boiled|p1a: Stalingrad
|-heal|p1a: Stalingrad|96/100
|
|-heal|p1a: Stalingrad|100/100|[from] item: Leftovers
|upkeep
|turn|15
|
|t:|1757788302
|switch|p1a: Stallmate|Gliscor, M|100/100
|move|p2a: Great Tusk|Stealth Rock|p1a: Stallmate
|-sidestart|p1: GarbagioFilth|move: Stealth Rock
|
|-status|p1a: Stallmate|tox|[from] item: Toxic Orb
|upkeep
|turn|16
|
|t:|1757788310
|move|p1a: Stallmate|Protect|p1a: Stallmate
|-singleturn|p1a: Stallmate|Protect
|move|p2a: Great Tusk|Ice Spinner|p1a: Stallmate
|-activate|p1a: Stallmate|move: Protect
|
|upkeep
|turn|17
|
|t:|1757788320
|-end|p2a: Great Tusk|Protosynthesis|[silent]
|switch|p2a: Ninetales|Ninetales, M|100/100
|-weather|SunnyDay|[from] ability: Drought|[of] p2a: Ninetales
|switch|p1a: Stalin|Dondozo, F|90/100
|-damage|p1a: Stalin|77/100|[from] Stealth Rock
|
|-weather|SunnyDay|[upkeep]
|-heal|p1a: Stalin|84/100|[from] item: Leftovers
|upkeep
|turn|18
|
|t:|1757788328
|switch|p2a: Walking Wake|Walking Wake|94/100 tox
|-activate|p2a: Walking Wake|ability: Protosynthesis
|-start|p2a: Walking Wake|protosynthesisspa
|switch|p1a: Stallking|Toxapex, M|44/100
|-damage|p1a: Stallking|31/100|[from] Stealth Rock
|
|-weather|SunnyDay|[upkeep]
|-heal|p1a: Stallking|38/100|[from] item: Leftovers
|-damage|p2a: Walking Wake|88/100 tox|[from] psn
|upkeep
|turn|19
|
|t:|1757788341
|switch|p1a: Staletto|Weezing-Galar, F|100/100
|-ability|p1a: Staletto|Neutralizing Gas
|move|p2a: Walking Wake|Draco Meteor|p1a: Staletto
|-immune|p1a: Staletto
|
|-weather|SunnyDay|[upkeep]
|-damage|p2a: Walking Wake|76/100 tox|[from] psn
|upkeep
|turn|20
|
|t:|1757788351
|-end|p2a: Walking Wake|Protosynthesis|[silent]
|switch|p2a: Great Tusk|Great Tusk|100/100
|move|p1a: Staletto|Defog|p2a: Great Tusk
|-unboost|p2a: Great Tusk|evasion|1
|-sideend|p1: GarbagioFilth|Stealth Rock|[from] move: Defog|[of] p1a: Staletto
|
|-weather|SunnyDay|[upkeep]
|upkeep
|turn|21
|
|t:|1757788357
|-end|p1a: Staletto|ability: Neutralizing Gas
|-activate|p2a: Great Tusk|ability: Protosynthesis
|-start|p2a: Great Tusk|protosynthesisatk
|switch|p1a: Stalin|Dondozo, F|84/100
|move|p2a: Great Tusk|Stealth Rock|p1a: Stalin
|-sidestart|p1: GarbagioFilth|move: Stealth Rock
|
|-weather|SunnyDay|[upkeep]
|-heal|p1a: Stalin|90/100|[from] item: Leftovers
|upkeep
|turn|22
|
|t:|1757788376
|-end|p2a: Great Tusk|Protosynthesis|[silent]
|switch|p2a: Whimsicott|Whimsicott, F, tera:Ghost|44/100
|move|p1a: Stalin|Avalanche|p2a: Whimsicott
|-damage|p2a: Whimsicott|26/100
|
|-weather|SunnyDay|[upkeep]
|-heal|p1a: Stalin|96/100|[from] item: Leftovers
|upkeep
|turn|23
|inactive|GarbagioFilth has 120 seconds left.
|
|t:|1757788420
|switch|p1a: Stalingrad|Blissey, F|100/100
|-damage|p1a: Stalingrad|88/100|[from] Stealth Rock
|move|p2a: Whimsicott|Giga Drain|p1a: Stalingrad
|-damage|p1a: Stalingrad|76/100
|-heal|p2a: Whimsicott|39/100|[from] drain|[of] p1a: Stalingrad
|-damage|p2a: Whimsicott|29/100|[from] item: Life Orb
|
|-weather|SunnyDay|[upkeep]
|-heal|p1a: Stalingrad|82/100|[from] item: Leftovers
|upkeep
|turn|24
|
|t:|1757788438
|switch|p2a: Slither Wing|Slither Wing|100/100
|-activate|p2a: Slither Wing|ability: Protosynthesis
|-start|p2a: Slither Wing|protosynthesisatk
|move|p1a: Stalingrad|Calm Mind|p1a: Stalingrad
|-boost|p1a: Stalingrad|spa|1
|-boost|p1a: Stalingrad|spd|1
|
|-weather|none
|-end|p2a: Slither Wing|Protosynthesis
|-heal|p1a: Stalingrad|89/100|[from] item: Leftovers
|upkeep
|turn|25
|inactive|GarbagioFilth has 120 seconds left.
|
|t:|1757788460
|switch|p1a: Stalin|Dondozo, F|96/100
|-damage|p1a: Stalin|84/100|[from] Stealth Rock
|move|p2a: Slither Wing|Close Combat|p1a: Stalin
|-damage|p1a: Stalin|49/100
|-unboost|p2a: Slither Wing|def|1
|-unboost|p2a: Slither Wing|spd|1
|
|-heal|p1a: Stalin|56/100|[from] item: Leftovers
|upkeep
|turn|26
|
|t:|1757788467
|-end|p2a: Slither Wing|Protosynthesis|[silent]
|switch|p2a: Ninetales|Ninetales, M|100/100
|-weather|SunnyDay|[from] ability: Drought|[of] p2a: Ninetales
|move|p1a: Stalin|Rest|p1a: Stalin
|-status|p1a: Stalin|slp|[from] move: Rest
|-heal|p1a: Stalin|100/100 slp|[silent]
|
|-weather|SunnyDay|[upkeep]
|upkeep
|turn|27
|
|t:|1757788476
|switch|p2a: Whimsicott|Whimsicott, F, tera:Ghost|29/100
|switch|p1a: Stallking|Toxapex, M|71/100
|-damage|p1a: Stallking|58/100|[from] Stealth Rock
|
|-weather|SunnyDay|[upkeep]
|-heal|p1a: Stallking|65/100|[from] item: Leftovers
|upkeep
|turn|28
|
|t:|1757788485
|switch|p2a: Comfey|Comfey, F|94/100 tox
|move|p1a: Stallking|Toxic|p2a: Comfey
|-fail|p2a: Comfey|tox
|
|-weather|SunnyDay|[upkeep]
|-heal|p1a: Stallking|71/100|[from] item: Leftovers
|-damage|p2a: Comfey|88/100 tox|[from] psn
|upkeep
|turn|29
|
|t:|1757788496
|move|p2a: Comfey|Growth|p2a: Comfey
|-boost|p2a: Comfey|atk|2
|-boost|p2a: Comfey|spa|2
|move|p1a: Stallking|Toxic Spikes|p2a: Comfey
|-sidestart|p2: youjustgotnoobed|move: Toxic Spikes
|
|-weather|SunnyDay|[upkeep]
|-heal|p1a: Stallking|77/100|[from] item: Leftovers
|-damage|p2a: Comfey|76/100 tox|[from] psn
|upkeep
|turn|30
|
|t:|1757788501
|move|p2a: Comfey|Stored Power|p1a: Stallking
|-supereffective|p1a: Stallking
|-damage|p1a: Stallking|0 fnt
|faint|p1a: Stallking
|-damage|p2a: Comfey|66/100 tox|[from] item: Life Orb
|
|-weather|SunnyDay|[upkeep]
|-damage|p2a: Comfey|47/100 tox|[from] psn
|upkeep
|
|t:|1757788509
|switch|p1a: Stalingrad|Blissey, F|89/100
|-damage|p1a: Stalingrad|76/100|[from] Stealth Rock
|turn|31
|
|t:|1757788515
|move|p2a: Comfey|Synthesis|p2a: Comfey
|-heal|p2a: Comfey|100/100 tox
|move|p1a: Stalingrad|Calm Mind|p1a: Stalingrad
|-boost|p1a: Stalingrad|spa|1
|-boost|p1a: Stalingrad|spd|1
|
|-weather|SunnyDay|[upkeep]
|-heal|p1a: Stalingrad|82/100|[from] item: Leftovers
|-damage|p2a: Comfey|76/100 tox|[from] psn
|upkeep
|turn|32
|
|t:|1757788518
|switch|p2a: Slither Wing|Slither Wing|100/100
|-status|p2a: Slither Wing|psn
|-activate|p2a: Slither Wing|ability: Protosynthesis
|-start|p2a: Slither Wing|protosynthesisatk
|move|p1a: Stalingrad|Stealth Rock|p2a: Slither Wing
|-sidestart|p2: youjustgotnoobed|move: Stealth Rock
|
|-weather|SunnyDay|[upkeep]
|-heal|p1a: Stalingrad|89/100|[from] item: Leftovers
|-damage|p2a: Slither Wing|88/100 psn|[from] psn
|upkeep
|turn|33
|
|t:|1757788524
|switch|p1a: Stalin|Dondozo, F|100/100 slp
|-damage|p1a: Stalin|88/100 slp|[from] Stealth Rock
|move|p2a: Slither Wing|Close Combat|p1a: Stalin
|-damage|p1a: Stalin|51/100 slp
|-unboost|p2a: Slither Wing|def|1
|-unboost|p2a: Slither Wing|spd|1
|
|-weather|none
|-end|p2a: Slither Wing|Protosynthesis
|-heal|p1a: Stalin|57/100 slp|[from] item: Leftovers
|-damage|p2a: Slither Wing|76/100 psn|[from] psn
|upkeep
|turn|34
|
|t:|1757788535
|-end|p2a: Slither Wing|Protosynthesis|[silent]
|switch|p2a: Great Tusk|Great Tusk|100/100
|cant|p1a: Stalin|slp
|move|p1a: Stalin|Sleep Talk|p1a: Stalin
|move|p1a: Stalin|Rest||[from] move: Sleep Talk|[still]
|-fail|p1a: Stalin
|
|-heal|p1a: Stalin|63/100 slp|[from] item: Leftovers
|upkeep
|turn|35
|
|t:|1757788544
|move|p2a: Great Tusk|Rapid Spin|p1a: Stalin
|-damage|p1a: Stalin|55/100 slp
|-boost|p2a: Great Tusk|spe|1
|-sideend|p2: youjustgotnoobed|Toxic Spikes|[from] move: Rapid Spin|[of] p2a: Great Tusk
|-sideend|p2: youjustgotnoobed|Stealth Rock|[from] move: Rapid Spin|[of] p2a: Great Tusk
|cant|p1a: Stalin|slp
|move|p1a: Stalin|Sleep Talk|p1a: Stalin
|move|p1a: Stalin|Body Press|p2a: Great Tusk|[from] move: Sleep Talk
|-damage|p2a: Great Tusk|81/100
|
|-heal|p1a: Stalin|61/100 slp|[from] item: Leftovers
|upkeep
|turn|36
|
|t:|1757788556
|-end|p2a: Great Tusk|Protosynthesis|[silent]
|switch|p2a: Ninetales|Ninetales, M|100/100
|-weather|SunnyDay|[from] ability: Drought|[of] p2a: Ninetales
|-curestatus|p1a: Stalin|slp|[msg]
|move|p1a: Stalin|Avalanche|p2a: Ninetales
|-resisted|p2a: Ninetales
|-damage|p2a: Ninetales|92/100
|
|-weather|SunnyDay|[upkeep]
|-heal|p1a: Stalin|67/100|[from] item: Leftovers
|upkeep
|turn|37
|
|t:|1757788573
|switch|p2a: Slither Wing|Slither Wing|76/100 psn
|-activate|p2a: Slither Wing|ability: Protosynthesis
|-start|p2a: Slither Wing|protosynthesisatk
|move|p1a: Stalin|Body Press|p2a: Slither Wing
|-resisted|p2a: Slither Wing
|-damage|p2a: Slither Wing|57/100 psn
|
|-weather|SunnyDay|[upkeep]
|-heal|p1a: Stalin|73/100|[from] item: Leftovers
|-damage|p2a: Slither Wing|45/100 psn|[from] psn
|upkeep
|turn|38
|
|t:|1757788578
|move|p2a: Slither Wing|Close Combat|p1a: Stalin
|-damage|p1a: Stalin|35/100
|-unboost|p2a: Slither Wing|def|1
|-unboost|p2a: Slither Wing|spd|1
|move|p1a: Stalin|Body Press|p2a: Slither Wing
|-resisted|p2a: Slither Wing
|-damage|p2a: Slither Wing|25/100 psn
|
|-weather|SunnyDay|[upkeep]
|-heal|p1a: Stalin|41/100|[from] item: Leftovers
|-damage|p2a: Slither Wing|12/100 psn|[from] psn
|upkeep
|turn|39
|
|t:|1757788607
|-end|p2a: Slither Wing|Protosynthesis|[silent]
|switch|p2a: Whimsicott|Whimsicott, F, tera:Ghost|29/100
|move|p1a: Stalin|Rest|p1a: Stalin
|-status|p1a: Stalin|slp|[from] move: Rest
|-heal|p1a: Stalin|100/100 slp|[silent]
|
|-weather|SunnyDay|[upkeep]
|upkeep
|turn|40
|
|t:|1757788612
|switch|p1a: Stalingrad|Blissey, F|89/100
|-damage|p1a: Stalingrad|76/100|[from] Stealth Rock
|move|p2a: Whimsicott|Giga Drain|p1a: Stalingrad
|-damage|p1a: Stalingrad|64/100
|-heal|p2a: Whimsicott|42/100|[from] drain|[of] p1a: Stalingrad
|-damage|p2a: Whimsicott|33/100|[from] item: Life Orb
|
|-weather|SunnyDay|[upkeep]
|-heal|p1a: Stalingrad|70/100|[from] item: Leftovers
|upkeep
|turn|41
|
|t:|1757788622
|move|p2a: Whimsicott|Growth|p2a: Whimsicott
|-boost|p2a: Whimsicott|atk|2
|-boost|p2a: Whimsicott|spa|2
|move|p1a: Stalingrad|Stealth Rock|p2a: Whimsicott
|-sidestart|p2: youjustgotnoobed|move: Stealth Rock
|
|-weather|SunnyDay|[upkeep]
|-heal|p1a: Stalingrad|77/100|[from] item: Leftovers
|upkeep
|turn|42
|
|t:|1757788629
|move|p2a: Whimsicott|Growth|p2a: Whimsicott
|-boost|p2a: Whimsicott|atk|2
|-boost|p2a: Whimsicott|spa|2
|move|p1a: Stalingrad|Calm Mind|p1a: Stalingrad
|-boost|p1a: Stalingrad|spa|1
|-boost|p1a: Stalingrad|spd|1
|
|-weather|SunnyDay|[upkeep]
|-heal|p1a: Stalingrad|83/100|[from] item: Leftovers
|upkeep
|turn|43
|
|t:|1757788631
|move|p2a: Whimsicott|Growth|p2a: Whimsicott
|-boost|p2a: Whimsicott|atk|2
|-boost|p2a: Whimsicott|spa|2
|move|p1a: Stalingrad|Calm Mind|p1a: Stalingrad
|-boost|p1a: Stalingrad|spa|1
|-boost|p1a: Stalingrad|spd|1
|
|-weather|none
|-heal|p1a: Stalingrad|89/100|[from] item: Leftovers
|upkeep
|turn|44
|
|t:|1757788633
|move|p2a: Whimsicott|Giga Drain|p1a: Stalingrad
|-damage|p1a: Stalingrad|66/100
|-heal|p2a: Whimsicott|58/100|[from] drain|[of] p1a: Stalingrad
|-damage|p2a: Whimsicott|48/100|[from] item: Life Orb
|move|p1a: Stalingrad|Calm Mind|p1a: Stalingrad
|-boost|p1a: Stalingrad|spa|1
|-boost|p1a: Stalingrad|spd|1
|
|-heal|p1a: Stalingrad|72/100|[from] item: Leftovers
|upkeep
|turn|45
|
|t:|1757788636
|move|p2a: Whimsicott|Giga Drain|p1a: Stalingrad
|-damage|p1a: Stalingrad|52/100
|-heal|p2a: Whimsicott|69/100|[from] drain|[of] p1a: Stalingrad
|-damage|p2a: Whimsicott|59/100|[from] item: Life Orb
|move|p1a: Stalingrad|Calm Mind|p1a: Stalingrad
|-boost|p1a: Stalingrad|spa|1
|-boost|p1a: Stalingrad|spd|1
|
|-heal|p1a: Stalingrad|59/100|[from] item: Leftovers
|upkeep
|turn|46
|
|t:|1757788639
|move|p2a: Whimsicott|Giga Drain|p1a: Stalingrad
|-damage|p1a: Stalingrad|42/100
|-heal|p2a: Whimsicott|78/100|[from] drain|[of] p1a: Stalingrad
|-damage|p2a: Whimsicott|68/100|[from] item: Life Orb
|move|p1a: Stalingrad|Calm Mind|p1a: Stalingrad
|-boost|p1a: Stalingrad|spa|1
|-boost|p1a: Stalingrad|spd|1
|
|-heal|p1a: Stalingrad|48/100|[from] item: Leftovers
|upkeep
|turn|47
|
|t:|1757788642
|move|p2a: Whimsicott|Giga Drain|p1a: Stalingrad
|-damage|p1a: Stalingrad|35/100
|-heal|p2a: Whimsicott|82/100|[from] drain|[of] p1a: Stalingrad
|-damage|p2a: Whimsicott|72/100|[from] item: Life Orb
|move|p1a: Stalingrad|Calm Mind|p1a: Stalingrad
|-boost|p1a: Stalingrad|spa|1
|-boost|p1a: Stalingrad|spd|1
|
|-heal|p1a: Stalingrad|41/100|[from] item: Leftovers
|upkeep
|turn|48
|
|t:|1757788649
|move|p2a: Whimsicott|Moonblast|p1a: Stalingrad
|-damage|p1a: Stalingrad|26/100
|-unboost|p1a: Stalingrad|spa|1
|-damage|p2a: Whimsicott|62/100|[from] item: Life Orb
|move|p1a: Stalingrad|Soft-Boiled|p1a: Stalingrad
|-heal|p1a: Stalingrad|76/100
|
|-heal|p1a: Stalingrad|82/100|[from] item: Leftovers
|upkeep
|turn|49
|
|t:|1757788654
|move|p2a: Whimsicott|Giga Drain|p1a: Stalingrad
|-damage|p1a: Stalingrad|70/100
|-heal|p2a: Whimsicott|75/100|[from] drain|[of] p1a: Stalingrad
|-damage|p2a: Whimsicott|65/100|[from] item: Life Orb
|move|p1a: Stalingrad|Calm Mind|p1a: Stalingrad
|-boost|p1a: Stalingrad|spa|1
|-boost|p1a: Stalingrad|spd|0
|
|-heal|p1a: Stalingrad|77/100|[from] item: Leftovers
|upkeep
|turn|50
|
|t:|1757788664
|move|p2a: Whimsicott|Giga Drain|p1a: Stalingrad
|-damage|p1a: Stalingrad|65/100
|-heal|p2a: Whimsicott|78/100|[from] drain|[of] p1a: Stalingrad
|-damage|p2a: Whimsicott|68/100|[from] item: Life Orb
|move|p1a: Stalingrad|Calm Mind|p1a: Stalingrad
|-boost|p1a: Stalingrad|spa|0
|-boost|p1a: Stalingrad|spd|0
|
|-heal|p1a: Stalingrad|71/100|[from] item: Leftovers
|upkeep
|turn|51
|
|t:|1757788668
|switch|p2a: Great Tusk|Great Tusk|81/100
|move|p1a: Stalingrad|Calm Mind|p1a: Stalingrad
|-boost|p1a: Stalingrad|spa|0
|-boost|p1a: Stalingrad|spd|0
|
|-heal|p1a: Stalingrad|77/100|[from] item: Leftovers
|upkeep
|turn|52
|
|t:|1757788674
|switch|p1a: Stalin|Dondozo, F|100/100 slp
|-damage|p1a: Stalin|88/100 slp|[from] Stealth Rock
|move|p2a: Great Tusk|Rapid Spin|p1a: Stalin
|-damage|p1a: Stalin|80/100 slp
|-boost|p2a: Great Tusk|spe|1
|-sideend|p2: youjustgotnoobed|Stealth Rock|[from] move: Rapid Spin|[of] p2a: Great Tusk
|
|-heal|p1a: Stalin|86/100 slp|[from] item: Leftovers
|upkeep
|turn|53
|
|t:|1757788679
|-end|p2a: Great Tusk|Protosynthesis|[silent]
|switch|p2a: Whimsicott|Whimsicott, F, tera:Ghost|68/100
|cant|p1a: Stalin|slp
|move|p1a: Stalin|Sleep Talk|p1a: Stalin
|move|p1a: Stalin|Body Press|p2a: Whimsicott|[from] move: Sleep Talk
|-immune|p2a: Whimsicott
|
|-heal|p1a: Stalin|92/100 slp|[from] item: Leftovers
|upkeep
|turn|54
|
|t:|1757788697
|switch|p2a: Ninetales|Ninetales, M|92/100
|-weather|SunnyDay|[from] ability: Drought|[of] p2a: Ninetales
|switch|p1a: Stalingrad|Blissey, F|77/100
|-damage|p1a: Stalingrad|65/100|[from] Stealth Rock
|
|-weather|SunnyDay|[upkeep]
|-heal|p1a: Stalingrad|71/100|[from] item: Leftovers
|upkeep
|turn|55
|
|t:|1757788706
|move|p2a: Ninetales|Weather Ball|p1a: Stalingrad
|-damage|p1a: Stalingrad|57/100
|move|p1a: Stalingrad|Stealth Rock|p2a: Ninetales
|-sidestart|p2: youjustgotnoobed|move: Stealth Rock
|
|-weather|SunnyDay|[upkeep]
|-heal|p1a: Stalingrad|64/100|[from] item: Leftovers
|upkeep
|turn|56
|
|t:|1757788710
|move|p2a: Ninetales|Encore|p1a: Stalingrad
|-start|p1a: Stalingrad|Encore
|move|p1a: Stalingrad|Stealth Rock||[still]
|-fail|p1a: Stalingrad
|
|-weather|SunnyDay|[upkeep]
|-heal|p1a: Stalingrad|70/100|[from] item: Leftovers
|upkeep
|turn|57
|
|t:|1757788715
|switch|p2a: Great Tusk|Great Tusk|81/100
|-activate|p2a: Great Tusk|ability: Protosynthesis
|-start|p2a: Great Tusk|protosynthesisatk
|switch|p1a: Stalin|Dondozo, F|92/100 slp
|-damage|p1a: Stalin|80/100 slp|[from] Stealth Rock
|
|-weather|SunnyDay|[upkeep]
|-heal|p1a: Stalin|86/100 slp|[from] item: Leftovers
|upkeep
|turn|58
|
|t:|1757788718
|move|p2a: Great Tusk|Rapid Spin|p1a: Stalin
|-damage|p1a: Stalin|76/100 slp
|-boost|p2a: Great Tusk|spe|1
|-sideend|p2: youjustgotnoobed|Stealth Rock|[from] move: Rapid Spin|[of] p2a: Great Tusk
|cant|p1a: Stalin|slp
|move|p1a: Stalin|Sleep Talk|p1a: Stalin
|move|p1a: Stalin|Body Press|p2a: Great Tusk|[from] move: Sleep Talk
|-damage|p2a: Great Tusk|61/100
|
|-weather|SunnyDay|[upkeep]
|-heal|p1a: Stalin|83/100 slp|[from] item: Leftovers
|upkeep
|turn|59
|
|t:|1757788727
|-end|p2a: Great Tusk|Protosynthesis|[silent]
|switch|p2a: Whimsicott|Whimsicott, F, tera:Ghost|68/100
|-curestatus|p1a: Stalin|slp|[msg]
|move|p1a: Stalin|Avalanche|p2a: Whimsicott
|-damage|p2a: Whimsicott|52/100
|
|-weather|SunnyDay|[upkeep]
|-heal|p1a: Stalin|89/100|[from] item: Leftovers
|upkeep
|turn|60
|
|t:|1757788732
|switch|p1a: Stalingrad|Blissey, F|70/100
|-damage|p1a: Stalingrad|57/100|[from] Stealth Rock
|move|p2a: Whimsicott|Growth|p2a: Whimsicott
|-boost|p2a: Whimsicott|atk|2
|-boost|p2a: Whimsicott|spa|2
|
|-weather|SunnyDay|[upkeep]
|-heal|p1a: Stalingrad|64/100|[from] item: Leftovers
|upkeep
|turn|61
|
|t:|1757788737
|move|p2a: Whimsicott|Growth|p2a: Whimsicott
|-boost|p2a: Whimsicott|atk|2
|-boost|p2a: Whimsicott|spa|2
|move|p1a: Stalingrad|Calm Mind|p1a: Stalingrad
|-boost|p1a: Stalingrad|spa|1
|-boost|p1a: Stalingrad|spd|1
|
|-weather|none
|-heal|p1a: Stalingrad|70/100|[from] item: Leftovers
|upkeep
|turn|62
|
|t:|1757788743
|move|p2a: Whimsicott|Giga Drain|p1a: Stalingrad
|-damage|p1a: Stalingrad|45/100
|-heal|p2a: Whimsicott|78/100|[from] drain|[of] p1a: Stalingrad
|-damage|p2a: Whimsicott|68/100|[from] item: Life Orb
|move|p1a: Stalingrad|Calm Mind|p1a: Stalingrad
|-boost|p1a: Stalingrad|spa|1
|-boost|p1a: Stalingrad|spd|1
|
|-heal|p1a: Stalingrad|52/100|[from] item: Leftovers
|upkeep
|turn|63
|
|t:|1757788745
|move|p2a: Whimsicott|Giga Drain|p1a: Stalingrad
|-damage|p1a: Stalingrad|33/100
|-heal|p2a: Whimsicott|88/100|[from] drain|[of] p1a: Stalingrad
|-damage|p2a: Whimsicott|78/100|[from] item: Life Orb
|move|p1a: Stalingrad|Calm Mind|p1a: Stalingrad
|-boost|p1a: Stalingrad|spa|1
|-boost|p1a: Stalingrad|spd|1
|
|-heal|p1a: Stalingrad|40/100|[from] item: Leftovers
|upkeep
|turn|64
|
|t:|1757788748
|move|p2a: Whimsicott|Giga Drain|p1a: Stalingrad
|-crit|p1a: Stalingrad
|-damage|p1a: Stalingrad|0 fnt
|-heal|p2a: Whimsicott|100/100|[from] drain|[of] p1a: Stalingrad
|faint|p1a: Stalingrad
|-damage|p2a: Whimsicott|91/100|[from] item: Life Orb
|
|upkeep
|
|t:|1757788768
|switch|p1a: Staletto|Weezing-Galar, F|100/100
|-ability|p1a: Staletto|Neutralizing Gas
|turn|65
|
|t:|1757788774
|move|p2a: Whimsicott|Shadow Ball|p1a: Staletto
|-damage|p1a: Staletto|0 fnt
|faint|p1a: Staletto
|-end|p1a: Staletto|ability: Neutralizing Gas
|-damage|p2a: Whimsicott|81/100|[from] item: Life Orb
|
|upkeep
|-message|GarbagioFilth forfeited.
|
|win|youjustgotnoobed
|raw|GarbagioFilth's rating: 1436 &rarr; <strong>1418</strong><br />(-18 for losing)
|raw|youjustgotnoobed's rating: 1477 &rarr; <strong>1495</strong><br />(+18 for winning)
|l|☆GarbagioFilth
|player|p1|
|l|☆youjustgotnoobed
|player|p2|
