|j|☆xcPurple
|j|☆RugzV
|t:|1757832455
|gametype|singles
|player|p1|xcPurple|rosa|1340
|player|p2|RugzV|gentleman-gen4|1277
|gen|9
|tier|[Gen 9] OU
|rated|
|rule|HP Percentage Mod: HP is shown in percentages
|rule|Endless Battle Clause: Forcing endless battles is banned
|rule|Species Clause: Limit one of each Pokémon
|rule|OHKO Clause: OHKO moves are banned
|rule|Evasion Items Clause: Evasion items are banned
|rule|Evasion Moves Clause: Evasion moves are banned
|rule|Evasion Abilities Clause: Evasion abilities are banned
|rule|Sleep Moves Clause: Sleep-inducing moves are banned
|clearpoke
|poke|p1|Pelipper, M|
|poke|p1|Greninja-*, M|
|poke|p1|Basculegion, M|
|poke|p1|Zapdos|
|poke|p1|Sandy Shocks|
|poke|p1|Scizor, M|
|poke|p2|Clodsire, F|
|poke|p2|Meowscarada, M|
|poke|p2|Alomomola, F|
|poke|p2|Enamorus-Therian, F|
|poke|p2|Ceruledge, F|
|poke|p2|Reuniclus, F|
|teampreview
|inactive|Battle timer is ON: inactive players will automatically lose when time's up. (requested by xcPurple)
|
|t:|1757832479
|teamsize|p1|6
|teamsize|p2|6
|start
|switch|p1a: Sandy Shocks|Sandy Shocks, shiny|100/100
|switch|p2a: Purrfecto|Meowscarada, M|100/100
|-enditem|p1a: Sandy Shocks|Booster Energy
|-activate|p1a: Sandy Shocks|ability: Protosynthesis|[fromitem]
|-start|p1a: Sandy Shocks|protosynthesisspe
|turn|1
|
|t:|1757832494
|move|p2a: Purrfecto|U-turn|p1a: Sandy Shocks
|-start|p2a: Purrfecto|typechange|Bug|[from] ability: Protean
|-damage|p1a: Sandy Shocks|64/100
|
|t:|1757832499
|switch|p2a: Clodders|Clodsire, F|100/100|[from] U-turn
|move|p1a: Sandy Shocks|Stealth Rock|p2a: Clodders
|-sidestart|p2: RugzV|move: Stealth Rock
|
|upkeep
|turn|2
|
|t:|1757832510
|move|p1a: Sandy Shocks|Earth Power|p2a: Clodders
|-supereffective|p2a: Clodders
|-crit|p2a: Clodders
|-damage|p2a: Clodders|30/100
|move|p2a: Clodders|Toxic|p1a: Sandy Shocks
|-status|p1a: Sandy Shocks|tox
|
|-heal|p2a: Clodders|36/100|[from] item: Leftovers
|-damage|p1a: Sandy Shocks|58/100 tox|[from] psn
|upkeep
|turn|3
|
|t:|1757832521
|move|p1a: Sandy Shocks|Thunderbolt|p2a: Clodders
|-immune|p2a: Clodders
|move|p2a: Clodders|Recover|p2a: Clodders
|-heal|p2a: Clodders|86/100
|
|-heal|p2a: Clodders|92/100|[from] item: Leftovers
|-damage|p1a: Sandy Shocks|46/100 tox|[from] psn
|upkeep
|turn|4
|
|t:|1757832530
|move|p1a: Sandy Shocks|Earth Power|p2a: Clodders
|-supereffective|p2a: Clodders
|-damage|p2a: Clodders|43/100
|move|p2a: Clodders|Earthquake|p1a: Sandy Shocks
|-supereffective|p1a: Sandy Shocks
|-damage|p1a: Sandy Shocks|0 fnt
|faint|p1a: Sandy Shocks
|-end|p1a: Sandy Shocks|Protosynthesis|[silent]
|
|-heal|p2a: Clodders|49/100|[from] item: Leftovers
|upkeep
|
|t:|1757832535
|switch|p1a: Pelipper|Pelipper, M|100/100
|-weather|RainDance|[from] ability: Drizzle|[of] p1a: Pelipper
|turn|5
|
|t:|1757832544
|move|p1a: Pelipper|Ice Beam|p2a: Clodders
|-supereffective|p2a: Clodders
|-damage|p2a: Clodders|21/100
|move|p2a: Clodders|Toxic|p1a: Pelipper
|-status|p1a: Pelipper|tox
|
|-weather|RainDance|[upkeep]
|-heal|p2a: Clodders|27/100|[from] item: Leftovers
|-damage|p1a: Pelipper|94/100 tox|[from] psn
|upkeep
|turn|6
|
|t:|1757832558
|move|p1a: Pelipper|Ice Beam|p2a: Clodders
|-supereffective|p2a: Clodders
|-damage|p2a: Clodders|0 fnt
|faint|p2a: Clodders
|
|-weather|RainDance|[upkeep]
|-damage|p1a: Pelipper|82/100 tox|[from] psn
|upkeep
|inactive|RugzV has 120 seconds left.
|
|t:|1757832593
|switch|p2a: Embybro|Reuniclus, F|100/100
|turn|7
|
|t:|1757832599
|move|p1a: Pelipper|U-turn|p2a: Embybro
|-supereffective|p2a: Embybro
|-damage|p2a: Embybro|83/100
|
|t:|1757832607
|switch|p1a: Scizor|Scizor, M|100/100|[from] U-turn
|move|p2a: Embybro|Knock Off|p1a: Scizor
|-damage|p1a: Scizor|80/100
|-enditem|p1a: Scizor|Expert Belt|[from] move: Knock Off|[of] p2a: Embybro
|
|-weather|RainDance|[upkeep]
|upkeep
|turn|8
|inactive|RugzV has 120 seconds left.
|
|t:|1757832620
|-terastallize|p2a: Embybro|Fighting
|move|p1a: Scizor|Knock Off|p2a: Embybro
|-resisted|p2a: Embybro
|-damage|p2a: Embybro|63/100
|-enditem|p2a: Embybro|Life Orb|[from] move: Knock Off|[of] p1a: Scizor
|move|p2a: Embybro|Focus Blast|p1a: Scizor
|-damage|p1a: Scizor|16/100
|-unboost|p1a: Scizor|spd|1
|
|-weather|RainDance|[upkeep]
|upkeep
|turn|9
|inactive|RugzV has 120 seconds left.
|
|t:|1757832636
|move|p1a: Scizor|U-turn|p2a: Embybro
|-resisted|p2a: Embybro
|-damage|p2a: Embybro|45/100
|
|t:|1757832639
|switch|p1a: Basculegion|Basculegion, M|100/100|[from] U-turn
|move|p2a: Embybro|Knock Off|p1a: Basculegion
|-supereffective|p1a: Basculegion
|-damage|p1a: Basculegion|66/100
|-enditem|p1a: Basculegion|Choice Band|[from] move: Knock Off|[of] p2a: Embybro
|
|-weather|RainDance|[upkeep]
|upkeep
|turn|10
|inactive|RugzV has 120 seconds left.
|
|t:|1757832652
|switch|p2a: Bigfish|Alomomola, F|100/100
|-damage|p2a: Bigfish|88/100|[from] Stealth Rock
|-terastallize|p1a: Basculegion|Water
|move|p1a: Basculegion|Wave Crash|p2a: Bigfish
|-resisted|p2a: Bigfish
|-crit|p2a: Bigfish
|-damage|p2a: Bigfish|40/100
|-damage|p1a: Basculegion|49/100|[from] item: Rocky Helmet|[of] p2a: Bigfish
|-damage|p1a: Basculegion|29/100|[from] Recoil
|
|-weather|RainDance|[upkeep]
|upkeep
|turn|11
|inactive|RugzV has 120 seconds left.
|
|t:|1757832669
|move|p1a: Basculegion|Wave Crash|p2a: Bigfish
|-resisted|p2a: Bigfish
|-damage|p2a: Bigfish|10/100
|-damage|p1a: Basculegion|13/100|[from] item: Rocky Helmet|[of] p2a: Bigfish
|-damage|p1a: Basculegion|0 fnt|[from] Recoil
|faint|p1a: Basculegion
|move|p2a: Bigfish|Wish|p2a: Bigfish
|
|-weather|RainDance|[upkeep]
|upkeep
|
|t:|1757832676
|switch|p1a: Greninja|Greninja, M|100/100
|turn|12
|inactive|RugzV has 120 seconds left.
|
|t:|1757832696
|switch|p2a: Embybro|Reuniclus, F, tera:Fighting|45/100
|move|p1a: Greninja|Dark Pulse|p2a: Embybro
|-resisted|p2a: Embybro
|-damage|p2a: Embybro|24/100
|-damage|p1a: Greninja|91/100|[from] item: Life Orb
|
|-weather|none
|-heal|p2a: Embybro|87/100|[from] move: Wish|[wisher] Bigfish
|upkeep
|turn|13
|
|t:|1757832711
|move|p1a: Greninja|Surf|p2a: Embybro
|-damage|p2a: Embybro|40/100
|-damage|p1a: Greninja|81/100|[from] item: Life Orb
|move|p2a: Embybro|Knock Off|p1a: Greninja
|-resisted|p1a: Greninja
|-damage|p1a: Greninja|68/100
|-enditem|p1a: Greninja|Life Orb|[from] move: Knock Off|[of] p2a: Embybro
|
|upkeep
|turn|14
|
|t:|1757832720
|move|p1a: Greninja|Surf|p2a: Embybro
|-damage|p2a: Embybro|3/100
|move|p2a: Embybro|Recover|p2a: Embybro
|-heal|p2a: Embybro|53/100
|
|upkeep
|turn|15
|inactive|RugzV has 120 seconds left.
|
|t:|1757832738
|switch|p1a: Pelipper|Pelipper, M|82/100 tox
|-weather|RainDance|[from] ability: Drizzle|[of] p1a: Pelipper
|move|p2a: Embybro|Recover|p2a: Embybro
|-heal|p2a: Embybro|100/100
|
|-weather|RainDance|[upkeep]
|-damage|p1a: Pelipper|76/100 tox|[from] psn
|upkeep
|turn|16
|
|t:|1757832748
|move|p1a: Pelipper|Hurricane|p2a: Embybro
|-supereffective|p2a: Embybro
|-damage|p2a: Embybro|3/100
|move|p2a: Embybro|Knock Off|p1a: Pelipper
|-crit|p1a: Pelipper
|-damage|p1a: Pelipper|50/100 tox
|-enditem|p1a: Pelipper|Damp Rock|[from] move: Knock Off|[of] p2a: Embybro
|
|-weather|RainDance|[upkeep]
|-damage|p1a: Pelipper|38/100 tox|[from] psn
|upkeep
|turn|17
|inactive|RugzV has 120 seconds left.
|
|t:|1757832760
|switch|p2a: Notatortoise|Enamorus-Therian, F|100/100
|-damage|p2a: Notatortoise|76/100|[from] Stealth Rock
|move|p1a: Pelipper|U-turn|p2a: Notatortoise
|-resisted|p2a: Notatortoise
|-damage|p2a: Notatortoise|74/100
|
|t:|1757832765
|switch|p1a: Greninja|Greninja, M|68/100|[from] U-turn
|
|-weather|RainDance|[upkeep]
|upkeep
|turn|18
|inactive|RugzV has 120 seconds left.
|
|t:|1757832778
|move|p1a: Greninja|Surf|p2a: Notatortoise
|-damage|p2a: Notatortoise|14/100
|move|p2a: Notatortoise|Moonblast|p1a: Greninja
|-supereffective|p1a: Greninja
|-damage|p1a: Greninja|0 fnt
|faint|p1a: Greninja
|
|-weather|RainDance|[upkeep]
|upkeep
|
|t:|1757832784
|switch|p1a: Zapdos|Zapdos, shiny|100/100
|turn|19
|
|t:|1757832791
|move|p1a: Zapdos|Thunder|p2a: Notatortoise
|-supereffective|p2a: Notatortoise
|-damage|p2a: Notatortoise|0 fnt
|faint|p2a: Notatortoise
|
|-weather|RainDance|[upkeep]
|upkeep
|
|t:|1757832803
|switch|p2a: Purrfecto|Meowscarada, M|100/100
|-damage|p2a: Purrfecto|88/100|[from] Stealth Rock
|turn|20
|
|t:|1757832813
|move|p2a: Purrfecto|Triple Axel|p1a: Zapdos
|-start|p2a: Purrfecto|typechange|Ice|[from] ability: Protean
|-supereffective|p1a: Zapdos
|-damage|p1a: Zapdos|84/100
|-supereffective|p1a: Zapdos
|-damage|p1a: Zapdos|50/100
|-supereffective|p1a: Zapdos
|-damage|p1a: Zapdos|0 fnt
|faint|p1a: Zapdos
|-hitcount|p1: Zapdos|3
|
|-weather|RainDance|[upkeep]
|upkeep
|
|t:|1757832818
|switch|p1a: Scizor|Scizor, M|16/100
|turn|21
|
|t:|1757832827
|move|p1a: Scizor|Bullet Punch|p2a: Purrfecto
|-supereffective|p2a: Purrfecto
|-damage|p2a: Purrfecto|0 fnt
|faint|p2a: Purrfecto
|
|-weather|RainDance|[upkeep]
|upkeep
|
|t:|1757832839
|switch|p2a: Bigfish|Alomomola, F|43/100
|-damage|p2a: Bigfish|31/100|[from] Stealth Rock
|turn|22
|
|t:|1757832849
|move|p1a: Scizor|Knock Off|p2a: Bigfish
|-damage|p2a: Bigfish|13/100
|-damage|p1a: Scizor|0 fnt|[from] item: Rocky Helmet|[of] p2a: Bigfish
|faint|p1a: Scizor
|move|p2a: Bigfish|Wish|p2a: Bigfish
|
|-weather|none
|upkeep
|
|t:|1757832853
|switch|p1a: Pelipper|Pelipper, M|38/100 tox
|-weather|RainDance|[from] ability: Drizzle|[of] p1a: Pelipper
|turn|23
|
|t:|1757832880
|switch|p2a: Spookilla|Ceruledge, F|100/100
|-damage|p2a: Spookilla|76/100|[from] Stealth Rock
|move|p1a: Pelipper|Hurricane|p2a: Spookilla
|-damage|p2a: Spookilla|20/100
|
|-weather|RainDance|[upkeep]
|-heal|p2a: Spookilla|100/100|[from] move: Wish|[wisher] Bigfish
|-damage|p1a: Pelipper|31/100 tox|[from] psn
|upkeep
|turn|24
|inactive|RugzV has 120 seconds left.
|
|t:|1757832899
|move|p2a: Spookilla|Shadow Sneak|p1a: Pelipper
|-damage|p1a: Pelipper|10/100 tox
|move|p1a: Pelipper|Weather Ball|p2a: Spookilla
|-supereffective|p2a: Spookilla
|-enditem|p2a: Spookilla|Focus Sash
|-damage|p2a: Spookilla|1/100
|
|-weather|RainDance|[upkeep]
|-damage|p1a: Pelipper|0 fnt|[from] psn
|faint|p1a: Pelipper
|
|win|RugzV
|raw|xcPurple's rating: 1340 &rarr; <strong>1316</strong><br />(-24 for losing)
|raw|RugzV's rating: 1277 &rarr; <strong>1306</strong><br />(+29 for winning)
|l|☆xcPurple
|player|p1|
|l|☆RugzV
|player|p2|
