|j|☆Brad Bradsworth
|j|☆Metagant
|t:|1757909449
|gametype|singles
|player|p1|Brad Bradsworth|hiker-gen4|1134
|player|p2|Metagant|pokemaniac|1097
|gen|9
|tier|[Gen 9] OU
|rated|
|rule|HP Percentage Mod: HP is shown in percentages
|rule|Endless Battle Clause: Forcing endless battles is banned
|rule|Species Clause: Limit one of each Pokémon
|rule|OHKO Clause: OHKO moves are banned
|rule|Evasion Items Clause: Evasion items are banned
|rule|Evasion Moves Clause: Evasion moves are banned
|rule|Evasion Abilities Clause: Evasion abilities are banned
|rule|Sleep Moves Clause: Sleep-inducing moves are banned
|clearpoke
|poke|p1|Ting-Lu|
|poke|p1|Dragonite, M|
|poke|p1|Zamazenta-*|
|poke|p1|Gholdengo|
|poke|p1|Slowking-Galar, F|
|poke|p1|Great Tusk|
|poke|p2|Ninetales-Alola, F|
|poke|p2|Weavile, F|
|poke|p2|Regice|
|poke|p2|Dragonite, M|
|poke|p2|Primarina, F|
|poke|p2|Pecharunt|
|teampreview
|inactive|Battle timer is ON: inactive players will automatically lose when time's up. (requested by Brad Bradsworth)
|
|t:|1757909459
|teamsize|p1|6
|teamsize|p2|6
|start
|switch|p1a: Gholdengo|Gholdengo|100/100
|switch|p2a: Ninetales|Ninetales-Alola, F, shiny|100/100
|-weather|Snowscape|[from] ability: Snow Warning|[of] p2a: Ninetales
|-item|p1a: Gholdengo|Air Balloon
|turn|1
|
|t:|1757909467
|move|p2a: Ninetales|Disable|p1a: Gholdengo
|-immune|p1a: Gholdengo|[from] ability: Good as Gold
|move|p1a: Gholdengo|Nasty Plot|p1a: Gholdengo
|-boost|p1a: Gholdengo|spa|2
|
|-weather|Snowscape|[upkeep]
|upkeep
|turn|2
|
|t:|1757909475
|move|p2a: Ninetales|Aurora Veil|p2a: Ninetales
|-sidestart|p2: Metagant|move: Aurora Veil
|move|p1a: Gholdengo|Nasty Plot|p1a: Gholdengo
|-boost|p1a: Gholdengo|spa|2
|
|-weather|Snowscape|[upkeep]
|upkeep
|turn|3
|
|t:|1757909481
|move|p2a: Ninetales|Chilling Water|p1a: Gholdengo
|-damage|p1a: Gholdengo|85/100
|-unboost|p1a: Gholdengo|atk|1
|-enditem|p1a: Gholdengo|Air Balloon
|move|p1a: Gholdengo|Make It Rain|p2a: Ninetales
|-supereffective|p2a: Ninetales
|-damage|p2a: Ninetales|0 fnt
|-unboost|p1a: Gholdengo|spa|1
|faint|p2a: Ninetales
|
|-weather|Snowscape|[upkeep]
|upkeep
|
|t:|1757909491
|switch|p2a: Weavile|Weavile, F|100/100
|-ability|p2a: Weavile|Pressure
|turn|4
|
|t:|1757909498
|switch|p1a: Zamazenta|Zamazenta|100/100
|-ability|p1a: Zamazenta|Dauntless Shield|boost
|-boost|p1a: Zamazenta|def|1
|move|p2a: Weavile|Knock Off|p1a: Zamazenta
|-resisted|p1a: Zamazenta
|-damage|p1a: Zamazenta|79/100
|-enditem|p1a: Zamazenta|Heavy-Duty Boots|[from] move: Knock Off|[of] p2a: Weavile
|-damage|p2a: Weavile|91/100|[from] item: Life Orb
|
|-weather|Snowscape|[upkeep]
|upkeep
|turn|5
|
|t:|1757909512
|switch|p2a: Pecharunt|Pecharunt|100/100
|move|p1a: Zamazenta|Heavy Slam|p2a: Pecharunt
|-damage|p2a: Pecharunt|88/100
|
|-weather|none
|-heal|p2a: Pecharunt|94/100|[from] item: Leftovers
|upkeep
|turn|6
|
|t:|1757909521
|switch|p1a: Gholdengo|Gholdengo|85/100
|move|p2a: Pecharunt|Malignant Chain|p1a: Gholdengo
|-immune|p1a: Gholdengo
|
|-heal|p2a: Pecharunt|99/100|[from] item: Leftovers
|upkeep
|turn|7
|
|t:|1757909527
|switch|p1a: Ting-Lu|Ting-Lu|100/100
|-ability|p1a: Ting-Lu|Vessel of Ruin
|move|p2a: Pecharunt|Shadow Ball|p1a: Ting-Lu
|-resisted|p1a: Ting-Lu
|-damage|p1a: Ting-Lu|95/100
|
|-heal|p2a: Pecharunt|100/100|[from] item: Leftovers
|-heal|p1a: Ting-Lu|100/100|[from] item: Leftovers
|upkeep
|turn|8
|
|t:|1757909534
|switch|p2a: Dragonite|Dragonite, M|100/100
|move|p1a: Ting-Lu|Spikes|p2a: Dragonite
|-sidestart|p2: Metagant|Spikes
|
|upkeep
|turn|9
|
|t:|1757909538
|move|p2a: Dragonite|Dragon Dance|p2a: Dragonite
|-boost|p2a: Dragonite|atk|1
|-boost|p2a: Dragonite|spe|1
|move|p1a: Ting-Lu|Ruination|p2a: Dragonite
|-damage|p2a: Dragonite|51/100
|
|-sideend|p2: Metagant|move: Aurora Veil
|upkeep
|turn|10
|
|t:|1757909542
|move|p2a: Dragonite|Extreme Speed|p1a: Ting-Lu
|-damage|p1a: Ting-Lu|65/100
|-damage|p2a: Dragonite|41/100|[from] item: Life Orb
|move|p1a: Ting-Lu|Whirlwind|p2a: Dragonite
|drag|p2a: Weavile|Weavile, F|91/100
|-damage|p2a: Weavile|78/100|[from] Spikes
|-ability|p2a: Weavile|Pressure
|
|-heal|p1a: Ting-Lu|71/100|[from] item: Leftovers
|upkeep
|turn|11
|
|t:|1757909548
|switch|p1a: Zamazenta|Zamazenta|79/100
|move|p2a: Weavile|Fake Out|p1a: Zamazenta
|-damage|p1a: Zamazenta|61/100
|-damage|p2a: Weavile|68/100|[from] item: Life Orb
|
|upkeep
|turn|12
|
|t:|1757909555
|move|p2a: Weavile|Ice Shard|p1a: Zamazenta
|-damage|p1a: Zamazenta|35/100
|-damage|p2a: Weavile|58/100|[from] item: Life Orb
|move|p1a: Zamazenta|Crunch|p2a: Weavile
|-resisted|p2a: Weavile
|-damage|p2a: Weavile|35/100
|
|upkeep
|turn|13
|
|t:|1757909560
|move|p1a: Zamazenta|Heavy Slam|p2a: Weavile
|-supereffective|p2a: Weavile
|-damage|p2a: Weavile|0 fnt
|faint|p2a: Weavile
|
|upkeep
|
|t:|1757909569
|switch|p2a: Primarina|Primarina, F|100/100
|-damage|p2a: Primarina|88/100|[from] Spikes
|turn|14
|
|t:|1757909574
|switch|p1a: Slowking|Slowking-Galar, F|100/100
|move|p2a: Primarina|Protect||[still]
|-fail|p2a: Primarina
|
|upkeep
|turn|15
|
|t:|1757909576
|move|p2a: Primarina|Psychic Noise|p1a: Slowking
|-damage|p1a: Slowking|75/100
|-start|p1a: Slowking|move: Heal Block
|-enditem|p2a: Primarina|Throat Spray
|-boost|p2a: Primarina|spa|1|[from] item: Throat Spray
|move|p1a: Slowking|Thunder Wave|p2a: Primarina
|-status|p2a: Primarina|par
|
|upkeep
|turn|16
|
|t:|1757909586
|move|p2a: Primarina|Hyper Voice|p1a: Slowking
|-damage|p1a: Slowking|27/100
|move|p1a: Slowking|Sludge Bomb|p2a: Primarina
|-supereffective|p2a: Primarina
|-damage|p2a: Primarina|30/100 par
|
|-end|p1a: Slowking|move: Heal Block
|upkeep
|turn|17
|
|t:|1757909593
|move|p2a: Primarina|Protect|p2a: Primarina
|-singleturn|p2a: Primarina|Protect
|move|p1a: Slowking|Sludge Bomb|p2a: Primarina
|-activate|p2a: Primarina|move: Protect
|
|upkeep
|turn|18
|
|t:|1757909595
|move|p2a: Primarina|Hyper Voice|p1a: Slowking
|-damage|p1a: Slowking|0 fnt
|faint|p1a: Slowking
|
|upkeep
|
|t:|1757909602
|switch|p1a: Dragonite|Dragonite, M|100/100
|turn|19
|
|t:|1757909604
|move|p1a: Dragonite|Dragon Dance|p1a: Dragonite
|-boost|p1a: Dragonite|atk|1
|-boost|p1a: Dragonite|spe|1
|move|p2a: Primarina|Moonblast|p1a: Dragonite
|-supereffective|p1a: Dragonite
|-damage|p1a: Dragonite|21/100
|-unboost|p1a: Dragonite|spa|1
|
|upkeep
|turn|20
|
|t:|1757909609
|move|p2a: Primarina|Protect|p2a: Primarina
|-singleturn|p2a: Primarina|Protect
|move|p1a: Dragonite|Extreme Speed|p2a: Primarina
|-activate|p2a: Primarina|move: Protect
|
|upkeep
|turn|21
|
|t:|1757909612
|move|p1a: Dragonite|Extreme Speed|p2a: Primarina
|-damage|p2a: Primarina|0 fnt
|faint|p2a: Primarina
|
|upkeep
|
|t:|1757909615
|switch|p2a: Dragonite|Dragonite, M|41/100
|turn|22
|
|t:|1757909619
|move|p1a: Dragonite|Ice Spinner|p2a: Dragonite
|-supereffective|p2a: Dragonite
|-damage|p2a: Dragonite|0 fnt
|faint|p2a: Dragonite
|
|upkeep
|
|t:|1757909622
|switch|p2a: Pecharunt|Pecharunt|100/100
|-damage|p2a: Pecharunt|88/100|[from] Spikes
|turn|23
|
|t:|1757909625
|move|p1a: Dragonite|Earthquake|p2a: Pecharunt
|-supereffective|p2a: Pecharunt
|-damage|p2a: Pecharunt|15/100
|move|p2a: Pecharunt|Malignant Chain|p1a: Dragonite
|-damage|p1a: Dragonite|0 fnt
|faint|p1a: Dragonite
|
|-heal|p2a: Pecharunt|21/100|[from] item: Leftovers
|upkeep
|
|t:|1757909628
|switch|p1a: Zamazenta|Zamazenta|35/100
|turn|24
|
|t:|1757909632
|move|p1a: Zamazenta|Crunch|p2a: Pecharunt
|-supereffective|p2a: Pecharunt
|-damage|p2a: Pecharunt|0 fnt
|faint|p2a: Pecharunt
|
|upkeep
|
|t:|1757909634
|switch|p2a: Regice|Regice, shiny|100/100
|-damage|p2a: Regice|88/100|[from] Spikes
|turn|25
|
|t:|1757909646
|-terastallize|p2a: Regice|Ice
|move|p1a: Zamazenta|Close Combat|p2a: Regice
|-supereffective|p2a: Regice
|-crit|p2a: Regice
|-damage|p2a: Regice|0 fnt
|-unboost|p1a: Zamazenta|def|1
|-unboost|p1a: Zamazenta|spd|1
|faint|p2a: Regice
|
|win|Brad Bradsworth
|raw|Brad Bradsworth's rating: 1134 &rarr; <strong>1156</strong><br />(+22 for winning)
|raw|Metagant's rating: 1097 &rarr; <strong>1075</strong><br />(-22 for losing)
|l|☆Brad Bradsworth
|player|p1|
|l|☆Metagant
|player|p2|
