|j|☆sukoi 16
|j|☆Nameless Moron
|t:|1757848030
|gametype|singles
|player|p1|sukoi 16|pokekid|1045
|player|p2|Nameless Moron|unknown|1049
|gen|9
|tier|[Gen 9] OU
|rated|
|rule|HP Percentage Mod: HP is shown in percentages
|rule|Endless Battle Clause: Forcing endless battles is banned
|rule|Species Clause: Limit one of each Pokémon
|rule|OHKO Clause: OHKO moves are banned
|rule|Evasion Items Clause: Evasion items are banned
|rule|Evasion Moves Clause: Evasion moves are banned
|rule|Evasion Abilities Clause: Evasion abilities are banned
|rule|Sleep Moves Clause: Sleep-inducing moves are banned
|clearpoke
|poke|p1|Clefable, M|
|poke|p1|Glimmora, F|
|poke|p1|Iron Treads|
|poke|p1|Gholdengo|
|poke|p1|Dragapult, F|
|poke|p1|Great Tusk|
|poke|p2|Scizor, F|
|poke|p2|Ceruledge, F|
|poke|p2|Greninja-*, M|
|poke|p2|Clodsire, F|
|poke|p2|Great Tusk|
|poke|p2|Dragapult, M|
|teampreview
|inactive|Battle timer is ON: inactive players will automatically lose when time's up. (requested by Nameless Moron)
|
|t:|1757848048
|teamsize|p1|6
|teamsize|p2|6
|start
|switch|p1a: Clefable|Clefable, M|100/100
|switch|p2a: Scizor|Scizor, F|100/100
|turn|1
|
|t:|1757848061
|switch|p1a: Great Tusk|Great Tusk|100/100
|move|p2a: Scizor|Bullet Punch|p1a: Great Tusk
|-damage|p1a: Great Tusk|62/100
|
|upkeep
|turn|2
|
|t:|1757848072
|switch|p2a: Great Tusk|Great Tusk|100/100
|move|p1a: Great Tusk|Earthquake|p2a: Great Tusk
|-damage|p2a: Great Tusk|58/100
|
|-heal|p2a: Great Tusk|64/100|[from] item: Leftovers
|upkeep
|turn|3
|
|t:|1757848081
|-end|p1a: Great Tusk|Protosynthesis|[silent]
|switch|p1a: Glimmora|Glimmora, F|100/100
|-item|p1a: Glimmora|Air Balloon
|move|p2a: Great Tusk|Stealth Rock|p1a: Glimmora
|-sidestart|p1: sukoi 16|move: Stealth Rock
|
|-heal|p2a: Great Tusk|71/100|[from] item: Leftovers
|upkeep
|turn|4
|
|t:|1757848092
|move|p1a: Glimmora|Mortal Spin|p2a: Great Tusk
|-resisted|p2a: Great Tusk
|-damage|p2a: Great Tusk|69/100
|-status|p2a: Great Tusk|psn
|-sideend|p1: sukoi 16|Stealth Rock|[from] move: Mortal Spin|[of] p1a: Glimmora
|move|p2a: Great Tusk|Body Press|p1a: Glimmora
|-damage|p1a: Glimmora|44/100
|-activate|p1a: Glimmora|ability: Toxic Debris
|-sidestart|p2: Nameless Moron|move: Toxic Spikes
|-enditem|p1a: Glimmora|Air Balloon
|
|-heal|p2a: Great Tusk|75/100 psn|[from] item: Leftovers
|-damage|p2a: Great Tusk|63/100 psn|[from] psn
|upkeep
|turn|5
|
|t:|1757848108
|move|p1a: Glimmora|Energy Ball|p2a: Great Tusk
|-supereffective|p2a: Great Tusk
|-damage|p2a: Great Tusk|0 fnt
|faint|p2a: Great Tusk
|-end|p2a: Great Tusk|Protosynthesis|[silent]
|
|upkeep
|
|t:|1757848113
|switch|p2a: Clodsire|Clodsire, F|100/100
|-sideend|p2: Nameless Moron|move: Toxic Spikes|[of] p2a: Clodsire
|turn|6
|
|t:|1757848136
|switch|p1a: Dragapult|Dragapult, F|100/100
|move|p2a: Clodsire|Earthquake|p1a: Dragapult
|-damage|p1a: Dragapult|63/100
|
|upkeep
|turn|7
|
|t:|1757848152
|move|p1a: Dragapult|Dragon Darts|p2a: Clodsire
|-damage|p2a: Clodsire|75/100
|-anim|p1a: Dragapult|Dragon Darts|p2a: Clodsire
|-damage|p2a: Clodsire|48/100
|move|p2a: Clodsire|Earthquake|p1a: Dragapult
|-damage|p1a: Dragapult|28/100
|-start|p2a: Clodsire|Disable|Earthquake|[from] ability: Cursed Body|[of] p1a: Dragapult
|
|-heal|p2a: Clodsire|54/100|[from] item: Leftovers
|upkeep
|turn|8
|
|t:|1757848166
|switch|p2a: Scizor|Scizor, F|100/100
|move|p1a: Dragapult|Dragon Darts|p2a: Scizor
|-resisted|p2a: Scizor
|-damage|p2a: Scizor|86/100
|-anim|p1a: Dragapult|Dragon Darts|p2a: Scizor
|-resisted|p2a: Scizor
|-damage|p2a: Scizor|73/100
|
|upkeep
|turn|9
|
|t:|1757848179
|switch|p1a: Glimmora|Glimmora, F|44/100
|move|p2a: Scizor|Bullet Punch|p1a: Glimmora
|-supereffective|p1a: Glimmora
|-damage|p1a: Glimmora|0 fnt
|-activate|p1a: Glimmora|ability: Toxic Debris
|-sidestart|p2: Nameless Moron|move: Toxic Spikes
|faint|p1a: Glimmora
|
|upkeep
|
|t:|1757848193
|switch|p1a: Great Tusk|Great Tusk|62/100
|turn|10
|
|t:|1757848201
|-terastallize|p2a: Scizor|Steel
|move|p2a: Scizor|Bullet Punch|p1a: Great Tusk
|-damage|p1a: Great Tusk|9/100
|move|p1a: Great Tusk|Close Combat|p2a: Scizor
|-supereffective|p2a: Scizor
|-damage|p2a: Scizor|0 fnt
|-unboost|p1a: Great Tusk|def|1
|-unboost|p1a: Great Tusk|spd|1
|faint|p2a: Scizor
|
|upkeep
|
|t:|1757848215
|switch|p2a: Clodsire|Clodsire, F|54/100
|-sideend|p2: Nameless Moron|move: Toxic Spikes|[of] p2a: Clodsire
|turn|11
|
|t:|1757848223
|switch|p2a: Ceruledge|Ceruledge, F|100/100
|move|p1a: Great Tusk|Close Combat|p2a: Ceruledge
|-immune|p2a: Ceruledge
|
|upkeep
|turn|12
|
|t:|1757848249
|-end|p1a: Great Tusk|Protosynthesis|[silent]
|switch|p1a: Gholdengo|Gholdengo|100/100
|move|p2a: Ceruledge|Taunt|p1a: Gholdengo
|-immune|p1a: Gholdengo|[from] ability: Good as Gold
|
|upkeep
|turn|13
|
|t:|1757848259
|move|p1a: Gholdengo|Shadow Ball|p2a: Ceruledge
|-supereffective|p2a: Ceruledge
|-damage|p2a: Ceruledge|39/100
|move|p2a: Ceruledge|Bulk Up|p2a: Ceruledge
|-boost|p2a: Ceruledge|atk|1
|-boost|p2a: Ceruledge|def|1
|
|upkeep
|turn|14
|
|t:|1757848274
|move|p2a: Ceruledge|Shadow Sneak|p1a: Gholdengo
|-supereffective|p1a: Gholdengo
|-damage|p1a: Gholdengo|49/100
|move|p1a: Gholdengo|Shadow Ball|p2a: Ceruledge
|-supereffective|p2a: Ceruledge
|-damage|p2a: Ceruledge|0 fnt
|faint|p2a: Ceruledge
|
|upkeep
|inactive|Nameless Moron has 120 seconds left.
|
|t:|1757848286
|switch|p2a: Greninja|Greninja, M|100/100
|turn|15
|
|t:|1757848292
|switch|p1a: Clefable|Clefable, M|100/100
|move|p2a: Greninja|Hydro Pump|p1a: Clefable
|-damage|p1a: Clefable|58/100
|
|-heal|p1a: Clefable|64/100|[from] item: Leftovers
|upkeep
|turn|16
|
|t:|1757848305
|switch|p2a: Clodsire|Clodsire, F|54/100
|move|p1a: Clefable|Alluring Voice|p2a: Clodsire
|-resisted|p2a: Clodsire
|-damage|p2a: Clodsire|47/100
|
|-heal|p1a: Clefable|70/100|[from] item: Leftovers
|-heal|p2a: Clodsire|54/100|[from] item: Leftovers
|upkeep
|turn|17
|
|t:|1757848317
|move|p1a: Clefable|Stealth Rock|p2a: Clodsire
|-sidestart|p2: Nameless Moron|move: Stealth Rock
|move|p2a: Clodsire|Recover|p2a: Clodsire
|-heal|p2a: Clodsire|100/100
|
|-heal|p1a: Clefable|76/100|[from] item: Leftovers
|upkeep
|turn|18
|
|t:|1757848330
|move|p1a: Clefable|Moonlight|p1a: Clefable
|-heal|p1a: Clefable|100/100
|move|p2a: Clodsire|Toxic Spikes|p1a: Clefable
|-sidestart|p1: sukoi 16|move: Toxic Spikes
|
|upkeep
|turn|19
|
|t:|1757848339
|switch|p1a: Iron Treads|Iron Treads|100/100
|-enditem|p1a: Iron Treads|Booster Energy
|-activate|p1a: Iron Treads|ability: Quark Drive|[fromitem]
|-start|p1a: Iron Treads|quarkdrivespe
|move|p2a: Clodsire|Toxic Spikes|p1a: Iron Treads
|-sidestart|p1: sukoi 16|move: Toxic Spikes
|
|upkeep
|turn|20
|
|t:|1757848355
|switch|p2a: Dragapult|Dragapult, M|100/100
|-damage|p2a: Dragapult|88/100|[from] Stealth Rock
|-terastallize|p1a: Iron Treads|Ground
|move|p1a: Iron Treads|Earthquake|p2a: Dragapult
|-damage|p2a: Dragapult|3/100
|
|upkeep
|turn|21
|
|t:|1757848365
|move|p1a: Iron Treads|Knock Off|p2a: Dragapult
|-supereffective|p2a: Dragapult
|-damage|p2a: Dragapult|0 fnt
|-enditem|p2a: Dragapult|Choice Specs|[from] move: Knock Off|[of] p1a: Iron Treads
|faint|p2a: Dragapult
|
|upkeep
|
|t:|1757848371
|switch|p2a: Greninja|Greninja, M|100/100
|-damage|p2a: Greninja|88/100|[from] Stealth Rock
|turn|22
|
|t:|1757848376
|move|p2a: Greninja|Water Shuriken|p1a: Iron Treads
|-supereffective|p1a: Iron Treads
|-damage|p1a: Iron Treads|80/100
|-supereffective|p1a: Iron Treads
|-damage|p1a: Iron Treads|61/100
|-supereffective|p1a: Iron Treads
|-damage|p1a: Iron Treads|41/100
|-supereffective|p1a: Iron Treads
|-damage|p1a: Iron Treads|22/100
|-supereffective|p1a: Iron Treads
|-damage|p1a: Iron Treads|4/100
|-hitcount|p1a: Iron Treads|5
|move|p1a: Iron Treads|Earthquake|p2a: Greninja
|-damage|p2a: Greninja|0 fnt
|faint|p2a: Greninja
|
|upkeep
|-message|Nameless Moron forfeited.
|
|win|sukoi 16
|raw|sukoi 16's rating: 1045 &rarr; <strong>1079</strong><br />(+34 for winning)
|raw|Nameless Moron's rating: 1049 &rarr; <strong>1031</strong><br />(-18 for losing)
