|j|☆preppy dude
|j|☆MartinWolf7
|t:|1757839261
|gametype|singles
|player|p1|preppy dude|102|1180
|player|p2|MartinWolf7|backpacker|1178
|gen|9
|tier|[Gen 9] OU
|rated|
|rule|HP Percentage Mod: HP is shown in percentages
|rule|Endless Battle Clause: Forcing endless battles is banned
|rule|Species Clause: Limit one of each Pokémon
|rule|OHKO Clause: OHKO moves are banned
|rule|Evasion Items Clause: Evasion items are banned
|rule|Evasion Moves Clause: Evasion moves are banned
|rule|Evasion Abilities Clause: Evasion abilities are banned
|rule|Sleep Moves Clause: Sleep-inducing moves are banned
|clearpoke
|poke|p1|Zapdos|
|poke|p1|Golem, F|
|poke|p1|Arbok, M|
|poke|p1|Rhydon, M|
|poke|p1|Magneton|
|poke|p1|Dodrio, M|
|poke|p2|Corviknight, F|
|poke|p2|Iron Valiant|
|poke|p2|Ting-Lu|
|poke|p2|Walking Wake|
|poke|p2|Ceruledge, M|
|poke|p2|Okidogi, M|
|teampreview
|
|t:|1757839268
|teamsize|p1|6
|teamsize|p2|6
|start
|switch|p1a: Golem|Golem, F|100/100
|switch|p2a: Ceruledge|Ceruledge, M|100/100
|-item|p2a: Ceruledge|Air Balloon
|turn|1
|
|t:|1757839280
|switch|p2a: Walking Wake|Walking Wake|100/100
|move|p1a: Golem|Rock Blast|p2a: Walking Wake
|-damage|p2a: Walking Wake|84/100
|-damage|p2a: Walking Wake|70/100
|-hitcount|p2a: Walking Wake|2
|
|upkeep
|turn|2
|
|t:|1757839289
|move|p2a: Walking Wake|Scald|p1a: Golem
|-supereffective|p1a: Golem
|-ability|p1a: Golem|Sturdy
|-damage|p1a: Golem|1/100
|move|p1a: Golem|Stealth Rock|p2a: Walking Wake
|-sidestart|p2: MartinWolf7|move: Stealth Rock
|
|upkeep
|turn|3
|-enditem|p1a: Golem|Custap Berry|[eat]
|-activate|p1a: Golem|item: Custap Berry|[consumed]
|
|t:|1757839297
|move|p1a: Golem|Explosion|p2a: Walking Wake
|-damage|p2a: Walking Wake|0 fnt
|faint|p1a: Golem
|faint|p2a: Walking Wake
|-end|p2a: Walking Wake|Protosynthesis|[silent]
|
|upkeep
|
|t:|1757839307
|switch|p2a: Ceruledge|Ceruledge, M|100/100
|switch|p1a: Magneton|Magneton|100/100
|-damage|p2a: Ceruledge|76/100|[from] Stealth Rock
|-item|p2a: Ceruledge|Air Balloon
|turn|4
|
|t:|1757839315
|switch|p1a: Rhydon|Rhydon, M|100/100
|move|p2a: Ceruledge|Bitter Blade|p1a: Rhydon
|-resisted|p1a: Rhydon
|-crit|p1a: Rhydon
|-damage|p1a: Rhydon|85/100
|-heal|p2a: Ceruledge|87/100|[from] drain|[of] p1a: Rhydon
|
|upkeep
|turn|5
|
|t:|1757839324
|switch|p2a: Ting-Lu|Ting-Lu|100/100
|-damage|p2a: Ting-Lu|94/100|[from] Stealth Rock
|-ability|p2a: Ting-Lu|Vessel of Ruin
|move|p1a: Rhydon|Rock Blast|p2a: Ting-Lu
|-resisted|p2a: Ting-Lu
|-damage|p2a: Ting-Lu|91/100
|-resisted|p2a: Ting-Lu
|-damage|p2a: Ting-Lu|87/100
|-resisted|p2a: Ting-Lu
|-damage|p2a: Ting-Lu|83/100
|-resisted|p2a: Ting-Lu
|-damage|p2a: Ting-Lu|79/100
|-hitcount|p2a: Ting-Lu|4
|
|upkeep
|turn|6
|
|t:|1757839339
|switch|p1a: Arbok|Arbok, M|100/100
|-ability|p1a: Arbok|Intimidate|boost
|-unboost|p2a: Ting-Lu|atk|1
|move|p2a: Ting-Lu|Ruination|p1a: Arbok|[miss]
|-miss|p2a: Ting-Lu|p1a: Arbok
|
|upkeep
|turn|7
|
|t:|1757839347
|move|p1a: Arbok|Switcheroo|p2a: Ting-Lu
|-activate|p1a: Arbok|move: Trick|[of] p2a: Ting-Lu
|-item|p2a: Ting-Lu|Choice Scarf|[from] move: Switcheroo
|-item|p1a: Arbok|Rocky Helmet|[from] move: Switcheroo
|move|p2a: Ting-Lu|Earthquake|p1a: Arbok
|-supereffective|p1a: Arbok
|-damage|p1a: Arbok|10/100
|
|upkeep
|turn|8
|
|t:|1757839356
|switch|p2a: Corviknight|Corviknight, F|100/100
|-damage|p2a: Corviknight|88/100|[from] Stealth Rock
|move|p1a: Arbok|Protect||[still]
|-fail|p1a: Arbok
|
|upkeep
|turn|9
|
|t:|1757839364
|move|p1a: Arbok|Pain Split|p2a: Corviknight
|-sethp|p2a: Corviknight|48/100|[from] move: Pain Split|[silent]
|-sethp|p1a: Arbok|55/100|[from] move: Pain Split
|move|p2a: Corviknight|Taunt|p1a: Arbok
|-start|p1a: Arbok|move: Taunt
|
|upkeep
|turn|10
|
|t:|1757839373
|switch|p1a: Magneton|Magneton|100/100
|move|p2a: Corviknight|Brave Bird|p1a: Magneton
|-resisted|p1a: Magneton
|-damage|p1a: Magneton|75/100
|-damage|p2a: Corviknight|43/100|[from] Recoil
|-damage|p2a: Corviknight|33/100|[from] item: Life Orb
|
|upkeep
|turn|11
|
|t:|1757839382
|move|p1a: Magneton|Discharge|p2a: Corviknight
|-supereffective|p2a: Corviknight
|-damage|p2a: Corviknight|0 fnt
|faint|p2a: Corviknight
|
|upkeep
|
|t:|1757839390
|switch|p2a: Iron Valiant|Iron Valiant|100/100
|-damage|p2a: Iron Valiant|94/100|[from] Stealth Rock
|-enditem|p2a: Iron Valiant|Booster Energy
|-activate|p2a: Iron Valiant|ability: Quark Drive|[fromitem]
|-start|p2a: Iron Valiant|quarkdrivespa
|turn|12
|
|t:|1757839401
|move|p1a: Magneton|Discharge|p2a: Iron Valiant
|-damage|p2a: Iron Valiant|25/100
|move|p2a: Iron Valiant|Focus Blast|p1a: Magneton
|-supereffective|p1a: Magneton
|-damage|p1a: Magneton|0 fnt
|faint|p1a: Magneton
|
|upkeep
|
|t:|1757839409
|switch|p1a: Dodrio|Dodrio, M|100/100
|turn|13
|
|t:|1757839412
|move|p1a: Dodrio|Brave Bird|p2a: Iron Valiant
|-supereffective|p2a: Iron Valiant
|-damage|p2a: Iron Valiant|0 fnt
|faint|p2a: Iron Valiant
|-end|p2a: Iron Valiant|Quark Drive|[silent]
|-damage|p1a: Dodrio|92/100|[from] Recoil
|
|upkeep
|
|t:|1757839424
|switch|p2a: Ceruledge|Ceruledge, M|87/100
|-damage|p2a: Ceruledge|62/100|[from] Stealth Rock
|-item|p2a: Ceruledge|Air Balloon
|turn|14
|inactive|Battle timer is ON: inactive players will automatically lose when time's up. (requested by preppy dude)
|
|t:|1757839432
|switch|p1a: Rhydon|Rhydon, M|85/100
|move|p2a: Ceruledge|Bitter Blade|p1a: Rhydon
|-resisted|p1a: Rhydon
|-damage|p1a: Rhydon|74/100
|-heal|p2a: Ceruledge|70/100|[from] drain|[of] p1a: Rhydon
|
|upkeep
|turn|15
|
|t:|1757839441
|switch|p2a: Okidogi|Okidogi, M|100/100
|-damage|p2a: Okidogi|95/100|[from] Stealth Rock
|move|p1a: Rhydon|Rock Blast|p2a: Okidogi|[miss]
|-miss|p1a: Rhydon|p2a: Okidogi
|
|upkeep
|turn|16
|
|t:|1757839449
|switch|p1a: Arbok|Arbok, M|55/100
|-ability|p1a: Arbok|Intimidate|boost
|-unboost|p2a: Okidogi|atk|1
|move|p2a: Okidogi|Bulk Up|p2a: Okidogi
|-boost|p2a: Okidogi|atk|1
|-boost|p2a: Okidogi|def|1
|
|upkeep
|turn|17
|
|t:|1757839457
|move|p1a: Arbok|Pain Split|p2a: Okidogi
|-sethp|p2a: Okidogi|75/100|[from] move: Pain Split|[silent]
|-sethp|p1a: Arbok|74/100|[from] move: Pain Split
|move|p2a: Okidogi|Knock Off|p1a: Arbok
|-damage|p1a: Arbok|24/100
|-damage|p2a: Okidogi|58/100|[from] item: Rocky Helmet|[of] p1a: Arbok
|-enditem|p1a: Arbok|Rocky Helmet|[from] move: Knock Off|[of] p2a: Okidogi
|
|upkeep
|turn|18
|
|t:|1757839470
|move|p1a: Arbok|Pain Split|p2a: Okidogi
|-sethp|p2a: Okidogi|41/100|[from] move: Pain Split|[silent]
|-sethp|p1a: Arbok|41/100|[from] move: Pain Split
|move|p2a: Okidogi|Knock Off|p1a: Arbok
|-damage|p1a: Arbok|2/100
|
|upkeep
|turn|19
|
|t:|1757839478
|move|p1a: Arbok|Pain Split|p2a: Okidogi
|-sethp|p2a: Okidogi|22/100|[from] move: Pain Split|[silent]
|-sethp|p1a: Arbok|21/100|[from] move: Pain Split
|move|p2a: Okidogi|Knock Off|p1a: Arbok
|-damage|p1a: Arbok|0 fnt
|faint|p1a: Arbok
|
|upkeep
|
|t:|1757839486
|switch|p1a: Dodrio|Dodrio, M|92/100
|turn|20
|
|t:|1757839496
|move|p1a: Dodrio|Brave Bird|p2a: Okidogi
|-supereffective|p2a: Okidogi
|-damage|p2a: Okidogi|0 fnt
|faint|p2a: Okidogi
|-damage|p1a: Dodrio|83/100|[from] Recoil
|
|upkeep
|
|t:|1757839503
|switch|p2a: Ceruledge|Ceruledge, M|70/100
|-damage|p2a: Ceruledge|46/100|[from] Stealth Rock
|-item|p2a: Ceruledge|Air Balloon
|turn|21
|
|t:|1757839509
|switch|p1a: Rhydon|Rhydon, M|74/100
|move|p2a: Ceruledge|Bitter Blade|p1a: Rhydon
|-resisted|p1a: Rhydon
|-damage|p1a: Rhydon|62/100
|-heal|p2a: Ceruledge|54/100|[from] drain|[of] p1a: Rhydon
|
|upkeep
|turn|22
|
|t:|1757839517
|move|p2a: Ceruledge|Poltergeist|p1a: Rhydon
|-activate|p1a: Rhydon|move: Poltergeist|Eviolite
|-damage|p1a: Rhydon|34/100
|move|p1a: Rhydon|Rock Blast|p2a: Ceruledge
|-supereffective|p2a: Ceruledge
|-damage|p2a: Ceruledge|12/100
|-enditem|p2a: Ceruledge|Air Balloon
|-supereffective|p2a: Ceruledge
|-damage|p2a: Ceruledge|0 fnt
|faint|p2a: Ceruledge
|-hitcount|p2: Ceruledge|2
|
|upkeep
|
|t:|1757839528
|switch|p2a: Ting-Lu|Ting-Lu|79/100
|-damage|p2a: Ting-Lu|73/100|[from] Stealth Rock
|-ability|p2a: Ting-Lu|Vessel of Ruin
|turn|23
|
|t:|1757839536
|move|p2a: Ting-Lu|Ruination|p1a: Rhydon
|-damage|p1a: Rhydon|17/100
|move|p1a: Rhydon|Earthquake|p2a: Ting-Lu
|-damage|p2a: Ting-Lu|46/100
|
|upkeep
|turn|24
|
|t:|1757839543
|move|p2a: Ting-Lu|Ruination|p1a: Rhydon
|-damage|p1a: Rhydon|9/100
|move|p1a: Rhydon|Earthquake|p2a: Ting-Lu
|-damage|p2a: Ting-Lu|19/100
|
|upkeep
|turn|25
|
|t:|1757839552
|move|p2a: Ting-Lu|Ruination|p1a: Rhydon
|-damage|p1a: Rhydon|5/100
|move|p1a: Rhydon|Earthquake|p2a: Ting-Lu
|-damage|p2a: Ting-Lu|0 fnt
|faint|p2a: Ting-Lu
|
|win|preppy dude
|raw|preppy dude's rating: 1180 &rarr; <strong>1205</strong><br />(+25 for winning)
|raw|MartinWolf7's rating: 1178 &rarr; <strong>1153</strong><br />(-25 for losing)
|c|☆preppy dude|Gg
|l|☆MartinWolf7
|player|p2|
|l|☆preppy dude
|player|p1|
