|j|☆Langandil
|j|☆OG)Flamelibra
|t:|1757868851
|gametype|singles
|player|p1|Langandil|palmer|1248
|player|p2|OG)Flamelibra|169|1275
|gen|9
|tier|[Gen 9] OU
|rated|
|rule|HP Percentage Mod: HP is shown in percentages
|rule|Endless Battle Clause: Forcing endless battles is banned
|rule|Species Clause: Limit one of each Pokémon
|rule|OHKO Clause: OHKO moves are banned
|rule|Evasion Items Clause: Evasion items are banned
|rule|Evasion Moves Clause: Evasion moves are banned
|rule|Evasion Abilities Clause: Evasion abilities are banned
|rule|Sleep Moves Clause: Sleep-inducing moves are banned
|clearpoke
|poke|p1|Garchomp, M|
|poke|p1|Dragapult, M|
|poke|p1|Iron Crown|
|poke|p1|Primarina, F|
|poke|p1|Iron Moth|
|poke|p1|Weavile, M|
|poke|p2|Azelf|
|poke|p2|Glimmora, M|
|poke|p2|Skeledirge, M|
|poke|p2|Gholdengo|
|poke|p2|Landorus-Therian, M|
|poke|p2|Clodsire, F|
|teampreview
|inactive|Battle timer is ON: inactive players will automatically lose when time's up. (requested by Langandil)
|
|t:|1757868882
|teamsize|p1|6
|teamsize|p2|6
|start
|switch|p1a: Garchomp|Garchomp, M|100/100
|switch|p2a: Glimmora|Glimmora, M|100/100
|turn|1
|
|t:|1757868888
|move|p2a: Glimmora|Stealth Rock|p1a: Garchomp
|-sidestart|p1: Langandil|move: Stealth Rock
|move|p1a: Garchomp|Earthquake|p2a: Glimmora
|-supereffective|p2a: Glimmora
|-enditem|p2a: Glimmora|Focus Sash
|-damage|p2a: Glimmora|1/100
|-activate|p2a: Glimmora|ability: Toxic Debris
|-sidestart|p1: Langandil|move: Toxic Spikes
|
|upkeep
|turn|2
|
|t:|1757868908
|switch|p2a: Landorus|Landorus-Therian, M|100/100
|-ability|p2a: Landorus|Intimidate|boost
|-unboost|p1a: Garchomp|atk|1
|move|p1a: Garchomp|Stealth Rock|p2a: Landorus
|-sidestart|p2: OG)Flamelibra|move: Stealth Rock
|
|upkeep
|turn|3
|
|t:|1757868916
|move|p2a: Landorus|Earthquake|p1a: Garchomp
|-damage|p1a: Garchomp|73/100
|move|p1a: Garchomp|Dragon Tail|p2a: Landorus|[miss]
|-miss|p1a: Garchomp|p2a: Landorus
|
|upkeep
|turn|4
|
|t:|1757868927
|switch|p2a: Glimmora|Glimmora, M|1/100
|-damage|p2a: Glimmora|0 fnt|[from] Stealth Rock
|faint|p2a: Glimmora
|move|p1a: Garchomp|Dragon Tail|p2: Glimmora|[notarget]
|-fail|p1a: Garchomp
|
|upkeep
|
|t:|1757868938
|switch|p2a: Azelf|Azelf|100/100
|-damage|p2a: Azelf|88/100|[from] Stealth Rock
|turn|5
|
|t:|1757868944
|move|p2a: Azelf|Explosion|p1a: Garchomp
|-damage|p1a: Garchomp|25/100
|faint|p2a: Azelf
|move|p1a: Garchomp|Dragon Tail|p2: Azelf|[notarget]
|-fail|p1a: Garchomp
|
|upkeep
|
|t:|1757868952
|switch|p2a: Landorus|Landorus-Therian, M|100/100
|-damage|p2a: Landorus|88/100|[from] Stealth Rock
|-ability|p2a: Landorus|Intimidate|boost
|-unboost|p1a: Garchomp|atk|1
|turn|6
|
|t:|1757868960
|move|p2a: Landorus|Earthquake|p1a: Garchomp
|-damage|p1a: Garchomp|0 fnt
|faint|p1a: Garchomp
|
|upkeep
|
|t:|1757868965
|switch|p1a: Weavile|Weavile, M|100/100
|-ability|p1a: Weavile|Pressure
|turn|7
|
|t:|1757868975
|switch|p2a: Skeledirge|Skeledirge, M|100/100
|move|p1a: Weavile|Swords Dance|p1a: Weavile
|-boost|p1a: Weavile|atk|2
|
|upkeep
|turn|8
|
|t:|1757868986
|-terastallize|p2a: Skeledirge|Water
|move|p1a: Weavile|Knock Off|p2a: Skeledirge
|-damage|p2a: Skeledirge|62/100
|-enditem|p2a: Skeledirge|Heavy-Duty Boots|[from] move: Knock Off|[of] p1a: Weavile
|move|p2a: Skeledirge|Will-O-Wisp|p1a: Weavile
|-status|p1a: Weavile|brn
|
|-damage|p1a: Weavile|94/100 brn|[from] brn
|upkeep
|turn|9
|
|t:|1757869003
|move|p1a: Weavile|Triple Axel|p2a: Skeledirge
|-resisted|p2a: Skeledirge
|-damage|p2a: Skeledirge|60/100
|-resisted|p2a: Skeledirge
|-damage|p2a: Skeledirge|57/100
|-resisted|p2a: Skeledirge
|-damage|p2a: Skeledirge|50/100
|-hitcount|p2a: Skeledirge|3
|move|p2a: Skeledirge|Torch Song|p1a: Weavile
|-supereffective|p1a: Weavile
|-damage|p1a: Weavile|9/100 brn
|-boost|p2a: Skeledirge|spa|1
|
|-damage|p1a: Weavile|3/100 brn|[from] brn
|upkeep
|turn|10
|
|t:|1757869015
|move|p1a: Weavile|Knock Off|p2a: Skeledirge
|-damage|p2a: Skeledirge|37/100
|move|p2a: Skeledirge|Slack Off|p2a: Skeledirge
|-heal|p2a: Skeledirge|87/100
|
|-damage|p1a: Weavile|0 fnt|[from] brn
|faint|p1a: Weavile
|upkeep
|
|t:|1757869028
|switch|p1a: Iron Crown|Iron Crown|100/100
|-damage|p1a: Iron Crown|94/100|[from] Stealth Rock
|turn|11
|
|t:|1757869035
|move|p1a: Iron Crown|Volt Switch|p2a: Skeledirge
|-supereffective|p2a: Skeledirge
|-damage|p2a: Skeledirge|29/100
|
|t:|1757869040
|-end|p1a: Iron Crown|Quark Drive|[silent]
|switch|p1a: Dragapult|Dragapult, M|100/100|[from] Volt Switch
|-damage|p1a: Dragapult|88/100|[from] Stealth Rock
|-status|p1a: Dragapult|psn
|move|p2a: Skeledirge|Will-O-Wisp||[still]
|-fail|p2a: Skeledirge
|
|-damage|p1a: Dragapult|76/100 psn|[from] psn
|upkeep
|turn|12
|
|t:|1757869054
|move|p1a: Dragapult|Dragon Darts|p2a: Skeledirge
|-damage|p2a: Skeledirge|0 fnt
|faint|p2a: Skeledirge
|
|-damage|p1a: Dragapult|64/100 psn|[from] psn
|upkeep
|
|t:|1757869065
|switch|p2a: Gholdengo|Gholdengo|100/100
|-damage|p2a: Gholdengo|94/100|[from] Stealth Rock
|turn|13
|
|t:|1757869070
|switch|p1a: Iron Crown|Iron Crown|94/100
|-damage|p1a: Iron Crown|88/100|[from] Stealth Rock
|move|p2a: Gholdengo|Shadow Ball|p1a: Iron Crown
|-supereffective|p1a: Iron Crown
|-damage|p1a: Iron Crown|2/100
|-unboost|p1a: Iron Crown|spd|1
|
|upkeep
|turn|14
|
|t:|1757869079
|move|p2a: Gholdengo|Shadow Ball|p1a: Iron Crown
|-supereffective|p1a: Iron Crown
|-damage|p1a: Iron Crown|0 fnt
|faint|p1a: Iron Crown
|-end|p1a: Iron Crown|Quark Drive|[silent]
|
|upkeep
|
|t:|1757869081
|switch|p1a: Iron Moth|Iron Moth|100/100
|-damage|p1a: Iron Moth|76/100|[from] Stealth Rock
|-sideend|p1: Langandil|move: Toxic Spikes|[of] p1a: Iron Moth
|-enditem|p1a: Iron Moth|Booster Energy
|-activate|p1a: Iron Moth|ability: Quark Drive|[fromitem]
|-start|p1a: Iron Moth|quarkdrivespe
|turn|15
|
|t:|1757869102
|switch|p2a: Clodsire|Clodsire, F|100/100
|move|p1a: Iron Moth|Substitute|p1a: Iron Moth
|-start|p1a: Iron Moth|Substitute
|-damage|p1a: Iron Moth|51/100
|
|upkeep
|turn|16
|
|t:|1757869109
|move|p1a: Iron Moth|Fiery Dance|p2a: Clodsire
|-damage|p2a: Clodsire|74/100
|move|p2a: Clodsire|Earthquake|p1a: Iron Moth
|-supereffective|p1a: Iron Moth
|-end|p1a: Iron Moth|Substitute
|
|upkeep
|turn|17
|
|t:|1757869122
|move|p1a: Iron Moth|Fiery Dance|p2a: Clodsire
|-crit|p2a: Clodsire
|-damage|p2a: Clodsire|38/100
|move|p2a: Clodsire|Earthquake|p1a: Iron Moth
|-supereffective|p1a: Iron Moth
|-damage|p1a: Iron Moth|0 fnt
|faint|p1a: Iron Moth
|-end|p1a: Iron Moth|Quark Drive|[silent]
|
|upkeep
|
|t:|1757869125
|switch|p1a: Dragapult|Dragapult, M|64/100 psn
|-damage|p1a: Dragapult|51/100 psn|[from] Stealth Rock
|turn|18
|
|t:|1757869133
|switch|p2a: Landorus|Landorus-Therian, M|88/100
|-damage|p2a: Landorus|76/100|[from] Stealth Rock
|-ability|p2a: Landorus|Intimidate|boost
|-unboost|p1a: Dragapult|atk|1
|move|p1a: Dragapult|Phantom Force||[still]
|-prepare|p1a: Dragapult|Phantom Force
|
|-damage|p1a: Dragapult|39/100 psn|[from] psn
|upkeep
|turn|19
|
|t:|1757869145
|move|p1a: Dragapult|Phantom Force|p2a: Landorus|[from] lockedmove
|-damage|p2a: Landorus|33/100
|-damage|p1a: Dragapult|23/100 psn|[from] item: Rocky Helmet|[of] p2a: Landorus
|move|p2a: Landorus|U-turn|p1a: Dragapult
|-resisted|p1a: Dragapult
|-damage|p1a: Dragapult|6/100 psn
|
|t:|1757869154
|switch|p2a: Clodsire|Clodsire, F|38/100|[from] U-turn
|
|-damage|p1a: Dragapult|0 fnt|[from] psn
|faint|p1a: Dragapult
|upkeep
|
|t:|1757869158
|switch|p1a: Primarina|Primarina, F|100/100
|-damage|p1a: Primarina|88/100|[from] Stealth Rock
|turn|20
|
|t:|1757869165
|move|p1a: Primarina|Substitute|p1a: Primarina
|-start|p1a: Primarina|Substitute
|-damage|p1a: Primarina|63/100
|move|p2a: Clodsire|Recover|p2a: Clodsire
|-heal|p2a: Clodsire|88/100
|
|-heal|p1a: Primarina|69/100|[from] item: Leftovers
|upkeep
|turn|21
|
|t:|1757869172
|move|p1a: Primarina|Calm Mind|p1a: Primarina
|-boost|p1a: Primarina|spa|1
|-boost|p1a: Primarina|spd|1
|move|p2a: Clodsire|Earthquake|p1a: Primarina
|-end|p1a: Primarina|Substitute
|
|-heal|p1a: Primarina|76/100|[from] item: Leftovers
|upkeep
|turn|22
|
|t:|1757869181
|switch|p2a: Gholdengo|Gholdengo|94/100
|-damage|p2a: Gholdengo|88/100|[from] Stealth Rock
|move|p1a: Primarina|Surf|p2a: Gholdengo
|-damage|p2a: Gholdengo|9/100
|
|-heal|p1a: Primarina|82/100|[from] item: Leftovers
|upkeep
|turn|23
|
|t:|1757869190
|-terastallize|p1a: Primarina|Steel
|move|p2a: Gholdengo|Trick|p1a: Primarina
|-activate|p2a: Gholdengo|move: Trick|[of] p1a: Primarina
|-item|p1a: Primarina|Choice Scarf|[from] move: Trick
|-item|p2a: Gholdengo|Leftovers|[from] move: Trick
|move|p1a: Primarina|Calm Mind|p1a: Primarina
|-boost|p1a: Primarina|spa|1
|-boost|p1a: Primarina|spd|1
|
|-heal|p2a: Gholdengo|15/100|[from] item: Leftovers
|upkeep
|turn|24
|-message|Langandil forfeited.
|
|win|OG)Flamelibra
|raw|Langandil's rating: 1248 &rarr; <strong>1225</strong><br />(-23 for losing)
|raw|OG)Flamelibra's rating: 1275 &rarr; <strong>1298</strong><br />(+23 for winning)
|l|☆Langandil
|player|p1|
|c|☆OG)Flamelibra|gg
