|j|☆Trmikel401
|j|‽SirPops
|t:|1757901556
|gametype|singles
|player|p1|Trmikel401|1|1163
|player|p2|SirPops|red|1112
|gen|9
|tier|[Gen 9] OU
|rated|
|rule|HP Percentage Mod: HP is shown in percentages
|rule|Endless Battle Clause: Forcing endless battles is banned
|rule|Species Clause: Limit one of each Pokémon
|rule|OHKO Clause: OHKO moves are banned
|rule|Evasion Items Clause: Evasion items are banned
|rule|Evasion Moves Clause: Evasion moves are banned
|rule|Evasion Abilities Clause: Evasion abilities are banned
|rule|Sleep Moves Clause: Sleep-inducing moves are banned
|clearpoke
|poke|p1|Serperior, F|
|poke|p1|Incineroar, M|
|poke|p1|Milotic, M|
|poke|p1|Ursaluna, M|
|poke|p1|Corviknight, F|
|poke|p1|Dragapult, F|
|poke|p2|Snorlax, M|
|poke|p2|Masquerain, M|
|poke|p2|Rotom-Frost|
|poke|p2|Weezing-Galar, F|
|poke|p2|Honchkrow, M|
|poke|p2|Sawsbuck-Autumn, M|
|teampreview
|
|t:|1757901569
|teamsize|p1|6
|teamsize|p2|6
|start
|switch|p1a: Milotic|Milotic, M|100/100
|switch|p2a: Masquerain|Masquerain, M|100/100
|-ability|p2a: Masquerain|Intimidate|boost
|-unboost|p1a: Milotic|atk|1
|turn|1
|
|t:|1757901607
|move|p2a: Masquerain|Quiver Dance|p2a: Masquerain
|-boost|p2a: Masquerain|spa|1
|-boost|p2a: Masquerain|spd|1
|-boost|p2a: Masquerain|spe|1
|move|p1a: Milotic|Muddy Water|p2a: Masquerain
|-damage|p2a: Masquerain|72/100
|-unboost|p2a: Masquerain|accuracy|1
|
|-status|p1a: Milotic|brn|[from] item: Flame Orb
|upkeep
|turn|2
|
|t:|1757901620
|switch|p1a: Corviknight|Corviknight, F|100/100
|move|p2a: Masquerain|Quiver Dance|p2a: Masquerain
|-boost|p2a: Masquerain|spa|1
|-boost|p2a: Masquerain|spd|1
|-boost|p2a: Masquerain|spe|1
|
|upkeep
|turn|3
|
|t:|1757901628
|move|p2a: Masquerain|Surf|p1a: Corviknight
|-damage|p1a: Corviknight|53/100
|move|p1a: Corviknight|Brave Bird|p2a: Masquerain
|-supereffective|p2a: Masquerain
|-damage|p2a: Masquerain|0 fnt
|faint|p2a: Masquerain
|-damage|p1a: Corviknight|36/100|[from] Recoil
|
|upkeep
|
|t:|1757901637
|switch|p2a: Rotom|Rotom-Frost|100/100
|turn|4
|
|t:|1757901640
|move|p2a: Rotom|Thunder|p1a: Corviknight
|-supereffective|p1a: Corviknight
|-damage|p1a: Corviknight|0 fnt
|faint|p1a: Corviknight
|
|upkeep
|
|t:|1757901648
|switch|p1a: Incineroar|Incineroar, M|100/100
|-ability|p1a: Incineroar|Intimidate|boost
|-unboost|p2a: Rotom|atk|1
|turn|5
|
|t:|1757901658
|switch|p2a: Weezing|Weezing-Galar, F|100/100
|move|p1a: Incineroar|Flare Blitz|p2a: Weezing
|-damage|p2a: Weezing|46/100
|-enditem|p2a: Weezing|Sitrus Berry|[eat]
|-heal|p2a: Weezing|71/100|[from] item: Sitrus Berry
|-damage|p1a: Incineroar|87/100|[from] Recoil
|
|upkeep
|turn|6
|
|t:|1757901679
|move|p2a: Weezing|Toxic|p1a: Incineroar
|-status|p1a: Incineroar|tox
|move|p1a: Incineroar|Parting Shot|p2a: Weezing
|-unboost|p2a: Weezing|atk|1
|-unboost|p2a: Weezing|spa|1
|
|t:|1757901695
|switch|p1a: Dragapult|Dragapult, F|100/100|[from] Parting Shot
|
|upkeep
|turn|7
|
|t:|1757901702
|move|p1a: Dragapult|Psychic Fangs|p2a: Weezing
|-supereffective|p2a: Weezing
|-damage|p2a: Weezing|0 fnt
|faint|p2a: Weezing
|-damage|p1a: Dragapult|91/100|[from] item: Life Orb
|
|upkeep
|
|t:|1757901707
|switch|p2a: Honchkrow|Honchkrow, M|100/100
|turn|8
|
|t:|1757901714
|switch|p1a: Incineroar|Incineroar, M|87/100 tox
|-ability|p1a: Incineroar|Intimidate|boost
|-unboost|p2a: Honchkrow|atk|1
|move|p2a: Honchkrow|Night Slash|p1a: Incineroar
|-resisted|p1a: Incineroar
|-crit|p1a: Incineroar
|-damage|p1a: Incineroar|61/100 tox
|
|-damage|p1a: Incineroar|55/100 tox|[from] psn
|upkeep
|turn|9
|
|t:|1757901728
|move|p2a: Honchkrow|Drill Peck|p1a: Incineroar
|-damage|p1a: Incineroar|29/100 tox
|move|p1a: Incineroar|Parting Shot|p2a: Honchkrow
|-unboost|p2a: Honchkrow|atk|1
|-unboost|p2a: Honchkrow|spa|1
|
|t:|1757901737
|switch|p1a: Ursaluna|Ursaluna, M|100/100|[from] Parting Shot
|
|upkeep
|turn|10
|
|t:|1757901765
|move|p2a: Honchkrow|Perish Song|p2a: Honchkrow
|-start|p1a: Ursaluna|perish3|[silent]
|-start|p2a: Honchkrow|perish3|[silent]
|-fieldactivate|move: Perish Song
|move|p1a: Ursaluna|Stone Edge|p2a: Honchkrow
|-supereffective|p2a: Honchkrow
|-damage|p2a: Honchkrow|7/100
|
|-start|p2a: Honchkrow|perish3
|-start|p1a: Ursaluna|perish3
|upkeep
|turn|11
|
|t:|1757901774
|move|p2a: Honchkrow|Sucker Punch|p1a: Ursaluna
|-crit|p1a: Ursaluna
|-damage|p1a: Ursaluna|67/100
|move|p1a: Ursaluna|Trailblaze|p2a: Honchkrow
|-resisted|p2a: Honchkrow
|-crit|p2a: Honchkrow
|-damage|p2a: Honchkrow|0 fnt
|-boost|p1a: Ursaluna|spe|1
|faint|p2a: Honchkrow
|
|-start|p1a: Ursaluna|perish2
|upkeep
|inactive|Battle timer is ON: inactive players will automatically lose when time's up. (requested by Trmikel401)
|
|t:|1757901825
|switch|p2a: Snorlax|Snorlax, M|100/100
|turn|12
|
|t:|1757901830
|move|p1a: Ursaluna|Drain Punch|p2a: Snorlax
|-supereffective|p2a: Snorlax
|-damage|p2a: Snorlax|59/100
|-heal|p1a: Ursaluna|89/100|[from] drain|[of] p2a: Snorlax
|move|p2a: Snorlax|Curse|p2a: Snorlax
|-unboost|p2a: Snorlax|spe|1
|-boost|p2a: Snorlax|atk|1
|-boost|p2a: Snorlax|def|1
|
|-heal|p2a: Snorlax|65/100|[from] item: Leftovers
|-start|p1a: Ursaluna|perish1
|upkeep
|turn|13
|
|t:|1757901845
|switch|p1a: Incineroar|Incineroar, M|29/100 tox
|-ability|p1a: Incineroar|Intimidate|boost
|-unboost|p2a: Snorlax|atk|1
|move|p2a: Snorlax|Curse|p2a: Snorlax
|-unboost|p2a: Snorlax|spe|1
|-boost|p2a: Snorlax|atk|1
|-boost|p2a: Snorlax|def|1
|
|-heal|p2a: Snorlax|71/100|[from] item: Leftovers
|-damage|p1a: Incineroar|23/100 tox|[from] psn
|upkeep
|turn|14
|
|t:|1757901856
|move|p1a: Incineroar|Parting Shot|p2a: Snorlax
|-unboost|p2a: Snorlax|atk|1
|-unboost|p2a: Snorlax|spa|1
|
|t:|1757901860
|switch|p1a: Serperior|Serperior, F|100/100|[from] Parting Shot
|move|p2a: Snorlax|Curse|p2a: Snorlax
|-unboost|p2a: Snorlax|spe|1
|-boost|p2a: Snorlax|atk|1
|-boost|p2a: Snorlax|def|1
|
|-heal|p2a: Snorlax|78/100|[from] item: Leftovers
|upkeep
|turn|15
|inactive|SirPops has 120 seconds left.
|
|t:|1757901892
|move|p1a: Serperior|Glare|p2a: Snorlax
|-status|p2a: Snorlax|par
|cant|p2a: Snorlax|par
|
|-heal|p2a: Snorlax|84/100 par|[from] item: Leftovers
|upkeep
|turn|16
|
|t:|1757901901
|switch|p1a: Incineroar|Incineroar, M|23/100 tox
|-ability|p1a: Incineroar|Intimidate|boost
|-unboost|p2a: Snorlax|atk|1
|move|p2a: Snorlax|Body Slam|p1a: Incineroar
|-damage|p1a: Incineroar|0 fnt
|faint|p1a: Incineroar
|
|-heal|p2a: Snorlax|90/100 par|[from] item: Leftovers
|upkeep
|
|t:|1757901913
|switch|p1a: Dragapult|Dragapult, F|91/100
|turn|17
|
|t:|1757901916
|move|p1a: Dragapult|Dragon Dance|p1a: Dragapult
|-boost|p1a: Dragapult|atk|1
|-boost|p1a: Dragapult|spe|1
|move|p2a: Snorlax|Ice Punch|p1a: Dragapult
|-supereffective|p1a: Dragapult
|-damage|p1a: Dragapult|42/100
|
|-heal|p2a: Snorlax|96/100 par|[from] item: Leftovers
|upkeep
|turn|18
|
|t:|1757901927
|move|p1a: Dragapult|Dragon Darts|p2a: Snorlax
|-damage|p2a: Snorlax|80/100 par
|-anim|p1a: Dragapult|Dragon Darts|p2a: Snorlax
|-damage|p2a: Snorlax|66/100 par
|-damage|p1a: Dragapult|32/100|[from] item: Life Orb
|cant|p2a: Snorlax|par
|
|-heal|p2a: Snorlax|72/100 par|[from] item: Leftovers
|upkeep
|turn|19
|inactive|SirPops has 120 seconds left.
|
|t:|1757901965
|move|p1a: Dragapult|Dragon Darts|p2a: Snorlax
|-damage|p2a: Snorlax|56/100 par
|-anim|p1a: Dragapult|Dragon Darts|p2a: Snorlax
|-damage|p2a: Snorlax|41/100 par
|-damage|p1a: Dragapult|22/100|[from] item: Life Orb
|move|p2a: Snorlax|Ice Punch|p1a: Dragapult
|-supereffective|p1a: Dragapult
|-damage|p1a: Dragapult|0 fnt
|faint|p1a: Dragapult
|
|-heal|p2a: Snorlax|47/100 par|[from] item: Leftovers
|upkeep
|
|t:|1757901987
|switch|p1a: Serperior|Serperior, F|100/100
|turn|20
|inactive|SirPops has 120 seconds left.
|
|t:|1757902000
|move|p1a: Serperior|Substitute|p1a: Serperior
|-start|p1a: Serperior|Substitute
|-damage|p1a: Serperior|75/100
|move|p2a: Snorlax|Body Slam|p1a: Serperior
|-end|p1a: Serperior|Substitute
|
|-heal|p1a: Serperior|82/100|[from] item: Leftovers
|-heal|p2a: Snorlax|53/100 par|[from] item: Leftovers
|upkeep
|turn|21
|
|t:|1757902008
|move|p1a: Serperior|Substitute|p1a: Serperior
|-start|p1a: Serperior|Substitute
|-damage|p1a: Serperior|57/100
|move|p2a: Snorlax|Body Slam|p1a: Serperior
|-end|p1a: Serperior|Substitute
|
|-heal|p1a: Serperior|63/100|[from] item: Leftovers
|-heal|p2a: Snorlax|59/100 par|[from] item: Leftovers
|upkeep
|turn|22
|
|t:|1757902015
|move|p1a: Serperior|Substitute|p1a: Serperior
|-start|p1a: Serperior|Substitute
|-damage|p1a: Serperior|38/100
|move|p2a: Snorlax|Body Slam|p1a: Serperior
|-end|p1a: Serperior|Substitute
|
|-heal|p1a: Serperior|44/100|[from] item: Leftovers
|-heal|p2a: Snorlax|65/100 par|[from] item: Leftovers
|upkeep
|turn|23
|
|t:|1757902022
|move|p1a: Serperior|Substitute|p1a: Serperior
|-start|p1a: Serperior|Substitute
|-damage|p1a: Serperior|19/100
|move|p2a: Snorlax|Body Slam|p1a: Serperior
|-end|p1a: Serperior|Substitute
|
|-heal|p1a: Serperior|25/100|[from] item: Leftovers
|-heal|p2a: Snorlax|71/100 par|[from] item: Leftovers
|upkeep
|turn|24
|
|t:|1757902035
|move|p1a: Serperior|Leaf Storm|p2a: Snorlax
|-damage|p2a: Snorlax|46/100 par
|-boost|p1a: Serperior|spa|2
|move|p2a: Snorlax|Body Slam|p1a: Serperior
|-damage|p1a: Serperior|0 fnt
|faint|p1a: Serperior
|
|-heal|p2a: Snorlax|52/100 par|[from] item: Leftovers
|upkeep
|
|t:|1757902047
|switch|p1a: Milotic|Milotic, M|100/100 brn
|turn|25
|
|t:|1757902052
|move|p1a: Milotic|Muddy Water|p2a: Snorlax
|-damage|p2a: Snorlax|35/100 par
|move|p2a: Snorlax|Curse|p2a: Snorlax
|-unboost|p2a: Snorlax|spe|1
|-boost|p2a: Snorlax|atk|1
|-boost|p2a: Snorlax|def|1
|
|-heal|p2a: Snorlax|41/100 par|[from] item: Leftovers
|-damage|p1a: Milotic|94/100 brn|[from] brn
|upkeep
|turn|26
|
|t:|1757902062
|move|p1a: Milotic|Muddy Water|p2a: Snorlax
|-damage|p2a: Snorlax|25/100 par
|move|p2a: Snorlax|Body Slam|p1a: Milotic
|-damage|p1a: Milotic|65/100 brn
|
|-heal|p2a: Snorlax|31/100 par|[from] item: Leftovers
|-damage|p1a: Milotic|59/100 brn|[from] brn
|upkeep
|turn|27
|
|t:|1757902070
|move|p1a: Milotic|Muddy Water|p2a: Snorlax
|-crit|p2a: Snorlax
|-damage|p2a: Snorlax|4/100 par
|cant|p2a: Snorlax|par
|
|-heal|p2a: Snorlax|10/100 par|[from] item: Leftovers
|-damage|p1a: Milotic|53/100 brn|[from] brn
|upkeep
|turn|28
|
|t:|1757902077
|move|p1a: Milotic|Muddy Water|p2a: Snorlax
|-damage|p2a: Snorlax|0 fnt
|faint|p2a: Snorlax
|
|-damage|p1a: Milotic|47/100 brn|[from] brn
|upkeep
|
|t:|1757902085
|switch|p2a: Rotom|Rotom-Frost|100/100
|turn|29
|
|t:|1757902089
|move|p1a: Milotic|Protect|p1a: Milotic
|-singleturn|p1a: Milotic|Protect
|move|p2a: Rotom|Thunder|p1a: Milotic
|-activate|p1a: Milotic|move: Protect
|
|-damage|p1a: Milotic|41/100 brn|[from] brn
|upkeep
|turn|30
|
|t:|1757902096
|move|p2a: Rotom|Thunder|p1a: Milotic
|-supereffective|p1a: Milotic
|-damage|p1a: Milotic|0 fnt
|faint|p1a: Milotic
|
|upkeep
|
|t:|1757902101
|switch|p1a: Ursaluna|Ursaluna, M|89/100
|turn|31
|
|t:|1757902110
|-terastallize|p2a: Rotom|Ghost
|-terastallize|p1a: Ursaluna|Ghost
|move|p2a: Rotom|Blizzard|p1a: Ursaluna
|-damage|p1a: Ursaluna|64/100
|move|p1a: Ursaluna|Trailblaze|p2a: Rotom
|-damage|p2a: Rotom|82/100
|-boost|p1a: Ursaluna|spe|1
|
|upkeep
|turn|32
|
|t:|1757902121
|move|p2a: Rotom|Hex|p1a: Ursaluna
|-supereffective|p1a: Ursaluna
|-damage|p1a: Ursaluna|36/100
|move|p1a: Ursaluna|Stone Edge|p2a: Rotom
|-damage|p2a: Rotom|46/100
|
|upkeep
|turn|33
|
|t:|1757902131
|move|p2a: Rotom|Hex|p1a: Ursaluna
|-supereffective|p1a: Ursaluna
|-damage|p1a: Ursaluna|3/100
|move|p1a: Ursaluna|Stone Edge|p2a: Rotom
|-damage|p2a: Rotom|4/100
|
|upkeep
|turn|34
|
|t:|1757902137
|move|p2a: Rotom|Hex|p1a: Ursaluna
|-supereffective|p1a: Ursaluna
|-damage|p1a: Ursaluna|0 fnt
|faint|p1a: Ursaluna
|
|win|SirPops
|raw|Trmikel401's rating: 1163 &rarr; <strong>1134</strong><br />(-29 for losing)
|raw|SirPops's rating: 1110 &rarr; <strong>1139</strong><br />(+29 for winning)
|l|‽SirPops
|player|p2|
|l|☆Trmikel401
|player|p1|
