|j|☆homtoums
|j|☆Vive7g
|t:|1757827486
|gametype|singles
|player|p1|homtoums|265|1244
|player|p2|Vive7g|265|1232
|gen|9
|tier|[Gen 9] OU
|rated|
|rule|HP Percentage Mod: HP is shown in percentages
|rule|Endless Battle Clause: Forcing endless battles is banned
|rule|Species Clause: Limit one of each Pokémon
|rule|OHKO Clause: OHKO moves are banned
|rule|Evasion Items Clause: Evasion items are banned
|rule|Evasion Moves Clause: Evasion moves are banned
|rule|Evasion Abilities Clause: Evasion abilities are banned
|rule|Sleep Moves Clause: Sleep-inducing moves are banned
|clearpoke
|poke|p1|Ceruledge, M|
|poke|p1|Dragapult, M|
|poke|p1|Landorus-Therian, M|
|poke|p1|Scizor, M|
|poke|p1|Greninja-*, F|
|poke|p1|Raging Bolt|
|poke|p2|Medicham, F|
|poke|p2|Gholdengo|
|poke|p2|Great Tusk|
|poke|p2|Iron Valiant|
|poke|p2|Garganacl, M|
|poke|p2|Dragonite, M|
|teampreview
|
|t:|1757827495
|teamsize|p1|6
|teamsize|p2|6
|start
|switch|p1a: Landorus|Landorus-Therian, M, shiny|100/100
|switch|p2a: Garganacl|Garganacl, M|100/100
|-ability|p1a: Landorus|Intimidate|boost
|-unboost|p2a: Garganacl|atk|1
|turn|1
|inactive|Battle timer is ON: inactive players will automatically lose when time's up. (requested by homtoums)
|
|t:|1757827500
|move|p1a: Landorus|Stealth Rock|p2a: Garganacl
|-sidestart|p2: Vive7g|move: Stealth Rock
|move|p2a: Garganacl|Stealth Rock|p1a: Landorus
|-sidestart|p1: homtoums|move: Stealth Rock
|
|upkeep
|turn|2
|
|t:|1757827503
|move|p1a: Landorus|Earth Power|p2a: Garganacl
|-supereffective|p2a: Garganacl
|-damage|p2a: Garganacl|37/100
|move|p2a: Garganacl|Explosion|p1a: Landorus
|-damage|p1a: Landorus|76/100
|faint|p2a: Garganacl
|
|upkeep
|
|t:|1757827513
|switch|p2a: Medicham|Medicham, F, shiny|100/100
|-damage|p2a: Medicham|94/100|[from] Stealth Rock
|turn|3
|
|t:|1757827518
|move|p2a: Medicham|Ice Punch|p1a: Landorus
|-supereffective|p1a: Landorus
|-damage|p1a: Landorus|0 fnt
|-damage|p2a: Medicham|78/100|[from] item: Rocky Helmet|[of] p1a: Landorus
|faint|p1a: Landorus
|
|upkeep
|
|t:|1757827527
|switch|p1a: Dragapult|Dragapult, M, shiny|100/100
|-damage|p1a: Dragapult|88/100|[from] Stealth Rock
|turn|4
|
|t:|1757827536
|move|p2a: Medicham|Ice Punch|p1a: Dragapult
|-supereffective|p1a: Dragapult
|-damage|p1a: Dragapult|0 fnt
|faint|p1a: Dragapult
|
|upkeep
|
|t:|1757827540
|switch|p1a: Ceruledge|Ceruledge, M, shiny|100/100
|-damage|p1a: Ceruledge|76/100|[from] Stealth Rock
|turn|5
|
|t:|1757827545
|switch|p2a: Great Tusk|Great Tusk|100/100
|-damage|p2a: Great Tusk|98/100|[from] Stealth Rock
|-enditem|p2a: Great Tusk|Booster Energy
|-activate|p2a: Great Tusk|ability: Protosynthesis|[fromitem]
|-start|p2a: Great Tusk|protosynthesisspe
|move|p1a: Ceruledge|Swords Dance|p1a: Ceruledge
|-boost|p1a: Ceruledge|atk|2
|
|upkeep
|turn|6
|
|t:|1757827554
|-terastallize|p1a: Ceruledge|Ghost
|move|p2a: Great Tusk|Knock Off|p1a: Ceruledge
|-supereffective|p1a: Ceruledge
|-damage|p1a: Ceruledge|0 fnt
|-enditem|p1a: Ceruledge|Focus Sash|[from] move: Knock Off|[of] p2a: Great Tusk
|faint|p1a: Ceruledge
|
|upkeep
|
|t:|1757827559
|switch|p1a: Greninja|Greninja, F, shiny|100/100
|-damage|p1a: Greninja|88/100|[from] Stealth Rock
|turn|7
|
|t:|1757827570
|move|p1a: Greninja|Hydro Pump|p2a: Great Tusk
|-start|p1a: Greninja|typechange|Water|[from] ability: Protean
|-supereffective|p2a: Great Tusk
|-damage|p2a: Great Tusk|0 fnt
|faint|p2a: Great Tusk
|-end|p2a: Great Tusk|Protosynthesis|[silent]
|
|upkeep
|
|t:|1757827586
|switch|p2a: Iron Valiant|Iron Valiant|100/100
|-damage|p2a: Iron Valiant|95/100|[from] Stealth Rock
|-enditem|p2a: Iron Valiant|Booster Energy
|-activate|p2a: Iron Valiant|ability: Quark Drive|[fromitem]
|-start|p2a: Iron Valiant|quarkdrivespe
|turn|8
|
|t:|1757827593
|move|p1a: Greninja|Hydro Pump|p2a: Iron Valiant
|-damage|p2a: Iron Valiant|20/100
|move|p2a: Iron Valiant|Moonblast|p1a: Greninja
|-damage|p1a: Greninja|26/100
|
|upkeep
|turn|9
|
|t:|1757827598
|move|p1a: Greninja|Hydro Pump|p2a: Iron Valiant|[miss]
|-miss|p1a: Greninja|p2a: Iron Valiant
|move|p2a: Iron Valiant|Moonblast|p1a: Greninja
|-damage|p1a: Greninja|0 fnt
|faint|p1a: Greninja
|
|upkeep
|
|t:|1757827601
|switch|p1a: Scizor|Scizor, M, shiny|100/100
|-damage|p1a: Scizor|88/100|[from] Stealth Rock
|turn|10
|
|t:|1757827607
|move|p1a: Scizor|Bullet Punch|p2a: Iron Valiant
|-supereffective|p2a: Iron Valiant
|-damage|p2a: Iron Valiant|0 fnt
|faint|p2a: Iron Valiant
|-end|p2a: Iron Valiant|Quark Drive|[silent]
|-damage|p1a: Scizor|78/100|[from] item: Life Orb
|
|upkeep
|
|t:|1757827617
|switch|p2a: Medicham|Medicham, F, shiny|78/100
|-damage|p2a: Medicham|72/100|[from] Stealth Rock
|turn|11
|
|t:|1757827622
|move|p1a: Scizor|Bullet Punch|p2a: Medicham
|-damage|p2a: Medicham|0 fnt
|faint|p2a: Medicham
|-damage|p1a: Scizor|68/100|[from] item: Life Orb
|
|upkeep
|
|t:|1757827629
|switch|p2a: Gholdengo|Gholdengo|100/100
|-damage|p2a: Gholdengo|94/100|[from] Stealth Rock
|-item|p2a: Gholdengo|Air Balloon
|turn|12
|
|t:|1757827634
|move|p2a: Gholdengo|Shadow Ball|p1a: Scizor
|-damage|p1a: Scizor|17/100
|move|p1a: Scizor|Knock Off|p2a: Gholdengo
|-supereffective|p2a: Gholdengo
|-damage|p2a: Gholdengo|8/100
|-enditem|p2a: Gholdengo|Air Balloon
|-damage|p1a: Scizor|7/100|[from] item: Life Orb
|
|upkeep
|turn|13
|
|t:|1757827639
|move|p1a: Scizor|Bullet Punch|p2a: Gholdengo
|-resisted|p2a: Gholdengo
|-damage|p2a: Gholdengo|0 fnt
|faint|p2a: Gholdengo
|-damage|p1a: Scizor|0 fnt|[from] item: Life Orb
|faint|p1a: Scizor
|
|upkeep
|
|t:|1757827643
|switch|p2a: Dragonite|Dragonite, M, shiny|100/100
|switch|p1a: Raging Bolt|Raging Bolt|100/100
|-damage|p2a: Dragonite|76/100|[from] Stealth Rock
|turn|14
|
|t:|1757827653
|-terastallize|p2a: Dragonite|Normal
|move|p2a: Dragonite|Extreme Speed|p1a: Raging Bolt
|-damage|p1a: Raging Bolt|52/100
|move|p1a: Raging Bolt|Draco Meteor|p2a: Dragonite
|-damage|p2a: Dragonite|0 fnt
|-unboost|p1a: Raging Bolt|spa|2
|faint|p2a: Dragonite
|
|win|homtoums
|raw|homtoums's rating: 1244 &rarr; <strong>1268</strong><br />(+24 for winning)
|raw|Vive7g's rating: 1232 &rarr; <strong>1208</strong><br />(-24 for losing)
|l|☆homtoums
|player|p1|
|l|☆Vive7g
|player|p2|
