|j|☆Carpe Toadem
|j|‽theonlydork
|t:|1757914769
|gametype|singles
|player|p1|Carpe Toadem|blue|1432
|player|p2|theonlydork|101|1537
|gen|9
|tier|[Gen 9] OU
|rated|
|rule|HP Percentage Mod: HP is shown in percentages
|rule|Endless Battle Clause: Forcing endless battles is banned
|rule|Species Clause: Limit one of each Pokémon
|rule|OHKO Clause: OHKO moves are banned
|rule|Evasion Items Clause: Evasion items are banned
|rule|Evasion Moves Clause: Evasion moves are banned
|rule|Evasion Abilities Clause: Evasion abilities are banned
|rule|Sleep Moves Clause: Sleep-inducing moves are banned
|clearpoke
|poke|p1|Glimmora, F|
|poke|p1|Electrode-Hisui|
|poke|p1|Rotom-Wash|
|poke|p1|Hippowdon, F|
|poke|p1|Goodra-Hisui, M|
|poke|p1|Metagross|
|poke|p2|Mamoswine, M|
|poke|p2|Glimmora, M|
|poke|p2|Iron Crown|
|poke|p2|Zamazenta-*|
|poke|p2|Sinistcha|
|poke|p2|Samurott-Hisui, M|
|teampreview
|inactive|Battle timer is ON: inactive players will automatically lose when time's up. (requested by Carpe Toadem)
|inactive|theonlydork has 120 seconds left.
|
|t:|1757914816
|teamsize|p1|6
|teamsize|p2|6
|start
|switch|p1a: Glimmora|Glimmora, F|100/100
|switch|p2a: Glimmora|Glimmora, M, shiny|100/100
|turn|1
|
|t:|1757914820
|move|p1a: Glimmora|Earth Power|p2a: Glimmora
|-supereffective|p2a: Glimmora
|-damage|p2a: Glimmora|0 fnt
|faint|p2a: Glimmora
|
|upkeep
|
|t:|1757914826
|switch|p2a: Mamoswine|Mamoswine, M, shiny|100/100
|turn|2
|
|t:|1757914830
|move|p1a: Glimmora|Stealth Rock|p2a: Mamoswine
|-sidestart|p2: theonlydork|move: Stealth Rock
|move|p2a: Mamoswine|Icicle Crash|p1a: Glimmora
|-damage|p1a: Glimmora|17/100
|-activate|p1a: Glimmora|ability: Toxic Debris
|-sidestart|p2: theonlydork|move: Toxic Spikes
|
|upkeep
|turn|3
|
|t:|1757914836
|move|p1a: Glimmora|Mortal Spin|p2a: Mamoswine
|-resisted|p2a: Mamoswine
|-damage|p2a: Mamoswine|97/100
|-status|p2a: Mamoswine|psn
|move|p2a: Mamoswine|Icicle Crash|p1a: Glimmora
|-damage|p1a: Glimmora|0 fnt
|-activate|p1a: Glimmora|ability: Toxic Debris
|-sidestart|p2: theonlydork|move: Toxic Spikes
|faint|p1a: Glimmora
|
|-damage|p2a: Mamoswine|85/100 psn|[from] psn
|upkeep
|
|t:|1757914844
|switch|p1a: Rotom|Rotom-Wash|100/100
|turn|4
|
|t:|1757914849
|switch|p2a: Sinistcha|Sinistcha, shiny|100/100
|move|p1a: Rotom|Hydro Pump|p2a: Sinistcha|[miss]
|-miss|p1a: Rotom|p2a: Sinistcha
|
|upkeep
|turn|5
|
|t:|1757914854
|move|p1a: Rotom|Volt Switch|p2a: Sinistcha
|-resisted|p2a: Sinistcha
|-damage|p2a: Sinistcha|87/100
|
|t:|1757914856
|switch|p1a: Metagross|Metagross|100/100|[from] Volt Switch
|move|p2a: Sinistcha|Matcha Gotcha|p1a: Metagross
|-resisted|p1a: Metagross
|-damage|p1a: Metagross|90/100
|-heal|p2a: Sinistcha|93/100|[from] drain|[of] p1a: Metagross
|
|upkeep
|turn|6
|
|t:|1757914869
|switch|p2a: Iron Crown|Iron Crown|100/100
|-damage|p2a: Iron Crown|94/100|[from] Stealth Rock
|move|p1a: Metagross|Knock Off|p2a: Iron Crown
|-supereffective|p2a: Iron Crown
|-damage|p2a: Iron Crown|20/100
|-enditem|p2a: Iron Crown|Choice Specs|[from] move: Knock Off|[of] p1a: Metagross
|
|upkeep
|turn|7
|
|t:|1757914883
|move|p1a: Metagross|Bullet Punch|p2a: Iron Crown
|-resisted|p2a: Iron Crown
|-damage|p2a: Iron Crown|7/100
|move|p2a: Iron Crown|Volt Switch|p1a: Metagross
|-damage|p1a: Metagross|74/100
|
|t:|1757914888
|-end|p2a: Iron Crown|Quark Drive|[silent]
|switch|p2a: Samurott|Samurott-Hisui, M, shiny|100/100|[from] Volt Switch
|-damage|p2a: Samurott|88/100|[from] Stealth Rock
|-status|p2a: Samurott|tox
|
|-damage|p2a: Samurott|82/100 tox|[from] psn
|upkeep
|turn|8
|
|t:|1757914893
|switch|p1a: Electrode|Electrode-Hisui|100/100
|move|p2a: Samurott|Ceaseless Edge|p1a: Electrode
|-damage|p1a: Electrode|6/100
|-sidestart|p1: Carpe Toadem|Spikes
|
|-damage|p2a: Samurott|69/100 tox|[from] psn
|upkeep
|turn|9
|
|t:|1757914901
|move|p2a: Samurott|Sucker Punch|p1a: Electrode
|-damage|p1a: Electrode|0 fnt
|faint|p1a: Electrode
|
|-damage|p2a: Samurott|51/100 tox|[from] psn
|upkeep
|
|t:|1757914910
|switch|p1a: Goodra|Goodra-Hisui, M|100/100
|-damage|p1a: Goodra|88/100|[from] Spikes
|turn|10
|
|t:|1757914914
|move|p2a: Samurott|Ceaseless Edge|p1a: Goodra
|-damage|p1a: Goodra|29/100
|-sidestart|p1: Carpe Toadem|Spikes
|move|p1a: Goodra|Dragon Tail|p2a: Samurott
|-damage|p2a: Samurott|27/100 tox
|drag|p2a: Mamoswine|Mamoswine, M, shiny|85/100 psn
|-damage|p2a: Mamoswine|72/100 psn|[from] Stealth Rock
|
|-damage|p2a: Mamoswine|60/100 psn|[from] psn
|upkeep
|turn|11
|
|t:|1757914924
|switch|p1a: Rotom|Rotom-Wash|100/100
|move|p2a: Mamoswine|Icicle Crash|p1a: Rotom
|-resisted|p1a: Rotom
|-damage|p1a: Rotom|74/100
|
|-heal|p1a: Rotom|80/100|[from] item: Leftovers
|-damage|p2a: Mamoswine|48/100 psn|[from] psn
|upkeep
|turn|12
|
|t:|1757914934
|move|p2a: Mamoswine|Icicle Crash|p1a: Rotom|[miss]
|-miss|p2a: Mamoswine|p1a: Rotom
|move|p1a: Rotom|Hydro Pump|p2a: Mamoswine|[miss]
|-miss|p1a: Rotom|p2a: Mamoswine
|
|-heal|p1a: Rotom|86/100|[from] item: Leftovers
|-damage|p2a: Mamoswine|35/100 psn|[from] psn
|upkeep
|turn|13
|
|t:|1757914940
|switch|p2a: Sinistcha|Sinistcha, shiny|93/100
|switch|p1a: Metagross|Metagross|74/100
|-damage|p1a: Metagross|58/100|[from] Spikes
|
|upkeep
|turn|14
|
|t:|1757914948
|-terastallize|p2a: Sinistcha|Fairy
|move|p1a: Metagross|Knock Off|p2a: Sinistcha
|-resisted|p2a: Sinistcha
|-damage|p2a: Sinistcha|80/100
|-enditem|p2a: Sinistcha|Heavy-Duty Boots|[from] move: Knock Off|[of] p1a: Metagross
|move|p2a: Sinistcha|Shadow Ball|p1a: Metagross
|-supereffective|p1a: Metagross
|-damage|p1a: Metagross|10/100
|
|upkeep
|turn|15
|
|t:|1757914962
|switch|p2a: Iron Crown|Iron Crown|7/100
|-damage|p2a: Iron Crown|1/100|[from] Stealth Rock
|move|p1a: Metagross|Meteor Mash|p2a: Iron Crown
|-resisted|p2a: Iron Crown
|-damage|p2a: Iron Crown|0 fnt
|faint|p2a: Iron Crown
|-end|p2a: Iron Crown|Quark Drive|[silent]
|
|upkeep
|
|t:|1757914969
|switch|p2a: Samurott|Samurott-Hisui, M, shiny|27/100 tox
|-damage|p2a: Samurott|15/100 tox|[from] Stealth Rock
|turn|16
|
|t:|1757914973
|-terastallize|p1a: Metagross|Steel
|move|p2a: Samurott|Sucker Punch|p1a: Metagross
|-damage|p1a: Metagross|0 fnt
|faint|p1a: Metagross
|
|-damage|p2a: Samurott|9/100 tox|[from] psn
|upkeep
|
|t:|1757914976
|switch|p1a: Rotom|Rotom-Wash|86/100
|turn|17
|
|t:|1757914982
|move|p2a: Samurott|Knock Off|p1a: Rotom
|-damage|p1a: Rotom|41/100
|-enditem|p1a: Rotom|Leftovers|[from] move: Knock Off|[of] p2a: Samurott
|move|p1a: Rotom|Volt Switch|p2a: Samurott
|-supereffective|p2a: Samurott
|-damage|p2a: Samurott|0 fnt
|faint|p2a: Samurott
|
|t:|1757914988
|switch|p1a: Goodra|Goodra-Hisui, M|29/100|[from] Volt Switch
|-damage|p1a: Goodra|12/100|[from] Spikes
|
|upkeep
|
|t:|1757914998
|switch|p2a: Sinistcha|Sinistcha, shiny, tera:Fairy|80/100
|-damage|p2a: Sinistcha|67/100|[from] Stealth Rock
|-status|p2a: Sinistcha|tox
|turn|18
|
|t:|1757915003
|move|p2a: Sinistcha|Shadow Ball|p1a: Goodra
|-damage|p1a: Goodra|0 fnt
|faint|p1a: Goodra
|
|-damage|p2a: Sinistcha|61/100 tox|[from] psn
|upkeep
|
|t:|1757915005
|switch|p1a: Hippowdon|Hippowdon, F|100/100
|-damage|p1a: Hippowdon|84/100|[from] Spikes
|-weather|Sandstorm|[from] ability: Sand Stream|[of] p1a: Hippowdon
|turn|19
|
|t:|1757915012
|move|p2a: Sinistcha|Strength Sap|p1a: Hippowdon
|-unboost|p1a: Hippowdon|atk|1
|-heal|p2a: Sinistcha|100/100 tox
|move|p1a: Hippowdon|Rock Tomb|p2a: Sinistcha
|-damage|p2a: Sinistcha|94/100 tox
|-unboost|p2a: Sinistcha|spe|1
|
|-weather|Sandstorm|[upkeep]
|-damage|p2a: Sinistcha|88/100 tox|[from] Sandstorm
|-damage|p2a: Sinistcha|76/100 tox|[from] psn
|upkeep
|turn|20
|
|t:|1757915017
|move|p2a: Sinistcha|Matcha Gotcha|p1a: Hippowdon
|-supereffective|p1a: Hippowdon
|-damage|p1a: Hippowdon|18/100
|-heal|p2a: Sinistcha|100/100 tox|[from] drain|[of] p1a: Hippowdon
|move|p1a: Hippowdon|Whirlwind|p2a: Sinistcha
|drag|p2a: Mamoswine|Mamoswine, M, shiny|35/100 psn
|-damage|p2a: Mamoswine|23/100 psn|[from] Stealth Rock
|
|-weather|Sandstorm|[upkeep]
|-damage|p2a: Mamoswine|10/100 psn|[from] psn
|upkeep
|turn|21
|
|t:|1757915029
|move|p2a: Mamoswine|Earthquake|p1a: Hippowdon
|-damage|p1a: Hippowdon|0 fnt
|faint|p1a: Hippowdon
|
|-weather|Sandstorm|[upkeep]
|-damage|p2a: Mamoswine|0 fnt|[from] psn
|faint|p2a: Mamoswine
|upkeep
|
|t:|1757915034
|switch|p2a: Sinistcha|Sinistcha, shiny, tera:Fairy|100/100 tox
|switch|p1a: Rotom|Rotom-Wash|41/100
|-damage|p2a: Sinistcha|88/100 tox|[from] Stealth Rock
|turn|22
|
|t:|1757915037
|move|p1a: Rotom|Hydro Pump|p2a: Sinistcha
|-damage|p2a: Sinistcha|42/100 tox
|move|p2a: Sinistcha|Matcha Gotcha|p1a: Rotom
|-supereffective|p1a: Rotom
|-damage|p1a: Rotom|0 fnt
|-heal|p2a: Sinistcha|60/100 tox|[from] drain|[of] p1a: Rotom
|faint|p1a: Rotom
|
|win|theonlydork
|raw|Carpe Toadem's rating: 1432 &rarr; <strong>1418</strong><br />(-14 for losing)
|raw|theonlydork's rating: 1537 &rarr; <strong>1551</strong><br />(+14 for winning)
|c|☆Carpe Toadem|Gg
|l|☆Carpe Toadem
|player|p1|
|l|‽theonlydork
|player|p2|
