|j|☆LovingsBoringPupil
|j|☆Koro_324
|t:|1757962173
|gametype|singles
|player|p1|LovingsBoringPupil|170|1148
|player|p2|Koro_324|hilbert|1189
|gen|9
|tier|[Gen 9] OU
|rated|
|rule|HP Percentage Mod: HP is shown in percentages
|rule|Endless Battle Clause: Forcing endless battles is banned
|rule|Species Clause: Limit one of each Pokémon
|rule|OHKO Clause: OHKO moves are banned
|rule|Evasion Items Clause: Evasion items are banned
|rule|Evasion Moves Clause: Evasion moves are banned
|rule|Evasion Abilities Clause: Evasion abilities are banned
|rule|Sleep Moves Clause: Sleep-inducing moves are banned
|clearpoke
|poke|p1|Dondozo, M|
|poke|p1|Blissey, F|
|poke|p1|Corviknight, F|
|poke|p1|Weezing-Galar, F|
|poke|p1|Gliscor, F|
|poke|p1|Toxapex, M|
|poke|p2|Blastoise, F|
|poke|p2|Arcanine, F|
|poke|p2|Decidueye, F|
|poke|p2|Gallade, M|
|poke|p2|Krookodile, F|
|poke|p2|Scizor, F|
|teampreview
|inactive|Battle timer is ON: inactive players will automatically lose when time's up. (requested by LovingsBoringPupil)
|
|t:|1757962185
|teamsize|p1|6
|teamsize|p2|6
|start
|switch|p1a: Toxapex|Toxapex, M|100/100
|switch|p2a: Chancla|Krookodile, F|100/100
|-ability|p2a: Chancla|Intimidate|boost
|-unboost|p1a: Toxapex|atk|1
|turn|1
|
|t:|1757962197
|switch|p1a: Gliscor|Gliscor, F|100/100
|move|p2a: Chancla|Taunt|p1a: Gliscor
|-start|p1a: Gliscor|move: Taunt
|
|-status|p1a: Gliscor|tox|[from] item: Toxic Orb
|upkeep
|turn|2
|
|t:|1757962207
|move|p2a: Chancla|Stealth Rock|p1a: Gliscor
|-sidestart|p1: LovingsBoringPupil|move: Stealth Rock
|move|p1a: Gliscor|Knock Off|p2a: Chancla
|-resisted|p2a: Chancla
|-damage|p2a: Chancla|87/100
|-enditem|p2a: Chancla|Focus Sash|[from] move: Knock Off|[of] p1a: Gliscor
|
|upkeep
|turn|3
|
|t:|1757962214
|switch|p1a: Corviknight|Corviknight, F|100/100
|-damage|p1a: Corviknight|88/100|[from] Stealth Rock
|-ability|p1a: Corviknight|Pressure
|move|p2a: Chancla|Knock Off|p1a: Corviknight
|-damage|p1a: Corviknight|61/100
|-enditem|p1a: Corviknight|Leftovers|[from] move: Knock Off|[of] p2a: Chancla
|
|upkeep
|turn|4
|
|t:|1757962228
|move|p2a: Chancla|Taunt|p1a: Corviknight
|-start|p1a: Corviknight|move: Taunt
|move|p1a: Corviknight|Body Press|p2a: Chancla
|-supereffective|p2a: Chancla
|-damage|p2a: Chancla|23/100
|
|upkeep
|turn|5
|
|t:|1757962235
|move|p2a: Chancla|Knock Off|p1a: Corviknight
|-damage|p1a: Corviknight|42/100
|move|p1a: Corviknight|Body Press|p2a: Chancla
|-supereffective|p2a: Chancla
|-damage|p2a: Chancla|0 fnt
|faint|p2a: Chancla
|
|upkeep
|
|t:|1757962260
|switch|p2a: Fanta|Arcanine, F|100/100
|-ability|p2a: Fanta|Intimidate|boost
|-unboost|p1a: Corviknight|atk|1
|turn|6
|
|t:|1757962270
|switch|p1a: Gliscor|Gliscor, F|100/100 tox
|-damage|p1a: Gliscor|88/100 tox|[from] Stealth Rock
|move|p2a: Fanta|Flare Blitz|p1a: Gliscor
|-damage|p1a: Gliscor|41/100 tox
|-damage|p2a: Fanta|86/100|[from] Recoil
|
|-heal|p2a: Fanta|92/100|[from] item: Leftovers
|-heal|p1a: Gliscor|53/100 tox|[from] ability: Poison Heal
|upkeep
|turn|7
|
|t:|1757962283
|move|p1a: Gliscor|Protect|p1a: Gliscor
|-singleturn|p1a: Gliscor|Protect
|move|p2a: Fanta|Will-O-Wisp|p1a: Gliscor
|-activate|p1a: Gliscor|move: Protect
|
|-heal|p2a: Fanta|99/100|[from] item: Leftovers
|-heal|p1a: Gliscor|66/100 tox|[from] ability: Poison Heal
|upkeep
|turn|8
|
|t:|1757962294
|move|p2a: Fanta|Will-O-Wisp||[still]
|-fail|p2a: Fanta
|move|p1a: Gliscor|Earthquake|p2a: Fanta
|-supereffective|p2a: Fanta
|-damage|p2a: Fanta|31/100
|
|-heal|p2a: Fanta|37/100|[from] item: Leftovers
|-heal|p1a: Gliscor|78/100 tox|[from] ability: Poison Heal
|upkeep
|turn|9
|c|☆Koro_324|im slow asf omg
|
|t:|1757962318
|move|p2a: Fanta|Flare Blitz|p1a: Gliscor
|-damage|p1a: Gliscor|31/100 tox
|-damage|p2a: Fanta|23/100|[from] Recoil
|move|p1a: Gliscor|Earthquake|p2a: Fanta
|-supereffective|p2a: Fanta
|-damage|p2a: Fanta|0 fnt
|faint|p2a: Fanta
|
|-heal|p1a: Gliscor|43/100 tox|[from] ability: Poison Heal
|upkeep
|inactive|Koro_324 has 120 seconds left.
|
|t:|1757962329
|switch|p2a: Tortuga|Blastoise, F|100/100
|turn|10
|
|t:|1757962334
|move|p1a: Gliscor|Protect|p1a: Gliscor
|-singleturn|p1a: Gliscor|Protect
|move|p2a: Tortuga|Shell Smash|p2a: Tortuga
|-unboost|p2a: Tortuga|def|1
|-unboost|p2a: Tortuga|spd|1
|-boost|p2a: Tortuga|atk|2
|-boost|p2a: Tortuga|spa|2
|-boost|p2a: Tortuga|spe|2
|
|-heal|p1a: Gliscor|56/100 tox|[from] ability: Poison Heal
|upkeep
|turn|11
|
|t:|1757962345
|switch|p1a: Toxapex|Toxapex, M|100/100
|-damage|p1a: Toxapex|88/100|[from] Stealth Rock
|move|p2a: Tortuga|Ice Beam|p1a: Toxapex
|-resisted|p1a: Toxapex
|-damage|p1a: Toxapex|68/100
|-damage|p2a: Tortuga|90/100|[from] item: Life Orb
|
|-heal|p1a: Toxapex|74/100|[from] item: Leftovers
|upkeep
|turn|12
|inactive|Koro_324 has 120 seconds left.
|
|t:|1757962373
|switch|p2a: Tony Stark|Scizor, F|100/100
|move|p1a: Toxapex|Haze|p1a: Toxapex
|-clearallboost
|
|-heal|p1a: Toxapex|80/100|[from] item: Leftovers
|upkeep
|turn|13
|inactive|Koro_324 has 120 seconds left.
|
|t:|1757962385
|switch|p1a: Corviknight|Corviknight, F|42/100
|-damage|p1a: Corviknight|29/100|[from] Stealth Rock
|-ability|p1a: Corviknight|Pressure
|move|p2a: Tony Stark|Swords Dance|p2a: Tony Stark
|-boost|p2a: Tony Stark|atk|2
|
|upkeep
|turn|14
|
|t:|1757962394
|move|p1a: Corviknight|Defog|p2a: Tony Stark
|-unboost|p2a: Tony Stark|evasion|1
|-sideend|p1: LovingsBoringPupil|Stealth Rock|[from] move: Defog|[of] p1a: Corviknight
|move|p2a: Tony Stark|Close Combat|p1a: Corviknight
|-damage|p1a: Corviknight|0 fnt
|-unboost|p2a: Tony Stark|def|1
|-unboost|p2a: Tony Stark|spd|1
|faint|p1a: Corviknight
|
|upkeep
|
|t:|1757962405
|switch|p1a: Dondozo|Dondozo, M|100/100
|turn|15
|
|t:|1757962419
|switch|p2a: Sniper King|Decidueye, F|100/100
|move|p1a: Dondozo|Body Press|p2a: Sniper King
|-immune|p2a: Sniper King
|
|upkeep
|turn|16
|
|t:|1757962427
|switch|p1a: Toxapex|Toxapex, M|100/100
|move|p2a: Sniper King|U-turn|p1a: Toxapex
|-resisted|p1a: Toxapex
|-damage|p1a: Toxapex|91/100
|
|t:|1757962432
|switch|p2a: Spoon|Gallade, M|100/100|[from] U-turn
|
|-heal|p1a: Toxapex|97/100|[from] item: Leftovers
|upkeep
|turn|17
|
|t:|1757962440
|move|p2a: Spoon|Psycho Cut|p1a: Toxapex
|-supereffective|p1a: Toxapex
|-damage|p1a: Toxapex|16/100
|move|p1a: Toxapex|Toxic|p2a: Spoon
|-status|p2a: Spoon|tox
|
|-heal|p1a: Toxapex|22/100|[from] item: Leftovers
|-damage|p2a: Spoon|94/100 tox|[from] psn
|upkeep
|turn|18
|
|t:|1757962450
|switch|p1a: Blissey|Blissey, F|100/100
|move|p2a: Spoon|Psycho Cut|p1a: Blissey
|-damage|p1a: Blissey|46/100
|
|-heal|p1a: Blissey|52/100|[from] item: Leftovers
|-damage|p2a: Spoon|82/100 tox|[from] psn
|upkeep
|turn|19
|inactive|LovingsBoringPupil has 120 seconds left.
|
|t:|1757962488
|switch|p1a: Dondozo|Dondozo, M|100/100
|move|p2a: Spoon|Psycho Cut|p1a: Dondozo
|-damage|p1a: Dondozo|76/100
|
|-heal|p1a: Dondozo|83/100|[from] item: Leftovers
|-damage|p2a: Spoon|64/100 tox|[from] psn
|upkeep
|turn|20
|inactive|LovingsBoringPupil has 120 seconds left.
|
|t:|1757962498
|switch|p2a: Sniper King|Decidueye, F|100/100
|move|p1a: Dondozo|Avalanche|p2a: Sniper King
|-supereffective|p2a: Sniper King
|-damage|p2a: Sniper King|60/100
|
|-heal|p1a: Dondozo|89/100|[from] item: Leftovers
|upkeep
|turn|21
|inactive|LovingsBoringPupil has 120 seconds left.
|inactive|LovingsBoringPupil has 90 seconds left.
|
|t:|1757962550
|-terastallize|p1a: Dondozo|Dragon
|move|p2a: Sniper King|Leaf Blade|p1a: Dondozo
|-resisted|p1a: Dondozo
|-damage|p1a: Dondozo|79/100
|move|p1a: Dondozo|Avalanche|p2a: Sniper King
|-supereffective|p2a: Sniper King
|-damage|p2a: Sniper King|0 fnt
|faint|p2a: Sniper King
|
|-heal|p1a: Dondozo|85/100|[from] item: Leftovers
|upkeep
|
|t:|1757962563
|switch|p2a: Tortuga|Blastoise, F|90/100
|turn|22
|
|t:|1757962571
|switch|p1a: Blissey|Blissey, F|52/100
|move|p2a: Tortuga|Shell Smash|p2a: Tortuga
|-unboost|p2a: Tortuga|def|1
|-unboost|p2a: Tortuga|spd|1
|-boost|p2a: Tortuga|atk|2
|-boost|p2a: Tortuga|spa|2
|-boost|p2a: Tortuga|spe|2
|
|-heal|p1a: Blissey|58/100|[from] item: Leftovers
|upkeep
|turn|23
|inactive|LovingsBoringPupil has 90 seconds left.
|
|t:|1757962582
|move|p2a: Tortuga|Hydro Pump|p1a: Blissey
|-damage|p1a: Blissey|21/100
|-damage|p2a: Tortuga|80/100|[from] item: Life Orb
|move|p1a: Blissey|Soft-Boiled|p1a: Blissey
|-heal|p1a: Blissey|71/100
|
|-heal|p1a: Blissey|77/100|[from] item: Leftovers
|upkeep
|turn|24
|inactive|LovingsBoringPupil has 90 seconds left.
|
|t:|1757962593
|move|p2a: Tortuga|Shell Smash|p2a: Tortuga
|-unboost|p2a: Tortuga|def|1
|-unboost|p2a: Tortuga|spd|1
|-boost|p2a: Tortuga|atk|2
|-boost|p2a: Tortuga|spa|2
|-boost|p2a: Tortuga|spe|2
|move|p1a: Blissey|Soft-Boiled|p1a: Blissey
|-heal|p1a: Blissey|100/100
|
|upkeep
|turn|25
|inactive|LovingsBoringPupil has 90 seconds left.
|
|t:|1757962605
|move|p2a: Tortuga|Hydro Pump|p1a: Blissey
|-damage|p1a: Blissey|49/100
|-damage|p2a: Tortuga|70/100|[from] item: Life Orb
|move|p1a: Blissey|Calm Mind|p1a: Blissey
|-boost|p1a: Blissey|spa|1
|-boost|p1a: Blissey|spd|1
|
|-heal|p1a: Blissey|55/100|[from] item: Leftovers
|upkeep
|turn|26
|inactive|LovingsBoringPupil has 90 seconds left.
|
|t:|1757962616
|move|p2a: Tortuga|Shell Smash|p2a: Tortuga
|-unboost|p2a: Tortuga|def|1
|-unboost|p2a: Tortuga|spd|1
|-boost|p2a: Tortuga|atk|2
|-boost|p2a: Tortuga|spa|2
|-boost|p2a: Tortuga|spe|2
|move|p1a: Blissey|Soft-Boiled|p1a: Blissey
|-heal|p1a: Blissey|100/100
|
|upkeep
|turn|27
|
|t:|1757962625
|move|p2a: Tortuga|Hydro Pump|p1a: Blissey
|-damage|p1a: Blissey|47/100
|-damage|p2a: Tortuga|60/100|[from] item: Life Orb
|move|p1a: Blissey|Seismic Toss|p2a: Tortuga
|-damage|p2a: Tortuga|27/100
|
|-heal|p1a: Blissey|53/100|[from] item: Leftovers
|upkeep
|turn|28
|inactive|LovingsBoringPupil has 90 seconds left.
|
|t:|1757962641
|move|p2a: Tortuga|Hydro Pump|p1a: Blissey
|-damage|p1a: Blissey|0 fnt
|faint|p1a: Blissey
|-damage|p2a: Tortuga|17/100|[from] item: Life Orb
|
|upkeep
|inactive|LovingsBoringPupil has 90 seconds left.
|
|t:|1757962647
|switch|p1a: Dondozo|Dondozo, M, tera:Dragon|85/100
|turn|29
|
|t:|1757962652
|move|p2a: Tortuga|Ice Beam|p1a: Dondozo
|-supereffective|p1a: Dondozo
|-damage|p1a: Dondozo|24/100
|-damage|p2a: Tortuga|7/100|[from] item: Life Orb
|move|p1a: Dondozo|Body Press|p2a: Tortuga
|-damage|p2a: Tortuga|0 fnt
|faint|p2a: Tortuga
|
|-heal|p1a: Dondozo|30/100|[from] item: Leftovers
|upkeep
|
|t:|1757962663
|switch|p2a: Spoon|Gallade, M|64/100 tox
|turn|30
|
|t:|1757962668
|move|p2a: Spoon|Psycho Cut|p1a: Dondozo
|-damage|p1a: Dondozo|5/100
|move|p1a: Dondozo|Rest|p1a: Dondozo
|-status|p1a: Dondozo|slp|[from] move: Rest
|-heal|p1a: Dondozo|100/100 slp|[silent]
|
|-damage|p2a: Spoon|58/100 tox|[from] psn
|upkeep
|turn|31
|c|☆Koro_324|yo how is playing straight stall fun
|
|t:|1757962697
|switch|p2a: Tony Stark|Scizor, F|100/100
|cant|p1a: Dondozo|slp
|move|p1a: Dondozo|Sleep Talk|p1a: Dondozo
|move|p1a: Dondozo|Body Press|p2a: Tony Stark|[from] move: Sleep Talk
|-damage|p2a: Tony Stark|77/100
|-damage|p1a: Dondozo|84/100 slp|[from] item: Rocky Helmet|[of] p2a: Tony Stark
|
|-heal|p1a: Dondozo|90/100 slp|[from] item: Leftovers
|upkeep
|turn|32
|
|t:|1757962716
|move|p2a: Tony Stark|Swords Dance|p2a: Tony Stark
|-boost|p2a: Tony Stark|atk|2
|cant|p1a: Dondozo|slp
|
|-heal|p1a: Dondozo|96/100 slp|[from] item: Leftovers
|upkeep
|turn|33
|
|t:|1757962727
|-terastallize|p2a: Tony Stark|Water
|move|p2a: Tony Stark|Swords Dance|p2a: Tony Stark
|-boost|p2a: Tony Stark|atk|2
|-curestatus|p1a: Dondozo|slp|[msg]
|move|p1a: Dondozo|Body Press|p2a: Tony Stark
|-damage|p2a: Tony Stark|52/100
|-damage|p1a: Dondozo|80/100|[from] item: Rocky Helmet|[of] p2a: Tony Stark
|
|-heal|p1a: Dondozo|86/100|[from] item: Leftovers
|upkeep
|turn|34
|
|t:|1757962740
|move|p2a: Tony Stark|X-Scissor|p1a: Dondozo
|-damage|p1a: Dondozo|68/100
|move|p1a: Dondozo|Body Press|p2a: Tony Stark
|-damage|p2a: Tony Stark|26/100
|-damage|p1a: Dondozo|51/100|[from] item: Rocky Helmet|[of] p2a: Tony Stark
|
|-heal|p1a: Dondozo|58/100|[from] item: Leftovers
|upkeep
|turn|35
|
|t:|1757962750
|move|p2a: Tony Stark|X-Scissor|p1a: Dondozo
|-damage|p1a: Dondozo|38/100
|move|p1a: Dondozo|Body Press|p2a: Tony Stark
|-damage|p2a: Tony Stark|1/100
|-damage|p1a: Dondozo|22/100|[from] item: Rocky Helmet|[of] p2a: Tony Stark
|
|-heal|p1a: Dondozo|28/100|[from] item: Leftovers
|upkeep
|turn|36
|
|t:|1757962760
|move|p2a: Tony Stark|X-Scissor|p1a: Dondozo
|-crit|p1a: Dondozo
|-damage|p1a: Dondozo|0 fnt
|faint|p1a: Dondozo
|
|upkeep
|
|t:|1757962769
|switch|p1a: Gliscor|Gliscor, F|56/100 tox
|turn|37
|
|t:|1757962774
|move|p1a: Gliscor|Protect|p1a: Gliscor
|-singleturn|p1a: Gliscor|Protect
|move|p2a: Tony Stark|Bullet Punch|p1a: Gliscor
|-activate|p1a: Gliscor|move: Protect
|
|-heal|p1a: Gliscor|68/100 tox|[from] ability: Poison Heal
|upkeep
|turn|38
|inactive|LovingsBoringPupil has 120 seconds left.
|
|t:|1757962784
|move|p2a: Tony Stark|Bullet Punch|p1a: Gliscor
|-damage|p1a: Gliscor|0 fnt
|faint|p1a: Gliscor
|
|upkeep
|inactive|LovingsBoringPupil has 120 seconds left.
|
|t:|1757962790
|switch|p1a: Toxapex|Toxapex, M|55/100
|turn|39
|
|t:|1757962796
|switch|p1a: Weezing|Weezing-Galar, F|100/100
|-ability|p1a: Weezing|Neutralizing Gas
|move|p2a: Tony Stark|Swords Dance|p2a: Tony Stark
|-boost|p2a: Tony Stark|atk|2
|
|upkeep
|turn|40
|
|t:|1757962805
|move|p2a: Tony Stark|Bullet Punch|p1a: Weezing
|-supereffective|p1a: Weezing
|-damage|p1a: Weezing|0 fnt
|faint|p1a: Weezing
|-end|p1a: Weezing|ability: Neutralizing Gas
|
|upkeep
|
|t:|1757962810
|switch|p1a: Toxapex|Toxapex, M|89/100
|turn|41
|
|t:|1757962818
|move|p2a: Tony Stark|Bullet Punch|p1a: Toxapex
|-resisted|p1a: Toxapex
|-damage|p1a: Toxapex|38/100
|move|p1a: Toxapex|Toxic|p2a: Tony Stark
|-status|p2a: Tony Stark|tox
|
|-heal|p1a: Toxapex|45/100|[from] item: Leftovers
|-damage|p2a: Tony Stark|0 fnt|[from] psn
|faint|p2a: Tony Stark
|upkeep
|
|t:|1757962827
|switch|p2a: Spoon|Gallade, M|58/100 tox
|turn|42
|
|t:|1757962832
|move|p2a: Spoon|Psycho Cut|p1a: Toxapex
|-supereffective|p1a: Toxapex
|-damage|p1a: Toxapex|0 fnt
|faint|p1a: Toxapex
|
|win|Koro_324
|raw|LovingsBoringPupil's rating: 1148 &rarr; <strong>1126</strong><br />(-22 for losing)
|raw|Koro_324's rating: 1189 &rarr; <strong>1211</strong><br />(+22 for winning)
|c|☆Koro_324|get cooked
|l|☆LovingsBoringPupil
|player|p1|
