|j|☆JorgoBarbas
|j|☆Nyksytin
|t:|1757909285
|gametype|singles
|player|p1|JorgoBarbas|265|1337
|player|p2|Nyksytin|swimmer-gen4dp|1313
|gen|9
|tier|[Gen 9] OU
|rated|
|rule|HP Percentage Mod: HP is shown in percentages
|rule|Endless Battle Clause: Forcing endless battles is banned
|rule|Species Clause: Limit one of each Pokémon
|rule|OHKO Clause: OHKO moves are banned
|rule|Evasion Items Clause: Evasion items are banned
|rule|Evasion Moves Clause: Evasion moves are banned
|rule|Evasion Abilities Clause: Evasion abilities are banned
|rule|Sleep Moves Clause: Sleep-inducing moves are banned
|clearpoke
|poke|p1|Dragapult, M|
|poke|p1|Slowbro, F|
|poke|p1|Tornadus-Therian, M|
|poke|p1|Cinderace, M|
|poke|p1|Scizor, F|
|poke|p1|Glimmora, F|
|poke|p2|Meloetta|
|poke|p2|Pecharunt|
|poke|p2|Kingambit, M|
|poke|p2|Torkoal, F|
|poke|p2|Lilligant-Hisui, F|
|poke|p2|Walking Wake|
|teampreview
|inactive|Battle timer is ON: inactive players will automatically lose when time's up. (requested by JorgoBarbas)
|inactive|Nyksytin also wants the timer to be on.
|
|t:|1757909306
|teamsize|p1|6
|teamsize|p2|6
|start
|switch|p1a: Cinderace|Cinderace, M|100/100
|switch|p2a: Torkoal|Torkoal, F|100/100
|-weather|SunnyDay|[from] ability: Drought|[of] p2a: Torkoal
|turn|1
|
|t:|1757909318
|switch|p2a: Pecharunt|Pecharunt|100/100
|move|p1a: Cinderace|Pyro Ball|p2a: Pecharunt
|-damage|p2a: Pecharunt|59/100
|
|-weather|SunnyDay|[upkeep]
|-heal|p2a: Pecharunt|65/100|[from] item: Leftovers
|upkeep
|turn|2
|
|t:|1757909326
|move|p1a: Cinderace|U-turn|p2a: Pecharunt
|-start|p1a: Cinderace|typechange|Bug|[from] ability: Libero
|-resisted|p2a: Pecharunt
|-damage|p2a: Pecharunt|60/100
|
|t:|1757909330
|switch|p1a: Glimmora|Glimmora, F|100/100|[from] U-turn
|move|p2a: Pecharunt|Toxic|p1a: Glimmora
|-immune|p1a: Glimmora
|
|-weather|SunnyDay|[upkeep]
|-heal|p2a: Pecharunt|67/100|[from] item: Leftovers
|upkeep
|turn|3
|
|t:|1757909344
|switch|p2a: Kingambit|Kingambit, M|100/100
|-item|p2a: Kingambit|Air Balloon
|move|p1a: Glimmora|Toxic|p2a: Kingambit
|-status|p2a: Kingambit|tox
|
|-weather|SunnyDay|[upkeep]
|-damage|p2a: Kingambit|94/100 tox|[from] psn
|upkeep
|turn|4
|
|t:|1757909362
|switch|p1a: Tornadus|Tornadus-Therian, M|100/100
|move|p2a: Kingambit|Swords Dance|p2a: Kingambit
|-boost|p2a: Kingambit|atk|2
|
|-weather|SunnyDay|[upkeep]
|-damage|p2a: Kingambit|82/100 tox|[from] psn
|upkeep
|turn|5
|
|t:|1757909376
|switch|p1a: Glimmora|Glimmora, F|100/100
|move|p2a: Kingambit|Kowtow Cleave|p1a: Glimmora
|-damage|p1a: Glimmora|8/100
|
|-weather|SunnyDay|[upkeep]
|-heal|p1a: Glimmora|14/100|[from] item: Leftovers
|-damage|p2a: Kingambit|63/100 tox|[from] psn
|upkeep
|turn|6
|
|t:|1757909383
|move|p1a: Glimmora|Spiky Shield|p1a: Glimmora
|-singleturn|p1a: Glimmora|move: Protect
|move|p2a: Kingambit|Kowtow Cleave|p1a: Glimmora
|-activate|p1a: Glimmora|move: Protect
|-damage|p2a: Kingambit|51/100 tox|[from] Spiky Shield|[of] p1a: Glimmora
|
|-weather|SunnyDay|[upkeep]
|-heal|p1a: Glimmora|20/100|[from] item: Leftovers
|-damage|p2a: Kingambit|26/100 tox|[from] psn
|upkeep
|turn|7
|
|t:|1757909406
|switch|p2a: Meloetta|Meloetta|100/100
|move|p1a: Glimmora|Power Gem|p2a: Meloetta
|-damage|p2a: Meloetta|76/100
|
|-weather|SunnyDay|[upkeep]
|-heal|p1a: Glimmora|26/100|[from] item: Leftovers
|upkeep
|turn|8
|
|t:|1757909418
|switch|p1a: Slowbro|Slowbro, F|100/100
|move|p2a: Meloetta|U-turn|p1a: Slowbro
|-supereffective|p1a: Slowbro
|-damage|p1a: Slowbro|84/100
|
|t:|1757909421
|switch|p2a: Pecharunt|Pecharunt|67/100|[from] U-turn
|
|-weather|none
|-heal|p2a: Pecharunt|73/100|[from] item: Leftovers
|upkeep
|turn|9
|
|t:|1757909426
|switch|p1a: Glimmora|Glimmora, F|26/100
|move|p2a: Pecharunt|Parting Shot|p1a: Glimmora
|-unboost|p1a: Glimmora|atk|1
|-unboost|p1a: Glimmora|spa|1
|
|t:|1757909434
|switch|p2a: Torkoal|Torkoal, F|100/100|[from] Parting Shot
|-weather|SunnyDay|[from] ability: Drought|[of] p2a: Torkoal
|
|-weather|SunnyDay|[upkeep]
|-heal|p1a: Glimmora|32/100|[from] item: Leftovers
|upkeep
|turn|10
|
|t:|1757909441
|move|p1a: Glimmora|Toxic|p2a: Torkoal
|-status|p2a: Torkoal|tox
|move|p2a: Torkoal|Stealth Rock|p1a: Glimmora
|-sidestart|p1: JorgoBarbas|move: Stealth Rock
|
|-weather|SunnyDay|[upkeep]
|-heal|p1a: Glimmora|39/100|[from] item: Leftovers
|-damage|p2a: Torkoal|94/100 tox|[from] psn
|upkeep
|turn|11
|
|t:|1757909456
|switch|p1a: Tornadus|Tornadus-Therian, M|100/100
|switch|p2a: Meloetta|Meloetta|76/100
|
|-weather|SunnyDay|[upkeep]
|upkeep
|turn|12
|
|t:|1757909472
|move|p2a: Meloetta|Trick|p1a: Tornadus
|-activate|p2a: Meloetta|move: Trick|[of] p1a: Tornadus
|-item|p1a: Tornadus|Choice Scarf|[from] move: Trick
|-item|p2a: Meloetta|Heavy-Duty Boots|[from] move: Trick
|move|p1a: Tornadus|U-turn|p2a: Meloetta
|-supereffective|p2a: Meloetta
|-damage|p2a: Meloetta|47/100
|
|t:|1757909479
|switch|p1a: Cinderace|Cinderace, M|100/100|[from] U-turn
|
|-weather|SunnyDay|[upkeep]
|upkeep
|turn|13
|
|t:|1757909483
|move|p1a: Cinderace|Court Change|p1a: Cinderace
|-start|p1a: Cinderace|typechange|Normal|[from] ability: Libero
|-swapsideconditions
|-activate|p1a: Cinderace|move: Court Change
|move|p2a: Meloetta|Thunder Wave|p1a: Cinderace
|-status|p1a: Cinderace|par
|
|-weather|SunnyDay|[upkeep]
|upkeep
|turn|14
|
|t:|1757909492
|move|p2a: Meloetta|U-turn|p1a: Cinderace
|-damage|p1a: Cinderace|80/100 par
|
|t:|1757909499
|switch|p2a: Pecharunt|Pecharunt|73/100|[from] U-turn
|-damage|p2a: Pecharunt|60/100|[from] Stealth Rock
|cant|p1a: Cinderace|par
|
|-weather|SunnyDay|[upkeep]
|-heal|p2a: Pecharunt|66/100|[from] item: Leftovers
|upkeep
|turn|15
|
|t:|1757909509
|move|p1a: Cinderace|U-turn|p2a: Pecharunt
|-resisted|p2a: Pecharunt
|-damage|p2a: Pecharunt|63/100
|
|t:|1757909516
|switch|p1a: Glimmora|Glimmora, F|39/100|[from] U-turn
|move|p2a: Pecharunt|Shadow Ball|p1a: Glimmora
|-damage|p1a: Glimmora|19/100
|
|-weather|SunnyDay|[upkeep]
|-heal|p1a: Glimmora|25/100|[from] item: Leftovers
|-heal|p2a: Pecharunt|69/100|[from] item: Leftovers
|upkeep
|turn|16
|
|t:|1757909525
|move|p1a: Glimmora|Toxic|p2a: Pecharunt
|-status|p2a: Pecharunt|tox
|move|p2a: Pecharunt|Parting Shot|p1a: Glimmora
|-unboost|p1a: Glimmora|atk|1
|-unboost|p1a: Glimmora|spa|1
|inactive|Nyksytin has 120 seconds left.
|inactive|Nyksytin has 90 seconds left.
|inactive|Nyksytin has 60 seconds left.
|inactive|Nyksytin has 30 seconds left.
|inactive|Nyksytin has 20 seconds left.
|inactive|Nyksytin has 15 seconds left.
|inactive|Nyksytin has 10 seconds left.
|inactive|Nyksytin has 5 seconds left.
|-message|Nyksytin lost due to inactivity.
|
|win|JorgoBarbas
|raw|JorgoBarbas's rating: 1337 &rarr; <strong>1356</strong><br />(+19 for winning)
|raw|Nyksytin's rating: 1313 &rarr; <strong>1294</strong><br />(-19 for losing)
|l|☆JorgoBarbas
|player|p1|
|l|☆Nyksytin
|player|p2|
