|j|☆Hunter_of_Keys
|j|☆chefcapuchin
|t:|1757828376
|gametype|singles
|player|p1|Hunter_of_Keys|veteran|1502
|player|p2|chefcapuchin|266|1534
|gen|9
|tier|[Gen 9] OU
|rated|
|rule|HP Percentage Mod: HP is shown in percentages
|rule|Endless Battle Clause: Forcing endless battles is banned
|rule|Species Clause: Limit one of each Pokémon
|rule|OHKO Clause: OHKO moves are banned
|rule|Evasion Items Clause: Evasion items are banned
|rule|Evasion Moves Clause: Evasion moves are banned
|rule|Evasion Abilities Clause: Evasion abilities are banned
|rule|Sleep Moves Clause: Sleep-inducing moves are banned
|clearpoke
|poke|p1|Indeedee, M|
|poke|p1|Espeon, M|
|poke|p1|Armarouge, M|
|poke|p1|Gallade, M|
|poke|p1|Cresselia, F|
|poke|p1|Iron Boulder|
|poke|p2|Dondozo, M|
|poke|p2|Cinderace, F|
|poke|p2|Slowking-Galar, F|
|poke|p2|Corviknight, F|
|poke|p2|Ting-Lu|
|poke|p2|Kyurem|
|teampreview
|inactive|Battle timer is ON: inactive players will automatically lose when time's up. (requested by chefcapuchin)
|inactive|Hunter_of_Keys also wants the timer to be on.
|
|t:|1757828395
|teamsize|p1|6
|teamsize|p2|6
|start
|switch|p1a: Indeedee|Indeedee, M|100/100
|switch|p2a: Kyurem|Kyurem|100/100
|-fieldstart|move: Psychic Terrain|[from] ability: Psychic Surge|[of] p1a: Indeedee
|-ability|p2a: Kyurem|Pressure
|turn|1
|
|t:|1757828401
|switch|p1a: Cresselia|Cresselia, F|100/100
|move|p2a: Kyurem|Draco Meteor|p1a: Cresselia
|-damage|p1a: Cresselia|38/100
|-unboost|p2a: Kyurem|spa|2
|
|upkeep
|turn|2
|
|t:|1757828418
|switch|p2a: Slowking|Slowking-Galar, F|100/100
|move|p1a: Cresselia|Lunar Dance|p1a: Cresselia
|faint|p1a: Cresselia
|
|upkeep
|
|t:|1757828422
|switch|p1a: Iron Boulder|Iron Boulder|100/100
|-enditem|p1a: Iron Boulder|Booster Energy
|-activate|p1a: Iron Boulder|ability: Quark Drive|[fromitem]
|-start|p1a: Iron Boulder|quarkdrivespe
|turn|3
|
|t:|1757828427
|move|p1a: Iron Boulder|Swords Dance|p1a: Iron Boulder
|-boost|p1a: Iron Boulder|atk|2
|-prepare|p2a: Slowking|Chilly Reception|[premajor]
|move|p2a: Slowking|Chilly Reception|p2a: Slowking
|-weather|Snowscape
|
|t:|1757828429
|switch|p2a: Dondozo|Dondozo, M|100/100|[from] Chilly Reception
|
|-weather|Snowscape|[upkeep]
|upkeep
|turn|4
|
|t:|1757828436
|move|p1a: Iron Boulder|Psycho Cut|p2a: Dondozo
|-crit|p2a: Dondozo
|-damage|p2a: Dondozo|68/100
|move|p2a: Dondozo|Liquidation|p1a: Iron Boulder
|-supereffective|p1a: Iron Boulder
|-damage|p1a: Iron Boulder|38/100
|
|-weather|Snowscape|[upkeep]
|upkeep
|turn|5
|j| LuLuNaNaRaRa
|
|t:|1757828443
|move|p1a: Iron Boulder|Mighty Cleave|p2a: Dondozo
|-damage|p2a: Dondozo|46/100
|move|p2a: Dondozo|Liquidation|p1a: Iron Boulder
|-supereffective|p1a: Iron Boulder
|-damage|p1a: Iron Boulder|0 fnt
|faint|p1a: Iron Boulder
|-end|p1a: Iron Boulder|Quark Drive|[silent]
|
|-weather|Snowscape|[upkeep]
|upkeep
|l| LuLuNaNaRaRa
|
|t:|1757828457
|switch|p1a: Gallade|Gallade, M|100/100
|turn|6
|
|t:|1757828464
|move|p1a: Gallade|Sacred Sword|p2a: Dondozo
|-damage|p2a: Dondozo|0 fnt
|faint|p2a: Dondozo
|
|-weather|Snowscape|[upkeep]
|upkeep
|
|t:|1757828472
|switch|p2a: Kyurem|Kyurem|100/100
|-ability|p2a: Kyurem|Pressure
|turn|7
|
|t:|1757828476
|move|p2a: Kyurem|Draco Meteor|p1a: Gallade|[miss]
|-miss|p2a: Kyurem|p1a: Gallade
|move|p1a: Gallade|Sacred Sword|p2a: Kyurem
|-supereffective|p2a: Kyurem
|-damage|p2a: Kyurem|0 fnt
|faint|p2a: Kyurem
|
|-weather|none
|upkeep
|
|t:|1757828488
|switch|p2a: Cinderace|Cinderace, F|100/100
|turn|8
|
|t:|1757828492
|switch|p1a: Armarouge|Armarouge, M|100/100
|move|p2a: Cinderace|Will-O-Wisp|p1a: Armarouge
|-immune|p1a: Armarouge
|
|-fieldend|move: Psychic Terrain
|upkeep
|turn|9
|
|t:|1757828502
|move|p2a: Cinderace|U-turn|p1a: Armarouge
|-damage|p1a: Armarouge|79/100
|-ability|p1a: Armarouge|Weak Armor|boost
|-unboost|p1a: Armarouge|def|1
|-boost|p1a: Armarouge|spe|2
|
|t:|1757828505
|switch|p2a: Ting-Lu|Ting-Lu|100/100|[from] U-turn
|-ability|p2a: Ting-Lu|Vessel of Ruin
|move|p1a: Armarouge|Armor Cannon|p2a: Ting-Lu
|-damage|p2a: Ting-Lu|75/100
|-unboost|p1a: Armarouge|def|1
|-unboost|p1a: Armarouge|spd|1
|
|-heal|p2a: Ting-Lu|81/100|[from] item: Leftovers
|upkeep
|turn|10
|
|t:|1757828511
|switch|p1a: Espeon|Espeon, M|100/100
|move|p2a: Ting-Lu|Earthquake|p1a: Espeon
|-damage|p1a: Espeon|60/100
|
|-heal|p2a: Ting-Lu|88/100|[from] item: Leftovers
|upkeep
|turn|11
|
|t:|1757828516
|move|p1a: Espeon|Alluring Voice|p2a: Ting-Lu
|-supereffective|p2a: Ting-Lu
|-damage|p2a: Ting-Lu|68/100
|move|p2a: Ting-Lu|Payback|p1a: Espeon
|-supereffective|p1a: Espeon
|-damage|p1a: Espeon|0 fnt
|faint|p1a: Espeon
|
|-heal|p2a: Ting-Lu|74/100|[from] item: Leftovers
|upkeep
|
|t:|1757828527
|switch|p1a: Gallade|Gallade, M|100/100
|-heal|p1a: Gallade|100/100|[from] move: Lunar Dance
|turn|12
|
|t:|1757828533
|switch|p2a: Corviknight|Corviknight, F|100/100
|-ability|p2a: Corviknight|Pressure
|move|p1a: Gallade|Sacred Sword|p2a: Corviknight
|-damage|p2a: Corviknight|55/100
|-damage|p1a: Gallade|84/100|[from] item: Rocky Helmet|[of] p2a: Corviknight
|
|upkeep
|turn|13
|
|t:|1757828539
|switch|p1a: Indeedee|Indeedee, M|100/100
|-fieldstart|move: Psychic Terrain|[from] ability: Psychic Surge|[of] p1a: Indeedee
|move|p2a: Corviknight|Roost|p2a: Corviknight
|-heal|p2a: Corviknight|100/100
|-singleturn|p2a: Corviknight|move: Roost
|
|upkeep
|turn|14
|
|t:|1757828552
|switch|p1a: Armarouge|Armarouge, M|79/100
|switch|p2a: Slowking|Slowking-Galar, F|100/100
|
|upkeep
|turn|15
|
|t:|1757828558
|move|p1a: Armarouge|Expanding Force|p2a: Slowking
|-damage|p2a: Slowking|51/100
|move|p2a: Slowking|Sludge Bomb|p1a: Armarouge
|-damage|p1a: Armarouge|35/100
|
|upkeep
|turn|16
|
|t:|1757828568
|switch|p2a: Ting-Lu|Ting-Lu|74/100
|-ability|p2a: Ting-Lu|Vessel of Ruin
|move|p1a: Armarouge|Expanding Force|p2a: Ting-Lu
|-immune|p2a: Ting-Lu
|
|-heal|p2a: Ting-Lu|80/100|[from] item: Leftovers
|upkeep
|turn|17
|
|t:|1757828576
|move|p1a: Armarouge|Endure|p1a: Armarouge
|-singleturn|p1a: Armarouge|move: Endure
|move|p2a: Ting-Lu|Earthquake|p1a: Armarouge
|-supereffective|p1a: Armarouge
|-activate|p1a: Armarouge|move: Endure
|-damage|p1a: Armarouge|1/100
|-ability|p1a: Armarouge|Weak Armor|boost
|-unboost|p1a: Armarouge|def|1
|-boost|p1a: Armarouge|spe|2
|-enditem|p1a: Armarouge|Weakness Policy
|-boost|p1a: Armarouge|atk|2|[from] item: Weakness Policy
|-boost|p1a: Armarouge|spa|2|[from] item: Weakness Policy
|
|-heal|p2a: Ting-Lu|86/100|[from] item: Leftovers
|upkeep
|turn|18
|
|t:|1757828584
|move|p1a: Armarouge|Armor Cannon|p2a: Ting-Lu
|-damage|p2a: Ting-Lu|33/100
|-unboost|p1a: Armarouge|def|1
|-unboost|p1a: Armarouge|spd|1
|move|p2a: Ting-Lu|Earthquake|p1a: Armarouge
|-supereffective|p1a: Armarouge
|-damage|p1a: Armarouge|0 fnt
|faint|p1a: Armarouge
|
|-heal|p2a: Ting-Lu|40/100|[from] item: Leftovers
|upkeep
|
|t:|1757828588
|switch|p1a: Gallade|Gallade, M|84/100
|turn|19
|j| newguy1310
|
|t:|1757828594
|move|p1a: Gallade|Sacred Sword|p2a: Ting-Lu
|-supereffective|p2a: Ting-Lu
|-crit|p2a: Ting-Lu
|-damage|p2a: Ting-Lu|0 fnt
|faint|p2a: Ting-Lu
|
|upkeep
|
|t:|1757828596
|switch|p2a: Cinderace|Cinderace, F|100/100
|turn|20
|
|t:|1757828602
|move|p2a: Cinderace|U-turn|p1a: Gallade
|-damage|p1a: Gallade|52/100
|j| LuLuNaNaRaRa
|
|t:|1757828605
|switch|p2a: Corviknight|Corviknight, F|100/100|[from] U-turn
|-ability|p2a: Corviknight|Pressure
|move|p1a: Gallade|Psycho Cut|p2a: Corviknight
|-resisted|p2a: Corviknight
|-damage|p2a: Corviknight|78/100
|
|-fieldend|move: Psychic Terrain
|upkeep
|turn|21
|
|t:|1757828610
|move|p1a: Gallade|Sacred Sword|p2a: Corviknight
|-damage|p2a: Corviknight|36/100
|-damage|p1a: Gallade|35/100|[from] item: Rocky Helmet|[of] p2a: Corviknight
|move|p2a: Corviknight|Iron Defense|p2a: Corviknight
|-boost|p2a: Corviknight|def|2
|
|upkeep
|turn|22
|
|t:|1757828614
|move|p1a: Gallade|Sacred Sword|p2a: Corviknight
|-damage|p2a: Corviknight|0 fnt
|-damage|p1a: Gallade|18/100|[from] item: Rocky Helmet|[of] p2a: Corviknight
|faint|p2a: Corviknight
|
|upkeep
|
|t:|1757828617
|switch|p2a: Cinderace|Cinderace, F|100/100
|turn|23
|
|t:|1757828620
|switch|p1a: Indeedee|Indeedee, M|100/100
|-fieldstart|move: Psychic Terrain|[from] ability: Psychic Surge|[of] p1a: Indeedee
|move|p2a: Cinderace|U-turn|p1a: Indeedee
|-supereffective|p1a: Indeedee
|-damage|p1a: Indeedee|19/100
|
|t:|1757828622
|switch|p2a: Slowking|Slowking-Galar, F|84/100|[from] U-turn
|
|upkeep
|turn|24
|
|t:|1757828624
|move|p1a: Indeedee|Healing Wish|p1a: Indeedee
|faint|p1a: Indeedee
|move|p2a: Slowking|Sludge Bomb|p1: Indeedee|[notarget]
|-fail|p2a: Slowking
|
|upkeep
|
|t:|1757828627
|switch|p1a: Gallade|Gallade, M|18/100
|-heal|p1a: Gallade|100/100|[from] move: Healing Wish
|turn|25
|
|t:|1757828640
|-terastallize|p1a: Gallade|Dark
|move|p1a: Gallade|Night Slash|p2a: Slowking
|-supereffective|p2a: Slowking
|-damage|p2a: Slowking|0 fnt
|faint|p2a: Slowking
|
|upkeep
|
|t:|1757828643
|switch|p2a: Cinderace|Cinderace, F|100/100
|turn|26
|
|t:|1757828649
|-terastallize|p2a: Cinderace|Fire
|move|p2a: Cinderace|Pyro Ball|p1a: Gallade
|-enditem|p1a: Gallade|Focus Sash
|-damage|p1a: Gallade|1/100
|move|p1a: Gallade|Psycho Cut|p2a: Cinderace
|-damage|p2a: Cinderace|10/100
|
|upkeep
|turn|27
|
|t:|1757828657
|move|p2a: Cinderace|U-turn|p1a: Gallade
|-supereffective|p1a: Gallade
|-damage|p1a: Gallade|0 fnt
|faint|p1a: Gallade
|
|win|chefcapuchin
|raw|Hunter_of_Keys's rating: 1502 &rarr; <strong>1484</strong><br />(-18 for losing)
|raw|chefcapuchin's rating: 1534 &rarr; <strong>1552</strong><br />(+18 for winning)
|l|☆Hunter_of_Keys
|player|p1|
|l|☆chefcapuchin
|player|p2|
|l| LuLuNaNaRaRa
|l| newguy1310
