|j|‽Lucid Coffee
|j|☆Chorley Cakes
|t:|1757856379
|gametype|singles
|player|p1|Lucid Coffee|blue|1684
|player|p2|Chorley Cakes|waiter-gen4|1708
|gen|9
|tier|[Gen 9] OU
|rated|
|rule|HP Percentage Mod: HP is shown in percentages
|rule|Endless Battle Clause: Forcing endless battles is banned
|rule|Species Clause: Limit one of each Pokémon
|rule|OHKO Clause: OHKO moves are banned
|rule|Evasion Items Clause: Evasion items are banned
|rule|Evasion Moves Clause: Evasion moves are banned
|rule|Evasion Abilities Clause: Evasion abilities are banned
|rule|Sleep Moves Clause: Sleep-inducing moves are banned
|clearpoke
|poke|p1|Dragapult, M|
|poke|p1|Glimmora, M|
|poke|p1|Comfey, M|
|poke|p1|Kingambit, M|
|poke|p1|Ogerpon-Wellspring, F|
|poke|p1|Blaziken, M|
|poke|p2|Rillaboom, F|
|poke|p2|Kyurem|
|poke|p2|Cinderace, F|
|poke|p2|Gholdengo|
|poke|p2|Garganacl, M|
|poke|p2|Darkrai|
|teampreview
|
|t:|1757856396
|teamsize|p1|6
|teamsize|p2|6
|start
|switch|p1a: Blaziken|Blaziken, M, shiny|100/100
|switch|p2a: Kyurem|Kyurem|100/100
|-ability|p2a: Kyurem|Pressure
|turn|1
|inactive|Battle timer is ON: inactive players will automatically lose when time's up. (requested by Lucid Coffee)
|
|t:|1757856431
|move|p1a: Blaziken|Protect|p1a: Blaziken
|-singleturn|p1a: Blaziken|Protect
|move|p2a: Kyurem|Earth Power|p1a: Blaziken
|-activate|p1a: Blaziken|move: Protect
|
|-ability|p1a: Blaziken|Speed Boost|boost
|-boost|p1a: Blaziken|spe|1
|upkeep
|turn|2
|
|t:|1757856461
|switch|p1a: Ogerpon|Ogerpon-Wellspring, F|100/100
|move|p2a: Kyurem|Substitute|p2a: Kyurem
|-start|p2a: Kyurem|Substitute
|-damage|p2a: Kyurem|76/100
|
|-heal|p2a: Kyurem|82/100|[from] item: Leftovers
|upkeep
|turn|3
|
|t:|1757856474
|move|p2a: Kyurem|Protect|p2a: Kyurem
|-singleturn|p2a: Kyurem|Protect
|move|p1a: Ogerpon|U-turn|p2a: Kyurem
|-activate|p2a: Kyurem|move: Protect
|
|-heal|p2a: Kyurem|88/100|[from] item: Leftovers
|upkeep
|turn|4
|
|t:|1757856481
|move|p1a: Ogerpon|U-turn|p2a: Kyurem
|-activate|p2a: Kyurem|move: Substitute|[damage]
|
|t:|1757856486
|switch|p1a: Glimmora|Glimmora, M, shiny|100/100|[from] U-turn
|move|p2a: Kyurem|Freeze-Dry|p1a: Glimmora
|-damage|p1a: Glimmora|64/100
|-enditem|p1a: Glimmora|Red Card|[of] p2a: Kyurem
|drag|p2a: Cinderace|Cinderace, F|100/100
|
|upkeep
|turn|5
|
|t:|1757856501
|switch|p2a: Kyurem|Kyurem|88/100
|-ability|p2a: Kyurem|Pressure
|move|p1a: Glimmora|Stealth Rock|p2a: Kyurem
|-sidestart|p2: Chorley Cakes|move: Stealth Rock
|
|-heal|p2a: Kyurem|94/100|[from] item: Leftovers
|upkeep
|turn|6
|
|t:|1757856509
|move|p2a: Kyurem|Substitute|p2a: Kyurem
|-start|p2a: Kyurem|Substitute
|-damage|p2a: Kyurem|69/100
|move|p1a: Glimmora|Power Gem|p2a: Kyurem
|-supereffective|p2a: Kyurem
|-end|p2a: Kyurem|Substitute
|
|-heal|p2a: Kyurem|75/100|[from] item: Leftovers
|upkeep
|turn|7
|
|t:|1757856516
|move|p2a: Kyurem|Earth Power|p1a: Glimmora
|-supereffective|p1a: Glimmora
|-damage|p1a: Glimmora|0 fnt
|faint|p1a: Glimmora
|
|-heal|p2a: Kyurem|82/100|[from] item: Leftovers
|upkeep
|
|t:|1757856528
|switch|p1a: Dragapult|Dragapult, M, shiny|100/100
|turn|8
|
|t:|1757856531
|move|p2a: Kyurem|Protect|p2a: Kyurem
|-singleturn|p2a: Kyurem|Protect
|move|p1a: Dragapult|Dragon Darts|p2a: Kyurem
|-activate|p2a: Kyurem|move: Protect
|
|-heal|p2a: Kyurem|88/100|[from] item: Leftovers
|upkeep
|turn|9
|
|t:|1757856550
|switch|p2a: Rillaboom|Rillaboom, F|100/100
|-damage|p2a: Rillaboom|88/100|[from] Stealth Rock
|-fieldstart|move: Grassy Terrain|[from] ability: Grassy Surge|[of] p2a: Rillaboom
|move|p1a: Dragapult|Dragon Darts|p2a: Rillaboom
|-damage|p2a: Rillaboom|65/100
|-anim|p1a: Dragapult|Dragon Darts|p2a: Rillaboom
|-damage|p2a: Rillaboom|39/100
|-damage|p1a: Dragapult|91/100|[from] item: Life Orb
|
|-heal|p1a: Dragapult|97/100|[from] Grassy Terrain
|-heal|p2a: Rillaboom|45/100|[from] Grassy Terrain
|upkeep
|turn|10
|
|t:|1757856563
|switch|p2a: Garganacl|Garganacl, M|100/100
|-damage|p2a: Garganacl|88/100|[from] Stealth Rock
|move|p1a: Dragapult|Dragon Darts|p2a: Garganacl
|-damage|p2a: Garganacl|71/100
|-anim|p1a: Dragapult|Dragon Darts|p2a: Garganacl
|-damage|p2a: Garganacl|53/100
|-damage|p1a: Dragapult|87/100|[from] item: Life Orb
|
|-heal|p1a: Dragapult|93/100|[from] Grassy Terrain
|-heal|p2a: Garganacl|59/100|[from] Grassy Terrain
|-heal|p2a: Garganacl|66/100|[from] item: Leftovers
|upkeep
|turn|11
|
|t:|1757856581
|-terastallize|p1a: Dragapult|Dragon
|move|p1a: Dragapult|Draco Meteor|p2a: Garganacl
|-damage|p2a: Garganacl|3/100
|-unboost|p1a: Dragapult|spa|2
|-damage|p1a: Dragapult|83/100|[from] item: Life Orb
|move|p2a: Garganacl|Recover|p2a: Garganacl
|-heal|p2a: Garganacl|53/100
|
|-heal|p1a: Dragapult|89/100|[from] Grassy Terrain
|-heal|p2a: Garganacl|59/100|[from] Grassy Terrain
|-heal|p2a: Garganacl|66/100|[from] item: Leftovers
|upkeep
|turn|12
|
|t:|1757856597
|switch|p1a: Comfey|Comfey, M, shiny|100/100
|move|p2a: Garganacl|Protect||[still]
|-fail|p2a: Garganacl
|
|-heal|p2a: Garganacl|72/100|[from] Grassy Terrain
|-heal|p2a: Garganacl|78/100|[from] item: Leftovers
|upkeep
|turn|13
|
|t:|1757856612
|switch|p1a: Blaziken|Blaziken, M, shiny|100/100
|move|p2a: Garganacl|Salt Cure|p1a: Blaziken
|-damage|p1a: Blaziken|81/100
|-start|p1a: Blaziken|Salt Cure
|
|-heal|p1a: Blaziken|87/100|[from] Grassy Terrain
|-heal|p2a: Garganacl|84/100|[from] Grassy Terrain
|-heal|p2a: Garganacl|90/100|[from] item: Leftovers
|-damage|p1a: Blaziken|75/100|[from] Salt Cure
|upkeep
|turn|14
|inactive|Chorley Cakes has 120 seconds left.
|
|t:|1757856638
|move|p1a: Blaziken|Close Combat|p2a: Garganacl
|-supereffective|p2a: Garganacl
|-damage|p2a: Garganacl|0 fnt
|-unboost|p1a: Blaziken|def|1
|-unboost|p1a: Blaziken|spd|1
|faint|p2a: Garganacl
|-damage|p1a: Blaziken|65/100|[from] item: Life Orb
|
|-heal|p1a: Blaziken|71/100|[from] Grassy Terrain
|-damage|p1a: Blaziken|59/100|[from] Salt Cure
|-ability|p1a: Blaziken|Speed Boost|boost
|-boost|p1a: Blaziken|spe|1
|upkeep
|inactive|Chorley Cakes has 90 seconds left.
|
|t:|1757856665
|switch|p2a: Gholdengo|Gholdengo|100/100
|-damage|p2a: Gholdengo|94/100|[from] Stealth Rock
|-item|p2a: Gholdengo|Air Balloon
|turn|15
|
|t:|1757856670
|-terastallize|p2a: Gholdengo|Ghost
|move|p1a: Blaziken|Protect|p1a: Blaziken
|-singleturn|p1a: Blaziken|Protect
|move|p2a: Gholdengo|Thunder Wave|p1a: Blaziken
|-activate|p1a: Blaziken|move: Protect
|
|-heal|p1a: Blaziken|65/100|[from] Grassy Terrain
|-damage|p1a: Blaziken|52/100|[from] Salt Cure
|-ability|p1a: Blaziken|Speed Boost|boost
|-boost|p1a: Blaziken|spe|1
|upkeep
|turn|16
|
|t:|1757856682
|move|p1a: Blaziken|Knock Off|p2a: Gholdengo
|-supereffective|p2a: Gholdengo
|-damage|p2a: Gholdengo|31/100
|-enditem|p2a: Gholdengo|Air Balloon
|-damage|p1a: Blaziken|42/100|[from] item: Life Orb
|move|p2a: Gholdengo|Hex|p1a: Blaziken
|-damage|p1a: Blaziken|0 fnt
|faint|p1a: Blaziken
|
|-heal|p2a: Gholdengo|37/100|[from] Grassy Terrain
|-fieldend|move: Grassy Terrain
|upkeep
|
|t:|1757856690
|switch|p1a: Dragapult|Dragapult, M, shiny, tera:Dragon|89/100
|turn|17
|
|t:|1757856698
|move|p1a: Dragapult|Dragon Darts|p2a: Gholdengo
|-damage|p2a: Gholdengo|10/100
|-anim|p1a: Dragapult|Dragon Darts|p2a: Gholdengo
|-damage|p2a: Gholdengo|0 fnt
|faint|p2a: Gholdengo
|-damage|p1a: Dragapult|79/100|[from] item: Life Orb
|
|upkeep
|
|t:|1757856715
|switch|p2a: Kyurem|Kyurem|88/100
|-damage|p2a: Kyurem|63/100|[from] Stealth Rock
|-ability|p2a: Kyurem|Pressure
|turn|18
|
|t:|1757856727
|move|p2a: Kyurem|Protect|p2a: Kyurem
|-singleturn|p2a: Kyurem|Protect
|move|p1a: Dragapult|Dragon Darts|p2a: Kyurem
|-activate|p2a: Kyurem|move: Protect
|
|-heal|p2a: Kyurem|69/100|[from] item: Leftovers
|upkeep
|turn|19
|
|t:|1757856736
|move|p1a: Dragapult|Dragon Darts|p2a: Kyurem
|-supereffective|p2a: Kyurem
|-damage|p2a: Kyurem|5/100
|-anim|p1a: Dragapult|Dragon Darts|p2a: Kyurem
|-supereffective|p2a: Kyurem
|-damage|p2a: Kyurem|0 fnt
|faint|p2a: Kyurem
|-damage|p1a: Dragapult|70/100|[from] item: Life Orb
|
|upkeep
|inactive|Chorley Cakes has 90 seconds left.
|
|t:|1757856767
|switch|p2a: Rillaboom|Rillaboom, F|45/100
|-damage|p2a: Rillaboom|33/100|[from] Stealth Rock
|-fieldstart|move: Grassy Terrain|[from] ability: Grassy Surge|[of] p2a: Rillaboom
|turn|20
|
|t:|1757856772
|move|p2a: Rillaboom|Grassy Glide|p1a: Dragapult
|-resisted|p1a: Dragapult
|-damage|p1a: Dragapult|42/100
|move|p1a: Dragapult|Dragon Darts|p2a: Rillaboom
|-damage|p2a: Rillaboom|0 fnt
|faint|p2a: Rillaboom
|-damage|p1a: Dragapult|32/100|[from] item: Life Orb
|
|-heal|p1a: Dragapult|38/100|[from] Grassy Terrain
|upkeep
|inactive|Chorley Cakes has 90 seconds left.
|
|t:|1757856783
|switch|p2a: Cinderace|Cinderace, F|100/100
|turn|21
|
|t:|1757856786
|move|p2a: Cinderace|Sucker Punch|p1a: Dragapult
|-start|p2a: Cinderace|typechange|Dark|[from] ability: Libero
|-damage|p1a: Dragapult|0 fnt
|faint|p1a: Dragapult
|
|upkeep
|
|t:|1757856794
|switch|p1a: Comfey|Comfey, M, shiny|100/100
|turn|22
|
|t:|1757856799
|switch|p2a: Darkrai|Darkrai|100/100
|move|p1a: Comfey|Draining Kiss|p2a: Darkrai
|-supereffective|p2a: Darkrai
|-damage|p2a: Darkrai|28/100
|-damage|p1a: Comfey|91/100|[from] item: Life Orb
|
|-heal|p2a: Darkrai|34/100|[from] Grassy Terrain
|-heal|p1a: Comfey|97/100|[from] Grassy Terrain
|upkeep
|turn|23
|inactive|Chorley Cakes has 120 seconds left.
|
|t:|1757856807
|move|p2a: Darkrai|Sludge Bomb|p1a: Comfey
|-supereffective|p1a: Comfey
|-damage|p1a: Comfey|25/100
|-status|p1a: Comfey|psn
|move|p1a: Comfey|Tera Blast|p2a: Darkrai
|-damage|p2a: Darkrai|0 fnt
|faint|p2a: Darkrai
|-damage|p1a: Comfey|15/100 psn|[from] item: Life Orb
|
|-heal|p1a: Comfey|21/100 psn|[from] Grassy Terrain
|-damage|p1a: Comfey|9/100 psn|[from] psn
|upkeep
|inactive|Chorley Cakes has 120 seconds left.
|
|t:|1757856818
|switch|p2a: Cinderace|Cinderace, F|100/100
|turn|24
|inactive|Chorley Cakes has 120 seconds left.
|
|t:|1757856825
|move|p1a: Comfey|Draining Kiss|p2a: Cinderace
|-resisted|p2a: Cinderace
|-damage|p2a: Cinderace|80/100
|-heal|p1a: Comfey|24/100 psn|[from] drain|[of] p2a: Cinderace
|-damage|p1a: Comfey|14/100 psn|[from] item: Life Orb
|move|p2a: Cinderace|Sucker Punch||[still]
|-fail|p2a: Cinderace
|
|-heal|p2a: Cinderace|86/100|[from] Grassy Terrain
|-heal|p1a: Comfey|20/100 psn|[from] Grassy Terrain
|-damage|p1a: Comfey|8/100 psn|[from] psn
|upkeep
|turn|25
|inactive|Chorley Cakes has 120 seconds left.
|
|t:|1757856839
|move|p1a: Comfey|Draining Kiss|p2a: Cinderace
|-resisted|p2a: Cinderace
|-damage|p2a: Cinderace|66/100
|-heal|p1a: Comfey|23/100 psn|[from] drain|[of] p2a: Cinderace
|-damage|p1a: Comfey|13/100 psn|[from] item: Life Orb
|move|p2a: Cinderace|U-turn|p1a: Comfey
|-start|p2a: Cinderace|typechange|Bug|[from] ability: Libero
|-resisted|p1a: Comfey
|-damage|p1a: Comfey|0 fnt
|faint|p1a: Comfey
|
|-heal|p2a: Cinderace|72/100|[from] Grassy Terrain
|upkeep
|
|t:|1757856851
|switch|p1a: Kingambit|Kingambit, M, shiny|100/100
|-activate|p1a: Kingambit|ability: Supreme Overlord
|-start|p1a: Kingambit|fallen4|[silent]
|turn|26
|
|t:|1757856857
|move|p2a: Cinderace|Pyro Ball|p1a: Kingambit
|-supereffective|p1a: Kingambit
|-damage|p1a: Kingambit|47/100
|move|p1a: Kingambit|Kowtow Cleave|p2a: Cinderace
|-damage|p2a: Cinderace|0 fnt
|faint|p2a: Cinderace
|
|win|Lucid Coffee
|raw|Lucid Coffee's rating: 1684 &rarr; <strong>1705</strong><br />(+21 for winning)
|raw|Chorley Cakes's rating: 1708 &rarr; <strong>1687</strong><br />(-21 for losing)
|l|‽Lucid Coffee
|player|p1|
|l|☆Chorley Cakes
|player|p2|
