|j|☆Vibravva
|j|☆cdglo
|t:|1757835339
|gametype|singles
|player|p1|Vibravva|102|1194
|player|p2|cdglo|sailor|1138
|gen|9
|tier|[Gen 9] OU
|rated|
|rule|HP Percentage Mod: HP is shown in percentages
|rule|Endless Battle Clause: Forcing endless battles is banned
|rule|Species Clause: Limit one of each Pokémon
|rule|OHKO Clause: OHKO moves are banned
|rule|Evasion Items Clause: Evasion items are banned
|rule|Evasion Moves Clause: Evasion moves are banned
|rule|Evasion Abilities Clause: Evasion abilities are banned
|rule|Sleep Moves Clause: Sleep-inducing moves are banned
|clearpoke
|poke|p1|Torkoal, F|
|poke|p1|Lilligant-Hisui, F|
|poke|p1|Ceruledge, F|
|poke|p1|Great Tusk|
|poke|p1|Venusaur, F|
|poke|p1|Raging Bolt|
|poke|p2|Ting-Lu|
|poke|p2|Zangoose, M|
|poke|p2|Masquerain, M|
|poke|p2|Iron Valiant|
|poke|p2|Entei|
|poke|p2|Mew|
|teampreview
|
|t:|1757835350
|teamsize|p1|6
|teamsize|p2|6
|start
|switch|p1a: Torkoal|Torkoal, F|100/100
|switch|p2a: Masquerain|Masquerain, M|100/100
|-ability|p2a: Masquerain|Intimidate|boost
|-unboost|p1a: Torkoal|atk|1
|-weather|SunnyDay|[from] ability: Drought|[of] p1a: Torkoal
|turn|1
|
|t:|1757835358
|switch|p1a: Great Tusk|Great Tusk|100/100
|-activate|p1a: Great Tusk|ability: Protosynthesis
|-start|p1a: Great Tusk|protosynthesisatk
|move|p2a: Masquerain|Sticky Web|p1a: Great Tusk
|-sidestart|p1: Vibravva|move: Sticky Web
|
|-weather|SunnyDay|[upkeep]
|upkeep
|turn|2
|
|t:|1757835364
|move|p2a: Masquerain|Ice Beam|p1a: Great Tusk
|-supereffective|p1a: Great Tusk
|-crit|p1a: Great Tusk
|-damage|p1a: Great Tusk|22/100
|move|p1a: Great Tusk|Rapid Spin|p2a: Masquerain
|-damage|p2a: Masquerain|57/100
|-boost|p1a: Great Tusk|spe|1
|-sideend|p1: Vibravva|Sticky Web|[from] move: Rapid Spin|[of] p1a: Great Tusk
|
|-weather|SunnyDay|[upkeep]
|upkeep
|turn|3
|
|t:|1757835376
|move|p1a: Great Tusk|Temper Flare|p2a: Masquerain
|-supereffective|p2a: Masquerain
|-damage|p2a: Masquerain|0 fnt
|faint|p2a: Masquerain
|
|-weather|SunnyDay|[upkeep]
|upkeep
|
|t:|1757835391
|switch|p2a: Entei|Entei|100/100
|turn|4
|
|t:|1757835397
|move|p2a: Entei|Extreme Speed|p1a: Great Tusk
|-damage|p1a: Great Tusk|0 fnt
|faint|p1a: Great Tusk
|-end|p1a: Great Tusk|Protosynthesis|[silent]
|-damage|p2a: Entei|91/100|[from] item: Life Orb
|
|-weather|SunnyDay|[upkeep]
|upkeep
|
|t:|1757835408
|switch|p1a: Ceruledge|Ceruledge, F|100/100
|turn|5
|
|t:|1757835418
|move|p1a: Ceruledge|Swords Dance|p1a: Ceruledge
|-boost|p1a: Ceruledge|atk|2
|move|p2a: Entei|Crunch|p1a: Ceruledge
|-supereffective|p1a: Ceruledge
|-enditem|p1a: Ceruledge|Focus Sash
|-damage|p1a: Ceruledge|1/100
|-ability|p1a: Ceruledge|Weak Armor|boost
|-unboost|p1a: Ceruledge|def|1
|-boost|p1a: Ceruledge|spe|2
|-damage|p2a: Entei|81/100|[from] item: Life Orb
|
|-weather|SunnyDay|[upkeep]
|upkeep
|turn|6
|
|t:|1757835446
|move|p1a: Ceruledge|Poltergeist|p2a: Entei
|-activate|p2a: Entei|move: Poltergeist|Life Orb
|-crit|p2a: Entei
|-damage|p2a: Entei|0 fnt
|faint|p2a: Entei
|
|-weather|SunnyDay|[upkeep]
|upkeep
|
|t:|1757835452
|switch|p2a: Iron Valiant|Iron Valiant, shiny|100/100
|-enditem|p2a: Iron Valiant|Booster Energy
|-activate|p2a: Iron Valiant|ability: Quark Drive|[fromitem]
|-start|p2a: Iron Valiant|quarkdrivespe
|turn|7
|
|t:|1757835457
|move|p1a: Ceruledge|Shadow Sneak|p2a: Iron Valiant
|-damage|p2a: Iron Valiant|53/100
|move|p2a: Iron Valiant|Shadow Sneak|p1a: Ceruledge
|-supereffective|p1a: Ceruledge
|-damage|p1a: Ceruledge|0 fnt
|faint|p1a: Ceruledge
|
|-weather|SunnyDay|[upkeep]
|upkeep
|
|t:|1757835467
|switch|p1a: Venusaur|Venusaur, F, shiny|100/100
|turn|8
|
|t:|1757835494
|-end|p2a: Iron Valiant|Quark Drive|[silent]
|switch|p2a: Ting-Lu|Ting-Lu|100/100
|-ability|p2a: Ting-Lu|Vessel of Ruin
|move|p1a: Venusaur|Sludge Bomb|p2a: Ting-Lu
|-resisted|p2a: Ting-Lu
|-damage|p2a: Ting-Lu|86/100
|-damage|p1a: Venusaur|91/100|[from] item: Life Orb
|
|-weather|none
|-heal|p2a: Ting-Lu|92/100|[from] item: Leftovers
|upkeep
|turn|9
|
|t:|1757835506
|switch|p1a: Torkoal|Torkoal, F|100/100
|-weather|SunnyDay|[from] ability: Drought|[of] p1a: Torkoal
|move|p2a: Ting-Lu|Stealth Rock|p1a: Torkoal
|-sidestart|p1: Vibravva|move: Stealth Rock
|
|-weather|SunnyDay|[upkeep]
|-heal|p2a: Ting-Lu|98/100|[from] item: Leftovers
|upkeep
|turn|10
|
|t:|1757835515
|move|p1a: Torkoal|Stealth Rock|p2a: Ting-Lu
|-sidestart|p2: cdglo|move: Stealth Rock
|move|p2a: Ting-Lu|Whirlwind|p1a: Torkoal
|drag|p1a: Raging Bolt|Raging Bolt|100/100
|-damage|p1a: Raging Bolt|88/100|[from] Stealth Rock
|-activate|p1a: Raging Bolt|ability: Protosynthesis
|-start|p1a: Raging Bolt|protosynthesisspa
|
|-weather|SunnyDay|[upkeep]
|-heal|p1a: Raging Bolt|94/100|[from] item: Leftovers
|-heal|p2a: Ting-Lu|100/100|[from] item: Leftovers
|upkeep
|turn|11
|
|t:|1757835527
|move|p1a: Raging Bolt|Draco Meteor|p2a: Ting-Lu
|-crit|p2a: Ting-Lu
|-damage|p2a: Ting-Lu|21/100
|-unboost|p1a: Raging Bolt|spa|2
|move|p2a: Ting-Lu|Whirlwind|p1a: Raging Bolt
|-end|p1a: Raging Bolt|Protosynthesis|[silent]
|drag|p1a: Venusaur|Venusaur, F, shiny|91/100
|-damage|p1a: Venusaur|78/100|[from] Stealth Rock
|
|-weather|SunnyDay|[upkeep]
|-heal|p2a: Ting-Lu|27/100|[from] item: Leftovers
|upkeep
|turn|12
|
|t:|1757835539
|move|p1a: Venusaur|Giga Drain|p2a: Ting-Lu
|-supereffective|p2a: Ting-Lu
|-damage|p2a: Ting-Lu|0 fnt
|-heal|p1a: Venusaur|100/100|[from] drain|[of] p2a: Ting-Lu
|faint|p2a: Ting-Lu
|-damage|p1a: Venusaur|91/100|[from] item: Life Orb
|
|-weather|SunnyDay|[upkeep]
|upkeep
|c|☆cdglo|Stupid crits
|
|t:|1757835558
|switch|p2a: Iron Valiant|Iron Valiant, shiny|53/100
|-damage|p2a: Iron Valiant|46/100|[from] Stealth Rock
|turn|13
|
|t:|1757835567
|-terastallize|p2a: Iron Valiant|Ghost
|move|p1a: Venusaur|Sludge Bomb|p2a: Iron Valiant
|-resisted|p2a: Iron Valiant
|-damage|p2a: Iron Valiant|0 fnt
|faint|p2a: Iron Valiant
|-end|p2a: Iron Valiant|Quark Drive|[silent]
|-damage|p1a: Venusaur|81/100|[from] item: Life Orb
|
|-weather|SunnyDay|[upkeep]
|upkeep
|
|t:|1757835575
|switch|p2a: Mew|Mew, shiny|100/100
|-damage|p2a: Mew|88/100|[from] Stealth Rock
|turn|14
|
|t:|1757835579
|-terastallize|p1a: Venusaur|Fire
|move|p1a: Venusaur|Weather Ball|p2a: Mew
|-damage|p2a: Mew|10/100
|-damage|p1a: Venusaur|71/100|[from] item: Life Orb
|move|p2a: Mew|Agility|p2a: Mew
|-boost|p2a: Mew|spe|2
|
|-weather|SunnyDay|[upkeep]
|upkeep
|turn|15
|
|t:|1757835591
|move|p1a: Venusaur|Weather Ball|p2a: Mew
|-damage|p2a: Mew|0 fnt
|faint|p2a: Mew
|-damage|p1a: Venusaur|61/100|[from] item: Life Orb
|
|-weather|SunnyDay|[upkeep]
|upkeep
|
|t:|1757835596
|switch|p2a: Zangoose|Zangoose, M|100/100
|-damage|p2a: Zangoose|88/100|[from] Stealth Rock
|turn|16
|
|t:|1757835600
|move|p1a: Venusaur|Weather Ball|p2a: Zangoose
|-damage|p2a: Zangoose|0 fnt
|faint|p2a: Zangoose
|-damage|p1a: Venusaur|51/100|[from] item: Life Orb
|
|win|Vibravva
|raw|Vibravva's rating: 1194 &rarr; <strong>1215</strong><br />(+21 for winning)
|raw|cdglo's rating: 1138 &rarr; <strong>1117</strong><br />(-21 for losing)
|c|☆cdglo|Tryhard
|l|☆cdglo
|player|p2|
|c|☆Vibravva|Lmao
