|j|☆YEAAAAAH
|j|☆itsscarycary
|t:|1757866308
|gametype|singles
|player|p1|YEAAAAAH|burgh|1168
|player|p2|itsscarycary|swimmerf-gen4|1120
|gen|9
|tier|[Gen 9] OU
|rated|
|rule|HP Percentage Mod: HP is shown in percentages
|rule|Endless Battle Clause: Forcing endless battles is banned
|rule|Species Clause: Limit one of each Pokémon
|rule|OHKO Clause: OHKO moves are banned
|rule|Evasion Items Clause: Evasion items are banned
|rule|Evasion Moves Clause: Evasion moves are banned
|rule|Evasion Abilities Clause: Evasion abilities are banned
|rule|Sleep Moves Clause: Sleep-inducing moves are banned
|clearpoke
|poke|p1|Malamar, F|
|poke|p1|Rillaboom, M|
|poke|p1|Chesnaught, M|
|poke|p1|Munkidori, M|
|poke|p1|Primarina, F|
|poke|p1|Thundurus-Therian, M|
|poke|p2|Dragonite, F|
|poke|p2|Ting-Lu|
|poke|p2|Zamazenta-*|
|poke|p2|Ogerpon-Wellspring, F|
|poke|p2|Hatterene, F|
|poke|p2|Gholdengo|
|teampreview
|inactive|Battle timer is ON: inactive players will automatically lose when time's up. (requested by itsscarycary)
|c|☆itsscarycary|My friend malamar
|
|t:|1757866329
|teamsize|p1|6
|teamsize|p2|6
|start
|switch|p1a: Munkidori|Munkidori, M|100/100
|switch|p2a: Dragonite|Dragonite, F|100/100
|turn|1
|
|t:|1757866342
|move|p1a: Munkidori|Fake Out|p2a: Dragonite
|-damage|p2a: Dragonite|97/100
|cant|p2a: Dragonite|flinch
|
|upkeep
|turn|2
|
|t:|1757866348
|move|p1a: Munkidori|Psychic Noise|p2a: Dragonite
|-damage|p2a: Dragonite|55/100
|-start|p2a: Dragonite|move: Heal Block
|move|p2a: Dragonite|Scale Shot|p1a: Munkidori
|-damage|p1a: Munkidori|78/100
|-damage|p1a: Munkidori|56/100
|-damage|p1a: Munkidori|31/100
|-damage|p1a: Munkidori|10/100
|-hitcount|p1a: Munkidori|4
|-unboost|p2a: Dragonite|def|1
|-boost|p2a: Dragonite|spe|1
|
|upkeep
|turn|3
|
|t:|1757866365
|move|p2a: Dragonite|Fire Punch|p1a: Munkidori
|-damage|p1a: Munkidori|0 fnt
|faint|p1a: Munkidori
|
|-end|p2a: Dragonite|move: Heal Block
|upkeep
|
|t:|1757866368
|switch|p1a: Primarina|Primarina, F, shiny|100/100
|turn|4
|
|t:|1757866380
|switch|p2a: Ting-Lu|Ting-Lu|100/100
|-ability|p2a: Ting-Lu|Vessel of Ruin
|move|p1a: Primarina|Hyper Voice|p2a: Ting-Lu
|-supereffective|p2a: Ting-Lu
|-damage|p2a: Ting-Lu|57/100
|-enditem|p1a: Primarina|Throat Spray
|-boost|p1a: Primarina|spa|1|[from] item: Throat Spray
|
|-heal|p2a: Ting-Lu|64/100|[from] item: Leftovers
|upkeep
|turn|5
|
|t:|1757866391
|move|p1a: Primarina|Moonblast|p2a: Ting-Lu
|-supereffective|p2a: Ting-Lu
|-damage|p2a: Ting-Lu|0 fnt
|faint|p2a: Ting-Lu
|
|upkeep
|
|t:|1757866396
|switch|p2a: Ogerpon|Ogerpon-Wellspring, F|100/100
|turn|6
|
|t:|1757866402
|move|p2a: Ogerpon|Ivy Cudgel|p1a: Primarina|[anim] Ivy Cudgel Water
|-resisted|p1a: Primarina
|-crit|p1a: Primarina
|-damage|p1a: Primarina|55/100
|move|p1a: Primarina|Moonblast|p2a: Ogerpon
|-damage|p2a: Ogerpon|14/100
|
|upkeep
|turn|7
|
|t:|1757866410
|move|p2a: Ogerpon|U-turn|p1a: Primarina
|-resisted|p1a: Primarina
|-damage|p1a: Primarina|41/100
|
|t:|1757866414
|switch|p2a: Gholdengo|Gholdengo|100/100|[from] U-turn
|-item|p2a: Gholdengo|Air Balloon
|move|p1a: Primarina|Draining Kiss|p2a: Gholdengo
|-resisted|p2a: Gholdengo
|-damage|p2a: Gholdengo|79/100
|-heal|p1a: Primarina|61/100|[from] drain|[of] p2a: Gholdengo
|-enditem|p2a: Gholdengo|Air Balloon
|
|upkeep
|turn|8
|
|t:|1757866423
|-terastallize|p1a: Primarina|Fire
|move|p2a: Gholdengo|Make It Rain|p1a: Primarina
|-resisted|p1a: Primarina
|-damage|p1a: Primarina|33/100
|-unboost|p2a: Gholdengo|spa|1
|move|p1a: Primarina|Hyper Voice|p2a: Gholdengo
|-damage|p2a: Gholdengo|8/100
|
|upkeep
|turn|9
|
|t:|1757866430
|move|p2a: Gholdengo|Shadow Ball|p1a: Primarina
|-damage|p1a: Primarina|8/100
|move|p1a: Primarina|Draining Kiss|p2a: Gholdengo
|-resisted|p2a: Gholdengo
|-damage|p2a: Gholdengo|0 fnt
|-heal|p1a: Primarina|16/100|[from] drain|[of] p2a: Gholdengo
|faint|p2a: Gholdengo
|
|upkeep
|
|t:|1757866435
|switch|p2a: Hatterene|Hatterene, F|100/100
|turn|10
|
|t:|1757866445
|move|p1a: Primarina|Draining Kiss|p2a: Hatterene
|-damage|p2a: Hatterene|54/100
|-heal|p1a: Primarina|52/100|[from] drain|[of] p2a: Hatterene
|move|p2a: Hatterene|Psychic Noise|p1a: Primarina
|-damage|p1a: Primarina|18/100
|-start|p1a: Primarina|move: Heal Block
|
|-heal|p2a: Hatterene|60/100|[from] item: Leftovers
|upkeep
|turn|11
|
|t:|1757866457
|move|p1a: Primarina|Moonblast|p2a: Hatterene
|-damage|p2a: Hatterene|0 fnt
|faint|p2a: Hatterene
|
|-end|p1a: Primarina|move: Heal Block
|upkeep
|
|t:|1757866460
|switch|p2a: Zamazenta|Zamazenta|100/100
|-ability|p2a: Zamazenta|Dauntless Shield|boost
|-boost|p2a: Zamazenta|def|1
|turn|12
|
|t:|1757866463
|move|p2a: Zamazenta|Crunch|p1a: Primarina
|-damage|p1a: Primarina|0 fnt
|faint|p1a: Primarina
|
|upkeep
|
|t:|1757866479
|switch|p1a: Thundurus|Thundurus-Therian, M, shiny|100/100
|turn|13
|
|t:|1757866486
|move|p2a: Zamazenta|Stone Edge|p1a: Thundurus
|-supereffective|p1a: Thundurus
|-damage|p1a: Thundurus|0 fnt
|faint|p1a: Thundurus
|
|upkeep
|
|t:|1757866491
|switch|p1a: Malamar|Malamar, F, shiny|100/100
|turn|14
|
|t:|1757866499
|move|p2a: Zamazenta|Crunch|p1a: Malamar
|-damage|p1a: Malamar|77/100
|move|p1a: Malamar|Psycho Cut|p2a: Zamazenta
|-supereffective|p2a: Zamazenta
|-crit|p2a: Zamazenta
|-damage|p2a: Zamazenta|35/100
|
|-heal|p1a: Malamar|83/100|[from] item: Leftovers
|upkeep
|turn|15
|
|t:|1757866504
|move|p2a: Zamazenta|Close Combat|p1a: Malamar
|-damage|p1a: Malamar|27/100
|-unboost|p2a: Zamazenta|def|1
|-unboost|p2a: Zamazenta|spd|1
|move|p1a: Malamar|Psycho Cut|p2a: Zamazenta
|-supereffective|p2a: Zamazenta
|-damage|p2a: Zamazenta|0 fnt
|faint|p2a: Zamazenta
|
|-heal|p1a: Malamar|33/100|[from] item: Leftovers
|upkeep
|
|t:|1757866508
|switch|p2a: Dragonite|Dragonite, F|55/100
|turn|16
|
|t:|1757866511
|move|p2a: Dragonite|Scale Shot|p1a: Malamar|[miss]
|-miss|p2a: Dragonite|p1a: Malamar
|move|p1a: Malamar|Knock Off|p2a: Dragonite
|-damage|p2a: Dragonite|18/100
|-enditem|p2a: Dragonite|Loaded Dice|[from] move: Knock Off|[of] p1a: Malamar
|
|-heal|p1a: Malamar|39/100|[from] item: Leftovers
|upkeep
|turn|17
|
|t:|1757866515
|move|p2a: Dragonite|Scale Shot|p1a: Malamar
|-damage|p1a: Malamar|24/100
|-damage|p1a: Malamar|10/100
|-damage|p1a: Malamar|0 fnt
|faint|p1a: Malamar
|-hitcount|p1: Malamar|3
|-unboost|p2a: Dragonite|def|1
|-boost|p2a: Dragonite|spe|1
|
|upkeep
|
|t:|1757866517
|switch|p1a: Rillaboom|Rillaboom, M, shiny|100/100
|-fieldstart|move: Grassy Terrain|[from] ability: Grassy Surge|[of] p1a: Rillaboom
|turn|18
|
|t:|1757866521
|move|p1a: Rillaboom|Grassy Glide|p2a: Dragonite
|-resisted|p2a: Dragonite
|-damage|p2a: Dragonite|3/100
|move|p2a: Dragonite|Fire Punch|p1a: Rillaboom
|-supereffective|p1a: Rillaboom
|-damage|p1a: Rillaboom|40/100
|
|-heal|p1a: Rillaboom|46/100|[from] Grassy Terrain
|upkeep
|turn|19
|
|t:|1757866534
|move|p1a: Rillaboom|Grassy Glide|p2a: Dragonite
|-resisted|p2a: Dragonite
|-damage|p2a: Dragonite|0 fnt
|faint|p2a: Dragonite
|
|-heal|p1a: Rillaboom|52/100|[from] Grassy Terrain
|upkeep
|
|t:|1757866536
|switch|p2a: Ogerpon|Ogerpon-Wellspring, F|14/100
|turn|20
|
|t:|1757866541
|-terastallize|p2a: Ogerpon|Water
|detailschange|p2a: Ogerpon|Ogerpon-Wellspring-Tera, F, tera:Water
|-ability|p2a: Ogerpon|Embody Aspect (Wellspring)|boost
|-boost|p2a: Ogerpon|spd|1
|move|p1a: Rillaboom|Grassy Glide|p2a: Ogerpon
|-supereffective|p2a: Ogerpon
|-damage|p2a: Ogerpon|0 fnt
|faint|p2a: Ogerpon
|detailschange|p2: Ogerpon|Ogerpon-Wellspring, F|[silent]
|
|win|YEAAAAAH
|raw|YEAAAAAH's rating: 1168 &rarr; <strong>1190</strong><br />(+22 for winning)
|raw|itsscarycary's rating: 1120 &rarr; <strong>1098</strong><br />(-22 for losing)
