|j|☆piedmainbouche
|j|☆Shoerun
|t:|1757837598
|gametype|singles
|player|p1|piedmainbouche|infielder|1158
|player|p2|Shoerun|169|1159
|gen|9
|tier|[Gen 9] OU
|rated|
|rule|HP Percentage Mod: HP is shown in percentages
|rule|Endless Battle Clause: Forcing endless battles is banned
|rule|Species Clause: Limit one of each Pokémon
|rule|OHKO Clause: OHKO moves are banned
|rule|Evasion Items Clause: Evasion items are banned
|rule|Evasion Moves Clause: Evasion moves are banned
|rule|Evasion Abilities Clause: Evasion abilities are banned
|rule|Sleep Moves Clause: Sleep-inducing moves are banned
|clearpoke
|poke|p1|Corviknight, F|
|poke|p1|Great Tusk|
|poke|p1|Hoopa-Unbound|
|poke|p1|Rotom-Wash|
|poke|p1|Amoonguss, M|
|poke|p1|Skeledirge, M|
|poke|p2|Pecharunt|
|poke|p2|Dragonite, M|
|poke|p2|Great Tusk|
|poke|p2|Volcanion|
|poke|p2|Gliscor, M|
|poke|p2|Keldeo|
|teampreview
|inactive|Battle timer is ON: inactive players will automatically lose when time's up. (requested by piedmainbouche)
|
|t:|1757837635
|teamsize|p1|6
|teamsize|p2|6
|start
|switch|p1a: Rotom|Rotom-Wash|100/100
|switch|p2a: Pecharunt|Pecharunt|100/100
|turn|1
|
|t:|1757837643
|move|p2a: Pecharunt|Malignant Chain|p1a: Rotom
|-crit|p1a: Rotom
|-damage|p1a: Rotom|64/100
|move|p1a: Rotom|Volt Switch|p2a: Pecharunt
|-damage|p2a: Pecharunt|74/100
|
|t:|1757837662
|switch|p1a: Hoopa|Hoopa-Unbound|100/100|[from] Volt Switch
|
|-heal|p2a: Pecharunt|80/100|[from] item: Black Sludge
|upkeep
|turn|2
|
|t:|1757837683
|move|p2a: Pecharunt|Shadow Ball|p1a: Hoopa
|-damage|p1a: Hoopa|78/100
|move|p1a: Hoopa|Knock Off|p2a: Pecharunt
|-supereffective|p2a: Pecharunt
|-damage|p2a: Pecharunt|0 fnt
|-enditem|p2a: Pecharunt|Black Sludge|[from] move: Knock Off|[of] p1a: Hoopa
|faint|p2a: Pecharunt
|
|upkeep
|inactive|Shoerun has 120 seconds left.
|
|t:|1757837716
|switch|p2a: Dragonite|Dragonite, M, shiny|100/100
|turn|3
|
|t:|1757837726
|switch|p1a: Corviknight|Corviknight, F|100/100
|-ability|p1a: Corviknight|Pressure
|-terastallize|p2a: Dragonite|Normal
|move|p2a: Dragonite|Extreme Speed|p1a: Corviknight
|-resisted|p1a: Corviknight
|-damage|p1a: Corviknight|88/100
|-damage|p2a: Dragonite|84/100|[from] item: Rocky Helmet|[of] p1a: Corviknight
|
|upkeep
|turn|4
|inactive|Shoerun has 120 seconds left.
|
|t:|1757837742
|move|p2a: Dragonite|Ice Spinner|p1a: Corviknight
|-damage|p1a: Corviknight|68/100
|-damage|p2a: Dragonite|67/100|[from] item: Rocky Helmet|[of] p1a: Corviknight
|move|p1a: Corviknight|Iron Defense|p1a: Corviknight
|-boost|p1a: Corviknight|def|2
|
|upkeep
|turn|5
|inactive|Shoerun has 120 seconds left.
|
|t:|1757837750
|move|p2a: Dragonite|Dragon Dance|p2a: Dragonite
|-boost|p2a: Dragonite|atk|1
|-boost|p2a: Dragonite|spe|1
|move|p1a: Corviknight|Roost|p1a: Corviknight
|-heal|p1a: Corviknight|100/100
|-singleturn|p1a: Corviknight|move: Roost
|
|upkeep
|turn|6
|
|t:|1757837759
|move|p2a: Dragonite|Dragon Dance|p2a: Dragonite
|-boost|p2a: Dragonite|atk|1
|-boost|p2a: Dragonite|spe|1
|move|p1a: Corviknight|Iron Defense|p1a: Corviknight
|-boost|p1a: Corviknight|def|2
|
|upkeep
|turn|7
|
|t:|1757837771
|move|p2a: Dragonite|Ice Spinner|p1a: Corviknight
|-damage|p1a: Corviknight|88/100
|-damage|p2a: Dragonite|51/100|[from] item: Rocky Helmet|[of] p1a: Corviknight
|move|p1a: Corviknight|Body Press|p2a: Dragonite
|-supereffective|p2a: Dragonite
|-damage|p2a: Dragonite|0 fnt
|faint|p2a: Dragonite
|
|upkeep
|inactive|Shoerun has 120 seconds left.
|
|t:|1757837782
|switch|p2a: Volcanion|Volcanion|100/100
|turn|8
|inactive|piedmainbouche has 120 seconds left.
|
|t:|1757837832
|switch|p1a: Rotom|Rotom-Wash|64/100
|move|p2a: Volcanion|Flamethrower|p1a: Rotom
|-resisted|p1a: Rotom
|-damage|p1a: Rotom|48/100
|
|-heal|p1a: Rotom|54/100|[from] item: Leftovers
|upkeep
|turn|9
|
|t:|1757837841
|switch|p2a: Great Tusk|Great Tusk, shiny|100/100
|-enditem|p2a: Great Tusk|Booster Energy
|-activate|p2a: Great Tusk|ability: Protosynthesis|[fromitem]
|-start|p2a: Great Tusk|protosynthesisatk
|move|p1a: Rotom|Pain Split|p2a: Great Tusk
|-sethp|p2a: Great Tusk|72/100|[from] move: Pain Split|[silent]
|-sethp|p1a: Rotom|88/100|[from] move: Pain Split
|
|-heal|p1a: Rotom|95/100|[from] item: Leftovers
|upkeep
|turn|10
|inactive|piedmainbouche has 120 seconds left.
|
|t:|1757837856
|move|p2a: Great Tusk|Stealth Rock|p1a: Rotom
|-sidestart|p1: piedmainbouche|move: Stealth Rock
|move|p1a: Rotom|Hydro Pump|p2a: Great Tusk
|-supereffective|p2a: Great Tusk
|-damage|p2a: Great Tusk|0 fnt
|faint|p2a: Great Tusk
|-end|p2a: Great Tusk|Protosynthesis|[silent]
|
|-heal|p1a: Rotom|100/100|[from] item: Leftovers
|upkeep
|inactive|Shoerun has 120 seconds left.
|
|t:|1757837878
|switch|p2a: Keldeo|Keldeo, shiny|100/100
|turn|11
|
|t:|1757837885
|move|p2a: Keldeo|Aura Sphere|p1a: Rotom
|-crit|p1a: Rotom
|-damage|p1a: Rotom|52/100
|move|p1a: Rotom|Thunder Wave|p2a: Keldeo
|-status|p2a: Keldeo|par
|
|-heal|p1a: Rotom|58/100|[from] item: Leftovers
|upkeep
|turn|12
|
|t:|1757837894
|move|p1a: Rotom|Pain Split|p2a: Keldeo
|-sethp|p2a: Keldeo|77/100 par|[from] move: Pain Split|[silent]
|-sethp|p1a: Rotom|83/100|[from] move: Pain Split
|move|p2a: Keldeo|Aura Sphere|p1a: Rotom
|-damage|p1a: Rotom|49/100
|
|-heal|p1a: Rotom|55/100|[from] item: Leftovers
|upkeep
|turn|13
|
|t:|1757837904
|move|p1a: Rotom|Pain Split|p2a: Keldeo
|-sethp|p2a: Keldeo|64/100 par|[from] move: Pain Split|[silent]
|-sethp|p1a: Rotom|69/100|[from] move: Pain Split
|cant|p2a: Keldeo|par
|
|-heal|p1a: Rotom|75/100|[from] item: Leftovers
|upkeep
|turn|14
|
|t:|1757837914
|move|p1a: Rotom|Volt Switch|p2a: Keldeo
|-supereffective|p2a: Keldeo
|-damage|p2a: Keldeo|11/100 par
|
|t:|1757837921
|switch|p1a: Amoonguss|Amoonguss, M|100/100|[from] Volt Switch
|-damage|p1a: Amoonguss|88/100|[from] Stealth Rock
|move|p2a: Keldeo|Aura Sphere|p1a: Amoonguss
|-resisted|p1a: Amoonguss
|-damage|p1a: Amoonguss|69/100
|
|upkeep
|turn|15
|
|t:|1757837932
|switch|p2a: Gliscor|Gliscor, M|100/100
|move|p1a: Amoonguss|Giga Drain|p2a: Gliscor
|-damage|p2a: Gliscor|73/100
|-heal|p1a: Amoonguss|81/100|[from] drain|[of] p2a: Gliscor
|
|-status|p2a: Gliscor|tox|[from] item: Toxic Orb
|upkeep
|turn|16
|
|t:|1757837942
|move|p2a: Gliscor|Swords Dance|p2a: Gliscor
|-boost|p2a: Gliscor|atk|2
|move|p1a: Amoonguss|Foul Play|p2a: Gliscor
|-damage|p2a: Gliscor|39/100 tox
|
|-heal|p2a: Gliscor|52/100 tox|[from] ability: Poison Heal
|upkeep
|turn|17
|
|t:|1757837956
|switch|p1a: Corviknight|Corviknight, F|88/100
|-damage|p1a: Corviknight|76/100|[from] Stealth Rock
|-ability|p1a: Corviknight|Pressure
|move|p2a: Gliscor|Earthquake|p1a: Corviknight
|-immune|p1a: Corviknight
|
|-heal|p2a: Gliscor|64/100 tox|[from] ability: Poison Heal
|upkeep
|turn|18
|
|t:|1757837969
|move|p2a: Gliscor|Protect|p2a: Gliscor
|-singleturn|p2a: Gliscor|Protect
|move|p1a: Corviknight|Iron Defense|p1a: Corviknight
|-boost|p1a: Corviknight|def|2
|
|-heal|p2a: Gliscor|77/100 tox|[from] ability: Poison Heal
|upkeep
|turn|19
|
|t:|1757837995
|switch|p2a: Volcanion|Volcanion|100/100
|move|p1a: Corviknight|Iron Defense|p1a: Corviknight
|-boost|p1a: Corviknight|def|2
|
|upkeep
|turn|20
|
|t:|1757838001
|-terastallize|p1a: Corviknight|Water
|move|p2a: Volcanion|Steam Eruption|p1a: Corviknight
|-resisted|p1a: Corviknight
|-damage|p1a: Corviknight|47/100
|move|p1a: Corviknight|Body Press|p2a: Volcanion
|-damage|p2a: Volcanion|33/100
|
|upkeep
|turn|21
|
|t:|1757838016
|switch|p2a: Gliscor|Gliscor, M|77/100 tox
|move|p1a: Corviknight|Roost|p1a: Corviknight
|-heal|p1a: Corviknight|97/100
|
|-heal|p2a: Gliscor|89/100 tox|[from] ability: Poison Heal
|upkeep
|turn|22
|
|t:|1757838028
|move|p2a: Gliscor|Toxic|p1a: Corviknight
|-status|p1a: Corviknight|tox
|move|p1a: Corviknight|Defog|p2a: Gliscor
|-unboost|p2a: Gliscor|evasion|1
|-sideend|p1: piedmainbouche|Stealth Rock|[from] move: Defog|[of] p1a: Corviknight
|
|-heal|p2a: Gliscor|100/100 tox|[from] ability: Poison Heal
|-damage|p1a: Corviknight|90/100 tox|[from] psn
|upkeep
|turn|23
|
|t:|1757838044
|switch|p2a: Keldeo|Keldeo, shiny|11/100 par
|switch|p1a: Great Tusk|Great Tusk|100/100
|
|upkeep
|turn|24
|
|t:|1757838051
|move|p1a: Great Tusk|Rapid Spin|p2a: Keldeo
|-damage|p2a: Keldeo|0 fnt
|-boost|p1a: Great Tusk|spe|1
|faint|p2a: Keldeo
|
|upkeep
|
|t:|1757838057
|switch|p2a: Volcanion|Volcanion|33/100
|turn|25
|
|t:|1757838067
|move|p2a: Volcanion|Steam Eruption|p1a: Great Tusk
|-supereffective|p1a: Great Tusk
|-damage|p1a: Great Tusk|0 fnt
|faint|p1a: Great Tusk
|-end|p1a: Great Tusk|Protosynthesis|[silent]
|
|upkeep
|
|t:|1757838090
|switch|p1a: Hoopa|Hoopa-Unbound|78/100
|turn|26
|
|t:|1757838094
|move|p2a: Volcanion|Steam Eruption|p1a: Hoopa
|-damage|p1a: Hoopa|27/100
|move|p1a: Hoopa|Hyperspace Fury|p2a: Volcanion
|-damage|p2a: Volcanion|0 fnt
|-unboost|p1a: Hoopa|def|1
|faint|p2a: Volcanion
|
|upkeep
|
|t:|1757838103
|switch|p2a: Gliscor|Gliscor, M|100/100 tox
|turn|27
|
|t:|1757838110
|move|p2a: Gliscor|Earthquake|p1a: Hoopa
|-damage|p1a: Hoopa|0 fnt
|faint|p1a: Hoopa
|
|upkeep
|
|t:|1757838113
|switch|p1a: Rotom|Rotom-Wash|75/100
|turn|28
|
|t:|1757838118
|move|p2a: Gliscor|Earthquake|p1a: Rotom
|-immune|p1a: Rotom|[from] ability: Levitate
|move|p1a: Rotom|Hydro Pump|p2a: Gliscor
|-supereffective|p2a: Gliscor
|-damage|p2a: Gliscor|0 fnt
|faint|p2a: Gliscor
|
|win|piedmainbouche
|raw|piedmainbouche's rating: 1158 &rarr; <strong>1183</strong><br />(+25 for winning)
|raw|Shoerun's rating: 1159 &rarr; <strong>1134</strong><br />(-25 for losing)
|l|☆piedmainbouche
|player|p1|
|l|☆Shoerun
|player|p2|
