|j|☆Timi-alex
|j|☆rare7
|t:|1757916978
|gametype|singles
|player|p1|Timi-alex|1|1174
|player|p2|rare7|101|1154
|gen|9
|tier|[Gen 9] OU
|rated|
|rule|HP Percentage Mod: HP is shown in percentages
|rule|Endless Battle Clause: Forcing endless battles is banned
|rule|Species Clause: Limit one of each Pokémon
|rule|OHKO Clause: OHKO moves are banned
|rule|Evasion Items Clause: Evasion items are banned
|rule|Evasion Moves Clause: Evasion moves are banned
|rule|Evasion Abilities Clause: Evasion abilities are banned
|rule|Sleep Moves Clause: Sleep-inducing moves are banned
|clearpoke
|poke|p1|Tinkaton, F|
|poke|p1|Jolteon, M|
|poke|p1|Lokix, F|
|poke|p1|Alomomola, F|
|poke|p1|Dragalge, F|
|poke|p1|Hawlucha, M|
|poke|p2|Pawmot, M|
|poke|p2|Iron Crown|
|poke|p2|Corviknight, F|
|poke|p2|Landorus-Therian, M|
|poke|p2|Raging Bolt|
|poke|p2|Samurott-Hisui, M|
|teampreview
|inactive|Battle timer is ON: inactive players will automatically lose when time's up. (requested by rare7)
|
|t:|1757916997
|teamsize|p1|6
|teamsize|p2|6
|start
|switch|p1a: Tinkaton|Tinkaton, F|100/100
|switch|p2a: Iron Crown|Iron Crown|100/100
|-item|p1a: Tinkaton|Air Balloon
|turn|1
|
|t:|1757917009
|switch|p1a: Jolteon|Jolteon, M|100/100
|move|p2a: Iron Crown|Tachyon Cutter|p1a: Jolteon
|-resisted|p1a: Jolteon
|-damage|p1a: Jolteon|85/100
|-resisted|p1a: Jolteon
|-damage|p1a: Jolteon|70/100
|-hitcount|p1a: Jolteon|2
|
|upkeep
|turn|2
|
|t:|1757917020
|move|p2a: Iron Crown|Tachyon Cutter|p1a: Jolteon
|-resisted|p1a: Jolteon
|-damage|p1a: Jolteon|52/100
|-resisted|p1a: Jolteon
|-damage|p1a: Jolteon|37/100
|-hitcount|p1a: Jolteon|2
|move|p1a: Jolteon|Shadow Ball|p2a: Iron Crown
|-supereffective|p2a: Iron Crown
|-damage|p2a: Iron Crown|25/100
|
|upkeep
|turn|3
|
|t:|1757917032
|switch|p1a: Alomomola|Alomomola, F|100/100
|move|p2a: Iron Crown|Tachyon Cutter|p1a: Alomomola
|-resisted|p1a: Alomomola
|-damage|p1a: Alomomola|89/100
|-resisted|p1a: Alomomola
|-damage|p1a: Alomomola|79/100
|-hitcount|p1a: Alomomola|2
|
|upkeep
|turn|4
|
|t:|1757917042
|-end|p2a: Iron Crown|Quark Drive|[silent]
|switch|p2a: Raging Bolt|Raging Bolt|100/100
|move|p1a: Alomomola|Wish|p1a: Alomomola
|
|upkeep
|turn|5
|
|t:|1757917049
|switch|p1a: Tinkaton|Tinkaton, F|100/100
|-item|p1a: Tinkaton|Air Balloon
|move|p2a: Raging Bolt|Dragon Pulse|p1a: Tinkaton
|-immune|p1a: Tinkaton
|
|upkeep
|turn|6
|
|t:|1757917061
|switch|p1a: Jolteon|Jolteon, M|37/100
|-end|p2a: Raging Bolt|Protosynthesis|[silent]
|switch|p2a: Corviknight|Corviknight, F|100/100
|-ability|p2a: Corviknight|Pressure
|
|upkeep
|turn|7
|
|t:|1757917072
|switch|p2a: Pawmot|Pawmot, M|100/100
|move|p1a: Jolteon|Shadow Ball|p2a: Pawmot
|-damage|p2a: Pawmot|24/100
|
|upkeep
|turn|8
|
|t:|1757917085
|move|p1a: Jolteon|Shadow Ball|p2a: Pawmot
|-damage|p2a: Pawmot|0 fnt
|faint|p2a: Pawmot
|
|upkeep
|
|t:|1757917090
|switch|p2a: Landorus|Landorus-Therian, M|100/100
|-ability|p2a: Landorus|Intimidate|boost
|-unboost|p1a: Jolteon|atk|1
|turn|9
|
|t:|1757917096
|switch|p1a: Tinkaton|Tinkaton, F|100/100
|-item|p1a: Tinkaton|Air Balloon
|move|p2a: Landorus|Sandsear Storm|p1a: Tinkaton
|-immune|p1a: Tinkaton
|
|upkeep
|turn|10
|
|t:|1757917107
|move|p1a: Tinkaton|Stealth Rock|p2a: Landorus
|-sidestart|p2: rare7|move: Stealth Rock
|move|p2a: Landorus|U-turn|p1a: Tinkaton
|-resisted|p1a: Tinkaton
|-damage|p1a: Tinkaton|96/100
|-enditem|p1a: Tinkaton|Air Balloon
|-enditem|p2a: Landorus|Rocky Helmet|[silent]|[from] ability: Pickpocket|[of] p2a: Landorus
|-item|p1a: Tinkaton|Rocky Helmet|[from] ability: Pickpocket|[of] p2a: Landorus
|
|t:|1757917119
|switch|p2a: Iron Crown|Iron Crown|25/100|[from] U-turn
|-damage|p2a: Iron Crown|19/100|[from] Stealth Rock
|
|upkeep
|turn|11
|
|t:|1757917130
|move|p2a: Iron Crown|Volt Switch|p1a: Tinkaton
|-damage|p1a: Tinkaton|80/100
|
|t:|1757917134
|-end|p2a: Iron Crown|Quark Drive|[silent]
|switch|p2a: Corviknight|Corviknight, F|100/100|[from] Volt Switch
|-damage|p2a: Corviknight|88/100|[from] Stealth Rock
|-ability|p2a: Corviknight|Pressure
|move|p1a: Tinkaton|Knock Off|p2a: Corviknight
|-damage|p2a: Corviknight|75/100
|-damage|p1a: Tinkaton|63/100|[from] item: Rocky Helmet|[of] p2a: Corviknight
|-enditem|p2a: Corviknight|Rocky Helmet|[from] move: Knock Off|[of] p1a: Tinkaton
|
|upkeep
|turn|12
|
|t:|1757917156
|switch|p1a: Hawlucha|Hawlucha, M|100/100
|-ability|p1a: Hawlucha|Mold Breaker
|move|p2a: Corviknight|Body Press|p1a: Hawlucha
|-resisted|p1a: Hawlucha
|-damage|p1a: Hawlucha|86/100
|
|upkeep
|turn|13
|
|t:|1757917166
|move|p1a: Hawlucha|Swords Dance|p1a: Hawlucha
|-boost|p1a: Hawlucha|atk|2
|move|p2a: Corviknight|Iron Defense|p2a: Corviknight
|-boost|p2a: Corviknight|def|2
|
|upkeep
|turn|14
|
|t:|1757917173
|move|p1a: Hawlucha|Encore|p2a: Corviknight
|-start|p2a: Corviknight|Encore
|move|p2a: Corviknight|Iron Defense|p2a: Corviknight
|-boost|p2a: Corviknight|def|2
|
|upkeep
|turn|15
|
|t:|1757917179
|switch|p1a: Jolteon|Jolteon, M|37/100
|move|p2a: Corviknight|Iron Defense|p2a: Corviknight
|-boost|p2a: Corviknight|def|2
|
|upkeep
|turn|16
|
|t:|1757917189
|switch|p2a: Raging Bolt|Raging Bolt|100/100
|-damage|p2a: Raging Bolt|88/100|[from] Stealth Rock
|move|p1a: Jolteon|Shadow Ball|p2a: Raging Bolt
|-damage|p2a: Raging Bolt|64/100
|-unboost|p2a: Raging Bolt|spd|1
|
|upkeep
|turn|17
|
|t:|1757917200
|move|p1a: Jolteon|Shadow Ball|p2a: Raging Bolt
|-damage|p2a: Raging Bolt|33/100
|move|p2a: Raging Bolt|Volt Switch|p1a: Jolteon
|-heal|p1a: Jolteon|62/100|[from] ability: Volt Absorb|[of] p2a: Raging Bolt
|
|upkeep
|turn|18
|
|t:|1757917217
|switch|p1a: Tinkaton|Tinkaton, F|63/100
|move|p2a: Raging Bolt|Dragon Pulse|p1a: Tinkaton
|-immune|p1a: Tinkaton
|
|upkeep
|turn|19
|
|t:|1757917226
|move|p1a: Tinkaton|Gigaton Hammer|p2a: Raging Bolt
|-resisted|p2a: Raging Bolt
|-crit|p2a: Raging Bolt
|-damage|p2a: Raging Bolt|6/100
|move|p2a: Raging Bolt|Volt Switch|p1a: Tinkaton
|-damage|p1a: Tinkaton|34/100
|
|t:|1757917236
|-end|p2a: Raging Bolt|Protosynthesis|[silent]
|switch|p2a: Iron Crown|Iron Crown|19/100|[from] Volt Switch
|-damage|p2a: Iron Crown|13/100|[from] Stealth Rock
|
|upkeep
|turn|20
|
|t:|1757917243
|move|p2a: Iron Crown|Tachyon Cutter|p1a: Tinkaton
|-damage|p1a: Tinkaton|15/100
|-damage|p1a: Tinkaton|0 fnt
|faint|p1a: Tinkaton
|-hitcount|p1: Tinkaton|2
|
|upkeep
|
|t:|1757917253
|switch|p1a: Lokix|Lokix, F|100/100
|turn|21
|
|t:|1757917257
|move|p1a: Lokix|First Impression|p2a: Iron Crown
|-damage|p2a: Iron Crown|0 fnt
|faint|p2a: Iron Crown
|-end|p2a: Iron Crown|Quark Drive|[silent]
|
|upkeep
|
|t:|1757917261
|switch|p2a: Landorus|Landorus-Therian, M|100/100
|-damage|p2a: Landorus|88/100|[from] Stealth Rock
|-ability|p2a: Landorus|Intimidate|boost
|-unboost|p1a: Lokix|atk|1
|turn|22
|
|t:|1757917267
|switch|p1a: Alomomola|Alomomola, F|100/100
|move|p2a: Landorus|Sandsear Storm|p1a: Alomomola
|-damage|p1a: Alomomola|60/100
|
|upkeep
|turn|23
|
|t:|1757917278
|-terastallize|p2a: Landorus|Ground
|move|p2a: Landorus|Sandsear Storm|p1a: Alomomola
|-damage|p1a: Alomomola|9/100
|move|p1a: Alomomola|Flip Turn|p2a: Landorus
|-supereffective|p2a: Landorus
|-damage|p2a: Landorus|61/100
|
|t:|1757917302
|switch|p1a: Hawlucha|Hawlucha, M|86/100|[from] Flip Turn
|-ability|p1a: Hawlucha|Mold Breaker
|
|upkeep
|turn|24
|
|t:|1757917315
|move|p1a: Hawlucha|Encore|p2a: Landorus
|-start|p2a: Landorus|Encore
|move|p2a: Landorus|Sandsear Storm|p1a: Hawlucha
|-immune|p1a: Hawlucha
|
|upkeep
|turn|25
|
|t:|1757917324
|switch|p2a: Samurott|Samurott-Hisui, M|100/100
|-damage|p2a: Samurott|88/100|[from] Stealth Rock
|move|p1a: Hawlucha|Close Combat|p2a: Samurott
|-supereffective|p2a: Samurott
|-damage|p2a: Samurott|0 fnt
|-unboost|p1a: Hawlucha|def|1
|-unboost|p1a: Hawlucha|spd|1
|faint|p2a: Samurott
|
|upkeep
|
|t:|1757917328
|switch|p2a: Landorus|Landorus-Therian, M, tera:Ground|61/100
|-damage|p2a: Landorus|55/100|[from] Stealth Rock
|-ability|p2a: Landorus|Intimidate|boost
|-unboost|p1a: Hawlucha|atk|1
|turn|26
|
|t:|1757917352
|move|p1a: Hawlucha|Brave Bird|p2a: Landorus
|-damage|p2a: Landorus|30/100
|-damage|p1a: Hawlucha|77/100|[from] Recoil
|move|p2a: Landorus|Sludge Bomb|p1a: Hawlucha
|-damage|p1a: Hawlucha|5/100
|
|upkeep
|turn|27
|
|t:|1757917361
|move|p1a: Hawlucha|Close Combat|p2a: Landorus
|-damage|p2a: Landorus|3/100
|-unboost|p1a: Hawlucha|def|1
|-unboost|p1a: Hawlucha|spd|1
|move|p2a: Landorus|U-turn|p1a: Hawlucha
|-resisted|p1a: Hawlucha
|-damage|p1a: Hawlucha|0 fnt
|faint|p1a: Hawlucha
|
|t:|1757917368
|switch|p2a: Corviknight|Corviknight, F|75/100|[from] U-turn
|-damage|p2a: Corviknight|63/100|[from] Stealth Rock
|-ability|p2a: Corviknight|Pressure
|
|upkeep
|-message|rare7 forfeited.
|
|win|Timi-alex
|raw|Timi-alex's rating: 1174 &rarr; <strong>1198</strong><br />(+24 for winning)
|raw|rare7's rating: 1154 &rarr; <strong>1130</strong><br />(-24 for losing)
|l|☆rare7
|player|p2|
|l|☆Timi-alex
|player|p1|
