|j|☆STRONGPPMAIN6969
|j|☆BeachLeak
|t:|1757790699
|gametype|singles
|player|p1|STRONGPPMAIN6969|clown|1650
|player|p2|BeachLeak|archer|1623
|gen|9
|tier|[Gen 9] OU
|rated|
|rule|HP Percentage Mod: HP is shown in percentages
|rule|Endless Battle Clause: Forcing endless battles is banned
|rule|Species Clause: Limit one of each Pokémon
|rule|OHKO Clause: OHKO moves are banned
|rule|Evasion Items Clause: Evasion items are banned
|rule|Evasion Moves Clause: Evasion moves are banned
|rule|Evasion Abilities Clause: Evasion abilities are banned
|rule|Sleep Moves Clause: Sleep-inducing moves are banned
|clearpoke
|poke|p1|Pecharunt|
|poke|p1|Great Tusk|
|poke|p1|Ogerpon-Wellspring, F|
|poke|p1|Iron Crown|
|poke|p1|Landorus-Therian, M|
|poke|p1|Samurott-Hisui, F|
|poke|p2|Salamence, M|
|poke|p2|Tyranitar, M|
|poke|p2|Excadrill, F|
|poke|p2|Iron Crown|
|poke|p2|Azumarill, M|
|poke|p2|Zamazenta-*|
|teampreview
|inactive|Battle timer is ON: inactive players will automatically lose when time's up. (requested by BeachLeak)
|
|t:|1757790714
|teamsize|p1|6
|teamsize|p2|6
|start
|switch|p1a: Iron Crown|Iron Crown|100/100
|switch|p2a: Sherbet|Salamence, M, shiny|100/100
|-ability|p2a: Sherbet|Intimidate|boost
|-unboost|p1a: Iron Crown|atk|1
|turn|1
|
|t:|1757790722
|move|p2a: Sherbet|Fire Blast|p1a: Iron Crown
|-supereffective|p1a: Iron Crown
|-damage|p1a: Iron Crown|0 fnt
|faint|p1a: Iron Crown
|-end|p1a: Iron Crown|Quark Drive|[silent]
|
|upkeep
|
|t:|1757790725
|switch|p1a: Samurott|Samurott-Hisui, F|100/100
|turn|2
|
|t:|1757790727
|switch|p2a: Zamazenta|Zamazenta|100/100
|-ability|p2a: Zamazenta|Dauntless Shield|boost
|-boost|p2a: Zamazenta|def|1
|move|p1a: Samurott|Ceaseless Edge|p2a: Zamazenta
|-resisted|p2a: Zamazenta
|-damage|p2a: Zamazenta|86/100
|-sidestart|p2: BeachLeak|Spikes
|
|upkeep
|turn|3
|
|t:|1757790732
|switch|p2a: Iron Crown|Iron Crown|100/100
|-damage|p2a: Iron Crown|88/100|[from] Spikes
|move|p1a: Samurott|Flip Turn|p2a: Iron Crown
|-damage|p2a: Iron Crown|55/100
|
|t:|1757790738
|switch|p1a: Landorus|Landorus-Therian, M|100/100|[from] Flip Turn
|-ability|p1a: Landorus|Intimidate|boost
|-unboost|p2a: Iron Crown|atk|1
|
|upkeep
|turn|4
|
|t:|1757790744
|move|p2a: Iron Crown|Tachyon Cutter|p1a: Landorus
|-damage|p1a: Landorus|70/100
|-damage|p1a: Landorus|37/100
|-hitcount|p1a: Landorus|2
|move|p1a: Landorus|U-turn|p2a: Iron Crown
|-damage|p2a: Iron Crown|25/100
|
|t:|1757790752
|switch|p1a: Samurott|Samurott-Hisui, F|100/100|[from] U-turn
|
|upkeep
|turn|5
|
|t:|1757790757
|-end|p2a: Iron Crown|Quark Drive|[silent]
|switch|p2a: Sherbet|Salamence, M, shiny|100/100
|-ability|p2a: Sherbet|Intimidate|boost
|-unboost|p1a: Samurott|atk|1
|move|p1a: Samurott|Ceaseless Edge|p2a: Sherbet
|-damage|p2a: Sherbet|58/100
|-sidestart|p2: BeachLeak|Spikes
|
|upkeep
|turn|6
|
|t:|1757790767
|move|p2a: Sherbet|Air Slash|p1a: Samurott
|-damage|p1a: Samurott|51/100
|move|p1a: Samurott|Ceaseless Edge|p2a: Sherbet
|-damage|p2a: Sherbet|14/100
|-sidestart|p2: BeachLeak|Spikes
|
|upkeep
|turn|7
|
|t:|1757790772
|move|p1a: Samurott|Sucker Punch|p2a: Sherbet
|-damage|p2a: Sherbet|0 fnt
|faint|p2a: Sherbet
|
|upkeep
|
|t:|1757790780
|switch|p2a: Excadrill|Excadrill, F|100/100
|-item|p2a: Excadrill|Air Balloon
|turn|8
|
|t:|1757790785
|switch|p1a: Pecharunt|Pecharunt|100/100
|move|p2a: Excadrill|Earthquake|p1a: Pecharunt
|-supereffective|p1a: Pecharunt
|-damage|p1a: Pecharunt|50/100
|
|upkeep
|turn|9
|
|t:|1757790789
|-terastallize|p1a: Pecharunt|Dark
|move|p2a: Excadrill|Earthquake|p1a: Pecharunt
|-damage|p1a: Pecharunt|24/100
|move|p1a: Pecharunt|Recover|p1a: Pecharunt
|-heal|p1a: Pecharunt|74/100
|
|upkeep
|turn|10
|c|☆BeachLeak|ok
|
|t:|1757790804
|move|p2a: Excadrill|Rapid Spin|p1a: Pecharunt
|-damage|p1a: Pecharunt|65/100
|-boost|p2a: Excadrill|spe|1
|-damage|p2a: Excadrill|84/100|[from] item: Rocky Helmet|[of] p1a: Pecharunt
|-sideend|p2: BeachLeak|Spikes|[from] move: Rapid Spin|[of] p2a: Excadrill
|move|p1a: Pecharunt|Parting Shot|p2a: Excadrill
|-unboost|p2a: Excadrill|atk|1
|-unboost|p2a: Excadrill|spa|1
|
|t:|1757790812
|switch|p1a: Ogerpon|Ogerpon-Wellspring, F|100/100|[from] Parting Shot
|
|upkeep
|turn|11
|
|t:|1757790816
|switch|p2a: Zamazenta|Zamazenta|86/100
|move|p1a: Ogerpon|Ivy Cudgel|p2a: Zamazenta|[anim] Ivy Cudgel Water
|-damage|p2a: Zamazenta|32/100
|
|upkeep
|turn|12
|
|t:|1757790827
|switch|p2a: Iron Crown|Iron Crown|25/100
|move|p1a: Ogerpon|Trailblaze|p2a: Iron Crown
|-resisted|p2a: Iron Crown
|-damage|p2a: Iron Crown|10/100
|-boost|p1a: Ogerpon|spe|1
|
|upkeep
|turn|13
|
|t:|1757790839
|move|p2a: Iron Crown|Volt Switch|p1a: Ogerpon
|-damage|p1a: Ogerpon|80/100
|
|t:|1757790843
|-end|p2a: Iron Crown|Quark Drive|[silent]
|switch|p2a: Tyranitar|Tyranitar, M, shiny|100/100|[from] Volt Switch
|-weather|Sandstorm|[from] ability: Sand Stream|[of] p2a: Tyranitar
|move|p1a: Ogerpon|Trailblaze|p2a: Tyranitar
|-supereffective|p2a: Tyranitar
|-damage|p2a: Tyranitar|48/100
|-boost|p1a: Ogerpon|spe|1
|
|-weather|Sandstorm|[upkeep]
|-damage|p1a: Ogerpon|74/100|[from] Sandstorm
|upkeep
|turn|14
|
|t:|1757790851
|move|p1a: Ogerpon|Ivy Cudgel|p2a: Tyranitar|[anim] Ivy Cudgel Water
|-supereffective|p2a: Tyranitar
|-damage|p2a: Tyranitar|0 fnt
|faint|p2a: Tyranitar
|
|-weather|Sandstorm|[upkeep]
|-damage|p1a: Ogerpon|68/100|[from] Sandstorm
|upkeep
|
|t:|1757790863
|switch|p2a: Excadrill|Excadrill, F|84/100
|-item|p2a: Excadrill|Air Balloon
|turn|15
|
|t:|1757790868
|-terastallize|p2a: Excadrill|Dragon
|move|p2a: Excadrill|Rapid Spin|p1a: Ogerpon
|-damage|p1a: Ogerpon|51/100
|-boost|p2a: Excadrill|spe|1
|move|p1a: Ogerpon|Synthesis|p1a: Ogerpon
|-heal|p1a: Ogerpon|76/100
|
|-weather|Sandstorm|[upkeep]
|-damage|p1a: Ogerpon|70/100|[from] Sandstorm
|upkeep
|turn|16
|
|t:|1757790876
|move|p2a: Excadrill|Earthquake|p1a: Ogerpon
|-resisted|p1a: Ogerpon
|-damage|p1a: Ogerpon|44/100
|move|p1a: Ogerpon|Ivy Cudgel|p2a: Excadrill|[anim] Ivy Cudgel Water
|-resisted|p2a: Excadrill
|-damage|p2a: Excadrill|43/100
|-enditem|p2a: Excadrill|Air Balloon
|
|-weather|Sandstorm|[upkeep]
|-damage|p1a: Ogerpon|38/100|[from] Sandstorm
|upkeep
|turn|17
|
|t:|1757790883
|move|p2a: Excadrill|Iron Head|p1a: Ogerpon
|-resisted|p1a: Ogerpon
|-damage|p1a: Ogerpon|19/100
|move|p1a: Ogerpon|Ivy Cudgel|p2a: Excadrill|[anim] Ivy Cudgel Water
|-resisted|p2a: Excadrill
|-damage|p2a: Excadrill|4/100
|
|-weather|none
|upkeep
|turn|18
|
|t:|1757790891
|move|p1a: Ogerpon|Synthesis|p1a: Ogerpon
|-heal|p1a: Ogerpon|69/100
|move|p2a: Excadrill|Earthquake|p1a: Ogerpon
|-resisted|p1a: Ogerpon
|-damage|p1a: Ogerpon|47/100
|
|upkeep
|turn|19
|
|t:|1757790894
|move|p1a: Ogerpon|Synthesis|p1a: Ogerpon
|-heal|p1a: Ogerpon|97/100
|move|p2a: Excadrill|Earthquake|p1a: Ogerpon
|-resisted|p1a: Ogerpon
|-damage|p1a: Ogerpon|72/100
|
|upkeep
|turn|20
|j| ryugaoff
|
|t:|1757790898
|move|p1a: Ogerpon|Swords Dance|p1a: Ogerpon
|-boost|p1a: Ogerpon|atk|2
|move|p2a: Excadrill|Rapid Spin|p1a: Ogerpon
|-crit|p1a: Ogerpon
|-damage|p1a: Ogerpon|49/100
|-boost|p2a: Excadrill|spe|1
|
|upkeep
|turn|21
|
|t:|1757790906
|move|p2a: Excadrill|Iron Head|p1a: Ogerpon
|-resisted|p1a: Ogerpon
|-damage|p1a: Ogerpon|30/100
|move|p1a: Ogerpon|Synthesis|p1a: Ogerpon
|-heal|p1a: Ogerpon|80/100
|
|upkeep
|turn|22
|
|t:|1757790913
|move|p2a: Excadrill|Iron Head|p1a: Ogerpon
|-resisted|p1a: Ogerpon
|-damage|p1a: Ogerpon|59/100
|move|p1a: Ogerpon|Trailblaze|p2a: Excadrill
|-resisted|p2a: Excadrill
|-damage|p2a: Excadrill|0 fnt
|-boost|p1a: Ogerpon|spe|1
|faint|p2a: Excadrill
|
|upkeep
|c|☆STRONGPPMAIN6969|hey gg
|-message|BeachLeak forfeited.
|
|win|STRONGPPMAIN6969
|raw|STRONGPPMAIN6969's rating: 1650 &rarr; <strong>1668</strong><br />(+18 for winning)
|raw|BeachLeak's rating: 1623 &rarr; <strong>1605</strong><br />(-18 for losing)
|c|☆STRONGPPMAIN6969|good stuff out there
|l|☆BeachLeak
|player|p2|
|l|☆STRONGPPMAIN6969
|player|p1|
