|j|☆Raul1601
|j|☆Obih
|t:|1757849224
|gametype|singles
|player|p1|Raul1601|pokekid|1118
|player|p2|Obih|266|1195
|gen|9
|tier|[Gen 9] OU
|rated|
|rule|HP Percentage Mod: HP is shown in percentages
|rule|Endless Battle Clause: Forcing endless battles is banned
|rule|Species Clause: Limit one of each Pokémon
|rule|OHKO Clause: OHKO moves are banned
|rule|Evasion Items Clause: Evasion items are banned
|rule|Evasion Moves Clause: Evasion moves are banned
|rule|Evasion Abilities Clause: Evasion abilities are banned
|rule|Sleep Moves Clause: Sleep-inducing moves are banned
|clearpoke
|poke|p1|Mew|
|poke|p1|Quaquaval, M|
|poke|p1|Wyrdeer, M|
|poke|p1|Greedent, M|
|poke|p1|Rotom-Mow|
|poke|p1|Garchomp, M|
|poke|p2|Toxapex, F|
|poke|p2|Glimmora, F|
|poke|p2|Spiritomb, M|
|poke|p2|Weezing-Galar, F|
|poke|p2|Rabsca, F|
|poke|p2|Blissey, F|
|teampreview
|inactive|Battle timer is ON: inactive players will automatically lose when time's up. (requested by Raul1601)
|
|t:|1757849233
|teamsize|p1|6
|teamsize|p2|6
|start
|switch|p1a: Rudolph|Wyrdeer, M|100/100
|switch|p2a: Toxapex|Toxapex, F|100/100
|-ability|p1a: Rudolph|Intimidate|boost
|-unboost|p2a: Toxapex|atk|1
|turn|1
|c|☆Raul1601|glhf
|
|t:|1757849241
|move|p1a: Rudolph|Thunderbolt|p2a: Toxapex
|-supereffective|p2a: Toxapex
|-damage|p2a: Toxapex|59/100
|move|p2a: Toxapex|Toxic|p1a: Rudolph
|-status|p1a: Rudolph|tox
|
|-heal|p2a: Toxapex|64/100|[from] item: Leftovers
|-damage|p1a: Rudolph|95/100 tox|[from] psn
|upkeep
|turn|2
|
|t:|1757849253
|move|p2a: Toxapex|Baneful Bunker|p2a: Toxapex
|-singleturn|p2a: Toxapex|move: Protect
|move|p1a: Rudolph|Thunderbolt|p2a: Toxapex
|-activate|p2a: Toxapex|move: Protect
|
|-heal|p2a: Toxapex|70/100|[from] item: Leftovers
|-damage|p1a: Rudolph|83/100 tox|[from] psn
|upkeep
|turn|3
|
|t:|1757849263
|move|p1a: Rudolph|Thunderbolt|p2a: Toxapex
|-supereffective|p2a: Toxapex
|-damage|p2a: Toxapex|26/100
|-status|p2a: Toxapex|par
|move|p2a: Toxapex|Recover|p2a: Toxapex
|-heal|p2a: Toxapex|76/100 par
|
|-heal|p2a: Toxapex|82/100 par|[from] item: Leftovers
|-damage|p1a: Rudolph|65/100 tox|[from] psn
|upkeep
|turn|4
|
|t:|1757849286
|switch|p1a: TouchesGrass|Rotom-Mow, shiny|100/100
|cant|p2a: Toxapex|par
|
|-heal|p2a: Toxapex|88/100 par|[from] item: Leftovers
|upkeep
|turn|5
|inactive|Raul1601 has 120 seconds left.
|
|t:|1757849310
|move|p1a: TouchesGrass|Thunderbolt|p2a: Toxapex
|-supereffective|p2a: Toxapex
|-damage|p2a: Toxapex|33/100 par
|move|p2a: Toxapex|Toxic|p1a: TouchesGrass
|-status|p1a: TouchesGrass|tox
|
|-heal|p2a: Toxapex|39/100 par|[from] item: Leftovers
|-damage|p1a: TouchesGrass|94/100 tox|[from] psn
|upkeep
|turn|6
|inactive|Raul1601 has 120 seconds left.
|
|t:|1757849322
|move|p2a: Toxapex|Baneful Bunker|p2a: Toxapex
|-singleturn|p2a: Toxapex|move: Protect
|move|p1a: TouchesGrass|Thunderbolt|p2a: Toxapex
|-activate|p2a: Toxapex|move: Protect
|
|-heal|p2a: Toxapex|45/100 par|[from] item: Leftovers
|-damage|p1a: TouchesGrass|82/100 tox|[from] psn
|upkeep
|turn|7
|
|t:|1757849332
|switch|p2a: Blissey|Blissey, F|100/100
|move|p1a: TouchesGrass|Thunderbolt|p2a: Blissey
|-damage|p2a: Blissey|90/100
|
|-heal|p2a: Blissey|96/100|[from] item: Leftovers
|-damage|p1a: TouchesGrass|63/100 tox|[from] psn
|upkeep
|turn|8
|
|t:|1757849344
|switch|p1a: Sharknado|Garchomp, M|100/100
|move|p2a: Blissey|Heal Bell|p2a: Blissey
|-activate|p2a: Blissey|move: Heal Bell
|-curestatus|p2: Toxapex|par|[msg]
|
|-heal|p2a: Blissey|100/100|[from] item: Leftovers
|upkeep
|turn|9
|
|t:|1757849356
|switch|p2a: Spiritomb|Spiritomb, M|100/100
|move|p1a: Sharknado|Stealth Rock|p2a: Spiritomb
|-sidestart|p2: Obih|move: Stealth Rock
|
|upkeep
|turn|10
|
|t:|1757849365
|move|p1a: Sharknado|Earthquake|p2a: Spiritomb
|-damage|p2a: Spiritomb|51/100
|move|p2a: Spiritomb|Toxic|p1a: Sharknado
|-status|p1a: Sharknado|tox
|
|-heal|p2a: Spiritomb|57/100|[from] item: Leftovers
|-damage|p1a: Sharknado|94/100 tox|[from] psn
|upkeep
|turn|11
|
|t:|1757849387
|switch|p1a: TouchesGrass|Rotom-Mow, shiny|63/100 tox
|move|p2a: Spiritomb|Protect||[still]
|-fail|p2a: Spiritomb
|
|-heal|p2a: Spiritomb|64/100|[from] item: Leftovers
|-damage|p1a: TouchesGrass|57/100 tox|[from] psn
|upkeep
|turn|12
|
|t:|1757849400
|move|p2a: Spiritomb|Protect|p2a: Spiritomb
|-singleturn|p2a: Spiritomb|Protect
|move|p1a: TouchesGrass|Volt Switch|p2a: Spiritomb
|-activate|p2a: Spiritomb|move: Protect
|
|-heal|p2a: Spiritomb|70/100|[from] item: Leftovers
|-damage|p1a: TouchesGrass|44/100 tox|[from] psn
|upkeep
|turn|13
|
|t:|1757849419
|switch|p2a: Glimmora|Glimmora, F|100/100
|-damage|p2a: Glimmora|88/100|[from] Stealth Rock
|move|p1a: TouchesGrass|Volt Switch|p2a: Glimmora
|-damage|p2a: Glimmora|51/100
|inactive|Raul1601 has 120 seconds left.
|
|t:|1757849437
|switch|p1a: Suavemente|Quaquaval, M, shiny|100/100|[from] Volt Switch
|
|-heal|p2a: Glimmora|57/100|[from] item: Leftovers
|upkeep
|turn|14
|
|t:|1757849446
|move|p2a: Glimmora|Spiky Shield|p2a: Glimmora
|-singleturn|p2a: Glimmora|move: Protect
|move|p1a: Suavemente|Aqua Step|p2a: Glimmora
|-activate|p2a: Glimmora|move: Protect
|-damage|p1a: Suavemente|88/100|[from] Spiky Shield|[of] p2a: Glimmora
|
|-heal|p2a: Glimmora|63/100|[from] item: Leftovers
|upkeep
|turn|15
|
|t:|1757849458
|switch|p2a: Toxapex|Toxapex, F|78/100
|-damage|p2a: Toxapex|66/100|[from] Stealth Rock
|move|p1a: Suavemente|Aqua Step|p2a: Toxapex
|-resisted|p2a: Toxapex
|-damage|p2a: Toxapex|51/100
|-boost|p1a: Suavemente|spe|1
|
|-heal|p2a: Toxapex|57/100|[from] item: Leftovers
|upkeep
|turn|16
|l|☆Obih
|inactive|Obih disconnected and has a minute to reconnect!
|player|p2|
|inactive|Raul1601 has 120 seconds left.
|c|☆Raul1601|get a life us staller
|c|☆Raul1601|u
|j|☆Obih
|inactive|Obih reconnected and has 120 seconds left.
|player|p2|Obih|266|
|
|t:|1757849502
|switch|p1a: TouchesGrass|Rotom-Mow, shiny|44/100 tox
|move|p2a: Toxapex|Toxic|p1a: TouchesGrass
|-fail|p1a: TouchesGrass|tox
|
|-heal|p2a: Toxapex|63/100|[from] item: Leftovers
|-damage|p1a: TouchesGrass|38/100 tox|[from] psn
|upkeep
|turn|17
|c|☆Obih|Lol
|inactive|Raul1601 has 120 seconds left.
|
|t:|1757849515
|switch|p1a: Sharknado|Garchomp, M|94/100 tox
|move|p2a: Toxapex|Baneful Bunker||[still]
|-fail|p2a: Toxapex
|
|-heal|p2a: Toxapex|69/100|[from] item: Leftovers
|-damage|p1a: Sharknado|88/100 tox|[from] psn
|upkeep
|turn|18
|
|t:|1757849524
|move|p2a: Toxapex|Baneful Bunker|p2a: Toxapex
|-singleturn|p2a: Toxapex|move: Protect
|move|p1a: Sharknado|Earthquake|p2a: Toxapex
|-activate|p2a: Toxapex|move: Protect
|
|-heal|p2a: Toxapex|75/100|[from] item: Leftovers
|-damage|p1a: Sharknado|76/100 tox|[from] psn
|upkeep
|turn|19
|inactive|Obih has 120 seconds left.
|
|t:|1757849536
|-terastallize|p2a: Toxapex|Grass
|move|p1a: Sharknado|Earthquake|p2a: Toxapex
|-resisted|p2a: Toxapex
|-crit|p2a: Toxapex
|-damage|p2a: Toxapex|52/100
|move|p2a: Toxapex|Infestation|p1a: Sharknado
|-damage|p1a: Sharknado|74/100 tox
|-activate|p1a: Sharknado|move: Infestation|[of] p2a: Toxapex
|-damage|p2a: Toxapex|40/100|[from] ability: Rough Skin|[of] p1a: Sharknado
|-damage|p2a: Toxapex|24/100|[from] item: Rocky Helmet|[of] p1a: Sharknado
|
|-heal|p2a: Toxapex|30/100|[from] item: Leftovers
|-damage|p1a: Sharknado|55/100 tox|[from] psn
|-damage|p1a: Sharknado|43/100 tox|[from] move: Infestation|[partiallytrapped]
|upkeep
|turn|20
|inactive|Obih has 120 seconds left.
|
|t:|1757849552
|move|p2a: Toxapex|Baneful Bunker|p2a: Toxapex
|-singleturn|p2a: Toxapex|move: Protect
|move|p1a: Sharknado|Fire Blast|p2a: Toxapex
|-activate|p2a: Toxapex|move: Protect
|
|-heal|p2a: Toxapex|35/100|[from] item: Leftovers
|-damage|p1a: Sharknado|18/100 tox|[from] psn
|-damage|p1a: Sharknado|5/100 tox|[from] move: Infestation|[partiallytrapped]
|upkeep
|turn|21
|
|t:|1757849566
|switch|p2a: Blissey|Blissey, F|100/100
|-damage|p2a: Blissey|88/100|[from] Stealth Rock
|move|p1a: Sharknado|Earthquake|p2a: Blissey
|-damage|p2a: Blissey|4/100
|
|-heal|p2a: Blissey|10/100|[from] item: Leftovers
|-damage|p1a: Sharknado|0 fnt|[from] psn
|faint|p1a: Sharknado
|upkeep
|inactive|Raul1601 has 120 seconds left.
|
|t:|1757849578
|switch|p1a: Suavemente|Quaquaval, M, shiny|88/100
|turn|22
|inactive|Obih has 120 seconds left.
|
|t:|1757849583
|move|p2a: Blissey|Protect|p2a: Blissey
|-singleturn|p2a: Blissey|Protect
|move|p1a: Suavemente|Triple Axel|p2a: Blissey
|-activate|p2a: Blissey|move: Protect
|
|-heal|p2a: Blissey|16/100|[from] item: Leftovers
|upkeep
|turn|23
|inactive|Obih has 120 seconds left.
|
|t:|1757849596
|switch|p2a: Toxapex|Toxapex, F, tera:Grass|69/100
|-damage|p2a: Toxapex|56/100|[from] Stealth Rock
|move|p1a: Suavemente|Aqua Step|p2a: Toxapex
|-resisted|p2a: Toxapex
|-crit|p2a: Toxapex
|-damage|p2a: Toxapex|34/100
|-boost|p1a: Suavemente|spe|1
|
|-heal|p2a: Toxapex|40/100|[from] item: Leftovers
|upkeep
|turn|24
|inactive|Obih has 120 seconds left.
|
|t:|1757849617
|switch|p1a: TouchesGrass|Rotom-Mow, shiny|38/100 tox
|move|p2a: Toxapex|Baneful Bunker||[still]
|-fail|p2a: Toxapex
|
|-heal|p2a: Toxapex|46/100|[from] item: Leftovers
|-damage|p1a: TouchesGrass|32/100 tox|[from] psn
|upkeep
|turn|25
|-message|Raul1601 forfeited.
|
|win|Obih
|raw|Raul1601's rating: 1118 &rarr; <strong>1098</strong><br />(-20 for losing)
|raw|Obih's rating: 1195 &rarr; <strong>1215</strong><br />(+20 for winning)
|l|☆Raul1601
|player|p1|
|l|☆Obih
|player|p2|
