|j|☆pokeman700
|j|☆luolingyun
|t:|1757910416
|gametype|singles
|player|p1|pokeman700|pilot|1116
|player|p2|luolingyun|swimmerf|1120
|gen|9
|tier|[Gen 9] OU
|rated|
|rule|HP Percentage Mod: HP is shown in percentages
|rule|Endless Battle Clause: Forcing endless battles is banned
|rule|Species Clause: Limit one of each Pokémon
|rule|OHKO Clause: OHKO moves are banned
|rule|Evasion Items Clause: Evasion items are banned
|rule|Evasion Moves Clause: Evasion moves are banned
|rule|Evasion Abilities Clause: Evasion abilities are banned
|rule|Sleep Moves Clause: Sleep-inducing moves are banned
|clearpoke
|poke|p1|Blastoise, F|
|poke|p1|Pelipper, M|
|poke|p1|Charizard, M|
|poke|p1|Torkoal, M|
|poke|p1|Walking Wake|
|poke|p1|Venusaur, F|
|poke|p2|Pelipper, F|
|poke|p2|Landorus-Therian, M|
|poke|p2|Pecharunt|
|poke|p2|Ogerpon-Wellspring, F|
|poke|p2|Dondozo, F|
|poke|p2|Greninja-*, M|
|teampreview
|
|t:|1757910429
|teamsize|p1|6
|teamsize|p2|6
|start
|switch|p1a: Torkoal|Torkoal, M|100/100
|switch|p2a: Landorus|Landorus-Therian, M|100/100
|-ability|p2a: Landorus|Intimidate|boost
|-unboost|p1a: Torkoal|atk|1
|-weather|SunnyDay|[from] ability: Drought|[of] p1a: Torkoal
|turn|1
|
|t:|1757910439
|move|p2a: Landorus|Earthquake|p1a: Torkoal
|-supereffective|p1a: Torkoal
|-damage|p1a: Torkoal|6/100
|move|p1a: Torkoal|Rapid Spin|p2a: Landorus
|-damage|p2a: Landorus|93/100
|-boost|p1a: Torkoal|spe|1
|
|-weather|SunnyDay|[upkeep]
|upkeep
|turn|2
|
|t:|1757910446
|switch|p1a: Venusaur|Venusaur, F|100/100
|move|p2a: Landorus|U-turn|p1a: Venusaur
|-damage|p1a: Venusaur|59/100
|
|t:|1757910453
|switch|p2a: Pelipper|Pelipper, F|100/100|[from] U-turn
|-weather|RainDance|[from] ability: Drizzle|[of] p2a: Pelipper
|
|-weather|RainDance|[upkeep]
|upkeep
|turn|3
|
|t:|1757910462
|switch|p1a: Torkoal|Torkoal, M|6/100
|-weather|SunnyDay|[from] ability: Drought|[of] p1a: Torkoal
|move|p2a: Pelipper|Hurricane|p1a: Torkoal
|-damage|p1a: Torkoal|0 fnt
|faint|p1a: Torkoal
|
|-weather|SunnyDay|[upkeep]
|upkeep
|
|t:|1757910476
|switch|p1a: Venusaur|Venusaur, F|59/100
|turn|4
|
|t:|1757910486
|switch|p2a: Pecharunt|Pecharunt|100/100
|move|p1a: Venusaur|Giga Drain|p2a: Pecharunt
|-resisted|p2a: Pecharunt
|-damage|p2a: Pecharunt|77/100
|-heal|p1a: Venusaur|72/100|[from] drain|[of] p2a: Pecharunt
|
|-weather|SunnyDay|[upkeep]
|-heal|p2a: Pecharunt|83/100|[from] item: Leftovers
|upkeep
|turn|5
|
|t:|1757910493
|switch|p2a: Pelipper|Pelipper, F|100/100
|-weather|RainDance|[from] ability: Drizzle|[of] p2a: Pelipper
|move|p1a: Venusaur|Giga Drain|p2a: Pelipper
|-damage|p2a: Pelipper|1/100
|-heal|p1a: Venusaur|100/100|[from] drain|[of] p2a: Pelipper
|
|-weather|RainDance|[upkeep]
|upkeep
|turn|6
|
|t:|1757910505
|switch|p1a: Blastoise|Blastoise, F|100/100
|move|p2a: Pelipper|Hurricane|p1a: Blastoise
|-damage|p1a: Blastoise|57/100
|-start|p1a: Blastoise|confusion
|
|-weather|RainDance|[upkeep]
|-heal|p1a: Blastoise|63/100|[from] ability: Rain Dish
|-heal|p1a: Blastoise|69/100|[from] item: Leftovers
|upkeep
|turn|7
|
|t:|1757910513
|move|p2a: Pelipper|Hurricane|p1a: Blastoise
|-damage|p1a: Blastoise|27/100
|-activate|p1a: Blastoise|confusion
|-damage|p1a: Blastoise|20/100|[from] confusion
|
|-weather|RainDance|[upkeep]
|-heal|p1a: Blastoise|26/100|[from] ability: Rain Dish
|-heal|p1a: Blastoise|32/100|[from] item: Leftovers
|upkeep
|turn|8
|
|t:|1757910521
|move|p2a: Pelipper|Hurricane|p1a: Blastoise
|-damage|p1a: Blastoise|0 fnt
|faint|p1a: Blastoise
|
|-weather|RainDance|[upkeep]
|upkeep
|
|t:|1757910544
|switch|p1a: Charizard|Charizard, M|100/100
|turn|9
|
|t:|1757910553
|move|p1a: Charizard|Flamethrower|p2a: Pelipper
|-resisted|p2a: Pelipper
|-crit|p2a: Pelipper
|-damage|p2a: Pelipper|0 fnt
|faint|p2a: Pelipper
|
|-weather|none
|upkeep
|
|t:|1757910570
|switch|p2a: Ogerpon|Ogerpon-Wellspring, F|100/100
|turn|10
|
|t:|1757910574
|switch|p1a: Pelipper|Pelipper, M|100/100
|-weather|RainDance|[from] ability: Drizzle|[of] p1a: Pelipper
|-terastallize|p2a: Ogerpon|Water
|detailschange|p2a: Ogerpon|Ogerpon-Wellspring-Tera, F, tera:Water
|-ability|p2a: Ogerpon|Embody Aspect (Wellspring)|boost
|-boost|p2a: Ogerpon|spd|1
|move|p2a: Ogerpon|Swords Dance|p2a: Ogerpon
|-boost|p2a: Ogerpon|atk|2
|
|-weather|RainDance|[upkeep]
|upkeep
|turn|11
|
|t:|1757910595
|move|p2a: Ogerpon|Ivy Cudgel|p1a: Pelipper|[anim] Ivy Cudgel Water
|-resisted|p1a: Pelipper
|-crit|p1a: Pelipper
|-damage|p1a: Pelipper|0 fnt
|faint|p1a: Pelipper
|
|-weather|RainDance|[upkeep]
|upkeep
|
|t:|1757910598
|switch|p1a: Venusaur|Venusaur, F|100/100
|turn|12
|
|t:|1757910619
|move|p2a: Ogerpon|Ivy Cudgel|p1a: Venusaur|[anim] Ivy Cudgel Water
|-resisted|p1a: Venusaur
|-damage|p1a: Venusaur|0 fnt
|faint|p1a: Venusaur
|
|-weather|RainDance|[upkeep]
|upkeep
|
|t:|1757910624
|switch|p1a: Walking Wake|Walking Wake|100/100
|-enditem|p1a: Walking Wake|Booster Energy
|-activate|p1a: Walking Wake|ability: Protosynthesis|[fromitem]
|-start|p1a: Walking Wake|protosynthesisspa
|turn|13
|
|t:|1757910630
|-terastallize|p1a: Walking Wake|Stellar
|move|p2a: Ogerpon|Horn Leech|p1a: Walking Wake
|-damage|p1a: Walking Wake|0 fnt
|faint|p1a: Walking Wake
|-end|p1a: Walking Wake|Protosynthesis|[silent]
|
|-weather|RainDance|[upkeep]
|upkeep
|-message|pokeman700 forfeited.
|
|win|luolingyun
|raw|pokeman700's rating: 1116 &rarr; <strong>1091</strong><br />(-25 for losing)
|raw|luolingyun's rating: 1120 &rarr; <strong>1145</strong><br />(+25 for winning)
|l|☆pokeman700
|player|p1|
|l|☆luolingyun
|player|p2|
