|j|☆niccommoc
|j|☆shoebat
|t:|1757939096
|gametype|singles
|player|p1|niccommoc|cyclist|1478
|player|p2|shoebat|sage|1409
|gen|9
|tier|[Gen 9] OU
|rated|
|rule|HP Percentage Mod: HP is shown in percentages
|rule|Endless Battle Clause: Forcing endless battles is banned
|rule|Species Clause: Limit one of each Pokémon
|rule|OHKO Clause: OHKO moves are banned
|rule|Evasion Items Clause: Evasion items are banned
|rule|Evasion Moves Clause: Evasion moves are banned
|rule|Evasion Abilities Clause: Evasion abilities are banned
|rule|Sleep Moves Clause: Sleep-inducing moves are banned
|clearpoke
|poke|p1|Ninetales-Alola, M|
|poke|p1|Kyurem|
|poke|p1|Gliscor, M|
|poke|p1|Gallade, M|
|poke|p1|Hatterene, F|
|poke|p1|Iron Moth|
|poke|p2|Skarmory, M|
|poke|p2|Ting-Lu|
|poke|p2|Zamazenta-*|
|poke|p2|Pecharunt|
|poke|p2|Clefable, F|
|poke|p2|Walking Wake|
|teampreview
|inactive|Battle timer is ON: inactive players will automatically lose when time's up. (requested by shoebat)
|j| biryanilover
|
|t:|1757939107
|teamsize|p1|6
|teamsize|p2|6
|start
|switch|p1a: Gallade|Gallade, M|100/100
|switch|p2a: Zamazenta|Zamazenta|100/100
|-ability|p2a: Zamazenta|Dauntless Shield|boost
|-boost|p2a: Zamazenta|def|1
|turn|1
|
|t:|1757939121
|switch|p2a: Skarmory|Skarmory, M|100/100
|-terastallize|p1a: Gallade|Psychic
|move|p1a: Gallade|Psycho Cut|p2a: Skarmory
|-resisted|p2a: Skarmory
|-crit|p2a: Skarmory
|-damage|p2a: Skarmory|52/100
|-damage|p1a: Gallade|91/100|[from] item: Life Orb
|
|upkeep
|turn|2
|
|t:|1757939131
|move|p1a: Gallade|Sacred Sword|p2a: Skarmory
|-damage|p2a: Skarmory|0 fnt
|-damage|p1a: Gallade|74/100|[from] item: Rocky Helmet|[of] p2a: Skarmory
|faint|p2a: Skarmory
|-damage|p1a: Gallade|64/100|[from] item: Life Orb
|
|upkeep
|
|t:|1757939142
|switch|p2a: Zamazenta|Zamazenta|100/100
|turn|3
|
|t:|1757939153
|switch|p1a: Hatterene|Hatterene, F|100/100
|move|p2a: Zamazenta|Crunch|p1a: Hatterene
|-damage|p1a: Hatterene|80/100
|-unboost|p1a: Hatterene|def|1
|
|-heal|p1a: Hatterene|86/100|[from] item: Leftovers
|upkeep
|turn|4
|
|t:|1757939160
|move|p2a: Zamazenta|Heavy Slam|p1a: Hatterene
|-supereffective|p1a: Hatterene
|-damage|p1a: Hatterene|0 fnt
|faint|p1a: Hatterene
|
|upkeep
|
|t:|1757939166
|switch|p1a: Gliscor|Gliscor, M|100/100
|turn|5
|
|t:|1757939172
|switch|p2a: Clefable|Clefable, F|100/100
|move|p1a: Gliscor|Swords Dance|p1a: Gliscor
|-boost|p1a: Gliscor|atk|2
|
|-status|p1a: Gliscor|tox|[from] item: Toxic Orb
|upkeep
|turn|6
|
|t:|1757939185
|move|p1a: Gliscor|Earthquake|p2a: Clefable
|-damage|p2a: Clefable|41/100
|move|p2a: Clefable|Moonblast|p1a: Gliscor
|-damage|p1a: Gliscor|60/100 tox
|-unboost|p1a: Gliscor|spa|1
|
|-heal|p2a: Clefable|47/100|[from] item: Leftovers
|-heal|p1a: Gliscor|73/100 tox|[from] ability: Poison Heal
|upkeep
|turn|7
|
|t:|1757939191
|move|p1a: Gliscor|Earthquake|p2a: Clefable
|-damage|p2a: Clefable|0 fnt
|faint|p2a: Clefable
|
|-heal|p1a: Gliscor|85/100 tox|[from] ability: Poison Heal
|upkeep
|
|t:|1757939195
|switch|p2a: Walking Wake|Walking Wake|100/100
|turn|8
|
|t:|1757939203
|switch|p1a: Kyurem|Kyurem|100/100
|-ability|p1a: Kyurem|Pressure
|move|p2a: Walking Wake|Surf|p1a: Kyurem
|-resisted|p1a: Kyurem
|-damage|p1a: Kyurem|78/100
|
|upkeep
|turn|9
|
|t:|1757939207
|switch|p1a: Ninetales|Ninetales-Alola, M|100/100
|-weather|Snowscape|[from] ability: Snow Warning|[of] p1a: Ninetales
|move|p2a: Walking Wake|Draco Meteor|p1a: Ninetales
|-immune|p1a: Ninetales
|
|-weather|Snowscape|[upkeep]
|upkeep
|turn|10
|
|t:|1757939213
|move|p1a: Ninetales|Freeze-Dry|p2a: Walking Wake
|-supereffective|p2a: Walking Wake
|-damage|p2a: Walking Wake|0 fnt
|faint|p2a: Walking Wake
|-end|p2a: Walking Wake|Protosynthesis|[silent]
|
|-weather|Snowscape|[upkeep]
|upkeep
|
|t:|1757939217
|switch|p2a: Zamazenta|Zamazenta|100/100
|turn|11
|l|☆shoebat
|inactive|shoebat disconnected and has a minute to reconnect!
|player|p2|
|j|☆shoebat
|inactive|shoebat reconnected.
|player|p2|shoebat|sage|
|
|t:|1757939231
|switch|p1a: Kyurem|Kyurem|78/100
|-ability|p1a: Kyurem|Pressure
|move|p2a: Zamazenta|Heavy Slam|p1a: Kyurem
|-supereffective|p1a: Kyurem
|-damage|p1a: Kyurem|61/100
|
|-weather|Snowscape|[upkeep]
|upkeep
|turn|12
|
|t:|1757939237
|move|p2a: Zamazenta|Close Combat|p1a: Kyurem
|-supereffective|p1a: Kyurem
|-damage|p1a: Kyurem|0 fnt
|-unboost|p2a: Zamazenta|def|1
|-unboost|p2a: Zamazenta|spd|1
|faint|p1a: Kyurem
|
|-weather|Snowscape|[upkeep]
|upkeep
|inactive|niccommoc has 120 seconds left.
|
|t:|1757939283
|switch|p1a: Iron Moth|Iron Moth|100/100
|-enditem|p1a: Iron Moth|Booster Energy
|-activate|p1a: Iron Moth|ability: Quark Drive|[fromitem]
|-start|p1a: Iron Moth|quarkdrivespe
|turn|13
|
|t:|1757939292
|switch|p2a: Ting-Lu|Ting-Lu|100/100
|-ability|p2a: Ting-Lu|Vessel of Ruin
|move|p1a: Iron Moth|Sludge Wave|p2a: Ting-Lu
|-resisted|p2a: Ting-Lu
|-damage|p2a: Ting-Lu|90/100
|
|-weather|none
|-heal|p2a: Ting-Lu|97/100|[from] item: Leftovers
|upkeep
|turn|14
|
|t:|1757939301
|-end|p1a: Iron Moth|Quark Drive|[silent]
|switch|p1a: Ninetales|Ninetales-Alola, M|100/100
|-weather|Snowscape|[from] ability: Snow Warning|[of] p1a: Ninetales
|move|p2a: Ting-Lu|Earthquake|p1a: Ninetales
|-damage|p1a: Ninetales|71/100
|
|-weather|Snowscape|[upkeep]
|-heal|p2a: Ting-Lu|100/100|[from] item: Leftovers
|upkeep
|turn|15
|inactive|niccommoc has 120 seconds left.
|
|t:|1757939307
|move|p1a: Ninetales|Aurora Veil|p1a: Ninetales
|-sidestart|p1: niccommoc|move: Aurora Veil
|move|p2a: Ting-Lu|Stealth Rock|p1a: Ninetales
|-sidestart|p1: niccommoc|move: Stealth Rock
|
|-weather|Snowscape|[upkeep]
|upkeep
|turn|16
|
|t:|1757939316
|-terastallize|p2a: Ting-Lu|Water
|move|p1a: Ninetales|Encore|p2a: Ting-Lu
|-start|p2a: Ting-Lu|Encore
|move|p2a: Ting-Lu|Stealth Rock||[still]
|-fail|p2a: Ting-Lu
|
|-weather|Snowscape|[upkeep]
|upkeep
|turn|17
|
|t:|1757939322
|switch|p2a: Pecharunt|Pecharunt|100/100
|move|p1a: Ninetales|Freeze-Dry|p2a: Pecharunt
|-damage|p2a: Pecharunt|79/100
|-status|p2a: Pecharunt|frz
|
|-weather|Snowscape|[upkeep]
|upkeep
|turn|18
|
|t:|1757939329
|switch|p1a: Gliscor|Gliscor, M|85/100 tox
|-damage|p1a: Gliscor|73/100 tox|[from] Stealth Rock
|cant|p2a: Pecharunt|frz
|
|-weather|none
|-heal|p1a: Gliscor|85/100 tox|[from] ability: Poison Heal
|upkeep
|turn|19
|c|☆shoebat|well that's just rude
|
|t:|1757939340
|move|p1a: Gliscor|Swords Dance|p1a: Gliscor
|-boost|p1a: Gliscor|atk|2
|cant|p2a: Pecharunt|frz
|
|-heal|p1a: Gliscor|98/100 tox|[from] ability: Poison Heal
|upkeep
|turn|20
|
|t:|1757939353
|move|p1a: Gliscor|Swords Dance|p1a: Gliscor
|-boost|p1a: Gliscor|atk|2
|cant|p2a: Pecharunt|frz
|
|-heal|p1a: Gliscor|100/100 tox|[from] ability: Poison Heal
|upkeep
|turn|21
|
|t:|1757939359
|move|p1a: Gliscor|Earthquake|p2a: Pecharunt
|-supereffective|p2a: Pecharunt
|-damage|p2a: Pecharunt|0 fnt
|faint|p2a: Pecharunt
|
|upkeep
|c|☆shoebat|foul play would've ko'd there
|c|☆shoebat|gg
|inactive|shoebat has 120 seconds left.
|-message|shoebat forfeited.
|
|win|niccommoc
|raw|niccommoc's rating: 1478 &rarr; <strong>1494</strong><br />(+16 for winning)
|raw|shoebat's rating: 1409 &rarr; <strong>1393</strong><br />(-16 for losing)
|l|☆niccommoc
|player|p1|
|l|☆shoebat
|player|p2|
