|j|☆Princessjosie1001!
|j|☆TerabyteTiger
|t:|1757942530
|gametype|singles
|player|p1|Princessjosie1001!|nurse|1329
|player|p2|TerabyteTiger|266|1398
|gen|9
|tier|[Gen 9] OU
|rated|
|rule|HP Percentage Mod: HP is shown in percentages
|rule|Endless Battle Clause: Forcing endless battles is banned
|rule|Species Clause: Limit one of each Pokémon
|rule|OHKO Clause: OHKO moves are banned
|rule|Evasion Items Clause: Evasion items are banned
|rule|Evasion Moves Clause: Evasion moves are banned
|rule|Evasion Abilities Clause: Evasion abilities are banned
|rule|Sleep Moves Clause: Sleep-inducing moves are banned
|clearpoke
|poke|p1|Yanmega, M|
|poke|p1|Cloyster, M|
|poke|p1|Salazzle, F|
|poke|p1|Espeon, M|
|poke|p1|Jirachi|
|poke|p1|Maushold-Four|
|poke|p2|Indeedee, M|
|poke|p2|Hatterene, F|
|poke|p2|Ursaluna, F|
|poke|p2|Iron Hands|
|poke|p2|Hoopa-Unbound|
|poke|p2|Mimikyu, F|
|teampreview
|inactive|Battle timer is ON: inactive players will automatically lose when time's up. (requested by TerabyteTiger)
|
|t:|1757942539
|teamsize|p1|6
|teamsize|p2|6
|start
|switch|p1a: Jirachi|Jirachi|100/100
|switch|p2a: Iron Joan|Iron Hands, shiny|100/100
|-enditem|p2a: Iron Joan|Booster Energy
|-activate|p2a: Iron Joan|ability: Quark Drive|[fromitem]
|-start|p2a: Iron Joan|quarkdriveatk
|turn|1
|
|t:|1757942546
|move|p1a: Jirachi|Zen Headbutt|p2a: Iron Joan
|-supereffective|p2a: Iron Joan
|-damage|p2a: Iron Joan|43/100
|cant|p2a: Iron Joan|flinch
|
|upkeep
|turn|2
|
|t:|1757942558
|switch|p1a: Yanmega|Yanmega, M|100/100
|move|p2a: Iron Joan|Close Combat|p1a: Yanmega
|-resisted|p1a: Yanmega
|-damage|p1a: Yanmega|73/100
|-unboost|p2a: Iron Joan|def|1
|-unboost|p2a: Iron Joan|spd|1
|
|upkeep
|turn|3
|
|t:|1757942566
|move|p1a: Yanmega|Air Slash|p2a: Iron Joan|[miss]
|-miss|p1a: Yanmega|p2a: Iron Joan
|move|p2a: Iron Joan|Supercell Slam|p1a: Yanmega
|-supereffective|p1a: Yanmega
|-damage|p1a: Yanmega|0 fnt
|faint|p1a: Yanmega
|
|upkeep
|
|t:|1757942577
|switch|p1a: Jirachi|Jirachi|100/100
|turn|4
|
|t:|1757942581
|-end|p2a: Iron Joan|Quark Drive|[silent]
|switch|p2a: Hoopla|Hoopa-Unbound|100/100
|move|p1a: Jirachi|Iron Head|p2a: Hoopla
|-damage|p2a: Hoopla|55/100
|
|upkeep
|turn|5
|
|t:|1757942592
|switch|p2a: Iron Joan|Iron Hands, shiny|43/100
|move|p1a: Jirachi|Iron Head|p2a: Iron Joan
|-resisted|p2a: Iron Joan
|-damage|p2a: Iron Joan|30/100
|
|upkeep
|turn|6
|
|t:|1757942597
|move|p1a: Jirachi|Iron Head|p2a: Iron Joan
|-resisted|p2a: Iron Joan
|-damage|p2a: Iron Joan|16/100
|cant|p2a: Iron Joan|flinch
|
|upkeep
|turn|7
|
|t:|1757942602
|move|p1a: Jirachi|Iron Head|p2a: Iron Joan
|-resisted|p2a: Iron Joan
|-damage|p2a: Iron Joan|4/100
|cant|p2a: Iron Joan|flinch
|
|upkeep
|turn|8
|
|t:|1757942607
|move|p1a: Jirachi|Iron Head|p2a: Iron Joan
|-resisted|p2a: Iron Joan
|-damage|p2a: Iron Joan|0 fnt
|faint|p2a: Iron Joan
|-end|p2a: Iron Joan|Quark Drive|[silent]
|
|upkeep
|
|t:|1757942610
|switch|p2a: Hat in the Hat|Hatterene, F, shiny|100/100
|turn|9
|
|t:|1757942613
|move|p1a: Jirachi|Iron Head|p2a: Hat in the Hat
|-supereffective|p2a: Hat in the Hat
|-damage|p2a: Hat in the Hat|8/100
|cant|p2a: Hat in the Hat|flinch
|
|upkeep
|turn|10
|
|t:|1757942619
|switch|p2a: Meme|Mimikyu, F, shiny|100/100
|move|p1a: Jirachi|Iron Head|p2a: Meme
|-activate|p2a: Meme|ability: Disguise
|-damage|p2a: Meme|100/100
|detailschange|p2a: Meme|Mimikyu-Busted, F, shiny
|-damage|p2a: Meme|88/100|[from] pokemon: Mimikyu-Busted
|-enditem|p2a: Meme|Red Card|[of] p1a: Jirachi
|drag|p1a: Cloyster|Cloyster, M|100/100
|
|upkeep
|turn|11
|
|t:|1757942630
|move|p1a: Cloyster|Shell Smash|p1a: Cloyster
|-unboost|p1a: Cloyster|def|1
|-unboost|p1a: Cloyster|spd|1
|-boost|p1a: Cloyster|atk|2
|-boost|p1a: Cloyster|spa|2
|-boost|p1a: Cloyster|spe|2
|move|p2a: Meme|Curse|p1a: Cloyster
|-start|p1a: Cloyster|Curse|[of] p2a: Meme
|-damage|p2a: Meme|38/100
|
|-damage|p1a: Cloyster|76/100|[from] Curse
|upkeep
|turn|12
|
|t:|1757942641
|move|p1a: Cloyster|Ice Shard|p2a: Meme
|-damage|p2a: Meme|6/100
|move|p2a: Meme|Trick Room|p2a: Meme
|-fieldstart|move: Trick Room|[of] p2a: Meme
|
|-damage|p1a: Cloyster|51/100|[from] Curse
|upkeep
|turn|13
|
|t:|1757942647
|move|p1a: Cloyster|Ice Shard|p2a: Meme
|-damage|p2a: Meme|0 fnt
|faint|p2a: Meme
|
|-damage|p1a: Cloyster|26/100|[from] Curse
|upkeep
|
|t:|1757942650
|switch|p2a: QueenDeeDeeDee|Indeedee, M, shiny|100/100
|-fieldstart|move: Psychic Terrain|[from] ability: Psychic Surge|[of] p2a: QueenDeeDeeDee
|turn|14
|
|t:|1757942657
|move|p2a: QueenDeeDeeDee|Healing Wish|p2a: QueenDeeDeeDee
|faint|p2a: QueenDeeDeeDee
|move|p1a: Cloyster|Icicle Spear|p2: QueenDeeDeeDee|[notarget]
|-fail|p1a: Cloyster
|
|-damage|p1a: Cloyster|1/100|[from] Curse
|upkeep
|
|t:|1757942662
|switch|p2a: Hat in the Hat|Hatterene, F, shiny|8/100
|-heal|p2a: Hat in the Hat|100/100|[from] move: Healing Wish
|turn|15
|
|t:|1757942666
|move|p2a: Hat in the Hat|Mystical Fire|p1a: Cloyster
|-damage|p1a: Cloyster|0 fnt
|faint|p1a: Cloyster
|-damage|p2a: Hat in the Hat|91/100|[from] item: Life Orb
|
|upkeep
|
|t:|1757942673
|switch|p1a: Salazzle|Salazzle, F|100/100
|turn|16
|
|t:|1757942677
|move|p2a: Hat in the Hat|Expanding Force|p1a: Salazzle
|-supereffective|p1a: Salazzle
|-enditem|p1a: Salazzle|Focus Sash
|-damage|p1a: Salazzle|1/100
|-damage|p2a: Hat in the Hat|81/100|[from] item: Life Orb
|move|p1a: Salazzle|Sludge Wave|p2a: Hat in the Hat
|-supereffective|p2a: Hat in the Hat
|-damage|p2a: Hat in the Hat|0 fnt
|faint|p2a: Hat in the Hat
|
|-fieldend|move: Trick Room
|upkeep
|
|t:|1757942682
|switch|p2a: Ursatuna|Ursaluna, F, shiny|100/100
|turn|17
|
|t:|1757942690
|move|p1a: Salazzle|Toxic|p2a: Ursatuna
|-status|p2a: Ursatuna|tox
|move|p2a: Ursatuna|Facade|p1a: Salazzle
|-damage|p1a: Salazzle|0 fnt
|faint|p1a: Salazzle
|
|-damage|p2a: Ursatuna|94/100 tox|[from] psn
|upkeep
|
|t:|1757942698
|switch|p1a: No hazard allowed|Espeon, M|100/100
|turn|18
|
|t:|1757942701
|-terastallize|p2a: Ursatuna|Normal
|move|p1a: No hazard allowed|Trick|p2a: Ursatuna
|-activate|p1a: No hazard allowed|move: Trick|[of] p2a: Ursatuna
|-item|p2a: Ursatuna|Choice Scarf|[from] move: Trick
|-item|p1a: No hazard allowed|Flame Orb|[from] move: Trick
|move|p2a: Ursatuna|Facade|p1a: No hazard allowed
|-damage|p1a: No hazard allowed|0 fnt
|faint|p1a: No hazard allowed
|
|-damage|p2a: Ursatuna|82/100 tox|[from] psn
|upkeep
|
|t:|1757942710
|switch|p1a: Maushold|Maushold-Four|100/100
|turn|19
|
|t:|1757942714
|-terastallize|p1a: Maushold|Ghost
|move|p1a: Maushold|Tidy Up|p1a: Maushold
|-boost|p1a: Maushold|atk|1
|-boost|p1a: Maushold|spe|1
|move|p2a: Ursatuna|Facade|p1a: Maushold
|-immune|p1a: Maushold
|
|-damage|p2a: Ursatuna|64/100 tox|[from] psn
|upkeep
|turn|20
|
|t:|1757942722
|switch|p2a: Hoopla|Hoopa-Unbound|55/100
|-enditem|p2a: Hoopla|Psychic Seed
|-boost|p2a: Hoopla|spd|1|[from] item: Psychic Seed
|move|p1a: Maushold|Tidy Up|p1a: Maushold
|-boost|p1a: Maushold|atk|1
|-boost|p1a: Maushold|spe|1
|
|upkeep
|turn|21
|
|t:|1757942732
|move|p1a: Maushold|Bullet Seed|p2a: Hoopla
|-damage|p2a: Hoopla|33/100
|-damage|p2a: Hoopla|11/100
|-damage|p2a: Hoopla|0 fnt
|faint|p2a: Hoopla
|-hitcount|p2: Hoopla|3
|
|-fieldend|move: Psychic Terrain
|upkeep
|
|t:|1757942740
|switch|p2a: Ursatuna|Ursaluna, F, shiny, tera:Normal|64/100 tox
|turn|22
|
|t:|1757942742
|move|p1a: Maushold|Population Bomb|p2a: Ursatuna
|-damage|p2a: Ursatuna|47/100 tox
|-damage|p2a: Ursatuna|29/100 tox
|-damage|p2a: Ursatuna|12/100 tox
|-damage|p2a: Ursatuna|0 fnt
|faint|p2a: Ursatuna
|-hitcount|p2: Ursatuna|4
|
|win|Princessjosie1001!
|raw|Princessjosie1001!'s rating: 1329 &rarr; <strong>1353</strong><br />(+24 for winning)
|raw|TerabyteTiger's rating: 1398 &rarr; <strong>1374</strong><br />(-24 for losing)
|c|☆TerabyteTiger|Gg
|l|☆TerabyteTiger
|player|p2|
|c|☆Princessjosie1001!|Gg
|l|☆Princessjosie1001!
|player|p1|
