|j|☆Slendy3214
|j|☆Daxmor17
|t:|1757828153
|gametype|singles
|player|p1|Slendy3214|pokemaniac|1360
|player|p2|Daxmor17|lucas|1352
|gen|9
|tier|[Gen 9] OU
|rated|
|rule|HP Percentage Mod: HP is shown in percentages
|rule|Endless Battle Clause: Forcing endless battles is banned
|rule|Species Clause: Limit one of each Pokémon
|rule|OHKO Clause: OHKO moves are banned
|rule|Evasion Items Clause: Evasion items are banned
|rule|Evasion Moves Clause: Evasion moves are banned
|rule|Evasion Abilities Clause: Evasion abilities are banned
|rule|Sleep Moves Clause: Sleep-inducing moves are banned
|clearpoke
|poke|p1|Skeledirge, M|
|poke|p1|Ursaluna, M|
|poke|p1|Braviary, M|
|poke|p1|Zamazenta-*|
|poke|p1|Samurott-Hisui, F|
|poke|p1|Goodra-Hisui, F|
|poke|p2|Meowscarada, F|
|poke|p2|Clodsire, M|
|poke|p2|Dondozo, F|
|poke|p2|Corviknight, M|
|poke|p2|Toedscruel, M|
|poke|p2|Eelektross, F|
|teampreview
|
|t:|1757828186
|teamsize|p1|6
|teamsize|p2|6
|start
|switch|p1a: Braviary|Braviary, M|100/100
|switch|p2a: Eelektross|Eelektross, F|100/100
|turn|1
|
|t:|1757828196
|switch|p1a: Ursaluna|Ursaluna, M|100/100
|move|p2a: Eelektross|Volt Switch|p1a: Ursaluna
|-immune|p1a: Ursaluna
|
|-status|p1a: Ursaluna|brn|[from] item: Flame Orb
|upkeep
|turn|2
|
|t:|1757828212
|move|p1a: Ursaluna|Facade|p2a: Eelektross
|-damage|p2a: Eelektross|0 fnt
|faint|p2a: Eelektross
|
|-damage|p1a: Ursaluna|94/100 brn|[from] brn
|upkeep
|
|t:|1757828217
|switch|p2a: Corviknight|Corviknight, M|100/100
|turn|3
|
|t:|1757828233
|switch|p1a: Skeledirge|Skeledirge, M, shiny|100/100
|move|p2a: Corviknight|Brave Bird|p1a: Skeledirge
|-damage|p1a: Skeledirge|60/100
|-damage|p2a: Corviknight|84/100|[from] Recoil
|
|upkeep
|turn|4
|
|t:|1757828250
|-terastallize|p2a: Corviknight|Dragon
|move|p2a: Corviknight|Brave Bird|p1a: Skeledirge
|-damage|p1a: Skeledirge|16/100
|-damage|p2a: Corviknight|66/100|[from] Recoil
|move|p1a: Skeledirge|Will-O-Wisp|p2a: Corviknight
|-status|p2a: Corviknight|brn
|
|-damage|p2a: Corviknight|60/100 brn|[from] brn
|upkeep
|turn|5
|
|t:|1757828267
|switch|p1a: Goodra|Goodra-Hisui, F|100/100
|move|p2a: Corviknight|Brave Bird|p1a: Goodra
|-resisted|p1a: Goodra
|-damage|p1a: Goodra|90/100
|-damage|p2a: Corviknight|56/100 brn|[from] Recoil
|
|-damage|p2a: Corviknight|50/100 brn|[from] brn
|upkeep
|turn|6
|
|t:|1757828276
|switch|p2a: Toedscruel|Toedscruel, M|100/100
|move|p1a: Goodra|Dragon Pulse|p2a: Toedscruel
|-damage|p2a: Toedscruel|77/100
|
|upkeep
|turn|7
|
|t:|1757828288
|switch|p1a: Skeledirge|Skeledirge, M, shiny|16/100
|move|p2a: Toedscruel|Earth Power|p1a: Skeledirge
|-supereffective|p1a: Skeledirge
|-damage|p1a: Skeledirge|0 fnt
|faint|p1a: Skeledirge
|
|upkeep
|
|t:|1757828293
|switch|p1a: Braviary|Braviary, M|100/100
|turn|8
|
|t:|1757828299
|switch|p2a: Corviknight|Corviknight, M, tera:Dragon|50/100 brn
|move|p1a: Braviary|Agility|p1a: Braviary
|-boost|p1a: Braviary|spe|2
|
|-damage|p2a: Corviknight|44/100 brn|[from] brn
|upkeep
|turn|9
|
|t:|1757828316
|move|p1a: Braviary|Body Slam|p2a: Corviknight
|-damage|p2a: Corviknight|0 fnt
|-damage|p1a: Braviary|84/100|[from] item: Rocky Helmet|[of] p2a: Corviknight
|faint|p2a: Corviknight
|
|upkeep
|
|t:|1757828334
|switch|p2a: Dondozo|Dondozo, F|100/100
|turn|10
|
|t:|1757828349
|move|p1a: Braviary|Body Slam|p2a: Dondozo
|-damage|p2a: Dondozo|66/100
|move|p2a: Dondozo|Liquidation|p1a: Braviary
|-damage|p1a: Braviary|55/100
|-unboost|p1a: Braviary|def|1
|
|-heal|p2a: Dondozo|72/100|[from] item: Leftovers
|upkeep
|turn|11
|
|t:|1757828357
|move|p1a: Braviary|Body Slam|p2a: Dondozo
|-damage|p2a: Dondozo|40/100
|move|p2a: Dondozo|Liquidation|p1a: Braviary
|-crit|p1a: Braviary
|-damage|p1a: Braviary|15/100
|
|-heal|p2a: Dondozo|46/100|[from] item: Leftovers
|upkeep
|turn|12
|
|t:|1757828362
|move|p1a: Braviary|Roost|p1a: Braviary
|-heal|p1a: Braviary|65/100
|-singleturn|p1a: Braviary|move: Roost
|move|p2a: Dondozo|Rest|p2a: Dondozo
|-status|p2a: Dondozo|slp|[from] move: Rest
|-heal|p2a: Dondozo|100/100 slp|[silent]
|
|upkeep
|turn|13
|
|t:|1757828365
|move|p1a: Braviary|Roost|p1a: Braviary
|-heal|p1a: Braviary|100/100
|-singleturn|p1a: Braviary|move: Roost
|cant|p2a: Dondozo|slp
|move|p2a: Dondozo|Sleep Talk|p2a: Dondozo
|move|p2a: Dondozo|Liquidation|p1a: Braviary|[from] move: Sleep Talk
|-damage|p1a: Braviary|69/100
|
|upkeep
|turn|14
|
|t:|1757828378
|move|p1a: Braviary|Roost|p1a: Braviary
|-heal|p1a: Braviary|100/100
|-singleturn|p1a: Braviary|move: Roost
|cant|p2a: Dondozo|slp
|move|p2a: Dondozo|Sleep Talk|p2a: Dondozo
|move|p2a: Dondozo|Liquidation|p1a: Braviary|[from] move: Sleep Talk
|-damage|p1a: Braviary|72/100
|
|upkeep
|turn|15
|
|t:|1757828395
|-terastallize|p1a: Braviary|Normal
|move|p1a: Braviary|Body Slam|p2a: Dondozo
|-damage|p2a: Dondozo|58/100 slp
|-curestatus|p2a: Dondozo|slp|[msg]
|move|p2a: Dondozo|Curse|p2a: Dondozo
|-unboost|p2a: Dondozo|spe|1
|-boost|p2a: Dondozo|atk|1
|-boost|p2a: Dondozo|def|1
|
|-heal|p2a: Dondozo|64/100|[from] item: Leftovers
|upkeep
|turn|16
|
|t:|1757828414
|move|p1a: Braviary|Body Slam|p2a: Dondozo
|-damage|p2a: Dondozo|32/100
|move|p2a: Dondozo|Curse|p2a: Dondozo
|-unboost|p2a: Dondozo|spe|1
|-boost|p2a: Dondozo|atk|1
|-boost|p2a: Dondozo|def|1
|
|-heal|p2a: Dondozo|38/100|[from] item: Leftovers
|upkeep
|turn|17
|
|t:|1757828426
|switch|p1a: Goodra|Goodra-Hisui, F|90/100
|move|p2a: Dondozo|Rest|p2a: Dondozo
|-status|p2a: Dondozo|slp|[from] move: Rest
|-heal|p2a: Dondozo|100/100 slp|[silent]
|
|upkeep
|turn|18
|
|t:|1757828437
|switch|p2a: Toedscruel|Toedscruel, M|77/100
|move|p1a: Goodra|Dragon Pulse|p2a: Toedscruel
|-damage|p2a: Toedscruel|53/100
|
|upkeep
|turn|19
|
|t:|1757828444
|switch|p1a: Braviary|Braviary, M, tera:Normal|72/100
|move|p2a: Toedscruel|Earth Power|p1a: Braviary
|-damage|p1a: Braviary|40/100
|
|upkeep
|turn|20
|
|t:|1757828459
|switch|p2a: Dondozo|Dondozo, F|100/100 slp
|move|p1a: Braviary|Roost|p1a: Braviary
|-heal|p1a: Braviary|90/100
|
|upkeep
|turn|21
|
|t:|1757828464
|switch|p1a: Goodra|Goodra-Hisui, F|90/100
|cant|p2a: Dondozo|slp
|move|p2a: Dondozo|Sleep Talk|p2a: Dondozo
|move|p2a: Dondozo|Liquidation|p1a: Goodra|[from] move: Sleep Talk
|-resisted|p1a: Goodra
|-damage|p1a: Goodra|78/100
|
|upkeep
|turn|22
|
|t:|1757828474
|switch|p2a: Toedscruel|Toedscruel, M|53/100
|move|p1a: Goodra|Dragon Pulse|p2a: Toedscruel
|-damage|p2a: Toedscruel|28/100
|
|upkeep
|turn|23
|
|t:|1757828481
|switch|p1a: Braviary|Braviary, M, tera:Normal|90/100
|move|p2a: Toedscruel|Earth Power|p1a: Braviary
|-damage|p1a: Braviary|57/100
|
|upkeep
|turn|24
|
|t:|1757828492
|switch|p2a: Dondozo|Dondozo, F|100/100 slp
|move|p1a: Braviary|Roost|p1a: Braviary
|-heal|p1a: Braviary|100/100
|
|upkeep
|turn|25
|
|t:|1757828497
|switch|p1a: Goodra|Goodra-Hisui, F|78/100
|switch|p2a: Toedscruel|Toedscruel, M|28/100
|
|upkeep
|turn|26
|
|t:|1757828509
|switch|p1a: Braviary|Braviary, M, tera:Normal|100/100
|move|p2a: Toedscruel|Earth Power|p1a: Braviary
|-damage|p1a: Braviary|64/100
|
|upkeep
|turn|27
|
|t:|1757828517
|switch|p2a: Dondozo|Dondozo, F|100/100 slp
|move|p1a: Braviary|Body Slam|p2a: Dondozo
|-damage|p2a: Dondozo|53/100 slp
|
|-heal|p2a: Dondozo|59/100 slp|[from] item: Leftovers
|upkeep
|turn|28
|
|t:|1757828526
|switch|p2a: Clodsire|Clodsire, M|100/100
|move|p1a: Braviary|Roost|p1a: Braviary
|-heal|p1a: Braviary|100/100
|
|upkeep
|turn|29
|
|t:|1757828540
|switch|p1a: Ursaluna|Ursaluna, M|94/100 brn
|move|p2a: Clodsire|Counter||[still]
|-fail|p2a: Clodsire
|
|-damage|p1a: Ursaluna|88/100 brn|[from] brn
|upkeep
|turn|30
|
|t:|1757828547
|move|p1a: Ursaluna|Facade|p2a: Clodsire
|-damage|p2a: Clodsire|0 fnt
|faint|p2a: Clodsire
|
|-damage|p1a: Ursaluna|82/100 brn|[from] brn
|upkeep
|
|t:|1757828552
|switch|p2a: Dondozo|Dondozo, F|59/100 slp
|turn|31
|
|t:|1757828557
|move|p1a: Ursaluna|Facade|p2a: Dondozo
|-damage|p2a: Dondozo|0 fnt
|faint|p2a: Dondozo
|
|-damage|p1a: Ursaluna|76/100 brn|[from] brn
|upkeep
|-message|Daxmor17 forfeited.
|
|win|Slendy3214
|raw|Slendy3214's rating: 1360 &rarr; <strong>1380</strong><br />(+20 for winning)
|raw|Daxmor17's rating: 1352 &rarr; <strong>1332</strong><br />(-20 for losing)
|l|☆Daxmor17
|player|p2|
