|j|☆huojie7891
|j|☆wtffdryvsr
|t:|1757824342
|gametype|singles
|player|p1|huojie7891|n|1076
|player|p2|wtffdryvsr|101|1108
|gen|9
|tier|[Gen 9] OU
|rated|
|rule|HP Percentage Mod: HP is shown in percentages
|rule|Endless Battle Clause: Forcing endless battles is banned
|rule|Species Clause: Limit one of each Pokémon
|rule|OHKO Clause: OHKO moves are banned
|rule|Evasion Items Clause: Evasion items are banned
|rule|Evasion Moves Clause: Evasion moves are banned
|rule|Evasion Abilities Clause: Evasion abilities are banned
|rule|Sleep Moves Clause: Sleep-inducing moves are banned
|clearpoke
|poke|p1|Kricketune, M|
|poke|p1|Drowzee, M|
|poke|p1|Vespiquen, F|
|poke|p1|Slowking-Galar, F|
|poke|p1|Arcanine-Hisui, F|
|poke|p1|Toxapex, F|
|poke|p2|Weavile, M|
|poke|p2|Iron Valiant|
|poke|p2|Landorus-Therian, M|
|poke|p2|Alomomola, F|
|poke|p2|Hydrapple, F|
|poke|p2|Cinderace, F|
|teampreview
|inactive|Battle timer is ON: inactive players will automatically lose when time's up. (requested by wtffdryvsr)
|
|t:|1757824351
|teamsize|p1|6
|teamsize|p2|6
|start
|switch|p1a: Drowzee|Drowzee, M|100/100
|switch|p2a: Iron Valiant|Iron Valiant|100/100
|-activate|p1a: Drowzee|ability: Forewarn|Moonblast|[of] p2a: Iron Valiant
|turn|1
|
|t:|1757824360
|move|p2a: Iron Valiant|Moonblast|p1a: Drowzee
|-crit|p1a: Drowzee
|-enditem|p1a: Drowzee|Focus Sash
|-damage|p1a: Drowzee|1/100
|-unboost|p1a: Drowzee|spa|1
|move|p1a: Drowzee|Trick Room|p1a: Drowzee
|-fieldstart|move: Trick Room|[of] p1a: Drowzee
|
|upkeep
|turn|2
|
|t:|1757824373
|move|p1a: Drowzee|Endeavor|p2a: Iron Valiant
|-damage|p2a: Iron Valiant|1/100
|move|p2a: Iron Valiant|Moonblast|p1a: Drowzee
|-damage|p1a: Drowzee|0 fnt
|faint|p1a: Drowzee
|
|upkeep
|
|t:|1757824382
|switch|p1a: Kricketune|Kricketune, M|100/100
|turn|3
|
|t:|1757824390
|-end|p2a: Iron Valiant|Quark Drive|[silent]
|switch|p2a: Alomomola|Alomomola, F|100/100
|move|p1a: Kricketune|Fell Stinger|p2a: Alomomola
|-damage|p2a: Alomomola|66/100
|-damage|p1a: Kricketune|91/100|[from] item: Life Orb
|
|upkeep
|turn|4
|
|t:|1757824409
|move|p2a: Alomomola|Body Slam|p1a: Kricketune
|-damage|p1a: Kricketune|58/100
|move|p1a: Kricketune|Trailblaze|p2a: Alomomola
|-supereffective|p2a: Alomomola
|-damage|p2a: Alomomola|23/100
|-boost|p1a: Kricketune|spe|1
|-damage|p1a: Kricketune|48/100|[from] item: Life Orb
|
|upkeep
|turn|5
|
|t:|1757824419
|-terastallize|p1a: Kricketune|Bug
|move|p2a: Alomomola|Flip Turn|p1a: Kricketune
|-damage|p1a: Kricketune|16/100
|
|t:|1757824437
|switch|p2a: Landorus|Landorus-Therian, M|100/100|[from] Flip Turn
|-ability|p2a: Landorus|Intimidate|boost
|-unboost|p1a: Kricketune|atk|1
|move|p1a: Kricketune|Fell Stinger|p2a: Landorus
|-resisted|p2a: Landorus
|-damage|p2a: Landorus|79/100
|-damage|p1a: Kricketune|6/100|[from] item: Life Orb
|
|-heal|p2a: Landorus|85/100|[from] item: Leftovers
|-fieldend|move: Trick Room
|upkeep
|turn|6
|
|t:|1757824450
|move|p1a: Kricketune|Night Slash|p2a: Landorus
|-crit|p2a: Landorus
|-damage|p2a: Landorus|40/100
|-damage|p1a: Kricketune|0 fnt|[from] item: Life Orb
|faint|p1a: Kricketune
|move|p2a: Landorus|Substitute|p2a: Landorus
|-start|p2a: Landorus|Substitute
|-damage|p2a: Landorus|15/100
|
|-heal|p2a: Landorus|21/100|[from] item: Leftovers
|upkeep
|
|t:|1757824467
|switch|p1a: Arcanine|Arcanine-Hisui, F|100/100
|turn|7
|
|t:|1757824485
|switch|p1a: Vespiquen|Vespiquen, F|100/100
|-ability|p1a: Vespiquen|Pressure
|move|p2a: Landorus|Swords Dance|p2a: Landorus
|-boost|p2a: Landorus|atk|2
|
|-heal|p2a: Landorus|27/100|[from] item: Leftovers
|upkeep
|turn|8
|
|t:|1757824497
|move|p2a: Landorus|Smack Down|p1a: Vespiquen
|-supereffective|p1a: Vespiquen
|-enditem|p1a: Vespiquen|Focus Sash
|-damage|p1a: Vespiquen|1/100
|-start|p1a: Vespiquen|Smack Down
|move|p1a: Vespiquen|Toxic||[still]
|-fail|p1a: Vespiquen
|
|-heal|p2a: Landorus|33/100|[from] item: Leftovers
|upkeep
|turn|9
|-message|huojie7891 forfeited.
|
|win|wtffdryvsr
|raw|huojie7891's rating: 1076 &rarr; <strong>1057</strong><br />(-19 for losing)
|raw|wtffdryvsr's rating: 1108 &rarr; <strong>1131</strong><br />(+23 for winning)
|l|☆huojie7891
|player|p1|
