|j|☆Guerrero105
|j|☆Princessjosie1001!
|t:|1757855794
|gametype|singles
|player|p1|Guerrero105|lucas-gen4pt|1354
|player|p2|Princessjosie1001!|nurse|1417
|gen|9
|tier|[Gen 9] OU
|rated|
|rule|HP Percentage Mod: HP is shown in percentages
|rule|Endless Battle Clause: Forcing endless battles is banned
|rule|Species Clause: Limit one of each Pokémon
|rule|OHKO Clause: OHKO moves are banned
|rule|Evasion Items Clause: Evasion items are banned
|rule|Evasion Moves Clause: Evasion moves are banned
|rule|Evasion Abilities Clause: Evasion abilities are banned
|rule|Sleep Moves Clause: Sleep-inducing moves are banned
|clearpoke
|poke|p1|Garchomp, M|
|poke|p1|Corviknight, M|
|poke|p1|Clefable, F|
|poke|p1|Galvantula, M|
|poke|p1|Incineroar, M|
|poke|p1|Serperior, M|
|poke|p2|Yanmega, F|
|poke|p2|Cloyster, F|
|poke|p2|Salazzle, F|
|poke|p2|Espeon, M|
|poke|p2|Jirachi|
|poke|p2|Maushold-Four|
|teampreview
|inactive|Battle timer is ON: inactive players will automatically lose when time's up. (requested by Guerrero105)
|
|t:|1757855798
|teamsize|p1|6
|teamsize|p2|6
|start
|switch|p1a: Incineroar|Incineroar, M|100/100
|switch|p2a: Jirachi|Jirachi|100/100
|-ability|p1a: Incineroar|Intimidate|boost
|-unboost|p2a: Jirachi|atk|1
|turn|1
|
|t:|1757855810
|move|p2a: Jirachi|Body Slam|p1a: Incineroar
|-damage|p1a: Incineroar|84/100
|-status|p1a: Incineroar|par
|move|p1a: Incineroar|Knock Off|p2a: Jirachi
|-supereffective|p2a: Jirachi
|-damage|p2a: Jirachi|23/100
|-enditem|p2a: Jirachi|Choice Scarf|[from] move: Knock Off|[of] p1a: Incineroar
|
|-heal|p1a: Incineroar|90/100 par|[from] item: Leftovers
|upkeep
|turn|2
|
|t:|1757855820
|move|p2a: Jirachi|U-turn|p1a: Incineroar
|-damage|p1a: Incineroar|77/100 par
|
|t:|1757855823
|switch|p2a: No hazard allowed|Espeon, M|100/100|[from] U-turn
|move|p1a: Incineroar|Parting Shot|p2a: No hazard allowed
|move|p2a: No hazard allowed|Parting Shot|p1a: Incineroar|[from] ability: Magic Bounce
|-unboost|p1a: Incineroar|atk|1
|-unboost|p1a: Incineroar|spa|1
|
|t:|1757855834
|switch|p2a: Yanmega|Yanmega, F|100/100|[from] Parting Shot
|
|-heal|p1a: Incineroar|83/100 par|[from] item: Leftovers
|upkeep
|turn|3
|
|t:|1757855839
|switch|p1a: Clefable|Clefable, F|100/100
|move|p2a: Yanmega|Air Slash|p1a: Clefable
|-damage|p1a: Clefable|62/100
|-damage|p2a: Yanmega|91/100|[from] item: Life Orb
|
|-heal|p1a: Clefable|68/100|[from] item: Leftovers
|-ability|p2a: Yanmega|Speed Boost|boost
|-boost|p2a: Yanmega|spe|1
|upkeep
|turn|4
|
|t:|1757855848
|switch|p2a: No hazard allowed|Espeon, M|100/100
|move|p1a: Clefable|Moonblast|p2a: No hazard allowed
|-damage|p2a: No hazard allowed|57/100
|
|-heal|p1a: Clefable|74/100|[from] item: Leftovers
|upkeep
|turn|5
|
|t:|1757855855
|move|p2a: No hazard allowed|Trick|p1a: Clefable
|-activate|p2a: No hazard allowed|move: Trick|[of] p1a: Clefable
|-item|p1a: Clefable|Choice Scarf|[from] move: Trick
|-item|p2a: No hazard allowed|Leftovers|[from] move: Trick
|move|p1a: Clefable|Moonblast|p2a: No hazard allowed
|-damage|p2a: No hazard allowed|11/100
|-unboost|p2a: No hazard allowed|spa|1
|
|-heal|p2a: No hazard allowed|17/100|[from] item: Leftovers
|upkeep
|turn|6
|
|t:|1757855866
|move|p2a: No hazard allowed|Thunder Wave|p1a: Clefable
|-status|p1a: Clefable|par
|cant|p1a: Clefable|par
|
|-heal|p2a: No hazard allowed|23/100|[from] item: Leftovers
|upkeep
|turn|7
|
|t:|1757855872
|switch|p2a: Jirachi|Jirachi|23/100
|switch|p1a: Incineroar|Incineroar, M|83/100 par
|-ability|p1a: Incineroar|Intimidate|boost
|-unboost|p2a: Jirachi|atk|1
|
|-heal|p1a: Incineroar|90/100 par|[from] item: Leftovers
|upkeep
|turn|8
|
|t:|1757855880
|move|p2a: Jirachi|U-turn|p1a: Incineroar
|-damage|p1a: Incineroar|76/100 par
|
|t:|1757855884
|switch|p2a: No hazard allowed|Espeon, M|23/100|[from] U-turn
|move|p1a: Incineroar|Knock Off|p2a: No hazard allowed
|-supereffective|p2a: No hazard allowed
|-damage|p2a: No hazard allowed|0 fnt
|-enditem|p2a: No hazard allowed|Leftovers|[from] move: Knock Off|[of] p1a: Incineroar
|faint|p2a: No hazard allowed
|
|-heal|p1a: Incineroar|82/100 par|[from] item: Leftovers
|upkeep
|
|t:|1757855893
|switch|p2a: Cloyster|Cloyster, F|100/100
|turn|9
|
|t:|1757855895
|move|p2a: Cloyster|Shell Smash|p2a: Cloyster
|-unboost|p2a: Cloyster|def|1
|-unboost|p2a: Cloyster|spd|1
|-boost|p2a: Cloyster|atk|2
|-boost|p2a: Cloyster|spa|2
|-boost|p2a: Cloyster|spe|2
|cant|p1a: Incineroar|par
|
|-heal|p1a: Incineroar|89/100 par|[from] item: Leftovers
|upkeep
|turn|10
|
|t:|1757855908
|move|p2a: Cloyster|Shell Smash|p2a: Cloyster
|-unboost|p2a: Cloyster|def|1
|-unboost|p2a: Cloyster|spd|1
|-boost|p2a: Cloyster|atk|2
|-boost|p2a: Cloyster|spa|2
|-boost|p2a: Cloyster|spe|2
|move|p1a: Incineroar|Will-O-Wisp|p2a: Cloyster
|-status|p2a: Cloyster|brn
|
|-heal|p1a: Incineroar|95/100 par|[from] item: Leftovers
|-damage|p2a: Cloyster|94/100 brn|[from] brn
|upkeep
|turn|11
|
|t:|1757855918
|move|p2a: Cloyster|Rock Blast|p1a: Incineroar
|-supereffective|p1a: Incineroar
|-damage|p1a: Incineroar|75/100 par
|-supereffective|p1a: Incineroar
|-damage|p1a: Incineroar|56/100 par
|-supereffective|p1a: Incineroar
|-damage|p1a: Incineroar|37/100 par
|-supereffective|p1a: Incineroar
|-damage|p1a: Incineroar|16/100 par
|-supereffective|p1a: Incineroar
|-damage|p1a: Incineroar|0 fnt
|faint|p1a: Incineroar
|-hitcount|p1: Incineroar|5
|
|-damage|p2a: Cloyster|88/100 brn|[from] brn
|upkeep
|
|t:|1757855927
|switch|p1a: Clefable|Clefable, F|74/100 par
|turn|12
|
|t:|1757855931
|move|p2a: Cloyster|Icicle Spear|p1a: Clefable
|-damage|p1a: Clefable|67/100 par
|-crit|p1a: Clefable
|-damage|p1a: Clefable|56/100 par
|-damage|p1a: Clefable|49/100 par
|-damage|p1a: Clefable|42/100 par
|-damage|p1a: Clefable|36/100 par
|-hitcount|p1a: Clefable|5
|move|p1a: Clefable|Moonlight|p1a: Clefable
|-heal|p1a: Clefable|86/100 par
|
|-damage|p2a: Cloyster|82/100 brn|[from] brn
|upkeep
|turn|13
|
|t:|1757855943
|switch|p1a: Corviknight|Corviknight, M|100/100
|-ability|p1a: Corviknight|Pressure
|move|p2a: Cloyster|Shell Smash|p2a: Cloyster
|-unboost|p2a: Cloyster|def|1
|-unboost|p2a: Cloyster|spd|1
|-boost|p2a: Cloyster|atk|2
|-boost|p2a: Cloyster|spa|2
|-boost|p2a: Cloyster|spe|2
|
|-damage|p2a: Cloyster|76/100 brn|[from] brn
|upkeep
|turn|14
|
|t:|1757855954
|switch|p1a: Clefable|Clefable, F|86/100 par
|-terastallize|p2a: Cloyster|Ice
|move|p2a: Cloyster|Icicle Spear|p1a: Clefable
|-damage|p1a: Clefable|77/100 par
|-damage|p1a: Clefable|67/100 par
|-damage|p1a: Clefable|58/100 par
|-damage|p1a: Clefable|48/100 par
|-damage|p1a: Clefable|39/100 par
|-hitcount|p1a: Clefable|5
|
|-damage|p2a: Cloyster|69/100 brn|[from] brn
|upkeep
|turn|15
|
|t:|1757855965
|move|p2a: Cloyster|Icicle Spear|p1a: Clefable
|-damage|p1a: Clefable|30/100 par
|-damage|p1a: Clefable|20/100 par
|-damage|p1a: Clefable|10/100 par
|-damage|p1a: Clefable|0 fnt
|faint|p1a: Clefable
|-hitcount|p1: Clefable|4
|
|-damage|p2a: Cloyster|63/100 brn|[from] brn
|upkeep
|
|t:|1757855972
|switch|p1a: Corviknight|Corviknight, M|100/100
|-ability|p1a: Corviknight|Pressure
|turn|16
|
|t:|1757855977
|move|p2a: Cloyster|Icicle Spear|p1a: Corviknight
|-damage|p1a: Corviknight|79/100
|-damage|p1a: Corviknight|57/100
|-damage|p1a: Corviknight|34/100
|-damage|p1a: Corviknight|14/100
|-damage|p1a: Corviknight|0 fnt
|faint|p1a: Corviknight
|-hitcount|p1: Corviknight|5
|
|-damage|p2a: Cloyster|57/100 brn|[from] brn
|upkeep
|
|t:|1757855985
|switch|p1a: Garchomp|Garchomp, M|100/100
|turn|17
|
|t:|1757855988
|-terastallize|p1a: Garchomp|Water
|move|p2a: Cloyster|Icicle Spear|p1a: Garchomp
|-resisted|p1a: Garchomp
|-damage|p1a: Garchomp|85/100
|-resisted|p1a: Garchomp
|-damage|p1a: Garchomp|70/100
|-resisted|p1a: Garchomp
|-damage|p1a: Garchomp|56/100
|-resisted|p1a: Garchomp
|-damage|p1a: Garchomp|41/100
|-resisted|p1a: Garchomp
|-damage|p1a: Garchomp|27/100
|-hitcount|p1a: Garchomp|5
|move|p1a: Garchomp|Scale Shot|p2a: Cloyster
|-damage|p2a: Cloyster|27/100 brn
|-damage|p2a: Cloyster|0 fnt
|faint|p2a: Cloyster
|-hitcount|p2: Cloyster|2
|-unboost|p1a: Garchomp|def|1
|-boost|p1a: Garchomp|spe|1
|
|upkeep
|
|t:|1757856007
|switch|p2a: Salazzle|Salazzle, F|100/100
|turn|18
|
|t:|1757856011
|move|p1a: Garchomp|Earthquake|p2a: Salazzle
|-supereffective|p2a: Salazzle
|-enditem|p2a: Salazzle|Focus Sash
|-damage|p2a: Salazzle|1/100
|move|p2a: Salazzle|Sludge Wave|p1a: Garchomp
|-damage|p1a: Garchomp|0 fnt
|faint|p1a: Garchomp
|
|upkeep
|
|t:|1757856022
|switch|p1a: Galvantula|Galvantula, M|100/100
|turn|19
|
|t:|1757856026
|move|p1a: Galvantula|Thunder|p2a: Salazzle
|-damage|p2a: Salazzle|0 fnt
|faint|p2a: Salazzle
|
|upkeep
|
|t:|1757856032
|switch|p2a: Maushold|Maushold-Four|100/100
|turn|20
|
|t:|1757856037
|move|p1a: Galvantula|Thunder|p2a: Maushold
|-damage|p2a: Maushold|33/100
|move|p2a: Maushold|Tidy Up|p2a: Maushold
|-boost|p2a: Maushold|atk|1
|-boost|p2a: Maushold|spe|1
|
|upkeep
|turn|21
|
|t:|1757856043
|move|p2a: Maushold|Population Bomb|p1a: Galvantula
|-damage|p1a: Galvantula|65/100
|-damage|p1a: Galvantula|33/100
|-damage|p1a: Galvantula|0 fnt
|faint|p1a: Galvantula
|-hitcount|p1: Galvantula|3
|
|upkeep
|-message|Guerrero105 forfeited.
|
|win|Princessjosie1001!
|raw|Guerrero105's rating: 1354 &rarr; <strong>1338</strong><br />(-16 for losing)
|raw|Princessjosie1001!'s rating: 1417 &rarr; <strong>1433</strong><br />(+16 for winning)
|l|☆Guerrero105
|player|p1|
|l|☆Princessjosie1001!
|player|p2|
