|j|☆sumumon
|j|☆Vineetnhm
|t:|1757917282
|gametype|singles
|player|p1|sumumon|101|1179
|player|p2|Vineetnhm|169|1175
|gen|9
|tier|[Gen 9] OU
|rated|
|rule|HP Percentage Mod: HP is shown in percentages
|rule|Endless Battle Clause: Forcing endless battles is banned
|rule|Species Clause: Limit one of each Pokémon
|rule|OHKO Clause: OHKO moves are banned
|rule|Evasion Items Clause: Evasion items are banned
|rule|Evasion Moves Clause: Evasion moves are banned
|rule|Evasion Abilities Clause: Evasion abilities are banned
|rule|Sleep Moves Clause: Sleep-inducing moves are banned
|clearpoke
|poke|p1|Tyranitar, F|
|poke|p1|Gholdengo|
|poke|p1|Zamazenta-*|
|poke|p1|Rillaboom, F|
|poke|p1|Garchomp, F|
|poke|p1|Zapdos|
|poke|p2|Decidueye-Hisui, M|
|poke|p2|Hydrapple, M|
|poke|p2|Gholdengo|
|poke|p2|Porygon2|
|poke|p2|Slowking-Galar, M|
|poke|p2|Banette, M|
|teampreview
|inactive|Battle timer is ON: inactive players will automatically lose when time's up. (requested by Vineetnhm)
|
|t:|1757917297
|teamsize|p1|6
|teamsize|p2|6
|start
|switch|p1a: Garchomp|Garchomp, F|100/100
|switch|p2a: Gholdengo|Gholdengo|100/100
|-item|p2a: Gholdengo|Air Balloon
|turn|1
|
|t:|1757917312
|move|p1a: Garchomp|Stealth Rock|p2a: Gholdengo
|-sidestart|p2: Vineetnhm|move: Stealth Rock
|move|p2a: Gholdengo|Nasty Plot|p2a: Gholdengo
|-boost|p2a: Gholdengo|spa|2
|
|upkeep
|turn|2
|
|t:|1757917319
|switch|p1a: Zapdos|Zapdos|100/100
|move|p2a: Gholdengo|Make It Rain|p1a: Zapdos
|-resisted|p1a: Zapdos
|-damage|p1a: Zapdos|22/100
|-unboost|p2a: Gholdengo|spa|1
|
|upkeep
|turn|3
|
|t:|1757917327
|move|p1a: Zapdos|Heat Wave|p2a: Gholdengo|[miss]
|-miss|p1a: Zapdos|p2a: Gholdengo
|move|p2a: Gholdengo|Shadow Ball|p1a: Zapdos
|-damage|p1a: Zapdos|0 fnt
|faint|p1a: Zapdos
|
|upkeep
|
|t:|1757917333
|switch|p1a: Gholdengo|Gholdengo|100/100
|-item|p1a: Gholdengo|Air Balloon
|turn|4
|
|t:|1757917340
|move|p1a: Gholdengo|Hex|p2a: Gholdengo
|-supereffective|p2a: Gholdengo
|-damage|p2a: Gholdengo|45/100
|-enditem|p2a: Gholdengo|Air Balloon
|move|p2a: Gholdengo|Shadow Ball|p1a: Gholdengo
|-supereffective|p1a: Gholdengo
|-damage|p1a: Gholdengo|0 fnt
|-enditem|p1a: Gholdengo|Air Balloon
|faint|p1a: Gholdengo
|
|upkeep
|
|t:|1757917349
|switch|p1a: Garchomp|Garchomp, F|100/100
|turn|5
|
|t:|1757917353
|move|p1a: Garchomp|Earthquake|p2a: Gholdengo
|-supereffective|p2a: Gholdengo
|-damage|p2a: Gholdengo|0 fnt
|faint|p2a: Gholdengo
|
|upkeep
|
|t:|1757917366
|switch|p2a: Banette|Banette, M|100/100
|-damage|p2a: Banette|88/100|[from] Stealth Rock
|-item|p1a: Garchomp|Rocky Helmet|[from] ability: Frisk|[of] p2a: Banette
|turn|6
|
|t:|1757917373
|move|p1a: Garchomp|Spikes|p2a: Banette
|-sidestart|p2: Vineetnhm|Spikes
|move|p2a: Banette|Trick Room|p2a: Banette
|-fieldstart|move: Trick Room|[of] p2a: Banette
|
|upkeep
|turn|7
|
|t:|1757917377
|move|p2a: Banette|Poltergeist|p1a: Garchomp
|-activate|p1a: Garchomp|move: Poltergeist|Rocky Helmet
|-damage|p1a: Garchomp|52/100
|-damage|p2a: Banette|79/100|[from] item: Life Orb
|move|p1a: Garchomp|Dragon Tail|p2a: Banette
|-damage|p2a: Banette|42/100
|drag|p2a: Decidueye|Decidueye-Hisui, M|100/100
|-damage|p2a: Decidueye|95/100|[from] Stealth Rock
|-damage|p2a: Decidueye|82/100|[from] Spikes
|
|upkeep
|turn|8
|
|t:|1757917389
|move|p2a: Decidueye|Defog|p1a: Garchomp
|-unboost|p1a: Garchomp|evasion|1
|-sideend|p2: Vineetnhm|Spikes|[from] move: Defog|[of] p2a: Decidueye
|-sideend|p2: Vineetnhm|Stealth Rock|[from] move: Defog|[of] p2a: Decidueye
|move|p1a: Garchomp|Spikes|p2a: Decidueye
|-sidestart|p2: Vineetnhm|Spikes
|
|upkeep
|turn|9
|
|t:|1757917396
|move|p2a: Decidueye|Triple Arrows|p1a: Garchomp
|-damage|p1a: Garchomp|13/100
|-damage|p2a: Decidueye|72/100|[from] item: Life Orb
|cant|p1a: Garchomp|flinch
|
|upkeep
|turn|10
|
|t:|1757917403
|move|p2a: Decidueye|Triple Arrows|p1a: Garchomp
|-damage|p1a: Garchomp|0 fnt
|faint|p1a: Garchomp
|-damage|p2a: Decidueye|63/100|[from] item: Life Orb
|
|-fieldend|move: Trick Room
|upkeep
|
|t:|1757917414
|switch|p1a: Zamazenta|Zamazenta|100/100
|-ability|p1a: Zamazenta|Dauntless Shield|boost
|-boost|p1a: Zamazenta|def|1
|turn|11
|
|t:|1757917422
|move|p2a: Decidueye|Triple Arrows|p1a: Zamazenta
|-damage|p1a: Zamazenta|64/100
|-unboost|p1a: Zamazenta|def|1
|-damage|p2a: Decidueye|53/100|[from] item: Life Orb
|move|p1a: Zamazenta|Roar|p2a: Decidueye
|drag|p2a: Slowking|Slowking-Galar, M|100/100
|-damage|p2a: Slowking|88/100|[from] Spikes
|
|-heal|p2a: Slowking|94/100|[from] item: Leftovers
|upkeep
|turn|12
|
|t:|1757917433
|move|p1a: Zamazenta|Heavy Slam|p2a: Slowking
|-damage|p2a: Slowking|75/100
|move|p2a: Slowking|Trick Room|p2a: Slowking
|-fieldstart|move: Trick Room|[of] p2a: Slowking
|
|-heal|p2a: Slowking|81/100|[from] item: Leftovers
|upkeep
|turn|13
|
|t:|1757917440
|move|p2a: Slowking|Eerie Spell|p1a: Zamazenta
|-supereffective|p1a: Zamazenta
|-damage|p1a: Zamazenta|0 fnt
|faint|p1a: Zamazenta
|
|-heal|p2a: Slowking|87/100|[from] item: Leftovers
|upkeep
|-message|sumumon forfeited.
|
|win|Vineetnhm
|raw|sumumon's rating: 1179 &rarr; <strong>1154</strong><br />(-25 for losing)
|raw|Vineetnhm's rating: 1175 &rarr; <strong>1200</strong><br />(+25 for winning)
|l|☆sumumon
|player|p1|
|l|☆Vineetnhm
|player|p2|
