|j|☆Anime_Themes4DAYS
|j|☆SherlockAstral
|t:|1757948650
|gametype|singles
|player|p1|Anime_Themes4DAYS|2|1207
|player|p2|SherlockAstral|lillie-masters|1187
|gen|9
|tier|[Gen 9] OU
|rated|
|rule|HP Percentage Mod: HP is shown in percentages
|rule|Endless Battle Clause: Forcing endless battles is banned
|rule|Species Clause: Limit one of each Pokémon
|rule|OHKO Clause: OHKO moves are banned
|rule|Evasion Items Clause: Evasion items are banned
|rule|Evasion Moves Clause: Evasion moves are banned
|rule|Evasion Abilities Clause: Evasion abilities are banned
|rule|Sleep Moves Clause: Sleep-inducing moves are banned
|clearpoke
|poke|p1|Gyarados, F|
|poke|p1|Charizard, F|
|poke|p1|Venomoth, M|
|poke|p1|Gengar, M|
|poke|p1|Hitmonlee, M|
|poke|p1|Raichu, M|
|poke|p2|Meowscarada, F|
|poke|p2|Blissey, F|
|poke|p2|Skeledirge, M|
|poke|p2|Primarina, F|
|poke|p2|Zamazenta-*|
|poke|p2|Cyclizar, F|
|teampreview
|inactive|Battle timer is ON: inactive players will automatically lose when time's up. (requested by Anime_Themes4DAYS)
|
|t:|1757948668
|teamsize|p1|6
|teamsize|p2|6
|start
|switch|p1a: Cell(Larva)|Venomoth, M|100/100
|switch|p2a: Gingko|Cyclizar, F, shiny|100/100
|turn|1
|
|t:|1757948679
|switch|p2a: Supernova|Blissey, F, shiny|100/100
|move|p1a: Cell(Larva)|Quiver Dance|p1a: Cell(Larva)
|-boost|p1a: Cell(Larva)|spa|1
|-boost|p1a: Cell(Larva)|spd|1
|-boost|p1a: Cell(Larva)|spe|1
|
|upkeep
|turn|2
|
|t:|1757948686
|move|p1a: Cell(Larva)|Sludge Wave|p2a: Supernova
|-damage|p2a: Supernova|77/100
|move|p2a: Supernova|Thunder Wave|p1a: Cell(Larva)
|-status|p1a: Cell(Larva)|par
|
|upkeep
|turn|3
|
|t:|1757948694
|move|p1a: Cell(Larva)|Quiver Dance|p1a: Cell(Larva)
|-boost|p1a: Cell(Larva)|spa|1
|-boost|p1a: Cell(Larva)|spd|1
|-boost|p1a: Cell(Larva)|spe|1
|move|p2a: Supernova|Shadow Ball|p1a: Cell(Larva)
|-damage|p1a: Cell(Larva)|89/100 par
|
|upkeep
|turn|4
|
|t:|1757948706
|cant|p1a: Cell(Larva)|par
|move|p2a: Supernova|Shadow Ball|p1a: Cell(Larva)
|-damage|p1a: Cell(Larva)|77/100 par
|
|upkeep
|turn|5
|
|t:|1757948711
|move|p1a: Cell(Larva)|Quiver Dance|p1a: Cell(Larva)
|-boost|p1a: Cell(Larva)|spa|1
|-boost|p1a: Cell(Larva)|spd|1
|-boost|p1a: Cell(Larva)|spe|1
|move|p2a: Supernova|Shadow Ball|p1a: Cell(Larva)
|-damage|p1a: Cell(Larva)|67/100 par
|
|upkeep
|turn|6
|
|t:|1757948718
|switch|p2a: Requiem|Skeledirge, M|100/100
|-item|p2a: Requiem|Air Balloon
|move|p1a: Cell(Larva)|Sludge Wave|p2a: Requiem
|-resisted|p2a: Requiem
|-damage|p2a: Requiem|55/100
|-enditem|p2a: Requiem|Air Balloon
|
|upkeep
|turn|7
|
|t:|1757948726
|move|p1a: Cell(Larva)|Air Slash|p2a: Requiem
|-damage|p2a: Requiem|31/100
|move|p2a: Requiem|Torch Song|p1a: Cell(Larva)
|-supereffective|p1a: Cell(Larva)
|-damage|p1a: Cell(Larva)|0 fnt
|-boost|p2a: Requiem|spa|1
|faint|p1a: Cell(Larva)
|
|upkeep
|
|t:|1757948736
|switch|p1a: Vegeta|Gyarados, F|100/100
|turn|8
|
|t:|1757948747
|switch|p2a: Supernova|Blissey, F, shiny|77/100
|move|p1a: Vegeta|Dragon Dance|p1a: Vegeta
|-boost|p1a: Vegeta|atk|1
|-boost|p1a: Vegeta|spe|1
|
|upkeep
|turn|9
|
|t:|1757948753
|move|p1a: Vegeta|Waterfall|p2a: Supernova
|-damage|p2a: Supernova|26/100
|-damage|p1a: Vegeta|84/100|[from] item: Rocky Helmet|[of] p2a: Supernova
|move|p2a: Supernova|Thunder Wave|p1a: Vegeta
|-status|p1a: Vegeta|par
|
|upkeep
|turn|10
|
|t:|1757948760
|move|p1a: Vegeta|Dragon Dance|p1a: Vegeta
|-boost|p1a: Vegeta|atk|1
|-boost|p1a: Vegeta|spe|1
|move|p2a: Supernova|Soft-Boiled|p2a: Supernova
|-heal|p2a: Supernova|76/100
|
|upkeep
|turn|11
|
|t:|1757948766
|move|p1a: Vegeta|Waterfall|p2a: Supernova
|-damage|p2a: Supernova|11/100
|-damage|p1a: Vegeta|67/100 par|[from] item: Rocky Helmet|[of] p2a: Supernova
|move|p2a: Supernova|Shadow Ball|p1a: Vegeta
|-damage|p1a: Vegeta|54/100 par
|
|upkeep
|turn|12
|
|t:|1757948774
|cant|p1a: Vegeta|par
|move|p2a: Supernova|Soft-Boiled|p2a: Supernova
|-heal|p2a: Supernova|61/100
|
|upkeep
|turn|13
|
|t:|1757948779
|move|p1a: Vegeta|Dragon Dance|p1a: Vegeta
|-boost|p1a: Vegeta|atk|1
|-boost|p1a: Vegeta|spe|1
|move|p2a: Supernova|Soft-Boiled|p2a: Supernova
|-heal|p2a: Supernova|100/100
|
|upkeep
|turn|14
|
|t:|1757948784
|cant|p1a: Vegeta|par
|move|p2a: Supernova|Shadow Ball|p1a: Vegeta
|-damage|p1a: Vegeta|40/100 par
|
|upkeep
|turn|15
|
|t:|1757948789
|move|p1a: Vegeta|Dragon Dance|p1a: Vegeta
|-boost|p1a: Vegeta|atk|1
|-boost|p1a: Vegeta|spe|1
|move|p2a: Supernova|Shadow Ball|p1a: Vegeta
|-damage|p1a: Vegeta|26/100 par
|
|upkeep
|turn|16
|
|t:|1757948795
|move|p1a: Vegeta|Waterfall|p2a: Supernova
|-damage|p2a: Supernova|0 fnt
|-damage|p1a: Vegeta|10/100 par|[from] item: Rocky Helmet|[of] p2a: Supernova
|faint|p2a: Supernova
|-ability|p1a: Vegeta|Moxie|boost
|-boost|p1a: Vegeta|atk|1
|
|upkeep
|
|t:|1757948805
|switch|p2a: Gingko|Cyclizar, F, shiny|100/100
|turn|17
|
|t:|1757948809
|-terastallize|p1a: Vegeta|Dragon
|move|p1a: Vegeta|Tera Blast|p2a: Gingko|[anim] Tera Blast Dragon
|-supereffective|p2a: Gingko
|-damage|p2a: Gingko|0 fnt
|faint|p2a: Gingko
|-ability|p1a: Vegeta|Moxie|boost
|-boost|p1a: Vegeta|atk|1
|
|upkeep
|
|t:|1757948817
|switch|p2a: Oleander|Primarina, F, shiny|100/100
|turn|18
|
|t:|1757948821
|move|p1a: Vegeta|Earthquake|p2a: Oleander
|-damage|p2a: Oleander|0 fnt
|faint|p2a: Oleander
|
|upkeep
|
|t:|1757948826
|switch|p2a: Orient|Meowscarada, F, shiny|100/100
|turn|19
|
|t:|1757948830
|move|p2a: Orient|Flower Trick|p1a: Vegeta
|-start|p2a: Orient|typechange|Grass|[from] ability: Protean
|-resisted|p1a: Vegeta
|-crit|p1a: Vegeta
|-damage|p1a: Vegeta|0 fnt
|faint|p1a: Vegeta
|
|upkeep
|
|t:|1757948837
|switch|p1a: Goku|Charizard, F|100/100
|turn|20
|c|☆SherlockAstral|oh really?
|
|t:|1757948842
|switch|p2a: Requiem|Skeledirge, M|31/100
|move|p1a: Goku|Air Slash|p2a: Requiem
|-damage|p2a: Requiem|0 fnt
|faint|p2a: Requiem
|
|upkeep
|
|t:|1757948851
|switch|p2a: Orient|Meowscarada, F, shiny|100/100
|turn|21
|
|t:|1757948856
|switch|p1a: Gohan (early Z)|Raichu, M|100/100
|move|p2a: Orient|Triple Axel|p1a: Gohan (early Z)
|-start|p2a: Orient|typechange|Ice|[from] ability: Protean
|-damage|p1a: Gohan (early Z)|80/100
|-damage|p1a: Gohan (early Z)|38/100
|-damage|p1a: Gohan (early Z)|0 fnt
|faint|p1a: Gohan (early Z)
|-hitcount|p1: Gohan (early Z)|3
|
|upkeep
|
|t:|1757948870
|switch|p1a: Burter|Hitmonlee, M|100/100
|turn|22
|
|t:|1757948874
|switch|p2a: Zaza|Zamazenta|100/100
|-ability|p2a: Zaza|Dauntless Shield|boost
|-boost|p2a: Zaza|def|1
|move|p1a: Burter|Fake Out|p2a: Zaza
|-enditem|p1a: Burter|Normal Gem|[from] gem
|-damage|p2a: Zaza|88/100
|
|-heal|p2a: Zaza|95/100|[from] item: Leftovers
|upkeep
|turn|23
|
|t:|1757948885
|move|p1a: Burter|Knock Off|p2a: Zaza
|-resisted|p2a: Zaza
|-damage|p2a: Zaza|84/100
|-enditem|p2a: Zaza|Leftovers|[from] move: Knock Off|[of] p1a: Burter
|move|p2a: Zaza|Substitute|p2a: Zaza
|-start|p2a: Zaza|Substitute
|-damage|p2a: Zaza|60/100
|
|upkeep
|turn|24
|
|t:|1757948903
|move|p1a: Burter|Close Combat|p2a: Zaza
|-end|p2a: Zaza|Substitute
|-unboost|p1a: Burter|def|1
|-unboost|p1a: Burter|spd|1
|move|p2a: Zaza|Iron Defense|p2a: Zaza
|-boost|p2a: Zaza|def|2
|
|upkeep
|turn|25
|
|t:|1757948913
|move|p1a: Burter|Close Combat|p2a: Zaza
|-damage|p2a: Zaza|38/100
|-unboost|p1a: Burter|def|1
|-unboost|p1a: Burter|spd|1
|move|p2a: Zaza|Iron Defense|p2a: Zaza
|-boost|p2a: Zaza|def|2
|
|upkeep
|turn|26
|
|t:|1757948922
|move|p1a: Burter|Close Combat|p2a: Zaza
|-damage|p2a: Zaza|23/100
|-unboost|p1a: Burter|def|1
|-unboost|p1a: Burter|spd|1
|move|p2a: Zaza|Body Press|p1a: Burter
|-damage|p1a: Burter|0 fnt
|faint|p1a: Burter
|
|upkeep
|
|t:|1757948933
|switch|p1a: Buu|Gengar, M|100/100
|turn|27
|
|t:|1757948950
|move|p1a: Buu|Sludge Wave|p2a: Zaza
|-damage|p2a: Zaza|0 fnt
|faint|p2a: Zaza
|
|upkeep
|
|t:|1757948952
|switch|p2a: Orient|Meowscarada, F, shiny|100/100
|turn|28
|
|t:|1757948959
|move|p1a: Buu|Sludge Wave|p2a: Orient
|-supereffective|p2a: Orient
|-damage|p2a: Orient|0 fnt
|faint|p2a: Orient
|
|win|Anime_Themes4DAYS
|raw|Anime_Themes4DAYS's rating: 1207 &rarr; <strong>1231</strong><br />(+24 for winning)
|raw|SherlockAstral's rating: 1187 &rarr; <strong>1163</strong><br />(-24 for losing)
|l|☆SherlockAstral
|player|p2|
|l|☆Anime_Themes4DAYS
|player|p1|
