|j|☆sneaky person
|j|☆shadow xdash
|t:|1757943108
|gametype|singles
|player|p1|sneaky person|swimmer|1079
|player|p2|shadow xdash|red|1116
|gen|9
|tier|[Gen 9] OU
|rated|
|rule|HP Percentage Mod: HP is shown in percentages
|rule|Endless Battle Clause: Forcing endless battles is banned
|rule|Species Clause: Limit one of each Pokémon
|rule|OHKO Clause: OHKO moves are banned
|rule|Evasion Items Clause: Evasion items are banned
|rule|Evasion Moves Clause: Evasion moves are banned
|rule|Evasion Abilities Clause: Evasion abilities are banned
|rule|Sleep Moves Clause: Sleep-inducing moves are banned
|clearpoke
|poke|p1|Cloyster, M|
|poke|p1|Gliscor, F|
|poke|p1|Incineroar, F|
|poke|p1|Clefable, F|
|poke|p1|Gholdengo|
|poke|p1|Malamar, F|
|poke|p2|Overqwil, M|
|poke|p2|Hitmontop, M|
|poke|p2|Feraligatr, M|
|poke|p2|Arcanine-Hisui, M|
|poke|p2|Pikachu-Original, M|
|poke|p2|Garchomp, M|
|teampreview
|inactive|Battle timer is ON: inactive players will automatically lose when time's up. (requested by shadow xdash)
|
|t:|1757943114
|teamsize|p1|6
|teamsize|p2|6
|start
|switch|p1a: Clefable|Clefable, F, shiny|100/100
|switch|p2a: Hitmontop|Hitmontop, M|100/100
|turn|1
|
|t:|1757943119
|move|p2a: Hitmontop|Fake Out|p1a: Clefable
|-damage|p1a: Clefable|83/100
|cant|p1a: Clefable|flinch
|
|-heal|p1a: Clefable|90/100|[from] item: Leftovers
|upkeep
|turn|2
|
|t:|1757943125
|move|p2a: Hitmontop|Triple Axel|p1a: Clefable
|-damage|p1a: Clefable|82/100
|-damage|p1a: Clefable|66/100
|-damage|p1a: Clefable|42/100
|-hitcount|p1a: Clefable|3
|move|p1a: Clefable|Stealth Rock|p2a: Hitmontop
|-sidestart|p2: shadow xdash|move: Stealth Rock
|
|-heal|p1a: Clefable|48/100|[from] item: Leftovers
|upkeep
|turn|3
|
|t:|1757943133
|move|p2a: Hitmontop|Rapid Spin|p1a: Clefable
|-damage|p1a: Clefable|29/100
|-boost|p2a: Hitmontop|spe|1
|-sideend|p2: shadow xdash|Stealth Rock|[from] move: Rapid Spin|[of] p2a: Hitmontop
|move|p1a: Clefable|Reflect|p1a: Clefable
|-sidestart|p1: sneaky person|Reflect
|
|-heal|p1a: Clefable|35/100|[from] item: Leftovers
|upkeep
|turn|4
|
|t:|1757943140
|move|p2a: Hitmontop|Triple Axel|p1a: Clefable
|-damage|p1a: Clefable|31/100
|-damage|p1a: Clefable|23/100
|-crit|p1a: Clefable
|-damage|p1a: Clefable|0 fnt
|faint|p1a: Clefable
|-hitcount|p1: Clefable|3
|
|upkeep
|
|t:|1757943153
|switch|p1a: Malamar|Malamar, F|100/100
|turn|5
|
|t:|1757943158
|-terastallize|p1a: Malamar|Fighting
|move|p2a: Hitmontop|Close Combat|p1a: Malamar
|-damage|p1a: Malamar|65/100
|-unboost|p2a: Hitmontop|def|1
|-unboost|p2a: Hitmontop|spd|1
|move|p1a: Malamar|Superpower|p2a: Hitmontop
|-damage|p2a: Hitmontop|0 fnt
|-boost|p1a: Malamar|atk|1
|-boost|p1a: Malamar|def|1
|faint|p2a: Hitmontop
|
|-heal|p1a: Malamar|71/100|[from] item: Leftovers
|upkeep
|
|t:|1757943167
|switch|p2a: Pikachu|Pikachu-Original, M|100/100
|turn|6
|
|t:|1757943173
|move|p2a: Pikachu|Fake Out|p1a: Malamar
|-damage|p1a: Malamar|66/100
|cant|p1a: Malamar|flinch
|
|-heal|p1a: Malamar|72/100|[from] item: Leftovers
|upkeep
|turn|7
|
|t:|1757943181
|move|p2a: Pikachu|Thunderbolt|p1a: Malamar
|-damage|p1a: Malamar|0 fnt
|faint|p1a: Malamar
|
|-sideend|p1: sneaky person|Reflect
|upkeep
|
|t:|1757943195
|switch|p1a: Gliscor|Gliscor, F|100/100
|turn|8
|
|t:|1757943201
|-terastallize|p2a: Pikachu|Water
|move|p1a: Gliscor|Swords Dance|p1a: Gliscor
|-boost|p1a: Gliscor|atk|2
|move|p2a: Pikachu|Surf|p1a: Gliscor
|-supereffective|p1a: Gliscor
|-damage|p1a: Gliscor|0 fnt
|faint|p1a: Gliscor
|
|upkeep
|
|t:|1757943212
|switch|p1a: Gholdengo|Gholdengo|100/100
|turn|9
|
|t:|1757943219
|move|p2a: Pikachu|Thunderbolt|p1a: Gholdengo
|-crit|p1a: Gholdengo
|-damage|p1a: Gholdengo|5/100
|move|p1a: Gholdengo|Nasty Plot|p1a: Gholdengo
|-boost|p1a: Gholdengo|spa|2
|
|upkeep
|turn|10
|
|t:|1757943225
|move|p2a: Pikachu|Surf|p1a: Gholdengo
|-damage|p1a: Gholdengo|0 fnt
|faint|p1a: Gholdengo
|
|upkeep
|
|t:|1757943233
|switch|p1a: Incineroar|Incineroar, F, shiny|100/100
|-ability|p1a: Incineroar|Intimidate|boost
|-unboost|p2a: Pikachu|atk|1
|turn|11
|
|t:|1757943244
|switch|p2a: Garchomp|Garchomp, M, shiny|100/100
|move|p1a: Incineroar|Cross Chop|p2a: Garchomp
|-damage|p2a: Garchomp|69/100
|-damage|p1a: Incineroar|88/100|[from] ability: Rough Skin|[of] p2a: Garchomp
|-damage|p1a: Incineroar|72/100|[from] item: Rocky Helmet|[of] p2a: Garchomp
|
|-heal|p1a: Incineroar|78/100|[from] item: Leftovers
|upkeep
|turn|12
|
|t:|1757943254
|move|p2a: Garchomp|Swords Dance|p2a: Garchomp
|-boost|p2a: Garchomp|atk|2
|move|p1a: Incineroar|Parting Shot|p2a: Garchomp
|-unboost|p2a: Garchomp|atk|1
|-unboost|p2a: Garchomp|spa|1
|
|t:|1757943259
|switch|p1a: Cloyster|Cloyster, M, shiny|100/100|[from] Parting Shot
|
|upkeep
|turn|13
|
|t:|1757943263
|move|p2a: Garchomp|Earthquake|p1a: Cloyster
|-damage|p1a: Cloyster|30/100
|move|p1a: Cloyster|Icicle Spear|p2a: Garchomp
|-supereffective|p2a: Garchomp
|-damage|p2a: Garchomp|21/100
|-supereffective|p2a: Garchomp
|-damage|p2a: Garchomp|0 fnt
|faint|p2a: Garchomp
|-hitcount|p2: Garchomp|2
|
|upkeep
|
|t:|1757943267
|switch|p2a: Pikachu|Pikachu-Original, M, tera:Water|100/100
|turn|14
|
|t:|1757943270
|move|p2a: Pikachu|Fake Out|p1a: Cloyster
|-damage|p1a: Cloyster|20/100
|cant|p1a: Cloyster|flinch
|
|upkeep
|turn|15
|
|t:|1757943275
|move|p2a: Pikachu|Grass Knot|p1a: Cloyster
|-supereffective|p1a: Cloyster
|-damage|p1a: Cloyster|0 fnt
|faint|p1a: Cloyster
|
|upkeep
|-message|sneaky person forfeited.
|
|win|shadow xdash
|raw|sneaky person's rating: 1079 &rarr; <strong>1059</strong><br />(-20 for losing)
|raw|shadow xdash's rating: 1116 &rarr; <strong>1138</strong><br />(+22 for winning)
|l|☆sneaky person
|player|p1|
|l|☆shadow xdash
|player|p2|
