|j|☆Sulley365
|j|☆VHDBlak
|t:|1757825062
|gametype|singles
|player|p1|Sulley365|giovanni|1156
|player|p2|VHDBlak|psychic|1133
|gen|9
|tier|[Gen 9] OU
|rated|
|rule|HP Percentage Mod: HP is shown in percentages
|rule|Endless Battle Clause: Forcing endless battles is banned
|rule|Species Clause: Limit one of each Pokémon
|rule|OHKO Clause: OHKO moves are banned
|rule|Evasion Items Clause: Evasion items are banned
|rule|Evasion Moves Clause: Evasion moves are banned
|rule|Evasion Abilities Clause: Evasion abilities are banned
|rule|Sleep Moves Clause: Sleep-inducing moves are banned
|clearpoke
|poke|p1|Cinccino, M|
|poke|p1|Corviknight, F|
|poke|p1|Ceruledge, F|
|poke|p1|Cinderace, F|
|poke|p1|Ting-Lu|
|poke|p1|Thundurus-Therian, M|
|poke|p2|Gastrodon-East, F|
|poke|p2|Gholdengo|
|poke|p2|Garchomp, M|
|poke|p2|Corviknight, M|
|poke|p2|Skeledirge, M|
|poke|p2|Tyranitar, F|
|teampreview
|inactive|Battle timer is ON: inactive players will automatically lose when time's up. (requested by Sulley365)
|
|t:|1757825072
|teamsize|p1|6
|teamsize|p2|6
|start
|switch|p1a: Cinccino|Cinccino, M|100/100
|switch|p2a: Tyranitar|Tyranitar, F|100/100
|-weather|Sandstorm|[from] ability: Sand Stream|[of] p2a: Tyranitar
|turn|1
|
|t:|1757825077
|move|p1a: Cinccino|Tidy Up|p1a: Cinccino
|-boost|p1a: Cinccino|atk|1
|-boost|p1a: Cinccino|spe|1
|move|p2a: Tyranitar|Knock Off|p1a: Cinccino
|-damage|p1a: Cinccino|6/100
|-enditem|p1a: Cinccino|Loaded Dice|[from] move: Knock Off|[of] p2a: Tyranitar
|
|-weather|Sandstorm|[upkeep]
|-damage|p1a: Cinccino|0 fnt|[from] Sandstorm
|faint|p1a: Cinccino
|upkeep
|
|t:|1757825081
|switch|p1a: Corviknight|Corviknight, F, shiny|100/100
|turn|2
|
|t:|1757825089
|move|p1a: Corviknight|Iron Defense|p1a: Corviknight
|-boost|p1a: Corviknight|def|2
|move|p2a: Tyranitar|Knock Off|p1a: Corviknight
|-damage|p1a: Corviknight|83/100
|-enditem|p1a: Corviknight|Leftovers|[from] move: Knock Off|[of] p2a: Tyranitar
|
|-weather|Sandstorm|[upkeep]
|upkeep
|turn|3
|
|t:|1757825097
|switch|p2a: Skeledirge|Skeledirge, M|100/100
|move|p1a: Corviknight|Iron Defense|p1a: Corviknight
|-boost|p1a: Corviknight|def|2
|
|-weather|Sandstorm|[upkeep]
|upkeep
|turn|4
|
|t:|1757825102
|-terastallize|p1a: Corviknight|Dark
|move|p1a: Corviknight|Iron Defense|p1a: Corviknight
|-boost|p1a: Corviknight|def|2
|move|p2a: Skeledirge|Torch Song|p1a: Corviknight
|-damage|p1a: Corviknight|41/100
|-boost|p2a: Skeledirge|spa|1
|
|-weather|Sandstorm|[upkeep]
|-damage|p1a: Corviknight|35/100|[from] Sandstorm
|upkeep
|turn|5
|
|t:|1757825116
|move|p1a: Corviknight|Power Trip|p2a: Skeledirge
|-supereffective|p2a: Skeledirge
|-damage|p2a: Skeledirge|11/100
|move|p2a: Skeledirge|Torch Song|p1a: Corviknight
|-damage|p1a: Corviknight|0 fnt
|-boost|p2a: Skeledirge|spa|1
|faint|p1a: Corviknight
|
|-weather|none
|upkeep
|
|t:|1757825124
|switch|p1a: Ceruledge|Ceruledge, F|100/100
|turn|6
|
|t:|1757825128
|switch|p2a: Tyranitar|Tyranitar, F|100/100
|-weather|Sandstorm|[from] ability: Sand Stream|[of] p2a: Tyranitar
|move|p1a: Ceruledge|Shadow Sneak|p2a: Tyranitar
|-resisted|p2a: Tyranitar
|-damage|p2a: Tyranitar|92/100
|
|-weather|Sandstorm|[upkeep]
|-damage|p1a: Ceruledge|94/100|[from] Sandstorm
|upkeep
|turn|7
|
|t:|1757825135
|move|p1a: Ceruledge|Close Combat|p2a: Tyranitar
|-supereffective|p2a: Tyranitar
|-damage|p2a: Tyranitar|0 fnt
|-unboost|p1a: Ceruledge|def|1
|-unboost|p1a: Ceruledge|spd|1
|faint|p2a: Tyranitar
|
|-weather|Sandstorm|[upkeep]
|-damage|p1a: Ceruledge|88/100|[from] Sandstorm
|upkeep
|
|t:|1757825150
|switch|p2a: Garchomp|Garchomp, M|100/100
|turn|8
|
|t:|1757825164
|switch|p1a: Thundurus|Thundurus-Therian, M|100/100
|move|p2a: Garchomp|Scale Shot|p1a: Thundurus
|-damage|p1a: Thundurus|81/100
|-damage|p1a: Thundurus|61/100
|-damage|p1a: Thundurus|43/100
|-damage|p1a: Thundurus|23/100
|-damage|p1a: Thundurus|4/100
|-hitcount|p1a: Thundurus|5
|-unboost|p2a: Garchomp|def|1
|-boost|p2a: Garchomp|spe|1
|
|-weather|Sandstorm|[upkeep]
|-damage|p1a: Thundurus|0 fnt|[from] Sandstorm
|faint|p1a: Thundurus
|upkeep
|
|t:|1757825169
|switch|p1a: Ting-Lu|Ting-Lu|100/100
|-ability|p1a: Ting-Lu|Vessel of Ruin
|turn|9
|
|t:|1757825186
|move|p2a: Garchomp|Swords Dance|p2a: Garchomp
|-boost|p2a: Garchomp|atk|2
|move|p1a: Ting-Lu|Earthquake|p2a: Garchomp
|-damage|p2a: Garchomp|15/100
|-damage|p1a: Ting-Lu|91/100|[from] item: Life Orb
|
|-weather|Sandstorm|[upkeep]
|upkeep
|turn|10
|
|t:|1757825195
|move|p2a: Garchomp|Scale Shot|p1a: Ting-Lu
|-damage|p1a: Ting-Lu|77/100
|-damage|p1a: Ting-Lu|63/100
|-damage|p1a: Ting-Lu|49/100
|-damage|p1a: Ting-Lu|36/100
|-damage|p1a: Ting-Lu|21/100
|-hitcount|p1a: Ting-Lu|5
|-unboost|p2a: Garchomp|def|1
|-boost|p2a: Garchomp|spe|1
|move|p1a: Ting-Lu|Earthquake|p2a: Garchomp
|-crit|p2a: Garchomp
|-damage|p2a: Garchomp|0 fnt
|faint|p2a: Garchomp
|-damage|p1a: Ting-Lu|11/100|[from] item: Life Orb
|
|-weather|none
|upkeep
|
|t:|1757825206
|switch|p2a: Corviknight|Corviknight, M, shiny|100/100
|turn|11
|
|t:|1757825210
|move|p2a: Corviknight|Brave Bird|p1a: Ting-Lu
|-damage|p1a: Ting-Lu|0 fnt
|faint|p1a: Ting-Lu
|-damage|p2a: Corviknight|95/100|[from] Recoil
|
|upkeep
|
|t:|1757825213
|switch|p1a: Ceruledge|Ceruledge, F|88/100
|turn|12
|
|t:|1757825221
|move|p1a: Ceruledge|Swords Dance|p1a: Ceruledge
|-boost|p1a: Ceruledge|atk|2
|move|p2a: Corviknight|Tailwind|p2a: Corviknight
|-sidestart|p2: VHDBlak|move: Tailwind
|
|upkeep
|turn|13
|
|t:|1757825225
|move|p2a: Corviknight|Brave Bird|p1a: Ceruledge
|-damage|p1a: Ceruledge|33/100
|-ability|p1a: Ceruledge|Weak Armor|boost
|-unboost|p1a: Ceruledge|def|1
|-boost|p1a: Ceruledge|spe|2
|-damage|p2a: Corviknight|81/100|[from] Recoil
|move|p1a: Ceruledge|Bitter Blade|p2a: Corviknight
|-supereffective|p2a: Corviknight
|-damage|p2a: Corviknight|0 fnt
|-heal|p1a: Ceruledge|83/100|[from] drain|[of] p2a: Corviknight
|faint|p2a: Corviknight
|
|upkeep
|
|t:|1757825234
|switch|p2a: Gholdengo|Gholdengo|100/100
|turn|14
|
|t:|1757825244
|-terastallize|p2a: Gholdengo|Fighting
|move|p1a: Ceruledge|Bitter Blade|p2a: Gholdengo
|-damage|p2a: Gholdengo|24/100
|-heal|p1a: Ceruledge|100/100|[from] drain|[of] p2a: Gholdengo
|move|p2a: Gholdengo|Shadow Ball|p1a: Ceruledge
|-supereffective|p1a: Ceruledge
|-enditem|p1a: Ceruledge|Focus Sash
|-damage|p1a: Ceruledge|1/100
|
|upkeep
|turn|15
|
|t:|1757825256
|move|p1a: Ceruledge|Bitter Blade|p2a: Gholdengo
|-damage|p2a: Gholdengo|0 fnt
|-heal|p1a: Ceruledge|15/100|[from] drain|[of] p2a: Gholdengo
|faint|p2a: Gholdengo
|
|-sideend|p2: VHDBlak|move: Tailwind
|upkeep
|
|t:|1757825260
|switch|p2a: Gastrodon|Gastrodon-East, F|100/100
|turn|16
|
|t:|1757825267
|move|p1a: Ceruledge|Close Combat|p2a: Gastrodon
|-damage|p2a: Gastrodon|12/100
|-unboost|p1a: Ceruledge|def|1
|-unboost|p1a: Ceruledge|spd|1
|move|p2a: Gastrodon|Earth Power|p1a: Ceruledge
|-supereffective|p1a: Ceruledge
|-damage|p1a: Ceruledge|0 fnt
|faint|p1a: Ceruledge
|
|upkeep
|
|t:|1757825271
|switch|p1a: Cinderace|Cinderace, F|100/100
|turn|17
|
|t:|1757825279
|move|p1a: Cinderace|Pyro Ball|p2a: Gastrodon
|-resisted|p2a: Gastrodon
|-damage|p2a: Gastrodon|0 fnt
|faint|p2a: Gastrodon
|
|upkeep
|
|t:|1757825281
|switch|p2a: Skeledirge|Skeledirge, M|11/100
|turn|18
|c|☆VHDBlak|gg
|
|t:|1757825287
|move|p1a: Cinderace|Sucker Punch|p2a: Skeledirge
|-start|p1a: Cinderace|typechange|Dark|[from] ability: Libero
|-supereffective|p2a: Skeledirge
|-damage|p2a: Skeledirge|0 fnt
|faint|p2a: Skeledirge
|
|win|Sulley365
|raw|Sulley365's rating: 1156 &rarr; <strong>1179</strong><br />(+23 for winning)
|raw|VHDBlak's rating: 1133 &rarr; <strong>1110</strong><br />(-23 for losing)
|l|☆VHDBlak
|player|p2|
|l|☆Sulley365
|player|p1|
