|j|☆ybg mihan
|j|☆OnArceus
|t:|1757950217
|gametype|singles
|player|p1|ybg mihan|265|1696
|player|p2|OnArceus|#scl2spartans|1849
|gen|9
|tier|[Gen 9] OU
|rated|
|rule|HP Percentage Mod: HP is shown in percentages
|rule|Endless Battle Clause: Forcing endless battles is banned
|rule|Species Clause: Limit one of each Pokémon
|rule|OHKO Clause: OHKO moves are banned
|rule|Evasion Items Clause: Evasion items are banned
|rule|Evasion Moves Clause: Evasion moves are banned
|rule|Evasion Abilities Clause: Evasion abilities are banned
|rule|Sleep Moves Clause: Sleep-inducing moves are banned
|clearpoke
|poke|p1|Hatterene, F|
|poke|p1|Ogerpon-Wellspring, F|
|poke|p1|Slowking-Galar, F|
|poke|p1|Gholdengo|
|poke|p1|Dragonite, F|
|poke|p1|Great Tusk|
|poke|p2|Ursaluna, M|
|poke|p2|Meowscarada, M|
|poke|p2|Slowking-Galar, M|
|poke|p2|Great Tusk|
|poke|p2|Moltres|
|poke|p2|Gholdengo|
|teampreview
|
|t:|1757950224
|teamsize|p1|6
|teamsize|p2|6
|start
|switch|p1a: Ogerpon|Ogerpon-Wellspring, F|100/100
|switch|p2a: Meowscarada|Meowscarada, M|100/100
|turn|1
|j| runningitdownmid
|
|t:|1757950228
|switch|p1a: Slowking|Slowking-Galar, F|100/100
|move|p2a: Meowscarada|U-turn|p1a: Slowking
|-damage|p1a: Slowking|84/100
|
|t:|1757950230
|switch|p2a: Ursaluna|Ursaluna, M|100/100|[from] U-turn
|
|upkeep
|turn|2
|
|t:|1757950240
|switch|p1a: Dragonite|Dragonite, F|100/100
|move|p2a: Ursaluna|Bulk Up|p2a: Ursaluna
|-boost|p2a: Ursaluna|atk|1
|-boost|p2a: Ursaluna|def|1
|
|upkeep
|turn|3
|
|t:|1757950248
|move|p1a: Dragonite|Dragon Dance|p1a: Dragonite
|-boost|p1a: Dragonite|atk|1
|-boost|p1a: Dragonite|spe|1
|move|p2a: Ursaluna|Ice Punch|p1a: Dragonite
|-supereffective|p1a: Dragonite
|-damage|p1a: Dragonite|42/100
|
|-heal|p1a: Dragonite|49/100|[from] item: Leftovers
|upkeep
|turn|4
|
|t:|1757950251
|move|p1a: Dragonite|Earthquake|p2a: Ursaluna
|-damage|p2a: Ursaluna|78/100
|move|p2a: Ursaluna|Ice Punch|p1a: Dragonite
|-supereffective|p1a: Dragonite
|-damage|p1a: Dragonite|0 fnt
|faint|p1a: Dragonite
|
|-heal|p2a: Ursaluna|85/100|[from] item: Leftovers
|upkeep
|
|t:|1757950257
|switch|p1a: Ogerpon|Ogerpon-Wellspring, F|100/100
|turn|5
|l| runningitdownmid
|
|t:|1757950263
|-terastallize|p1a: Ogerpon|Water
|detailschange|p1a: Ogerpon|Ogerpon-Wellspring-Tera, F, tera:Water
|-ability|p1a: Ogerpon|Embody Aspect (Wellspring)|boost
|-boost|p1a: Ogerpon|spd|1
|-terastallize|p2a: Ursaluna|Fairy
|move|p1a: Ogerpon|Ivy Cudgel|p2a: Ursaluna|[anim] Ivy Cudgel Water
|-damage|p2a: Ursaluna|44/100
|move|p2a: Ursaluna|Ice Punch|p1a: Ogerpon
|-resisted|p1a: Ogerpon
|-damage|p1a: Ogerpon|77/100
|-status|p1a: Ogerpon|frz
|
|-heal|p2a: Ursaluna|50/100|[from] item: Leftovers
|upkeep
|turn|6
|
|t:|1757950268
|-curestatus|p1a: Ogerpon|frz|[msg]
|move|p1a: Ogerpon|Ivy Cudgel|p2a: Ursaluna|[anim] Ivy Cudgel Water
|-damage|p2a: Ursaluna|12/100
|move|p2a: Ursaluna|Earthquake|p1a: Ogerpon
|-damage|p1a: Ogerpon|0 fnt
|faint|p1a: Ogerpon
|detailschange|p1: Ogerpon|Ogerpon-Wellspring, F|[silent]
|
|-heal|p2a: Ursaluna|18/100|[from] item: Leftovers
|upkeep
|
|t:|1757950274
|switch|p1a: Great Tusk|Great Tusk|100/100
|turn|7
|
|t:|1757950277
|move|p2a: Ursaluna|Protect|p2a: Ursaluna
|-singleturn|p2a: Ursaluna|Protect
|move|p1a: Great Tusk|Headlong Rush|p2a: Ursaluna
|-activate|p2a: Ursaluna|move: Protect
|
|-heal|p2a: Ursaluna|24/100|[from] item: Leftovers
|upkeep
|turn|8
|
|t:|1757950280
|move|p1a: Great Tusk|Headlong Rush|p2a: Ursaluna
|-damage|p2a: Ursaluna|0 fnt
|-unboost|p1a: Great Tusk|def|1
|-unboost|p1a: Great Tusk|spd|1
|faint|p2a: Ursaluna
|
|upkeep
|
|t:|1757950283
|switch|p2a: Meowscarada|Meowscarada, M|100/100
|turn|9
|
|t:|1757950291
|move|p2a: Meowscarada|Flower Trick|p1a: Great Tusk
|-supereffective|p1a: Great Tusk
|-crit|p1a: Great Tusk
|-damage|p1a: Great Tusk|0 fnt
|faint|p1a: Great Tusk
|-end|p1a: Great Tusk|Protosynthesis|[silent]
|
|upkeep
|
|t:|1757950293
|switch|p1a: Gholdengo|Gholdengo|100/100
|turn|10
|
|t:|1757950297
|switch|p2a: Moltres|Moltres|100/100
|move|p1a: Gholdengo|Make It Rain|p2a: Moltres
|-resisted|p2a: Moltres
|-damage|p2a: Moltres|60/100
|-unboost|p1a: Gholdengo|spa|1
|
|upkeep
|turn|11
|
|t:|1757950300
|switch|p1a: Hatterene|Hatterene, F|100/100
|move|p2a: Moltres|Roost|p2a: Moltres
|-heal|p2a: Moltres|100/100
|-singleturn|p2a: Moltres|move: Roost
|
|upkeep
|turn|12
|
|t:|1757950302
|move|p2a: Moltres|U-turn|p1a: Hatterene
|-damage|p1a: Hatterene|84/100
|
|t:|1757950305
|switch|p2a: Slowking|Slowking-Galar, M|100/100|[from] U-turn
|move|p1a: Hatterene|Nuzzle|p2a: Slowking
|-damage|p2a: Slowking|98/100
|-status|p2a: Slowking|par
|
|upkeep
|turn|13
|
|t:|1757950311
|switch|p1a: Slowking|Slowking-Galar, F|100/100
|cant|p2a: Slowking|par
|
|upkeep
|turn|14
|
|t:|1757950318
|move|p1a: Slowking|Future Sight|p2a: Slowking
|-start|p1a: Slowking|move: Future Sight
|move|p2a: Slowking|Future Sight|p1a: Slowking
|-start|p2a: Slowking|move: Future Sight
|
|upkeep
|turn|15
|
|t:|1757950325
|-prepare|p1a: Slowking|Chilly Reception|[premajor]
|move|p1a: Slowking|Chilly Reception|p1a: Slowking
|-weather|Snowscape
|
|t:|1757950329
|switch|p1a: Hatterene|Hatterene, F|84/100|[from] Chilly Reception
|-prepare|p2a: Slowking|Chilly Reception|[premajor]
|cant|p2a: Slowking|par
|
|-weather|Snowscape|[upkeep]
|upkeep
|turn|16
|
|t:|1757950335
|switch|p1a: Slowking|Slowking-Galar, F|100/100
|-prepare|p2a: Slowking|Chilly Reception|[premajor]
|cant|p2a: Slowking|par
|
|-weather|Snowscape|[upkeep]
|-end|p1a: Slowking|move: Future Sight
|-damage|p1a: Slowking|66/100
|-end|p2a: Slowking|move: Future Sight
|-damage|p2a: Slowking|62/100 par
|upkeep
|turn|17
|
|t:|1757950338
|move|p1a: Slowking|Future Sight|p2a: Slowking
|-start|p1a: Slowking|move: Future Sight
|move|p2a: Slowking|Future Sight|p1a: Slowking
|-start|p2a: Slowking|move: Future Sight
|
|-weather|Snowscape|[upkeep]
|upkeep
|turn|18
|
|t:|1757950341
|-prepare|p1a: Slowking|Chilly Reception|[premajor]
|move|p1a: Slowking|Chilly Reception|p1a: Slowking
|
|t:|1757950347
|switch|p1a: Hatterene|Hatterene, F|84/100|[from] Chilly Reception
|-prepare|p2a: Slowking|Chilly Reception|[premajor]
|move|p2a: Slowking|Chilly Reception|p2a: Slowking
|
|t:|1757950351
|switch|p2a: Meowscarada|Meowscarada, M|100/100|[from] Chilly Reception
|
|-weather|Snowscape|[upkeep]
|upkeep
|turn|19
|
|t:|1757950365
|switch|p1a: Gholdengo|Gholdengo|100/100
|move|p2a: Meowscarada|U-turn|p1a: Gholdengo
|-resisted|p1a: Gholdengo
|-damage|p1a: Gholdengo|95/100
|
|t:|1757950368
|switch|p2a: Slowking|Slowking-Galar, M|95/100 par|[from] U-turn
|
|-weather|none
|-end|p1a: Gholdengo|move: Future Sight
|-resisted|p1a: Gholdengo
|-damage|p1a: Gholdengo|73/100
|-end|p2a: Slowking|move: Future Sight
|-damage|p2a: Slowking|62/100 par
|upkeep
|turn|20
|
|t:|1757950374
|switch|p2a: Moltres|Moltres|100/100
|move|p1a: Gholdengo|Nasty Plot|p1a: Gholdengo
|-boost|p1a: Gholdengo|spa|2
|
|upkeep
|turn|21
|
|t:|1757950377
|move|p1a: Gholdengo|Shadow Ball|p2a: Moltres
|-damage|p2a: Moltres|0 fnt
|faint|p2a: Moltres
|
|upkeep
|
|t:|1757950380
|switch|p2a: Great Tusk|Great Tusk|100/100
|turn|22
|
|t:|1757950403
|switch|p1a: Hatterene|Hatterene, F|84/100
|move|p2a: Great Tusk|Headlong Rush|p1a: Hatterene
|-damage|p1a: Hatterene|8/100
|-unboost|p2a: Great Tusk|def|1
|-unboost|p2a: Great Tusk|spd|1
|
|upkeep
|turn|23
|
|t:|1757950406
|move|p2a: Great Tusk|Headlong Rush|p1a: Hatterene
|-damage|p1a: Hatterene|0 fnt
|-unboost|p2a: Great Tusk|def|1
|-unboost|p2a: Great Tusk|spd|1
|faint|p1a: Hatterene
|
|upkeep
|
|t:|1757950408
|switch|p1a: Slowking|Slowking-Galar, F|99/100
|turn|24
|
|t:|1757950410
|move|p2a: Great Tusk|Headlong Rush|p1a: Slowking
|-supereffective|p1a: Slowking
|-crit|p1a: Slowking
|-enditem|p1a: Slowking|Shuca Berry|[eat]
|-enditem|p1a: Slowking|Shuca Berry|[weaken]
|-damage|p1a: Slowking|33/100
|-unboost|p2a: Great Tusk|def|1
|-unboost|p2a: Great Tusk|spd|1
|move|p1a: Slowking|Ice Beam|p2a: Great Tusk
|-supereffective|p2a: Great Tusk
|-damage|p2a: Great Tusk|0 fnt
|faint|p2a: Great Tusk
|-end|p2a: Great Tusk|Protosynthesis|[silent]
|
|upkeep
|
|t:|1757950412
|switch|p2a: Gholdengo|Gholdengo|100/100
|turn|25
|
|t:|1757950414
|move|p2a: Gholdengo|Shadow Ball|p1a: Slowking
|-supereffective|p1a: Slowking
|-damage|p1a: Slowking|0 fnt
|faint|p1a: Slowking
|
|upkeep
|
|t:|1757950417
|switch|p1a: Gholdengo|Gholdengo|73/100
|turn|26
|
|t:|1757950418
|move|p2a: Gholdengo|Shadow Ball|p1a: Gholdengo
|-supereffective|p1a: Gholdengo
|-crit|p1a: Gholdengo
|-damage|p1a: Gholdengo|0 fnt
|faint|p1a: Gholdengo
|
|win|OnArceus
|raw|ybg mihan's rating: 1696 &rarr; <strong>1684</strong><br />(-12 for losing)
|raw|OnArceus's rating: 1849 &rarr; <strong>1861</strong><br />(+12 for winning)
|l|☆ybg mihan
|player|p1|
|c|☆OnArceus|Gg
