|j|☆OminousGengar
|j|☆dollardasenee
|t:|1757825896
|gametype|singles
|player|p1|OminousGengar|eusine|1331
|player|p2|dollardasenee|cyrus|1377
|gen|9
|tier|[Gen 9] OU
|rated|
|rule|HP Percentage Mod: HP is shown in percentages
|rule|Endless Battle Clause: Forcing endless battles is banned
|rule|Species Clause: Limit one of each Pokémon
|rule|OHKO Clause: OHKO moves are banned
|rule|Evasion Items Clause: Evasion items are banned
|rule|Evasion Moves Clause: Evasion moves are banned
|rule|Evasion Abilities Clause: Evasion abilities are banned
|rule|Sleep Moves Clause: Sleep-inducing moves are banned
|clearpoke
|poke|p1|Talonflame, F|
|poke|p1|Pelipper, F|
|poke|p1|Barraskewda, F|
|poke|p1|Toxicroak, M|
|poke|p1|Hatterene, F|
|poke|p1|Iron Treads|
|poke|p2|Garganacl, M|
|poke|p2|Kingambit, M|
|poke|p2|Iron Treads|
|poke|p2|Dragapult, M|
|poke|p2|Iron Moth|
|poke|p2|Araquanid, F|
|teampreview
|
|t:|1757825900
|teamsize|p1|6
|teamsize|p2|6
|start
|switch|p1a: Iron Treads|Iron Treads|100/100
|switch|p2a: Araquanid|Araquanid, F|100/100
|turn|1
|
|t:|1757825906
|move|p1a: Iron Treads|Volt Switch|p2a: Araquanid
|-supereffective|p2a: Araquanid
|-damage|p2a: Araquanid|72/100
|
|t:|1757825910
|-end|p1a: Iron Treads|Quark Drive|[silent]
|switch|p1a: Hatterene|Hatterene, F|100/100|[from] Volt Switch
|move|p2a: Araquanid|Liquidation|p1a: Hatterene
|-damage|p1a: Hatterene|23/100
|-enditem|p1a: Hatterene|Eject Button
|
|t:|1757825913
|switch|p1a: Pelipper|Pelipper, F|100/100
|-weather|RainDance|[from] ability: Drizzle|[of] p1a: Pelipper
|
|-weather|RainDance|[upkeep]
|-heal|p2a: Araquanid|78/100|[from] item: Leftovers
|upkeep
|turn|2
|
|t:|1757825919
|move|p1a: Pelipper|Hurricane|p2a: Araquanid
|-supereffective|p2a: Araquanid
|-damage|p2a: Araquanid|16/100
|move|p2a: Araquanid|Sticky Web|p1a: Pelipper
|-sidestart|p1: OminousGengar|move: Sticky Web
|
|-weather|RainDance|[upkeep]
|-heal|p2a: Araquanid|22/100|[from] item: Leftovers
|upkeep
|turn|3
|
|t:|1757825925
|move|p1a: Pelipper|U-turn|p2a: Araquanid
|-damage|p2a: Araquanid|13/100
|
|t:|1757825930
|switch|p1a: Barraskewda|Barraskewda, F|100/100|[from] U-turn
|-activate|p1a: Barraskewda|move: Sticky Web
|-unboost|p1a: Barraskewda|spe|1
|move|p2a: Araquanid|Liquidation|p1a: Barraskewda
|-resisted|p1a: Barraskewda
|-damage|p1a: Barraskewda|7/100
|-unboost|p1a: Barraskewda|def|1
|
|-weather|RainDance|[upkeep]
|-heal|p2a: Araquanid|19/100|[from] item: Leftovers
|upkeep
|turn|4
|
|t:|1757825938
|move|p1a: Barraskewda|Flip Turn|p2a: Araquanid
|-resisted|p2a: Araquanid
|-damage|p2a: Araquanid|0 fnt
|faint|p2a: Araquanid
|
|t:|1757825947
|switch|p1a: Iron Treads|Iron Treads|100/100|[from] Flip Turn
|-activate|p1a: Iron Treads|move: Sticky Web
|-unboost|p1a: Iron Treads|spe|1
|
|-weather|RainDance|[upkeep]
|upkeep
|
|t:|1757825952
|switch|p2a: Iron Moth|Iron Moth|100/100
|-enditem|p2a: Iron Moth|Booster Energy
|-activate|p2a: Iron Moth|ability: Quark Drive|[fromitem]
|-start|p2a: Iron Moth|quarkdrivespa
|turn|5
|
|t:|1757825955
|move|p2a: Iron Moth|Fiery Dance|p1a: Iron Treads
|-supereffective|p1a: Iron Treads
|-damage|p1a: Iron Treads|18/100
|move|p1a: Iron Treads|Rapid Spin|p2a: Iron Moth
|-damage|p2a: Iron Moth|80/100
|-boost|p1a: Iron Treads|spe|1
|-sideend|p1: OminousGengar|Sticky Web|[from] move: Rapid Spin|[of] p1a: Iron Treads
|
|-weather|RainDance|[upkeep]
|-heal|p1a: Iron Treads|24/100|[from] item: Leftovers
|upkeep
|turn|6
|
|t:|1757825971
|-end|p1a: Iron Treads|Quark Drive|[silent]
|switch|p1a: Hatterene|Hatterene, F|23/100
|move|p2a: Iron Moth|Fiery Dance|p1a: Hatterene
|-damage|p1a: Hatterene|0 fnt
|-boost|p2a: Iron Moth|spa|1
|faint|p1a: Hatterene
|
|-weather|RainDance|[upkeep]
|upkeep
|
|t:|1757825976
|switch|p1a: Barraskewda|Barraskewda, F|7/100
|turn|7
|
|t:|1757825983
|-terastallize|p2a: Iron Moth|Ice
|move|p1a: Barraskewda|Flip Turn|p2a: Iron Moth
|-damage|p2a: Iron Moth|0 fnt
|faint|p2a: Iron Moth
|-end|p2a: Iron Moth|Quark Drive|[silent]
|
|t:|1757825991
|switch|p1a: Talonflame|Talonflame, F|100/100|[from] Flip Turn
|
|-weather|RainDance|[upkeep]
|upkeep
|
|t:|1757825994
|switch|p2a: Dragapult|Dragapult, M|100/100
|turn|8
|
|t:|1757826000
|-terastallize|p1a: Talonflame|Flying
|move|p1a: Talonflame|Hurricane|p2a: Dragapult
|-damage|p2a: Dragapult|0 fnt
|faint|p2a: Dragapult
|
|-weather|none
|upkeep
|
|t:|1757826004
|switch|p2a: Garganacl|Garganacl, M|100/100
|turn|9
|
|t:|1757826017
|switch|p1a: Iron Treads|Iron Treads|24/100
|move|p2a: Garganacl|Salt Cure|p1a: Iron Treads
|-resisted|p1a: Iron Treads
|-damage|p1a: Iron Treads|21/100
|-start|p1a: Iron Treads|Salt Cure
|
|-heal|p1a: Iron Treads|27/100|[from] item: Leftovers
|-damage|p1a: Iron Treads|2/100|[from] Salt Cure
|upkeep
|turn|10
|
|t:|1757826022
|move|p1a: Iron Treads|Stealth Rock|p2a: Garganacl
|-sidestart|p2: dollardasenee|move: Stealth Rock
|move|p2a: Garganacl|Iron Defense|p2a: Garganacl
|-boost|p2a: Garganacl|def|2
|
|-heal|p1a: Iron Treads|8/100|[from] item: Leftovers
|-damage|p1a: Iron Treads|0 fnt|[from] Salt Cure
|faint|p1a: Iron Treads
|-end|p1a: Iron Treads|Quark Drive|[silent]
|upkeep
|
|t:|1757826030
|switch|p1a: Pelipper|Pelipper, F|100/100
|-weather|RainDance|[from] ability: Drizzle|[of] p1a: Pelipper
|turn|11
|
|t:|1757826033
|move|p1a: Pelipper|Weather Ball|p2a: Garganacl
|-supereffective|p2a: Garganacl
|-damage|p2a: Garganacl|29/100
|move|p2a: Garganacl|Salt Cure|p1a: Pelipper
|-supereffective|p1a: Pelipper
|-damage|p1a: Pelipper|79/100
|-start|p1a: Pelipper|Salt Cure
|
|-weather|RainDance|[upkeep]
|-heal|p2a: Garganacl|35/100|[from] item: Leftovers
|-damage|p1a: Pelipper|55/100|[from] Salt Cure
|upkeep
|turn|12
|
|t:|1757826038
|move|p1a: Pelipper|Weather Ball|p2a: Garganacl
|-supereffective|p2a: Garganacl
|-damage|p2a: Garganacl|0 fnt
|faint|p2a: Garganacl
|
|-weather|RainDance|[upkeep]
|-damage|p1a: Pelipper|30/100|[from] Salt Cure
|upkeep
|
|t:|1757826040
|switch|p2a: Iron Treads|Iron Treads|100/100
|-damage|p2a: Iron Treads|97/100|[from] Stealth Rock
|-enditem|p2a: Iron Treads|Booster Energy
|-activate|p2a: Iron Treads|ability: Quark Drive|[fromitem]
|-start|p2a: Iron Treads|quarkdrivespe
|turn|13
|
|t:|1757826052
|move|p2a: Iron Treads|Knock Off|p1a: Pelipper
|-damage|p1a: Pelipper|7/100
|-enditem|p1a: Pelipper|Damp Rock|[from] move: Knock Off|[of] p2a: Iron Treads
|move|p1a: Pelipper|U-turn|p2a: Iron Treads
|-resisted|p2a: Iron Treads
|-damage|p2a: Iron Treads|94/100
|
|t:|1757826056
|switch|p1a: Barraskewda|Barraskewda, F|7/100|[from] U-turn
|
|-weather|RainDance|[upkeep]
|upkeep
|turn|14
|
|t:|1757826060
|move|p1a: Barraskewda|Waterfall|p2a: Iron Treads
|-supereffective|p2a: Iron Treads
|-damage|p2a: Iron Treads|0 fnt
|faint|p2a: Iron Treads
|-end|p2a: Iron Treads|Quark Drive|[silent]
|
|-weather|RainDance|[upkeep]
|upkeep
|
|t:|1757826063
|switch|p2a: Kingambit|Kingambit, M|100/100
|-damage|p2a: Kingambit|94/100|[from] Stealth Rock
|-activate|p2a: Kingambit|ability: Supreme Overlord
|-start|p2a: Kingambit|fallen5|[silent]
|turn|15
|
|t:|1757826066
|move|p2a: Kingambit|Sucker Punch|p1a: Barraskewda
|-crit|p1a: Barraskewda
|-damage|p1a: Barraskewda|0 fnt
|faint|p1a: Barraskewda
|
|-weather|RainDance|[upkeep]
|upkeep
|
|t:|1757826068
|switch|p1a: Toxicroak|Toxicroak, M|100/100
|turn|16
|
|t:|1757826071
|move|p2a: Kingambit|Iron Head|p1a: Toxicroak
|-damage|p1a: Toxicroak|15/100
|-damage|p2a: Kingambit|78/100|[from] item: Rocky Helmet|[of] p1a: Toxicroak
|move|p1a: Toxicroak|Drain Punch|p2a: Kingambit
|-supereffective|p2a: Kingambit
|-damage|p2a: Kingambit|0 fnt
|-heal|p1a: Toxicroak|51/100|[from] drain|[of] p2a: Kingambit
|faint|p2a: Kingambit
|-end|p2a: Kingambit|fallen5|[silent]
|
|win|OminousGengar
|raw|OminousGengar's rating: 1331 &rarr; <strong>1354</strong><br />(+23 for winning)
|raw|dollardasenee's rating: 1377 &rarr; <strong>1354</strong><br />(-23 for losing)
|l|☆dollardasenee
|player|p2|
|l|☆OminousGengar
|player|p1|
