|j|☆FirestreakerO1
|j|☆Coquito mojito
|t:|1757827223
|gametype|singles
|player|p1|FirestreakerO1|giovanni|1158
|player|p2|Coquito mojito|2|1186
|gen|9
|tier|[Gen 9] OU
|rated|
|rule|HP Percentage Mod: HP is shown in percentages
|rule|Endless Battle Clause: Forcing endless battles is banned
|rule|Species Clause: Limit one of each Pokémon
|rule|OHKO Clause: OHKO moves are banned
|rule|Evasion Items Clause: Evasion items are banned
|rule|Evasion Moves Clause: Evasion moves are banned
|rule|Evasion Abilities Clause: Evasion abilities are banned
|rule|Sleep Moves Clause: Sleep-inducing moves are banned
|clearpoke
|poke|p1|Iron Moth|
|poke|p1|Raging Bolt|
|poke|p1|Slowking-Galar, M|
|poke|p1|Kingambit, M|
|poke|p1|Great Tusk|
|poke|p1|Gardevoir, F|
|poke|p2|Ting-Lu|
|poke|p2|Darkrai|
|poke|p2|Corviknight, M|
|poke|p2|Fezandipiti, M|
|poke|p2|Pecharunt|
|poke|p2|Latios, M|
|teampreview
|
|t:|1757827256
|teamsize|p1|6
|teamsize|p2|6
|start
|switch|p1a: Raging Bolt|Raging Bolt|100/100
|switch|p2a: Yagami|Darkrai, shiny|100/100
|-enditem|p1a: Raging Bolt|Booster Energy
|-activate|p1a: Raging Bolt|ability: Protosynthesis|[fromitem]
|-start|p1a: Raging Bolt|protosynthesisspa
|turn|1
|
|t:|1757827270
|switch|p2a: Goliath|Ting-Lu|100/100
|-ability|p2a: Goliath|Vessel of Ruin
|move|p1a: Raging Bolt|Thunderclap||[still]
|-fail|p1a: Raging Bolt
|
|upkeep
|turn|2
|
|t:|1757827281
|-terastallize|p1a: Raging Bolt|Ice
|move|p1a: Raging Bolt|Tera Blast|p2a: Goliath|[anim] Tera Blast Ice
|-supereffective|p2a: Goliath
|-damage|p2a: Goliath|57/100
|move|p2a: Goliath|Stealth Rock|p1a: Raging Bolt
|-sidestart|p1: FirestreakerO1|move: Stealth Rock
|
|-heal|p2a: Goliath|63/100|[from] item: Leftovers
|upkeep
|turn|3
|
|t:|1757827290
|switch|p2a: Overseer|Pecharunt|100/100
|move|p1a: Raging Bolt|Tera Blast|p2a: Overseer|[anim] Tera Blast Ice
|-damage|p2a: Overseer|44/100
|
|upkeep
|turn|4
|
|t:|1757827297
|switch|p2a: Yami|Corviknight, M, shiny|100/100
|-ability|p2a: Yami|Pressure
|move|p1a: Raging Bolt|Thunderclap||[still]
|-fail|p1a: Raging Bolt
|
|upkeep
|turn|5
|
|t:|1757827309
|move|p1a: Raging Bolt|Thunderbolt|p2a: Yami
|-supereffective|p2a: Yami
|-damage|p2a: Yami|0 fnt
|faint|p2a: Yami
|
|upkeep
|
|t:|1757827319
|switch|p2a: Cosmic Owl|Fezandipiti, M|100/100
|turn|6
|
|t:|1757827327
|move|p1a: Raging Bolt|Thunderclap||[still]
|-fail|p1a: Raging Bolt
|move|p2a: Cosmic Owl|Calm Mind|p2a: Cosmic Owl
|-boost|p2a: Cosmic Owl|spa|1
|-boost|p2a: Cosmic Owl|spd|1
|
|upkeep
|turn|7
|
|t:|1757827333
|move|p1a: Raging Bolt|Tera Blast|p2a: Cosmic Owl|[anim] Tera Blast Ice
|-damage|p2a: Cosmic Owl|77/100
|move|p2a: Cosmic Owl|Sludge Bomb|p1a: Raging Bolt
|-damage|p1a: Raging Bolt|64/100
|-status|p1a: Raging Bolt|tox|[from] ability: Toxic Chain|[of] p2a: Cosmic Owl
|
|-damage|p1a: Raging Bolt|58/100 tox|[from] psn
|upkeep
|turn|8
|
|t:|1757827342
|-end|p1a: Raging Bolt|Protosynthesis|[silent]
|switch|p1a: Great Tusk|Great Tusk, shiny|100/100
|-damage|p1a: Great Tusk|98/100|[from] Stealth Rock
|move|p2a: Cosmic Owl|Calm Mind|p2a: Cosmic Owl
|-boost|p2a: Cosmic Owl|spa|1
|-boost|p2a: Cosmic Owl|spd|1
|
|-heal|p1a: Great Tusk|100/100|[from] item: Leftovers
|upkeep
|turn|9
|
|t:|1757827352
|-terastallize|p2a: Cosmic Owl|Water
|move|p2a: Cosmic Owl|Moonblast|p1a: Great Tusk
|-supereffective|p1a: Great Tusk
|-damage|p1a: Great Tusk|9/100
|-unboost|p1a: Great Tusk|spa|1
|-status|p1a: Great Tusk|tox|[from] ability: Toxic Chain|[of] p2a: Cosmic Owl
|move|p1a: Great Tusk|Rapid Spin|p2a: Cosmic Owl
|-damage|p2a: Cosmic Owl|62/100
|-boost|p1a: Great Tusk|spe|1
|-sideend|p1: FirestreakerO1|Stealth Rock|[from] move: Rapid Spin|[of] p1a: Great Tusk
|
|-heal|p1a: Great Tusk|15/100 tox|[from] item: Leftovers
|-damage|p1a: Great Tusk|9/100 tox|[from] psn
|upkeep
|turn|10
|
|t:|1757827365
|-end|p1a: Great Tusk|Protosynthesis|[silent]
|switch|p1a: Raging Bolt|Raging Bolt, tera:Ice|58/100 tox
|move|p2a: Cosmic Owl|Roost|p2a: Cosmic Owl
|-heal|p2a: Cosmic Owl|100/100
|
|-damage|p1a: Raging Bolt|52/100 tox|[from] psn
|upkeep
|turn|11
|
|t:|1757827381
|move|p1a: Raging Bolt|Thunderbolt|p2a: Cosmic Owl
|-supereffective|p2a: Cosmic Owl
|-damage|p2a: Cosmic Owl|74/100
|move|p2a: Cosmic Owl|Calm Mind|p2a: Cosmic Owl
|-boost|p2a: Cosmic Owl|spa|1
|-boost|p2a: Cosmic Owl|spd|1
|
|-damage|p1a: Raging Bolt|40/100 tox|[from] psn
|upkeep
|turn|12
|
|t:|1757827390
|move|p1a: Raging Bolt|Draco Meteor|p2a: Cosmic Owl
|-damage|p2a: Cosmic Owl|58/100
|-unboost|p1a: Raging Bolt|spa|2
|move|p2a: Cosmic Owl|Roost|p2a: Cosmic Owl
|-heal|p2a: Cosmic Owl|100/100
|
|-damage|p1a: Raging Bolt|21/100 tox|[from] psn
|upkeep
|turn|13
|
|t:|1757827404
|-end|p1a: Raging Bolt|Protosynthesis|[silent]
|switch|p1a: Slowking|Slowking-Galar, M, shiny|100/100
|move|p2a: Cosmic Owl|Moonblast|p1a: Slowking
|-resisted|p1a: Slowking
|-damage|p1a: Slowking|89/100
|
|upkeep
|turn|14
|
|t:|1757827427
|move|p2a: Cosmic Owl|Moonblast|p1a: Slowking
|-resisted|p1a: Slowking
|-crit|p1a: Slowking
|-damage|p1a: Slowking|70/100
|-unboost|p1a: Slowking|spa|1
|move|p1a: Slowking|Grass Knot|p2a: Cosmic Owl
|-supereffective|p2a: Cosmic Owl
|-crit|p2a: Cosmic Owl
|-damage|p2a: Cosmic Owl|76/100
|
|upkeep
|turn|15
|
|t:|1757827439
|move|p2a: Cosmic Owl|Moonblast|p1a: Slowking
|-resisted|p1a: Slowking
|-damage|p1a: Slowking|59/100
|move|p1a: Slowking|Grass Knot|p2a: Cosmic Owl
|-supereffective|p2a: Cosmic Owl
|-damage|p2a: Cosmic Owl|71/100
|
|upkeep
|turn|16
|
|t:|1757827447
|move|p2a: Cosmic Owl|Moonblast|p1a: Slowking
|-resisted|p1a: Slowking
|-crit|p1a: Slowking
|-damage|p1a: Slowking|41/100
|move|p1a: Slowking|Grass Knot|p2a: Cosmic Owl
|-supereffective|p2a: Cosmic Owl
|-damage|p2a: Cosmic Owl|66/100
|
|upkeep
|turn|17
|
|t:|1757827454
|switch|p1a: Iron Moth|Iron Moth, shiny|100/100
|-enditem|p1a: Iron Moth|Booster Energy
|-activate|p1a: Iron Moth|ability: Quark Drive|[fromitem]
|-start|p1a: Iron Moth|quarkdrivespa
|move|p2a: Cosmic Owl|Moonblast|p1a: Iron Moth
|-resisted|p1a: Iron Moth
|-damage|p1a: Iron Moth|85/100
|
|upkeep
|turn|18
|
|t:|1757827468
|move|p1a: Iron Moth|Energy Ball|p2a: Cosmic Owl
|-supereffective|p2a: Cosmic Owl
|-damage|p2a: Cosmic Owl|44/100
|move|p2a: Cosmic Owl|Sludge Bomb|p1a: Iron Moth
|-resisted|p1a: Iron Moth
|-damage|p1a: Iron Moth|53/100
|
|upkeep
|turn|19
|
|t:|1757827476
|-end|p1a: Iron Moth|Quark Drive|[silent]
|switch|p1a: Kingambit|Kingambit, M, shiny|100/100
|move|p2a: Cosmic Owl|Roost|p2a: Cosmic Owl
|-heal|p2a: Cosmic Owl|94/100
|
|upkeep
|turn|20
|
|t:|1757827481
|move|p2a: Cosmic Owl|Moonblast|p1a: Kingambit
|-damage|p1a: Kingambit|43/100
|move|p1a: Kingambit|Swords Dance|p1a: Kingambit
|-boost|p1a: Kingambit|atk|2
|
|upkeep
|turn|21
|
|t:|1757827487
|move|p1a: Kingambit|Sucker Punch|p2a: Cosmic Owl
|-damage|p2a: Cosmic Owl|0 fnt
|faint|p2a: Cosmic Owl
|
|upkeep
|
|t:|1757827493
|switch|p2a: Goliath|Ting-Lu|63/100
|-ability|p2a: Goliath|Vessel of Ruin
|turn|22
|
|t:|1757827500
|-end|p1a: Kingambit|fallenundefined|[silent]
|switch|p1a: Gardevoir|Gardevoir, F, shiny|100/100
|-ability|p1a: Gardevoir|Vessel of Ruin|Trace|[from] ability: Trace|[of] p2a: Goliath
|-ability|p1a: Gardevoir|Vessel of Ruin
|move|p2a: Goliath|Earthquake|p1a: Gardevoir
|-damage|p1a: Gardevoir|36/100
|
|-heal|p2a: Goliath|70/100|[from] item: Leftovers
|upkeep
|turn|23
|
|t:|1757827510
|move|p1a: Gardevoir|Healing Wish|p1a: Gardevoir
|faint|p1a: Gardevoir
|move|p2a: Goliath|Earthquake|p1: Gardevoir|[notarget]
|-fail|p2a: Goliath
|
|-heal|p2a: Goliath|76/100|[from] item: Leftovers
|upkeep
|
|t:|1757827516
|switch|p1a: Raging Bolt|Raging Bolt, tera:Ice|21/100 tox
|-heal|p1a: Raging Bolt|100/100|[from] move: Healing Wish
|turn|24
|
|t:|1757827534
|move|p1a: Raging Bolt|Tera Blast|p2a: Goliath|[anim] Tera Blast Ice
|-supereffective|p2a: Goliath
|-damage|p2a: Goliath|38/100
|move|p2a: Goliath|Spikes|p1a: Raging Bolt
|-sidestart|p1: FirestreakerO1|Spikes
|
|-heal|p2a: Goliath|44/100|[from] item: Leftovers
|upkeep
|turn|25
|
|t:|1757827545
|move|p1a: Raging Bolt|Tera Blast|p2a: Goliath|[anim] Tera Blast Ice
|-supereffective|p2a: Goliath
|-damage|p2a: Goliath|7/100
|move|p2a: Goliath|Earthquake|p1a: Raging Bolt
|-damage|p1a: Raging Bolt|67/100
|
|-heal|p2a: Goliath|13/100|[from] item: Leftovers
|upkeep
|turn|26
|
|t:|1757827557
|move|p1a: Raging Bolt|Tera Blast|p2a: Goliath|[anim] Tera Blast Ice
|-supereffective|p2a: Goliath
|-damage|p2a: Goliath|0 fnt
|faint|p2a: Goliath
|
|upkeep
|
|t:|1757827562
|switch|p2a: Yagami|Darkrai, shiny|100/100
|turn|27
|
|t:|1757827570
|-end|p1a: Raging Bolt|Protosynthesis|[silent]
|switch|p1a: Great Tusk|Great Tusk, shiny|9/100 tox
|-damage|p1a: Great Tusk|0 fnt|[from] Spikes
|faint|p1a: Great Tusk
|-end|p1a: Great Tusk|Protosynthesis|[silent]
|move|p2a: Yagami|Dark Pulse|p1: Great Tusk|[notarget]
|-fail|p2a: Yagami
|
|upkeep
|
|t:|1757827589
|switch|p1a: Iron Moth|Iron Moth, shiny|53/100
|-damage|p1a: Iron Moth|40/100|[from] Spikes
|turn|28
|
|t:|1757827597
|move|p2a: Yagami|Dark Pulse|p1a: Iron Moth
|-damage|p1a: Iron Moth|0 fnt
|faint|p1a: Iron Moth
|-end|p1a: Iron Moth|Quark Drive|[silent]
|
|upkeep
|
|t:|1757827604
|switch|p1a: Kingambit|Kingambit, M, shiny|43/100
|-damage|p1a: Kingambit|31/100|[from] Spikes
|-activate|p1a: Kingambit|ability: Supreme Overlord
|-start|p1a: Kingambit|fallen3|[silent]
|turn|29
|
|t:|1757827611
|move|p1a: Kingambit|Sucker Punch|p2a: Yagami
|-resisted|p2a: Yagami
|-damage|p2a: Yagami|58/100
|move|p2a: Yagami|Dark Pulse|p1a: Kingambit
|-resisted|p1a: Kingambit
|-damage|p1a: Kingambit|9/100
|
|upkeep
|turn|30
|
|t:|1757827621
|-end|p1a: Kingambit|fallen3|[silent]
|switch|p1a: Slowking|Slowking-Galar, M, shiny|75/100
|-damage|p1a: Slowking|62/100|[from] Spikes
|move|p2a: Yagami|Dark Pulse|p1a: Slowking
|-supereffective|p1a: Slowking
|-damage|p1a: Slowking|30/100
|
|upkeep
|turn|31
|
|t:|1757827629
|move|p2a: Yagami|Dark Pulse|p1a: Slowking
|-supereffective|p1a: Slowking
|-damage|p1a: Slowking|0 fnt
|faint|p1a: Slowking
|
|upkeep
|
|t:|1757827632
|switch|p1a: Raging Bolt|Raging Bolt, tera:Ice|67/100
|-damage|p1a: Raging Bolt|55/100|[from] Spikes
|turn|32
|
|t:|1757827639
|switch|p2a: Avalon|Latios, M, shiny|100/100
|move|p1a: Raging Bolt|Thunderclap||[still]
|-fail|p1a: Raging Bolt
|
|upkeep
|turn|33
|
|t:|1757827649
|move|p2a: Avalon|Aura Sphere|p1a: Raging Bolt
|-supereffective|p1a: Raging Bolt
|-damage|p1a: Raging Bolt|3/100
|move|p1a: Raging Bolt|Tera Blast|p2a: Avalon|[anim] Tera Blast Ice
|-supereffective|p2a: Avalon
|-damage|p2a: Avalon|15/100
|
|upkeep
|turn|34
|
|t:|1757827656
|switch|p2a: Overseer|Pecharunt|44/100
|move|p1a: Raging Bolt|Thunderclap||[still]
|-fail|p1a: Raging Bolt
|
|upkeep
|turn|35
|
|t:|1757827663
|move|p1a: Raging Bolt|Draco Meteor|p2a: Overseer
|-damage|p2a: Overseer|0 fnt
|-unboost|p1a: Raging Bolt|spa|2
|faint|p2a: Overseer
|
|upkeep
|
|t:|1757827667
|switch|p2a: Yagami|Darkrai, shiny|58/100
|turn|36
|
|t:|1757827675
|move|p1a: Raging Bolt|Thunderclap|p2a: Yagami
|-damage|p2a: Yagami|30/100
|move|p2a: Yagami|Dark Pulse|p1a: Raging Bolt
|-damage|p1a: Raging Bolt|0 fnt
|faint|p1a: Raging Bolt
|-end|p1a: Raging Bolt|Protosynthesis|[silent]
|
|upkeep
|
|t:|1757827677
|switch|p1a: Kingambit|Kingambit, M, shiny|9/100
|-damage|p1a: Kingambit|0 fnt|[from] Spikes
|faint|p1a: Kingambit
|-end|p1a: Kingambit|fallen3|[silent]
|
|win|Coquito mojito
|raw|FirestreakerO1's rating: 1158 &rarr; <strong>1135</strong><br />(-23 for losing)
|raw|Coquito mojito's rating: 1186 &rarr; <strong>1209</strong><br />(+23 for winning)
|l|☆Coquito mojito
|player|p2|
|l|☆FirestreakerO1
|player|p1|
