|j|☆101Darmanitans
|j|☆imnotsorrytbh
|t:|1757789987
|gametype|singles
|player|p1|101Darmanitans|morty|1485
|player|p2|imnotsorrytbh|266|1454
|gen|9
|tier|[Gen 9] OU
|rated|
|rule|HP Percentage Mod: HP is shown in percentages
|rule|Endless Battle Clause: Forcing endless battles is banned
|rule|Species Clause: Limit one of each Pokémon
|rule|OHKO Clause: OHKO moves are banned
|rule|Evasion Items Clause: Evasion items are banned
|rule|Evasion Moves Clause: Evasion moves are banned
|rule|Evasion Abilities Clause: Evasion abilities are banned
|rule|Sleep Moves Clause: Sleep-inducing moves are banned
|clearpoke
|poke|p1|Lokix, M|
|poke|p1|Garganacl, F|
|poke|p1|Iron Crown|
|poke|p1|Alomomola, F|
|poke|p1|Weezing-Galar, M|
|poke|p1|Landorus-Therian, M|
|poke|p2|Clodsire, M|
|poke|p2|Dondozo, M|
|poke|p2|Alomomola, F|
|poke|p2|Talonflame, F|
|poke|p2|Toxapex, F|
|poke|p2|Blissey, F|
|teampreview
|
|t:|1757789993
|teamsize|p1|6
|teamsize|p2|6
|start
|switch|p1a: Garganacl|Garganacl, F, shiny|100/100
|switch|p2a: Toxapex|Toxapex, F|100/100
|turn|1
|
|t:|1757789996
|switch|p2a: Alomomola|Alomomola, F|100/100
|move|p1a: Garganacl|Salt Cure|p2a: Alomomola
|-damage|p2a: Alomomola|94/100
|-start|p2a: Alomomola|Salt Cure
|
|-damage|p2a: Alomomola|69/100|[from] Salt Cure
|upkeep
|turn|2
|
|t:|1757789998
|switch|p2a: Toxapex|Toxapex, F|100/100
|move|p1a: Garganacl|Stealth Rock|p2a: Toxapex
|-sidestart|p2: imnotsorrytbh|move: Stealth Rock
|
|upkeep
|turn|3
|
|t:|1757790001
|switch|p2a: Alomomola|Alomomola, F|100/100
|move|p1a: Garganacl|Salt Cure|p2a: Alomomola
|-damage|p2a: Alomomola|93/100
|-start|p2a: Alomomola|Salt Cure
|
|-damage|p2a: Alomomola|68/100|[from] Salt Cure
|upkeep
|turn|4
|
|t:|1757790006
|switch|p2a: Toxapex|Toxapex, F|100/100
|switch|p1a: Weezing|Weezing-Galar, M|100/100
|-ability|p1a: Weezing|Neutralizing Gas
|
|upkeep
|turn|5
|
|t:|1757790009
|switch|p2a: Blissey|Blissey, F|100/100
|move|p1a: Weezing|Will-O-Wisp|p2a: Blissey
|-status|p2a: Blissey|brn
|
|-damage|p2a: Blissey|94/100 brn|[from] brn
|upkeep
|turn|6
|
|t:|1757790014
|move|p1a: Weezing|Strange Steam|p2a: Blissey
|-damage|p2a: Blissey|87/100 brn
|move|p2a: Blissey|Stealth Rock|p1a: Weezing
|-sidestart|p1: 101Darmanitans|move: Stealth Rock
|
|-damage|p2a: Blissey|81/100 brn|[from] brn
|upkeep
|turn|7
|
|t:|1757790016
|move|p1a: Weezing|Strange Steam|p2a: Blissey
|-damage|p2a: Blissey|73/100 brn
|-start|p2a: Blissey|confusion
|-activate|p2a: Blissey|confusion
|move|p2a: Blissey|Seismic Toss|p1a: Weezing
|-damage|p1a: Weezing|70/100
|
|-damage|p2a: Blissey|67/100 brn|[from] brn
|upkeep
|turn|8
|
|t:|1757790019
|move|p1a: Weezing|Strange Steam|p2a: Blissey|[miss]
|-miss|p1a: Weezing|p2a: Blissey
|-activate|p2a: Blissey|confusion
|move|p2a: Blissey|Seismic Toss|p1a: Weezing
|-damage|p1a: Weezing|40/100
|
|-damage|p2a: Blissey|61/100 brn|[from] brn
|upkeep
|turn|9
|
|t:|1757790021
|move|p1a: Weezing|Pain Split|p2a: Blissey
|-sethp|p2a: Blissey|40/100 brn|[from] move: Pain Split|[silent]
|-sethp|p1a: Weezing|85/100|[from] move: Pain Split
|-end|p2a: Blissey|confusion
|move|p2a: Blissey|Seismic Toss|p1a: Weezing
|-damage|p1a: Weezing|55/100
|
|-damage|p2a: Blissey|34/100 brn|[from] brn
|upkeep
|turn|10
|
|t:|1757790025
|move|p1a: Weezing|Strange Steam|p2a: Blissey
|-damage|p2a: Blissey|25/100 brn
|-start|p2a: Blissey|confusion
|-activate|p2a: Blissey|confusion
|move|p2a: Blissey|Soft-Boiled|p2a: Blissey
|-heal|p2a: Blissey|75/100 brn
|
|-damage|p2a: Blissey|69/100 brn|[from] brn
|upkeep
|turn|11
|
|t:|1757790029
|switch|p2a: Talonflame|Talonflame, F|100/100
|move|p1a: Weezing|Strange Steam|p2a: Talonflame
|-resisted|p2a: Talonflame
|-damage|p2a: Talonflame|82/100
|
|upkeep
|turn|12
|
|t:|1757790039
|switch|p2a: Blissey|Blissey, F|69/100 brn
|-end|p1a: Weezing|ability: Neutralizing Gas
|switch|p1a: Garganacl|Garganacl, F, shiny|100/100
|-damage|p1a: Garganacl|88/100|[from] Stealth Rock
|
|-heal|p1a: Garganacl|94/100|[from] item: Leftovers
|-damage|p2a: Blissey|63/100 brn|[from] brn
|upkeep
|turn|13
|
|t:|1757790043
|-curestatus|p2a: Blissey|brn|[from] ability: Natural Cure
|switch|p2a: Alomomola|Alomomola, F|100/100
|move|p1a: Garganacl|Salt Cure|p2a: Alomomola
|-damage|p2a: Alomomola|94/100
|-start|p2a: Alomomola|Salt Cure
|
|-heal|p1a: Garganacl|100/100|[from] item: Leftovers
|-damage|p2a: Alomomola|69/100|[from] Salt Cure
|upkeep
|turn|14
|
|t:|1757790048
|switch|p2a: Toxapex|Toxapex, F|100/100
|switch|p1a: Weezing|Weezing-Galar, M|55/100
|-ability|p1a: Weezing|Neutralizing Gas
|
|upkeep
|turn|15
|
|t:|1757790059
|switch|p2a: Talonflame|Talonflame, F|82/100
|move|p1a: Weezing|Defog|p2a: Talonflame
|-unboost|p2a: Talonflame|evasion|1
|-sideend|p2: imnotsorrytbh|Stealth Rock|[from] move: Defog|[of] p1a: Weezing
|-sideend|p1: 101Darmanitans|Stealth Rock|[from] move: Defog|[of] p1a: Weezing
|
|upkeep
|turn|16
|
|t:|1757790064
|-end|p1a: Weezing|ability: Neutralizing Gas
|switch|p1a: Garganacl|Garganacl, F, shiny|100/100
|move|p2a: Talonflame|Flamethrower|p1a: Garganacl
|-resisted|p1a: Garganacl
|-damage|p1a: Garganacl|92/100
|
|-heal|p1a: Garganacl|98/100|[from] item: Leftovers
|upkeep
|turn|17
|
|t:|1757790068
|switch|p2a: Alomomola|Alomomola, F|100/100
|move|p1a: Garganacl|Salt Cure|p2a: Alomomola
|-damage|p2a: Alomomola|94/100
|-start|p2a: Alomomola|Salt Cure
|
|-heal|p1a: Garganacl|100/100|[from] item: Leftovers
|-damage|p2a: Alomomola|69/100|[from] Salt Cure
|upkeep
|turn|18
|
|t:|1757790072
|switch|p2a: Toxapex|Toxapex, F|100/100
|switch|p1a: Iron Crown|Iron Crown|100/100
|
|upkeep
|turn|19
|
|t:|1757790076
|switch|p2a: Blissey|Blissey, F|63/100
|move|p1a: Iron Crown|Psyshock|p2a: Blissey
|-damage|p2a: Blissey|0 fnt
|faint|p2a: Blissey
|
|upkeep
|l|☆imnotsorrytbh
|player|p2|
|inactive|Battle timer is ON: inactive players will automatically lose when time's up. (requested by 101Darmanitans)
|inactive|imnotsorrytbh has 30 seconds to reconnect!
|inactive|imnotsorrytbh has 20 seconds to reconnect!
|inactive|imnotsorrytbh has 15 seconds to reconnect!
|inactive|imnotsorrytbh has 10 seconds to reconnect!
|inactive|imnotsorrytbh has 5 seconds to reconnect!
|-message|imnotsorrytbh lost due to inactivity.
|
|win|101Darmanitans
|raw|101Darmanitans's rating: 1485 &rarr; <strong>1503</strong><br />(+18 for winning)
|raw|imnotsorrytbh's rating: 1454 &rarr; <strong>1436</strong><br />(-18 for losing)
|l|☆101Darmanitans
|player|p1|
