|j|‽ABigCamel
|j|☆zane0911
|t:|1757846266
|gametype|singles
|player|p1|ABigCamel|101|1583
|player|p2|zane0911|bede|1582
|gen|9
|tier|[Gen 9] OU
|rated|
|rule|HP Percentage Mod: HP is shown in percentages
|rule|Endless Battle Clause: Forcing endless battles is banned
|rule|Species Clause: Limit one of each Pokémon
|rule|OHKO Clause: OHKO moves are banned
|rule|Evasion Items Clause: Evasion items are banned
|rule|Evasion Moves Clause: Evasion moves are banned
|rule|Evasion Abilities Clause: Evasion abilities are banned
|rule|Sleep Moves Clause: Sleep-inducing moves are banned
|clearpoke
|poke|p1|Glimmora, M|
|poke|p1|Gholdengo|
|poke|p1|Landorus-Therian, M|
|poke|p1|Ogerpon-Wellspring, F|
|poke|p1|Thundurus-Therian, M|
|poke|p1|Kingambit, M|
|poke|p2|Ninetales-Alola, M|
|poke|p2|Garganacl, F|
|poke|p2|Raging Bolt|
|poke|p2|Corviknight, F|
|poke|p2|Zamazenta-*|
|poke|p2|Latios, M|
|teampreview
|inactive|Battle timer is ON: inactive players will automatically lose when time's up. (requested by zane0911)
|
|t:|1757846296
|teamsize|p1|6
|teamsize|p2|6
|start
|switch|p1a: Thundurus|Thundurus-Therian, M|100/100
|switch|p2a: Ninetales|Ninetales-Alola, M|100/100
|-weather|Snowscape|[from] ability: Snow Warning|[of] p2a: Ninetales
|turn|1
|
|t:|1757846302
|move|p2a: Ninetales|Aurora Veil|p2a: Ninetales
|-sidestart|p2: zane0911|move: Aurora Veil
|move|p1a: Thundurus|Sludge Bomb|p2a: Ninetales
|-supereffective|p2a: Ninetales
|-damage|p2a: Ninetales|57/100
|
|-weather|Snowscape|[upkeep]
|upkeep
|turn|2
|
|t:|1757846309
|switch|p2a: Garganacl|Garganacl, F|100/100
|switch|p1a: Kingambit|Kingambit, M|100/100
|
|-weather|Snowscape|[upkeep]
|upkeep
|turn|3
|
|t:|1757846317
|move|p1a: Kingambit|Swords Dance|p1a: Kingambit
|-boost|p1a: Kingambit|atk|2
|move|p2a: Garganacl|Salt Cure|p1a: Kingambit
|-resisted|p1a: Kingambit
|-damage|p1a: Kingambit|95/100
|-start|p1a: Kingambit|Salt Cure
|
|-weather|Snowscape|[upkeep]
|-heal|p1a: Kingambit|100/100|[from] item: Leftovers
|-damage|p1a: Kingambit|76/100|[from] Salt Cure
|upkeep
|turn|4
|
|t:|1757846325
|switch|p2a: Corviknight|Corviknight, F|100/100
|move|p1a: Kingambit|Swords Dance|p1a: Kingambit
|-boost|p1a: Kingambit|atk|2
|
|-weather|Snowscape|[upkeep]
|-heal|p1a: Kingambit|82/100|[from] item: Leftovers
|-damage|p1a: Kingambit|57/100|[from] Salt Cure
|upkeep
|turn|5
|
|t:|1757846331
|move|p1a: Kingambit|Kowtow Cleave|p2a: Corviknight
|-damage|p2a: Corviknight|41/100
|move|p2a: Corviknight|Bulk Up|p2a: Corviknight
|-boost|p2a: Corviknight|atk|1
|-boost|p2a: Corviknight|def|1
|
|-weather|none
|-heal|p1a: Kingambit|63/100|[from] item: Leftovers
|-heal|p2a: Corviknight|47/100|[from] item: Leftovers
|-damage|p1a: Kingambit|38/100|[from] Salt Cure
|upkeep
|turn|6
|
|t:|1757846335
|move|p1a: Kingambit|Kowtow Cleave|p2a: Corviknight
|-damage|p2a: Corviknight|10/100
|move|p2a: Corviknight|Roost|p2a: Corviknight
|-heal|p2a: Corviknight|60/100
|-singleturn|p2a: Corviknight|move: Roost
|
|-heal|p1a: Kingambit|44/100|[from] item: Leftovers
|-heal|p2a: Corviknight|66/100|[from] item: Leftovers
|-damage|p1a: Kingambit|19/100|[from] Salt Cure
|upkeep
|turn|7
|
|t:|1757846341
|move|p1a: Kingambit|Kowtow Cleave|p2a: Corviknight
|-damage|p2a: Corviknight|24/100
|move|p2a: Corviknight|Roost|p2a: Corviknight
|-heal|p2a: Corviknight|74/100
|-singleturn|p2a: Corviknight|move: Roost
|
|-heal|p1a: Kingambit|25/100|[from] item: Leftovers
|-heal|p2a: Corviknight|80/100|[from] item: Leftovers
|-damage|p1a: Kingambit|0 fnt|[from] Salt Cure
|faint|p1a: Kingambit
|-end|p1a: Kingambit|fallenundefined|[silent]
|upkeep
|
|t:|1757846350
|switch|p1a: Thundurus|Thundurus-Therian, M|100/100
|turn|8
|
|t:|1757846359
|-terastallize|p2a: Corviknight|Dark
|move|p1a: Thundurus|Volt Switch|p2a: Corviknight
|-damage|p2a: Corviknight|66/100
|
|t:|1757846366
|switch|p1a: Glimmora|Glimmora, M|100/100|[from] Volt Switch
|move|p2a: Corviknight|Power Trip|p1a: Glimmora
|-damage|p1a: Glimmora|67/100
|-activate|p1a: Glimmora|ability: Toxic Debris
|-sidestart|p2: zane0911|move: Toxic Spikes
|-enditem|p1a: Glimmora|Red Card|[of] p2a: Corviknight
|drag|p2a: Raging Bolt|Raging Bolt|100/100
|-status|p2a: Raging Bolt|psn
|
|-damage|p2a: Raging Bolt|88/100 psn|[from] psn
|-sideend|p2: zane0911|move: Aurora Veil
|upkeep
|turn|9
|
|t:|1757846374
|move|p1a: Glimmora|Stealth Rock|p2a: Raging Bolt
|-sidestart|p2: zane0911|move: Stealth Rock
|move|p2a: Raging Bolt|Thunderbolt|p1a: Glimmora
|-damage|p1a: Glimmora|2/100
|
|-heal|p2a: Raging Bolt|94/100 psn|[from] item: Leftovers
|-damage|p2a: Raging Bolt|82/100 psn|[from] psn
|upkeep
|turn|10
|
|t:|1757846381
|move|p1a: Glimmora|Earth Power|p2a: Raging Bolt
|-supereffective|p2a: Raging Bolt
|-damage|p2a: Raging Bolt|19/100 psn
|move|p2a: Raging Bolt|Dragon Pulse|p1a: Glimmora
|-damage|p1a: Glimmora|0 fnt
|faint|p1a: Glimmora
|
|-heal|p2a: Raging Bolt|25/100 psn|[from] item: Leftovers
|-damage|p2a: Raging Bolt|13/100 psn|[from] psn
|upkeep
|
|t:|1757846386
|switch|p1a: Landorus|Landorus-Therian, M|100/100
|-ability|p1a: Landorus|Intimidate|boost
|-unboost|p2a: Raging Bolt|atk|1
|turn|11
|
|t:|1757846391
|move|p1a: Landorus|U-turn|p2a: Raging Bolt
|-damage|p2a: Raging Bolt|0 fnt
|faint|p2a: Raging Bolt
|-end|p2a: Raging Bolt|Protosynthesis|[silent]
|
|t:|1757846405
|switch|p1a: Gholdengo|Gholdengo|100/100|[from] U-turn
|-item|p1a: Gholdengo|Air Balloon
|
|upkeep
|
|t:|1757846411
|switch|p2a: Ninetales|Ninetales-Alola, M|57/100
|-status|p2a: Ninetales|psn
|-damage|p2a: Ninetales|32/100 psn|[from] Stealth Rock
|-weather|Snowscape|[from] ability: Snow Warning|[of] p2a: Ninetales
|turn|12
|
|t:|1757846421
|move|p2a: Ninetales|Aurora Veil|p2a: Ninetales
|-sidestart|p2: zane0911|move: Aurora Veil
|move|p1a: Gholdengo|Make It Rain|p2a: Ninetales
|-supereffective|p2a: Ninetales
|-damage|p2a: Ninetales|0 fnt
|-unboost|p1a: Gholdengo|spa|1
|faint|p2a: Ninetales
|
|-weather|Snowscape|[upkeep]
|upkeep
|
|t:|1757846424
|switch|p2a: Corviknight|Corviknight, F, tera:Dark|66/100
|-status|p2a: Corviknight|psn
|-damage|p2a: Corviknight|54/100 psn|[from] Stealth Rock
|turn|13
|
|t:|1757846436
|-terastallize|p1a: Gholdengo|Fairy
|move|p1a: Gholdengo|Nasty Plot|p1a: Gholdengo
|-boost|p1a: Gholdengo|spa|2
|move|p2a: Corviknight|Bulk Up|p2a: Corviknight
|-boost|p2a: Corviknight|atk|1
|-boost|p2a: Corviknight|def|1
|
|-weather|Snowscape|[upkeep]
|-heal|p2a: Corviknight|60/100 psn|[from] item: Leftovers
|-damage|p2a: Corviknight|48/100 psn|[from] psn
|upkeep
|turn|14
|
|t:|1757846451
|switch|p2a: Latios|Latios, M|100/100
|-damage|p2a: Latios|88/100|[from] Stealth Rock
|move|p1a: Gholdengo|Nasty Plot|p1a: Gholdengo
|-boost|p1a: Gholdengo|spa|2
|
|-weather|Snowscape|[upkeep]
|-heal|p2a: Latios|94/100|[from] item: Leftovers
|upkeep
|turn|15
|
|t:|1757846457
|move|p2a: Latios|Calm Mind|p2a: Latios
|-boost|p2a: Latios|spa|1
|-boost|p2a: Latios|spd|1
|move|p1a: Gholdengo|Make It Rain|p2a: Latios
|-damage|p2a: Latios|54/100
|-unboost|p1a: Gholdengo|spa|1
|
|-weather|Snowscape|[upkeep]
|-heal|p2a: Latios|60/100|[from] item: Leftovers
|upkeep
|turn|16
|
|t:|1757846460
|move|p2a: Latios|Calm Mind|p2a: Latios
|-boost|p2a: Latios|spa|1
|-boost|p2a: Latios|spd|1
|move|p1a: Gholdengo|Shadow Ball|p2a: Latios
|-supereffective|p2a: Latios
|-damage|p2a: Latios|30/100
|-unboost|p2a: Latios|spd|1
|
|-weather|none
|-heal|p2a: Latios|36/100|[from] item: Leftovers
|upkeep
|turn|17
|
|t:|1757846464
|move|p2a: Latios|Stored Power|p1a: Gholdengo
|-damage|p1a: Gholdengo|20/100
|-enditem|p1a: Gholdengo|Air Balloon
|move|p1a: Gholdengo|Shadow Ball|p2a: Latios
|-supereffective|p2a: Latios
|-damage|p2a: Latios|0 fnt
|faint|p2a: Latios
|
|upkeep
|
|t:|1757846471
|switch|p2a: Zamazenta|Zamazenta|100/100
|-status|p2a: Zamazenta|psn
|-damage|p2a: Zamazenta|94/100 psn|[from] Stealth Rock
|-ability|p2a: Zamazenta|Dauntless Shield|boost
|-boost|p2a: Zamazenta|def|1
|turn|18
|
|t:|1757846479
|move|p2a: Zamazenta|Iron Defense|p2a: Zamazenta
|-boost|p2a: Zamazenta|def|2
|move|p1a: Gholdengo|Shadow Ball|p2a: Zamazenta
|-damage|p2a: Zamazenta|68/100 psn
|
|-heal|p2a: Zamazenta|74/100 psn|[from] item: Leftovers
|-damage|p2a: Zamazenta|61/100 psn|[from] psn
|upkeep
|turn|19
|
|t:|1757846487
|move|p2a: Zamazenta|Body Press|p1a: Gholdengo
|-resisted|p1a: Gholdengo
|-damage|p1a: Gholdengo|0 fnt
|faint|p1a: Gholdengo
|
|-heal|p2a: Zamazenta|68/100 psn|[from] item: Leftovers
|-damage|p2a: Zamazenta|55/100 psn|[from] psn
|-sideend|p2: zane0911|move: Aurora Veil
|upkeep
|
|t:|1757846491
|switch|p1a: Thundurus|Thundurus-Therian, M|100/100
|turn|20
|
|t:|1757846494
|move|p2a: Zamazenta|Body Press|p1a: Thundurus
|-resisted|p1a: Thundurus
|-damage|p1a: Thundurus|38/100
|move|p1a: Thundurus|Volt Switch|p2a: Zamazenta
|-damage|p2a: Zamazenta|26/100 psn
|j| Sezonac
|
|t:|1757846501
|switch|p1a: Landorus|Landorus-Therian, M|100/100|[from] Volt Switch
|-ability|p1a: Landorus|Intimidate|boost
|-unboost|p2a: Zamazenta|atk|1
|
|-heal|p2a: Zamazenta|32/100 psn|[from] item: Leftovers
|-damage|p2a: Zamazenta|20/100 psn|[from] psn
|upkeep
|turn|21
|
|t:|1757846507
|move|p1a: Landorus|Earthquake|p2a: Zamazenta
|-damage|p2a: Zamazenta|0 fnt
|faint|p2a: Zamazenta
|
|upkeep
|
|t:|1757846511
|switch|p2a: Garganacl|Garganacl, F|100/100
|-damage|p2a: Garganacl|88/100|[from] Stealth Rock
|turn|22
|
|t:|1757846514
|move|p1a: Landorus|Earthquake|p2a: Garganacl
|-supereffective|p2a: Garganacl
|-damage|p2a: Garganacl|8/100
|move|p2a: Garganacl|Iron Defense|p2a: Garganacl
|-boost|p2a: Garganacl|def|2
|
|-heal|p2a: Garganacl|14/100|[from] item: Leftovers
|upkeep
|turn|23
|j| Nem3sitalkr
|-message|zane0911 forfeited.
|
|win|ABigCamel
|raw|ABigCamel's rating: 1583 &rarr; <strong>1603</strong><br />(+20 for winning)
|raw|zane0911's rating: 1582 &rarr; <strong>1562</strong><br />(-20 for losing)
|l|☆zane0911
|player|p2|
|l| Nem3sitalkr
|l|‽ABigCamel
|player|p1|
|l| Sezonac
