|j|☆silverlol
|j|☆Mr.BLaze_36
|t:|1757824386
|gametype|singles
|player|p1|silverlol|gambler|1269
|player|p2|Mr.BLaze_36|veteran|1237
|gen|9
|tier|[Gen 9] OU
|rated|
|rule|HP Percentage Mod: HP is shown in percentages
|rule|Endless Battle Clause: Forcing endless battles is banned
|rule|Species Clause: Limit one of each Pokémon
|rule|OHKO Clause: OHKO moves are banned
|rule|Evasion Items Clause: Evasion items are banned
|rule|Evasion Moves Clause: Evasion moves are banned
|rule|Evasion Abilities Clause: Evasion abilities are banned
|rule|Sleep Moves Clause: Sleep-inducing moves are banned
|clearpoke
|poke|p1|Scizor, M|
|poke|p1|Greninja-*, M|
|poke|p1|Garchomp, F|
|poke|p1|Metagross|
|poke|p1|Zapdos|
|poke|p1|Excadrill, M|
|poke|p2|Dusclops, F|
|poke|p2|Slowbro, F|
|poke|p2|Conkeldurr, F|
|poke|p2|Scizor, M|
|poke|p2|Magnezone|
|poke|p2|Tyranitar, M|
|teampreview
|inactive|Battle timer is ON: inactive players will automatically lose when time's up. (requested by Mr.BLaze_36)
|
|t:|1757824399
|teamsize|p1|6
|teamsize|p2|6
|start
|switch|p1a: Excadrill|Excadrill, M|100/100
|switch|p2a: Slowbro|Slowbro, F|100/100
|-ability|p1a: Excadrill|Mold Breaker
|turn|1
|
|t:|1757824413
|switch|p1a: Scizor|Scizor, M|100/100
|move|p2a: Slowbro|Trick Room|p2a: Slowbro
|-fieldstart|move: Trick Room|[of] p2a: Slowbro
|
|upkeep
|turn|2
|
|t:|1757824431
|move|p2a: Slowbro|Scald|p1a: Scizor
|-damage|p1a: Scizor|70/100
|move|p1a: Scizor|Bug Bite|p2a: Slowbro
|-supereffective|p2a: Slowbro
|-damage|p2a: Slowbro|45/100
|
|-heal|p2a: Slowbro|51/100|[from] item: Leftovers
|upkeep
|turn|3
|
|t:|1757824442
|switch|p2a: Magnezone|Magnezone|100/100
|switch|p1a: Zapdos|Zapdos, shiny|100/100
|
|upkeep
|turn|4
|
|t:|1757824459
|move|p2a: Magnezone|Tri Attack|p1a: Zapdos
|-damage|p1a: Zapdos|51/100
|move|p1a: Zapdos|Heat Wave|p2a: Magnezone
|-supereffective|p2a: Magnezone
|-damage|p2a: Magnezone|26/100
|
|upkeep
|turn|5
|
|t:|1757824469
|switch|p2a: Tyranitar|Tyranitar, M|100/100
|-weather|Sandstorm|[from] ability: Sand Stream|[of] p2a: Tyranitar
|move|p1a: Zapdos|Heat Wave|p2a: Tyranitar
|-resisted|p2a: Tyranitar
|-damage|p2a: Tyranitar|90/100
|-status|p2a: Tyranitar|brn
|
|-weather|Sandstorm|[upkeep]
|-damage|p1a: Zapdos|44/100|[from] Sandstorm
|-damage|p2a: Tyranitar|84/100 brn|[from] brn
|-fieldend|move: Trick Room
|upkeep
|turn|6
|
|t:|1757824484
|move|p1a: Zapdos|Thunderbolt|p2a: Tyranitar
|-damage|p2a: Tyranitar|56/100 brn
|move|p2a: Tyranitar|Stealth Rock|p1a: Zapdos
|-sidestart|p1: silverlol|move: Stealth Rock
|
|-weather|Sandstorm|[upkeep]
|-damage|p1a: Zapdos|38/100|[from] Sandstorm
|-damage|p2a: Tyranitar|50/100 brn|[from] brn
|upkeep
|turn|7
|
|t:|1757824499
|switch|p2a: Dusclops|Dusclops, F|100/100
|-ability|p2a: Dusclops|Pressure
|move|p1a: Zapdos|Thunderbolt|p2a: Dusclops
|-damage|p2a: Dusclops|70/100
|
|-weather|Sandstorm|[upkeep]
|-damage|p1a: Zapdos|32/100|[from] Sandstorm
|-damage|p2a: Dusclops|64/100|[from] Sandstorm
|upkeep
|turn|8
|
|t:|1757824511
|move|p1a: Zapdos|Hurricane|p2a: Dusclops
|-damage|p2a: Dusclops|28/100
|-start|p2a: Dusclops|confusion
|-activate|p2a: Dusclops|confusion
|-damage|p2a: Dusclops|22/100|[from] confusion
|
|-weather|Sandstorm|[upkeep]
|-damage|p1a: Zapdos|26/100|[from] Sandstorm
|-damage|p2a: Dusclops|16/100|[from] Sandstorm
|upkeep
|turn|9
|
|t:|1757824521
|move|p1a: Zapdos|Thunderbolt|p2a: Dusclops
|-damage|p2a: Dusclops|0 fnt
|faint|p2a: Dusclops
|
|-weather|none
|upkeep
|
|t:|1757824531
|switch|p2a: Scizor|Scizor, M|100/100
|turn|10
|
|t:|1757824542
|move|p2a: Scizor|Bullet Punch|p1a: Zapdos
|-resisted|p1a: Zapdos
|-damage|p1a: Zapdos|4/100
|-status|p2a: Scizor|par|[from] ability: Static|[of] p1a: Zapdos
|move|p1a: Zapdos|Heat Wave|p2a: Scizor
|-supereffective|p2a: Scizor
|-damage|p2a: Scizor|0 fnt
|faint|p2a: Scizor
|
|upkeep
|-message|Mr.BLaze_36 forfeited.
|
|win|silverlol
|raw|silverlol's rating: 1269 &rarr; <strong>1292</strong><br />(+23 for winning)
|raw|Mr.BLaze_36's rating: 1237 &rarr; <strong>1214</strong><br />(-23 for losing)
|l|☆Mr.BLaze_36
|player|p2|
|l|☆silverlol
|player|p1|
