|j|☆Obito 2001
|j|☆Passerby bye
|t:|1757929592
|gametype|singles
|player|p1|Obito 2001|blue-gen3two|1471
|player|p2|Passerby bye|cyclist|1378
|gen|9
|tier|[Gen 9] OU
|rated|
|rule|HP Percentage Mod: HP is shown in percentages
|rule|Endless Battle Clause: Forcing endless battles is banned
|rule|Species Clause: Limit one of each Pokémon
|rule|OHKO Clause: OHKO moves are banned
|rule|Evasion Items Clause: Evasion items are banned
|rule|Evasion Moves Clause: Evasion moves are banned
|rule|Evasion Abilities Clause: Evasion abilities are banned
|rule|Sleep Moves Clause: Sleep-inducing moves are banned
|clearpoke
|poke|p1|Masquerain, M|
|poke|p1|Gliscor, F|
|poke|p1|Great Tusk|
|poke|p1|Alomomola, F|
|poke|p1|Gholdengo|
|poke|p1|Sinistcha-Masterpiece|
|poke|p2|Magnezone|
|poke|p2|Vileplume, M|
|poke|p2|Gyarados, M|
|poke|p2|Houndoom, F|
|poke|p2|Mamoswine, M|
|poke|p2|Azumarill, M|
|teampreview
|inactive|Battle timer is ON: inactive players will automatically lose when time's up. (requested by Obito 2001)
|
|t:|1757929599
|teamsize|p1|6
|teamsize|p2|6
|start
|switch|p1a: Real G|Masquerain, M|100/100
|switch|p2a: Legend Pkmn sucks|Magnezone|100/100
|-ability|p1a: Real G|Intimidate|boost
|-unboost|p2a: Legend Pkmn sucks|atk|1
|turn|1
|
|t:|1757929619
|move|p1a: Real G|Sticky Web|p2a: Legend Pkmn sucks
|-sidestart|p2: Passerby bye|move: Sticky Web
|move|p2a: Legend Pkmn sucks|Thunderbolt|p1a: Real G
|-supereffective|p1a: Real G
|-enditem|p1a: Real G|Focus Sash
|-damage|p1a: Real G|1/100
|
|upkeep
|turn|2
|
|t:|1757929623
|move|p1a: Real G|Bug Buzz|p2a: Legend Pkmn sucks
|-resisted|p2a: Legend Pkmn sucks
|-damage|p2a: Legend Pkmn sucks|78/100
|move|p2a: Legend Pkmn sucks|Thunderbolt|p1a: Real G
|-supereffective|p1a: Real G
|-damage|p1a: Real G|0 fnt
|faint|p1a: Real G
|
|upkeep
|
|t:|1757929626
|switch|p1a: Ban me I'm uber|Gliscor, F|100/100
|turn|3
|
|t:|1757929637
|switch|p2a: BST＞540 Pkmn sucks|Gyarados, M, shiny|100/100
|-ability|p2a: BST＞540 Pkmn sucks|Intimidate|boost
|-unboost|p1a: Ban me I'm uber|atk|1
|move|p1a: Ban me I'm uber|Earthquake|p2a: BST＞540 Pkmn sucks
|-immune|p2a: BST＞540 Pkmn sucks
|
|-status|p1a: Ban me I'm uber|tox|[from] item: Toxic Orb
|upkeep
|turn|4
|
|t:|1757929642
|move|p1a: Ban me I'm uber|Fling|p2a: BST＞540 Pkmn sucks
|-damage|p2a: BST＞540 Pkmn sucks|95/100
|-status|p2a: BST＞540 Pkmn sucks|tox
|-enditem|p1a: Ban me I'm uber|Toxic Orb|[from] move: Fling
|move|p2a: BST＞540 Pkmn sucks|Dragon Dance|p2a: BST＞540 Pkmn sucks
|-boost|p2a: BST＞540 Pkmn sucks|atk|1
|-boost|p2a: BST＞540 Pkmn sucks|spe|1
|
|-damage|p2a: BST＞540 Pkmn sucks|89/100 tox|[from] psn
|upkeep
|turn|5
|
|t:|1757929647
|switch|p1a: Momo Hirai|Alomomola, F|100/100
|move|p2a: BST＞540 Pkmn sucks|Waterfall|p1a: Momo Hirai
|-resisted|p1a: Momo Hirai
|-damage|p1a: Momo Hirai|82/100
|-enditem|p1a: Momo Hirai|Red Card|[of] p2a: BST＞540 Pkmn sucks
|drag|p2a: Terrain Team sucks|Mamoswine, M|100/100
|-activate|p2a: Terrain Team sucks|move: Sticky Web
|-unboost|p2a: Terrain Team sucks|spe|1
|
|upkeep
|turn|6
|
|t:|1757929652
|switch|p2a: Ordinary Pkmn only|Vileplume, M|100/100
|-activate|p2a: Ordinary Pkmn only|move: Sticky Web
|-unboost|p2a: Ordinary Pkmn only|spe|1
|move|p1a: Momo Hirai|Flip Turn|p2a: Ordinary Pkmn only
|-resisted|p2a: Ordinary Pkmn only
|-crit|p2a: Ordinary Pkmn only
|-damage|p2a: Ordinary Pkmn only|90/100
|-damage|p1a: Momo Hirai|66/100|[from] item: Rocky Helmet|[of] p2a: Ordinary Pkmn only
|
|t:|1757929661
|switch|p1a: Hi stallers|Gholdengo|100/100|[from] Flip Turn
|
|upkeep
|turn|7
|
|t:|1757929679
|switch|p2a: Weather Team sucks|Houndoom, F|100/100
|move|p1a: Hi stallers|Shadow Ball|p2a: Weather Team sucks
|-resisted|p2a: Weather Team sucks
|-damage|p2a: Weather Team sucks|52/100
|
|upkeep
|turn|8
|
|t:|1757929686
|switch|p1a: Momo Hirai|Alomomola, F|99/100
|move|p2a: Weather Team sucks|Fire Blast|p1a: Momo Hirai|[miss]
|-miss|p2a: Weather Team sucks|p1a: Momo Hirai
|
|upkeep
|turn|9
|
|t:|1757929693
|move|p2a: Weather Team sucks|Destiny Bond|p2a: Weather Team sucks
|-singlemove|p2a: Weather Team sucks|Destiny Bond
|move|p1a: Momo Hirai|Flip Turn|p2a: Weather Team sucks
|-supereffective|p2a: Weather Team sucks
|-damage|p2a: Weather Team sucks|0 fnt
|faint|p2a: Weather Team sucks
|-activate|p2a: Weather Team sucks|move: Destiny Bond
|faint|p1a: Momo Hirai
|
|upkeep
|
|t:|1757929703
|switch|p2a: BST＞540 Pkmn sucks|Gyarados, M, shiny|89/100 tox
|switch|p1a: Hi stallers|Gholdengo|100/100
|-ability|p2a: BST＞540 Pkmn sucks|Intimidate|boost
|-unboost|p1a: Hi stallers|atk|1
|turn|10
|
|t:|1757929711
|move|p1a: Hi stallers|Shadow Ball|p2a: BST＞540 Pkmn sucks
|-damage|p2a: BST＞540 Pkmn sucks|20/100 tox
|move|p2a: BST＞540 Pkmn sucks|Waterfall|p1a: Hi stallers
|-damage|p1a: Hi stallers|49/100
|
|-damage|p2a: BST＞540 Pkmn sucks|14/100 tox|[from] psn
|upkeep
|turn|11
|
|t:|1757929718
|move|p1a: Hi stallers|Shadow Ball|p2a: BST＞540 Pkmn sucks
|-damage|p2a: BST＞540 Pkmn sucks|0 fnt
|faint|p2a: BST＞540 Pkmn sucks
|
|upkeep
|
|t:|1757929730
|switch|p2a: Legend Pkmn sucks|Magnezone|78/100
|-activate|p2a: Legend Pkmn sucks|move: Sticky Web
|-unboost|p2a: Legend Pkmn sucks|spe|1
|turn|12
|
|t:|1757929737
|move|p1a: Hi stallers|Shadow Ball|p2a: Legend Pkmn sucks
|-damage|p2a: Legend Pkmn sucks|3/100
|move|p2a: Legend Pkmn sucks|Flash Cannon|p1a: Hi stallers
|-resisted|p1a: Hi stallers
|-damage|p1a: Hi stallers|0 fnt
|faint|p1a: Hi stallers
|
|upkeep
|
|t:|1757929742
|switch|p1a: Ban me I'm uber|Gliscor, F|100/100 tox
|turn|13
|inactive|Passerby bye has 120 seconds left.
|
|t:|1757929778
|move|p1a: Ban me I'm uber|Earthquake|p2a: Legend Pkmn sucks
|-supereffective|p2a: Legend Pkmn sucks
|-damage|p2a: Legend Pkmn sucks|0 fnt
|faint|p2a: Legend Pkmn sucks
|
|upkeep
|
|t:|1757929786
|switch|p2a: Terrain Team sucks|Mamoswine, M|100/100
|-activate|p2a: Terrain Team sucks|move: Sticky Web
|-unboost|p2a: Terrain Team sucks|spe|1
|turn|14
|
|t:|1757929795
|-terastallize|p1a: Ban me I'm uber|Ghost
|move|p1a: Ban me I'm uber|Swords Dance|p1a: Ban me I'm uber
|-boost|p1a: Ban me I'm uber|atk|2
|move|p2a: Terrain Team sucks|Avalanche|p1a: Ban me I'm uber
|-damage|p1a: Ban me I'm uber|66/100 tox
|
|-heal|p1a: Ban me I'm uber|79/100 tox|[from] ability: Poison Heal
|upkeep
|turn|15
|inactive|Passerby bye has 120 seconds left.
|
|t:|1757929826
|move|p1a: Ban me I'm uber|Acrobatics|p2a: Terrain Team sucks
|-damage|p2a: Terrain Team sucks|15/100
|move|p2a: Terrain Team sucks|High Horsepower|p1a: Ban me I'm uber
|-damage|p1a: Ban me I'm uber|23/100 tox
|
|-heal|p1a: Ban me I'm uber|35/100 tox|[from] ability: Poison Heal
|upkeep
|turn|16
|
|t:|1757929834
|move|p2a: Terrain Team sucks|Ice Shard|p1a: Ban me I'm uber
|-damage|p1a: Ban me I'm uber|14/100 tox
|move|p1a: Ban me I'm uber|Acrobatics|p2a: Terrain Team sucks
|-damage|p2a: Terrain Team sucks|0 fnt
|faint|p2a: Terrain Team sucks
|
|-heal|p1a: Ban me I'm uber|26/100 tox|[from] ability: Poison Heal
|upkeep
|
|t:|1757929845
|switch|p2a: Sample Team sucks|Azumarill, M|100/100
|-activate|p2a: Sample Team sucks|move: Sticky Web
|-unboost|p2a: Sample Team sucks|spe|1
|turn|17
|
|t:|1757929850
|move|p2a: Sample Team sucks|Aqua Jet|p1a: Ban me I'm uber
|-damage|p1a: Ban me I'm uber|1/100 tox
|move|p1a: Ban me I'm uber|Acrobatics|p2a: Sample Team sucks
|-damage|p2a: Sample Team sucks|10/100
|
|-heal|p1a: Ban me I'm uber|14/100 tox|[from] ability: Poison Heal
|upkeep
|turn|18
|
|t:|1757929857
|switch|p1a: Masterpiece|Sinistcha-Masterpiece|100/100
|move|p2a: Sample Team sucks|Aqua Jet|p1a: Masterpiece
|-resisted|p1a: Masterpiece
|-crit|p1a: Masterpiece
|-damage|p1a: Masterpiece|86/100
|
|upkeep
|turn|19
|
|t:|1757929860
|move|p1a: Masterpiece|Shadow Ball|p2a: Sample Team sucks
|-damage|p2a: Sample Team sucks|0 fnt
|faint|p2a: Sample Team sucks
|
|upkeep
|
|t:|1757929863
|switch|p2a: Ordinary Pkmn only|Vileplume, M|90/100
|-activate|p2a: Ordinary Pkmn only|move: Sticky Web
|-unboost|p2a: Ordinary Pkmn only|spe|1
|turn|20
|
|t:|1757929867
|move|p1a: Masterpiece|Calm Mind|p1a: Masterpiece
|-boost|p1a: Masterpiece|spa|1
|-boost|p1a: Masterpiece|spd|1
|move|p2a: Ordinary Pkmn only|Sludge Wave|p1a: Masterpiece
|-damage|p1a: Masterpiece|56/100
|
|upkeep
|turn|21
|
|t:|1757929871
|move|p1a: Masterpiece|Shadow Ball|p2a: Ordinary Pkmn only
|-damage|p2a: Ordinary Pkmn only|35/100
|move|p2a: Ordinary Pkmn only|Sludge Wave|p1a: Masterpiece
|-damage|p1a: Masterpiece|26/100
|
|upkeep
|turn|22
|
|t:|1757929875
|move|p1a: Masterpiece|Shadow Ball|p2a: Ordinary Pkmn only
|-damage|p2a: Ordinary Pkmn only|0 fnt
|faint|p2a: Ordinary Pkmn only
|
|win|Obito 2001
|raw|Obito 2001's rating: 1471 &rarr; <strong>1486</strong><br />(+15 for winning)
|raw|Passerby bye's rating: 1378 &rarr; <strong>1363</strong><br />(-15 for losing)
|l|☆Obito 2001
|player|p1|
