|j|☆bxjjne c
|j|☆jstewartlambert
|t:|1757935919
|gametype|singles
|player|p1|bxjjne c|101|1258
|player|p2|jstewartlambert|ltsurge|1287
|gen|9
|tier|[Gen 9] OU
|rated|
|rule|HP Percentage Mod: HP is shown in percentages
|rule|Endless Battle Clause: Forcing endless battles is banned
|rule|Species Clause: Limit one of each Pokémon
|rule|OHKO Clause: OHKO moves are banned
|rule|Evasion Items Clause: Evasion items are banned
|rule|Evasion Moves Clause: Evasion moves are banned
|rule|Evasion Abilities Clause: Evasion abilities are banned
|rule|Sleep Moves Clause: Sleep-inducing moves are banned
|clearpoke
|poke|p1|Kyurem|
|poke|p1|Corviknight, F|
|poke|p1|Heatran, M|
|poke|p1|Ninetales-Alola, F|
|poke|p1|Great Tusk|
|poke|p1|Conkeldurr, F|
|poke|p2|Clefable, M|
|poke|p2|Gliscor, M|
|poke|p2|Jirachi|
|poke|p2|Serperior, M|
|poke|p2|Enamorus, F|
|poke|p2|Kyurem|
|teampreview
|inactive|Battle timer is ON: inactive players will automatically lose when time's up. (requested by bxjjne c)
|
|t:|1757935930
|teamsize|p1|6
|teamsize|p2|6
|start
|switch|p1a: Ninetales|Ninetales-Alola, F|100/100
|switch|p2a: diddy diddler|Jirachi|100/100
|-weather|Snowscape|[from] ability: Snow Warning|[of] p1a: Ninetales
|turn|1
|
|t:|1757935940
|move|p1a: Ninetales|Aurora Veil|p1a: Ninetales
|-sidestart|p1: bxjjne c|move: Aurora Veil
|move|p2a: diddy diddler|Body Slam|p1a: Ninetales
|-damage|p1a: Ninetales|94/100
|-status|p1a: Ninetales|par
|
|-weather|Snowscape|[upkeep]
|upkeep
|turn|2
|
|t:|1757935948
|switch|p1a: Great Tusk|Great Tusk|100/100
|move|p2a: diddy diddler|Body Slam|p1a: Great Tusk
|-damage|p1a: Great Tusk|93/100
|-status|p1a: Great Tusk|par
|
|-weather|Snowscape|[upkeep]
|upkeep
|turn|3
|l|☆bxjjne c
|inactive|bxjjne c disconnected and has a minute to reconnect!
|player|p1|
|j|☆bxjjne c
|inactive|bxjjne c reconnected and has 135 seconds left.
|player|p1|bxjjne c|101|
|
|t:|1757935965
|switch|p2a: my gay uncle tim|Enamorus, F, shiny|100/100
|move|p1a: Great Tusk|Knock Off|p2a: my gay uncle tim
|-resisted|p2a: my gay uncle tim
|-damage|p2a: my gay uncle tim|72/100
|-enditem|p2a: my gay uncle tim|Choice Specs|[from] move: Knock Off|[of] p1a: Great Tusk
|
|-weather|Snowscape|[upkeep]
|upkeep
|turn|4
|
|t:|1757935973
|-end|p1a: Great Tusk|Protosynthesis|[silent]
|switch|p1a: Heatran|Heatran, M|100/100
|move|p2a: my gay uncle tim|Earth Power|p1a: Heatran
|-supereffective|p1a: Heatran
|-damage|p1a: Heatran|66/100
|
|-weather|Snowscape|[upkeep]
|upkeep
|turn|5
|
|t:|1757935981
|move|p2a: my gay uncle tim|Earth Power|p1a: Heatran
|-supereffective|p1a: Heatran
|-damage|p1a: Heatran|33/100
|move|p1a: Heatran|Flash Cannon|p2a: my gay uncle tim
|-supereffective|p2a: my gay uncle tim
|-damage|p2a: my gay uncle tim|0 fnt
|faint|p2a: my gay uncle tim
|
|-weather|none
|upkeep
|
|t:|1757935997
|switch|p2a: aunt lysan|Gliscor, M|100/100
|turn|6
|
|t:|1757936001
|move|p2a: aunt lysan|Protect|p2a: aunt lysan
|-singleturn|p2a: aunt lysan|Protect
|move|p1a: Heatran|Lava Plume|p2a: aunt lysan
|-activate|p2a: aunt lysan|move: Protect
|
|-status|p2a: aunt lysan|tox|[from] item: Toxic Orb
|upkeep
|turn|7
|
|t:|1757936009
|switch|p1a: Great Tusk|Great Tusk|93/100 par
|move|p2a: aunt lysan|Substitute|p2a: aunt lysan
|-start|p2a: aunt lysan|Substitute
|-damage|p2a: aunt lysan|76/100 tox
|
|-heal|p2a: aunt lysan|88/100 tox|[from] ability: Poison Heal
|upkeep
|turn|8
|
|t:|1757936014
|move|p2a: aunt lysan|Protect|p2a: aunt lysan
|-singleturn|p2a: aunt lysan|Protect
|move|p1a: Great Tusk|Ice Spinner|p2a: aunt lysan
|-activate|p2a: aunt lysan|move: Protect
|
|-heal|p2a: aunt lysan|100/100 tox|[from] ability: Poison Heal
|-sideend|p1: bxjjne c|move: Aurora Veil
|upkeep
|turn|9
|
|t:|1757936020
|move|p2a: aunt lysan|Earthquake|p1a: Great Tusk
|-damage|p1a: Great Tusk|70/100 par
|move|p1a: Great Tusk|Ice Spinner|p2a: aunt lysan
|-supereffective|p2a: aunt lysan
|-end|p2a: aunt lysan|Substitute
|
|upkeep
|turn|10
|
|t:|1757936028
|switch|p2a: idk whats goin on|Clefable, M|100/100
|move|p1a: Great Tusk|Ice Spinner|p2a: idk whats goin on
|-damage|p2a: idk whats goin on|77/100
|
|-heal|p2a: idk whats goin on|83/100|[from] item: Leftovers
|upkeep
|turn|11
|
|t:|1757936031
|move|p2a: idk whats goin on|Calm Mind|p2a: idk whats goin on
|-boost|p2a: idk whats goin on|spa|1
|-boost|p2a: idk whats goin on|spd|1
|move|p1a: Great Tusk|Knock Off|p2a: idk whats goin on
|-resisted|p2a: idk whats goin on
|-damage|p2a: idk whats goin on|71/100
|-enditem|p2a: idk whats goin on|Leftovers|[from] move: Knock Off|[of] p1a: Great Tusk
|
|upkeep
|turn|12
|
|t:|1757936040
|-end|p1a: Great Tusk|Protosynthesis|[silent]
|switch|p1a: Heatran|Heatran, M|33/100
|move|p2a: idk whats goin on|Calm Mind|p2a: idk whats goin on
|-boost|p2a: idk whats goin on|spa|1
|-boost|p2a: idk whats goin on|spd|1
|
|upkeep
|turn|13
|
|t:|1757936044
|move|p1a: Heatran|Flash Cannon|p2a: idk whats goin on
|-supereffective|p2a: idk whats goin on
|-damage|p2a: idk whats goin on|30/100
|move|p2a: idk whats goin on|Moonblast|p1a: Heatran
|-resisted|p1a: Heatran
|-damage|p1a: Heatran|24/100
|-unboost|p1a: Heatran|spa|1
|
|upkeep
|turn|14
|
|t:|1757936050
|move|p1a: Heatran|Flash Cannon|p2a: idk whats goin on
|-supereffective|p2a: idk whats goin on
|-damage|p2a: idk whats goin on|2/100
|move|p2a: idk whats goin on|Moonlight|p2a: idk whats goin on
|-heal|p2a: idk whats goin on|52/100
|
|upkeep
|turn|15
|
|t:|1757936056
|move|p1a: Heatran|Flash Cannon|p2a: idk whats goin on
|-supereffective|p2a: idk whats goin on
|-damage|p2a: idk whats goin on|22/100
|-unboost|p2a: idk whats goin on|spd|1
|move|p2a: idk whats goin on|Moonblast|p1a: Heatran
|-resisted|p1a: Heatran
|-damage|p1a: Heatran|16/100
|
|upkeep
|turn|16
|
|t:|1757936062
|move|p1a: Heatran|Flash Cannon|p2a: idk whats goin on
|-supereffective|p2a: idk whats goin on
|-damage|p2a: idk whats goin on|0 fnt
|faint|p2a: idk whats goin on
|
|upkeep
|
|t:|1757936066
|switch|p2a: limp schlong|Serperior, M|100/100
|turn|17
|
|t:|1757936070
|-terastallize|p2a: limp schlong|Ground
|move|p2a: limp schlong|Glare|p1a: Heatran
|-status|p1a: Heatran|par
|cant|p1a: Heatran|par
|
|upkeep
|turn|18
|
|t:|1757936076
|move|p2a: limp schlong|Substitute|p2a: limp schlong
|-start|p2a: limp schlong|Substitute
|-damage|p2a: limp schlong|76/100
|move|p1a: Heatran|Lava Plume|p2a: limp schlong
|-end|p2a: limp schlong|Substitute
|
|-heal|p2a: limp schlong|82/100|[from] item: Leftovers
|upkeep
|turn|19
|
|t:|1757936083
|move|p2a: limp schlong|Substitute|p2a: limp schlong
|-start|p2a: limp schlong|Substitute
|-damage|p2a: limp schlong|57/100
|move|p1a: Heatran|Lava Plume|p2a: limp schlong
|-end|p2a: limp schlong|Substitute
|
|-heal|p2a: limp schlong|63/100|[from] item: Leftovers
|upkeep
|turn|20
|
|t:|1757936088
|move|p2a: limp schlong|Substitute|p2a: limp schlong
|-start|p2a: limp schlong|Substitute
|-damage|p2a: limp schlong|39/100
|cant|p1a: Heatran|par
|
|-heal|p2a: limp schlong|45/100|[from] item: Leftovers
|upkeep
|turn|21
|
|t:|1757936092
|move|p2a: limp schlong|Leaf Storm|p1a: Heatran
|-resisted|p1a: Heatran
|-damage|p1a: Heatran|10/100 par
|-boost|p2a: limp schlong|spa|2
|move|p1a: Heatran|Lava Plume|p2a: limp schlong
|-end|p2a: limp schlong|Substitute
|
|-heal|p2a: limp schlong|51/100|[from] item: Leftovers
|upkeep
|turn|22
|
|t:|1757936102
|move|p2a: limp schlong|Substitute|p2a: limp schlong
|-start|p2a: limp schlong|Substitute
|-damage|p2a: limp schlong|26/100
|move|p1a: Heatran|Lava Plume|p2a: limp schlong
|-end|p2a: limp schlong|Substitute
|
|-heal|p2a: limp schlong|32/100|[from] item: Leftovers
|upkeep
|turn|23
|
|t:|1757936107
|move|p2a: limp schlong|Substitute|p2a: limp schlong
|-start|p2a: limp schlong|Substitute
|-damage|p2a: limp schlong|8/100
|move|p1a: Heatran|Lava Plume|p2a: limp schlong
|-end|p2a: limp schlong|Substitute
|
|-heal|p2a: limp schlong|14/100|[from] item: Leftovers
|upkeep
|turn|24
|
|t:|1757936111
|move|p2a: limp schlong|Tera Blast|p1a: Heatran|[anim] Tera Blast Ground
|-supereffective|p1a: Heatran
|-damage|p1a: Heatran|0 fnt
|faint|p1a: Heatran
|
|-heal|p2a: limp schlong|20/100|[from] item: Leftovers
|upkeep
|
|t:|1757936115
|switch|p1a: Ninetales|Ninetales-Alola, F|94/100 par
|-weather|Snowscape|[from] ability: Snow Warning|[of] p1a: Ninetales
|turn|25
|
|t:|1757936120
|move|p2a: limp schlong|Leaf Storm|p1a: Ninetales
|-damage|p1a: Ninetales|0 fnt
|-boost|p2a: limp schlong|spa|2
|faint|p1a: Ninetales
|
|-weather|Snowscape|[upkeep]
|-heal|p2a: limp schlong|26/100|[from] item: Leftovers
|upkeep
|
|t:|1757936123
|switch|p1a: Kyurem|Kyurem|100/100
|-ability|p1a: Kyurem|Pressure
|turn|26
|
|t:|1757936130
|move|p2a: limp schlong|Glare|p1a: Kyurem
|-status|p1a: Kyurem|par
|move|p1a: Kyurem|Ice Beam|p2a: limp schlong
|-supereffective|p2a: limp schlong
|-damage|p2a: limp schlong|0 fnt
|faint|p2a: limp schlong
|
|-weather|Snowscape|[upkeep]
|upkeep
|
|t:|1757936136
|switch|p2a: diddy diddler|Jirachi|100/100
|turn|27
|
|t:|1757936140
|switch|p1a: Corviknight|Corviknight, F|100/100
|move|p2a: diddy diddler|Iron Head|p1a: Corviknight
|-resisted|p1a: Corviknight
|-damage|p1a: Corviknight|93/100
|-damage|p2a: diddy diddler|84/100|[from] item: Rocky Helmet|[of] p1a: Corviknight
|
|-weather|Snowscape|[upkeep]
|-heal|p2a: diddy diddler|90/100|[from] item: Leftovers
|upkeep
|turn|28
|
|t:|1757936150
|move|p2a: diddy diddler|Protect|p2a: diddy diddler
|-singleturn|p2a: diddy diddler|Protect
|move|p1a: Corviknight|Body Press|p2a: diddy diddler
|-activate|p2a: diddy diddler|move: Protect
|
|-weather|Snowscape|[upkeep]
|-heal|p2a: diddy diddler|96/100|[from] item: Leftovers
|upkeep
|turn|29
|
|t:|1757936156
|move|p2a: diddy diddler|Body Slam|p1a: Corviknight
|-resisted|p1a: Corviknight
|-damage|p1a: Corviknight|87/100
|-status|p1a: Corviknight|par
|-damage|p2a: diddy diddler|80/100|[from] item: Rocky Helmet|[of] p1a: Corviknight
|cant|p1a: Corviknight|par
|
|-weather|none
|-heal|p2a: diddy diddler|86/100|[from] item: Leftovers
|upkeep
|turn|30
|
|t:|1757936164
|move|p2a: diddy diddler|Protect|p2a: diddy diddler
|-singleturn|p2a: diddy diddler|Protect
|cant|p1a: Corviknight|par
|
|-heal|p2a: diddy diddler|92/100|[from] item: Leftovers
|upkeep
|turn|31
|
|t:|1757936169
|switch|p2a: freak BOB|Kyurem|100/100
|-ability|p2a: freak BOB|Pressure
|move|p1a: Corviknight|Body Press|p2a: freak BOB
|-supereffective|p2a: freak BOB
|-damage|p2a: freak BOB|54/100
|
|upkeep
|turn|32
|
|t:|1757936177
|move|p2a: freak BOB|Substitute|p2a: freak BOB
|-start|p2a: freak BOB|Substitute
|-damage|p2a: freak BOB|29/100
|cant|p1a: Corviknight|par
|
|upkeep
|turn|33
|
|t:|1757936182
|move|p2a: freak BOB|Dragon Dance|p2a: freak BOB
|-boost|p2a: freak BOB|atk|1
|-boost|p2a: freak BOB|spe|1
|cant|p1a: Corviknight|par
|
|upkeep
|turn|34
|
|t:|1757936187
|move|p2a: freak BOB|Icicle Spear|p1a: Corviknight
|-damage|p1a: Corviknight|74/100 par
|-damage|p1a: Corviknight|61/100 par
|-damage|p1a: Corviknight|50/100 par
|-damage|p1a: Corviknight|38/100 par
|-hitcount|p1a: Corviknight|4
|move|p1a: Corviknight|Body Press|p2a: freak BOB
|-supereffective|p2a: freak BOB
|-end|p2a: freak BOB|Substitute
|
|upkeep
|turn|35
|
|t:|1757936196
|move|p2a: freak BOB|Dragon Dance|p2a: freak BOB
|-boost|p2a: freak BOB|atk|1
|-boost|p2a: freak BOB|spe|1
|move|p1a: Corviknight|Body Press|p2a: freak BOB
|-supereffective|p2a: freak BOB
|-damage|p2a: freak BOB|0 fnt
|faint|p2a: freak BOB
|
|upkeep
|-message|jstewartlambert forfeited.
|
|win|bxjjne c
|raw|bxjjne c's rating: 1258 &rarr; <strong>1285</strong><br />(+27 for winning)
|raw|jstewartlambert's rating: 1287 &rarr; <strong>1260</strong><br />(-27 for losing)
|l|☆jstewartlambert
|player|p2|
|l|☆bxjjne c
|player|p1|
