|j|☆Pig Perfect
|j|☆GODKUD
|t:|1757817946
|gametype|singles
|player|p1|Pig Perfect|workerice|1544
|player|p2|GODKUD|ghetsis|1592
|gen|9
|tier|[Gen 9] OU
|rated|
|rule|HP Percentage Mod: HP is shown in percentages
|rule|Endless Battle Clause: Forcing endless battles is banned
|rule|Species Clause: Limit one of each Pokémon
|rule|OHKO Clause: OHKO moves are banned
|rule|Evasion Items Clause: Evasion items are banned
|rule|Evasion Moves Clause: Evasion moves are banned
|rule|Evasion Abilities Clause: Evasion abilities are banned
|rule|Sleep Moves Clause: Sleep-inducing moves are banned
|clearpoke
|poke|p1|Alomomola, F|
|poke|p1|Garchomp, M|
|poke|p1|Glimmora, M|
|poke|p1|Hatterene, F|
|poke|p1|Magnezone|
|poke|p1|Rillaboom, M|
|poke|p2|Araquanid, F|
|poke|p2|Great Tusk|
|poke|p2|Slowking-Galar, M|
|poke|p2|Ceruledge, M|
|poke|p2|Corviknight, F|
|poke|p2|Hydreigon, F|
|teampreview
|inactive|Battle timer is ON: inactive players will automatically lose when time's up. (requested by GODKUD)
|inactive|Pig Perfect has 120 seconds left.
|
|t:|1757817987
|teamsize|p1|6
|teamsize|p2|6
|start
|switch|p1a: Magnezone|Magnezone|100/100
|switch|p2a: Slowking|Slowking-Galar, M|100/100
|turn|1
|j| LuLuNaNaRaRa
|inactive|GODKUD has 120 seconds left.
|
|t:|1757818039
|move|p1a: Magnezone|Volt Switch|p2a: Slowking
|-damage|p2a: Slowking|65/100
|
|t:|1757818048
|switch|p1a: Glimmora|Glimmora, M|100/100|[from] Volt Switch
|move|p2a: Slowking|Future Sight|p1a: Glimmora
|-start|p2a: Slowking|move: Future Sight
|
|upkeep
|turn|2
|
|t:|1757818054
|move|p1a: Glimmora|Stealth Rock|p2a: Slowking
|-sidestart|p2: GODKUD|move: Stealth Rock
|move|p2a: Slowking|Thunder Wave|p1a: Glimmora
|-status|p1a: Glimmora|par
|
|upkeep
|turn|3
|
|t:|1757818063
|switch|p1a: Magnezone|Magnezone|100/100
|-prepare|p2a: Slowking|Chilly Reception|[premajor]
|move|p2a: Slowking|Chilly Reception|p2a: Slowking
|-weather|Snowscape
|
|t:|1757818068
|switch|p2a: Great Tusk|Great Tusk|100/100|[from] Chilly Reception
|
|-weather|Snowscape|[upkeep]
|-end|p1a: Magnezone|move: Future Sight
|-resisted|p1a: Magnezone
|-damage|p1a: Magnezone|71/100
|upkeep
|turn|4
|
|t:|1757818091
|switch|p1a: Alomomola|Alomomola, F|100/100
|move|p2a: Great Tusk|Rapid Spin|p1a: Alomomola
|-damage|p1a: Alomomola|90/100
|-boost|p2a: Great Tusk|spe|1
|-sideend|p2: GODKUD|Stealth Rock|[from] move: Rapid Spin|[of] p2a: Great Tusk
|
|-weather|Snowscape|[upkeep]
|upkeep
|turn|5
|
|t:|1757818107
|move|p2a: Great Tusk|Knock Off|p1a: Alomomola
|-damage|p1a: Alomomola|69/100
|-enditem|p1a: Alomomola|Heavy-Duty Boots|[from] move: Knock Off|[of] p2a: Great Tusk
|move|p1a: Alomomola|Flip Turn|p2a: Great Tusk
|-supereffective|p2a: Great Tusk
|-damage|p2a: Great Tusk|76/100
|inactive|Pig Perfect has 120 seconds left.
|
|t:|1757818119
|switch|p1a: Garchomp|Garchomp, M|100/100|[from] Flip Turn
|
|-weather|Snowscape|[upkeep]
|upkeep
|turn|6
|
|t:|1757818132
|move|p2a: Great Tusk|Stealth Rock|p1a: Garchomp
|-sidestart|p1: Pig Perfect|move: Stealth Rock
|move|p1a: Garchomp|Scorching Sands|p2a: Great Tusk
|-damage|p2a: Great Tusk|47/100
|
|-weather|Snowscape|[upkeep]
|upkeep
|turn|7
|
|t:|1757818138
|-end|p2a: Great Tusk|Protosynthesis|[silent]
|switch|p2a: Araquanid|Araquanid, F|100/100
|move|p1a: Garchomp|Spikes|p2a: Araquanid
|-sidestart|p2: GODKUD|Spikes
|
|-weather|none
|upkeep
|turn|8
|
|t:|1757818151
|switch|p1a: Hatterene|Hatterene, F|100/100
|-damage|p1a: Hatterene|88/100|[from] Stealth Rock
|move|p2a: Araquanid|Surf|p1a: Hatterene
|-damage|p1a: Hatterene|54/100
|
|upkeep
|turn|9
|
|t:|1757818163
|move|p2a: Araquanid|Surf|p1a: Hatterene
|-damage|p1a: Hatterene|23/100
|move|p1a: Hatterene|Psyshock|p2a: Araquanid
|-damage|p2a: Araquanid|57/100
|
|upkeep
|turn|10
|
|t:|1757818168
|move|p2a: Araquanid|Surf|p1a: Hatterene
|-damage|p1a: Hatterene|0 fnt
|faint|p1a: Hatterene
|
|upkeep
|
|t:|1757818170
|switch|p1a: Glimmora|Glimmora, M|100/100 par
|-damage|p1a: Glimmora|88/100 par|[from] Stealth Rock
|turn|11
|
|t:|1757818176
|move|p1a: Glimmora|Power Gem|p2a: Araquanid
|-supereffective|p2a: Araquanid
|-damage|p2a: Araquanid|0 fnt
|faint|p2a: Araquanid
|
|upkeep
|
|t:|1757818179
|switch|p2a: Great Tusk|Great Tusk|47/100
|turn|12
|
|t:|1757818183
|switch|p1a: Garchomp|Garchomp, M|100/100
|-damage|p1a: Garchomp|94/100|[from] Stealth Rock
|move|p2a: Great Tusk|Headlong Rush|p1a: Garchomp
|-damage|p1a: Garchomp|47/100
|-unboost|p2a: Great Tusk|def|1
|-unboost|p2a: Great Tusk|spd|1
|-damage|p2a: Great Tusk|34/100|[from] ability: Rough Skin|[of] p1a: Garchomp
|-damage|p2a: Great Tusk|18/100|[from] item: Rocky Helmet|[of] p1a: Garchomp
|
|upkeep
|turn|13
|
|t:|1757818189
|move|p1a: Garchomp|Earthquake|p2a: Great Tusk
|-damage|p2a: Great Tusk|0 fnt
|faint|p2a: Great Tusk
|-end|p2a: Great Tusk|Protosynthesis|[silent]
|
|upkeep
|
|t:|1757818193
|switch|p2a: Corviknight|Corviknight, F|100/100
|-ability|p2a: Corviknight|Pressure
|turn|14
|
|t:|1757818200
|switch|p1a: Alomomola|Alomomola, F|100/100
|-damage|p1a: Alomomola|88/100|[from] Stealth Rock
|move|p2a: Corviknight|Brave Bird|p1a: Alomomola
|-damage|p1a: Alomomola|65/100
|-damage|p2a: Corviknight|91/100|[from] Recoil
|
|upkeep
|turn|15
|
|t:|1757818205
|move|p2a: Corviknight|U-turn|p1a: Alomomola
|-damage|p1a: Alomomola|56/100
|
|t:|1757818208
|switch|p2a: Slowking|Slowking-Galar, M|99/100|[from] U-turn
|move|p1a: Alomomola|Flip Turn|p2a: Slowking
|-damage|p2a: Slowking|82/100
|
|t:|1757818217
|switch|p1a: Garchomp|Garchomp, M|47/100|[from] Flip Turn
|-damage|p1a: Garchomp|41/100|[from] Stealth Rock
|
|upkeep
|turn|16
|inactive|Pig Perfect has 120 seconds left.
|
|t:|1757818248
|move|p1a: Garchomp|Earthquake|p2a: Slowking
|-supereffective|p2a: Slowking
|-damage|p2a: Slowking|0 fnt
|faint|p2a: Slowking
|
|upkeep
|
|t:|1757818260
|switch|p2a: Hydreigon|Hydreigon, F|100/100
|turn|17
|inactive|Pig Perfect has 120 seconds left.
|
|t:|1757818287
|switch|p1a: Alomomola|Alomomola, F|90/100
|-damage|p1a: Alomomola|77/100|[from] Stealth Rock
|move|p2a: Hydreigon|Substitute|p2a: Hydreigon
|-start|p2a: Hydreigon|Substitute
|-damage|p2a: Hydreigon|76/100
|
|-heal|p2a: Hydreigon|82/100|[from] item: Leftovers
|upkeep
|turn|18
|inactive|Pig Perfect has 90 seconds left.
|
|t:|1757818332
|move|p2a: Hydreigon|Nasty Plot|p2a: Hydreigon
|-boost|p2a: Hydreigon|spa|2
|move|p1a: Alomomola|Flip Turn|p2a: Hydreigon
|-resisted|p2a: Hydreigon
|-activate|p2a: Hydreigon|move: Substitute|[damage]
|-message|Pig Perfect forfeited.
|
|win|GODKUD
|raw|Pig Perfect's rating: 1544 &rarr; <strong>1527</strong><br />(-17 for losing)
|raw|GODKUD's rating: 1592 &rarr; <strong>1609</strong><br />(+17 for winning)
|l|☆Pig Perfect
|player|p1|
|l|☆GODKUD
|player|p2|
