|j|☆Straitblanchin
|j|☆Passerby bye
|t:|1757845588
|gametype|singles
|player|p1|Straitblanchin|n|1423
|player|p2|Passerby bye|cyclist|1497
|gen|9
|tier|[Gen 9] OU
|rated|
|rule|HP Percentage Mod: HP is shown in percentages
|rule|Endless Battle Clause: Forcing endless battles is banned
|rule|Species Clause: Limit one of each Pokémon
|rule|OHKO Clause: OHKO moves are banned
|rule|Evasion Items Clause: Evasion items are banned
|rule|Evasion Moves Clause: Evasion moves are banned
|rule|Evasion Abilities Clause: Evasion abilities are banned
|rule|Sleep Moves Clause: Sleep-inducing moves are banned
|clearpoke
|poke|p1|Ninetales, M|
|poke|p1|Walking Wake|
|poke|p1|Venusaur, F|
|poke|p1|Lilligant-Hisui, F|
|poke|p1|Great Tusk|
|poke|p1|Hatterene, F|
|poke|p2|Magnezone|
|poke|p2|Vileplume, F|
|poke|p2|Gyarados, F|
|poke|p2|Houndoom, M|
|poke|p2|Mamoswine, F|
|poke|p2|Azumarill, M|
|teampreview
|
|t:|1757845627
|teamsize|p1|6
|teamsize|p2|6
|start
|switch|p1a: Ninetales|Ninetales, M, shiny|100/100
|switch|p2a: Weather Team sucks|Houndoom, M|100/100
|-weather|SunnyDay|[from] ability: Drought|[of] p1a: Ninetales
|turn|1
|c|☆Straitblanchin|that's mean
|
|t:|1757845642
|switch|p1a: Walking Wake|Walking Wake|100/100
|-activate|p1a: Walking Wake|ability: Protosynthesis
|-start|p1a: Walking Wake|protosynthesisspe
|move|p2a: Weather Team sucks|Fire Blast|p1a: Walking Wake
|-resisted|p1a: Walking Wake
|-damage|p1a: Walking Wake|78/100
|
|-weather|SunnyDay|[upkeep]
|upkeep
|turn|2
|
|t:|1757845652
|switch|p2a: Sample Team sucks|Azumarill, M|100/100
|move|p1a: Walking Wake|Flip Turn|p2a: Sample Team sucks
|-resisted|p2a: Sample Team sucks
|-crit|p2a: Sample Team sucks
|-damage|p2a: Sample Team sucks|95/100
|
|t:|1757845689
|-end|p1a: Walking Wake|Protosynthesis|[silent]
|switch|p1a: Lilligant|Lilligant-Hisui, F|100/100|[from] Flip Turn
|
|-weather|SunnyDay|[upkeep]
|upkeep
|turn|3
|
|t:|1757845711
|switch|p2a: Ordinary Pkmn only|Vileplume, F|100/100
|move|p1a: Lilligant|Solar Blade||[still]
|-prepare|p1a: Lilligant|Solar Blade
|-anim|p1a: Lilligant|Solar Blade|p2a: Ordinary Pkmn only
|-resisted|p2a: Ordinary Pkmn only
|-damage|p2a: Ordinary Pkmn only|86/100
|-damage|p1a: Lilligant|84/100|[from] item: Rocky Helmet|[of] p2a: Ordinary Pkmn only
|-damage|p1a: Lilligant|74/100|[from] item: Life Orb
|
|-weather|SunnyDay|[upkeep]
|upkeep
|turn|4
|
|t:|1757845732
|switch|p1a: Great Tusk|Great Tusk|100/100
|-activate|p1a: Great Tusk|ability: Protosynthesis
|-start|p1a: Great Tusk|protosynthesisspe
|move|p2a: Ordinary Pkmn only|Strength Sap|p1a: Great Tusk
|-unboost|p1a: Great Tusk|atk|1
|-heal|p2a: Ordinary Pkmn only|100/100
|
|-weather|SunnyDay|[upkeep]
|upkeep
|turn|5
|
|t:|1757845737
|move|p1a: Great Tusk|Stealth Rock|p2a: Ordinary Pkmn only
|-sidestart|p2: Passerby bye|move: Stealth Rock
|move|p2a: Ordinary Pkmn only|Giga Drain|p1a: Great Tusk
|-supereffective|p1a: Great Tusk
|-damage|p1a: Great Tusk|31/100
|
|-weather|SunnyDay|[upkeep]
|upkeep
|turn|6
|
|t:|1757845741
|-end|p1a: Great Tusk|Protosynthesis|[silent]
|switch|p1a: Hatterene|Hatterene, F|100/100
|move|p2a: Ordinary Pkmn only|Giga Drain|p1a: Hatterene
|-damage|p1a: Hatterene|84/100
|
|-weather|SunnyDay|[upkeep]
|upkeep
|turn|7
|
|t:|1757845747
|switch|p2a: Legend Pkmn sucks|Magnezone|100/100
|-damage|p2a: Legend Pkmn sucks|94/100|[from] Stealth Rock
|move|p1a: Hatterene|Nuzzle|p2a: Legend Pkmn sucks
|-resisted|p2a: Legend Pkmn sucks
|-damage|p2a: Legend Pkmn sucks|93/100
|
|-weather|SunnyDay|[upkeep]
|upkeep
|turn|8
|
|t:|1757845754
|move|p2a: Legend Pkmn sucks|Flash Cannon|p1a: Hatterene
|-supereffective|p1a: Hatterene
|-damage|p1a: Hatterene|4/100
|move|p1a: Hatterene|Mystical Fire|p2a: Legend Pkmn sucks
|-supereffective|p2a: Legend Pkmn sucks
|-damage|p2a: Legend Pkmn sucks|6/100
|-unboost|p2a: Legend Pkmn sucks|spa|1
|
|-weather|none
|upkeep
|turn|9
|c|☆Straitblanchin|take it back
|
|t:|1757845765
|switch|p1a: Ninetales|Ninetales, M, shiny|100/100
|-weather|SunnyDay|[from] ability: Drought|[of] p1a: Ninetales
|move|p2a: Legend Pkmn sucks|Flash Cannon|p1a: Ninetales
|-resisted|p1a: Ninetales
|-damage|p1a: Ninetales|70/100
|
|-weather|SunnyDay|[upkeep]
|upkeep
|turn|10
|
|t:|1757845772
|move|p1a: Ninetales|Weather Ball|p2a: Legend Pkmn sucks
|-supereffective|p2a: Legend Pkmn sucks
|-damage|p2a: Legend Pkmn sucks|0 fnt
|faint|p2a: Legend Pkmn sucks
|
|-weather|SunnyDay|[upkeep]
|upkeep
|
|t:|1757845775
|switch|p2a: Weather Team sucks|Houndoom, M|100/100
|turn|11
|c|☆Straitblanchin|TAKE IT BACK
|
|t:|1757845784
|switch|p1a: Hatterene|Hatterene, F|4/100
|move|p2a: Weather Team sucks|Dark Pulse|p1a: Hatterene
|-damage|p1a: Hatterene|0 fnt
|faint|p1a: Hatterene
|
|-weather|SunnyDay|[upkeep]
|upkeep
|
|t:|1757845795
|switch|p1a: Great Tusk|Great Tusk|31/100
|-activate|p1a: Great Tusk|ability: Protosynthesis
|-start|p1a: Great Tusk|protosynthesisspe
|turn|12
|
|t:|1757845814
|switch|p2a: BST＞540 Pkmn sucks|Gyarados, F, shiny|100/100
|-ability|p2a: BST＞540 Pkmn sucks|Intimidate|boost
|-unboost|p1a: Great Tusk|atk|1
|move|p1a: Great Tusk|Headlong Rush|p2a: BST＞540 Pkmn sucks
|-immune|p2a: BST＞540 Pkmn sucks
|
|-weather|SunnyDay|[upkeep]
|upkeep
|turn|13
|
|t:|1757845825
|-end|p1a: Great Tusk|Protosynthesis|[silent]
|switch|p1a: Lilligant|Lilligant-Hisui, F|74/100
|move|p2a: BST＞540 Pkmn sucks|Thunder Wave|p1a: Lilligant
|-status|p1a: Lilligant|par
|
|-weather|SunnyDay|[upkeep]
|upkeep
|turn|14
|
|t:|1757845832
|switch|p2a: Ordinary Pkmn only|Vileplume, F|100/100
|-damage|p2a: Ordinary Pkmn only|88/100|[from] Stealth Rock
|move|p1a: Lilligant|Solar Blade||[still]
|-prepare|p1a: Lilligant|Solar Blade
|-anim|p1a: Lilligant|Solar Blade|p2a: Ordinary Pkmn only
|-resisted|p2a: Ordinary Pkmn only
|-damage|p2a: Ordinary Pkmn only|74/100
|-damage|p1a: Lilligant|58/100 par|[from] item: Rocky Helmet|[of] p2a: Ordinary Pkmn only
|-damage|p1a: Lilligant|48/100 par|[from] item: Life Orb
|
|-weather|SunnyDay|[upkeep]
|upkeep
|turn|15
|
|t:|1757845841
|move|p1a: Lilligant|Ice Spinner|p2a: Ordinary Pkmn only
|-supereffective|p2a: Ordinary Pkmn only
|-damage|p2a: Ordinary Pkmn only|21/100
|-damage|p1a: Lilligant|31/100 par|[from] item: Rocky Helmet|[of] p2a: Ordinary Pkmn only
|-damage|p1a: Lilligant|21/100 par|[from] item: Life Orb
|move|p2a: Ordinary Pkmn only|Sludge Wave|p1a: Lilligant
|-supereffective|p1a: Lilligant
|-damage|p1a: Lilligant|0 fnt
|faint|p1a: Lilligant
|
|-weather|SunnyDay|[upkeep]
|upkeep
|
|t:|1757845872
|switch|p1a: Venusaur|Venusaur, F|100/100
|turn|16
|
|t:|1757845887
|move|p1a: Venusaur|Sludge Bomb|p2a: Ordinary Pkmn only
|-damage|p2a: Ordinary Pkmn only|0 fnt
|faint|p2a: Ordinary Pkmn only
|-damage|p1a: Venusaur|91/100|[from] item: Life Orb
|
|-weather|none
|upkeep
|
|t:|1757845897
|switch|p2a: Weather Team sucks|Houndoom, M|100/100
|turn|17
|
|t:|1757845901
|switch|p1a: Great Tusk|Great Tusk|31/100
|move|p2a: Weather Team sucks|Fire Blast|p1a: Great Tusk
|-crit|p1a: Great Tusk
|-damage|p1a: Great Tusk|0 fnt
|faint|p1a: Great Tusk
|-end|p1a: Great Tusk|Protosynthesis|[silent]
|
|upkeep
|
|t:|1757845904
|switch|p1a: Ninetales|Ninetales, M, shiny|70/100
|-weather|SunnyDay|[from] ability: Drought|[of] p1a: Ninetales
|turn|18
|
|t:|1757845908
|move|p1a: Ninetales|Encore|p2a: Weather Team sucks
|-start|p2a: Weather Team sucks|Encore
|move|p2a: Weather Team sucks|Fire Blast|p1a: Ninetales
|-resisted|p1a: Ninetales
|-damage|p1a: Ninetales|34/100
|
|-weather|SunnyDay|[upkeep]
|upkeep
|turn|19
|
|t:|1757845911
|switch|p1a: Walking Wake|Walking Wake|78/100
|-activate|p1a: Walking Wake|ability: Protosynthesis
|-start|p1a: Walking Wake|protosynthesisspe
|move|p2a: Weather Team sucks|Fire Blast|p1a: Walking Wake
|-resisted|p1a: Walking Wake
|-damage|p1a: Walking Wake|57/100
|
|-weather|SunnyDay|[upkeep]
|upkeep
|turn|20
|
|t:|1757845923
|switch|p2a: Sample Team sucks|Azumarill, M|95/100
|-damage|p2a: Sample Team sucks|82/100|[from] Stealth Rock
|move|p1a: Walking Wake|Hydro Steam|p2a: Sample Team sucks
|-resisted|p2a: Sample Team sucks
|-damage|p2a: Sample Team sucks|54/100
|
|-weather|SunnyDay|[upkeep]
|upkeep
|turn|21
|
|t:|1757845935
|-end|p1a: Walking Wake|Protosynthesis|[silent]
|switch|p1a: Venusaur|Venusaur, F|91/100
|move|p2a: Sample Team sucks|Knock Off|p1a: Venusaur
|-damage|p1a: Venusaur|33/100
|-enditem|p1a: Venusaur|Life Orb|[from] move: Knock Off|[of] p2a: Sample Team sucks
|
|-weather|SunnyDay|[upkeep]
|upkeep
|turn|22
|
|t:|1757845946
|switch|p2a: Weather Team sucks|Houndoom, M|100/100
|move|p1a: Venusaur|Giga Drain|p2a: Weather Team sucks
|-resisted|p2a: Weather Team sucks
|-damage|p2a: Weather Team sucks|77/100
|-heal|p1a: Venusaur|44/100|[from] drain|[of] p2a: Weather Team sucks
|
|-weather|SunnyDay|[upkeep]
|upkeep
|turn|23
|
|t:|1757845955
|-terastallize|p2a: Weather Team sucks|Ghost
|move|p1a: Venusaur|Sludge Bomb|p2a: Weather Team sucks
|-resisted|p2a: Weather Team sucks
|-damage|p2a: Weather Team sucks|51/100
|move|p2a: Weather Team sucks|Fire Blast|p1a: Venusaur
|-supereffective|p1a: Venusaur
|-damage|p1a: Venusaur|0 fnt
|faint|p1a: Venusaur
|
|-weather|SunnyDay|[upkeep]
|upkeep
|
|t:|1757845959
|switch|p1a: Walking Wake|Walking Wake|57/100
|-activate|p1a: Walking Wake|ability: Protosynthesis
|-start|p1a: Walking Wake|protosynthesisspe
|turn|24
|
|t:|1757845970
|switch|p2a: Sample Team sucks|Azumarill, M|54/100
|-damage|p2a: Sample Team sucks|42/100|[from] Stealth Rock
|-terastallize|p1a: Walking Wake|Water
|move|p1a: Walking Wake|Hydro Steam|p2a: Sample Team sucks
|-resisted|p2a: Sample Team sucks
|-damage|p2a: Sample Team sucks|1/100
|
|-weather|SunnyDay|[upkeep]
|upkeep
|turn|25
|
|t:|1757845982
|move|p2a: Sample Team sucks|Aqua Jet|p1a: Walking Wake
|-resisted|p1a: Walking Wake
|-damage|p1a: Walking Wake|50/100
|move|p1a: Walking Wake|Hydro Steam|p2a: Sample Team sucks
|-resisted|p2a: Sample Team sucks
|-damage|p2a: Sample Team sucks|0 fnt
|faint|p2a: Sample Team sucks
|
|-weather|none
|-end|p1a: Walking Wake|Protosynthesis
|upkeep
|
|t:|1757845991
|switch|p2a: Weather Team sucks|Houndoom, M, tera:Ghost|51/100
|turn|26
|
|t:|1757845994
|-end|p1a: Walking Wake|Protosynthesis|[silent]
|switch|p1a: Ninetales|Ninetales, M, shiny|34/100
|-weather|SunnyDay|[from] ability: Drought|[of] p1a: Ninetales
|move|p2a: Weather Team sucks|Destiny Bond|p2a: Weather Team sucks
|-singlemove|p2a: Weather Team sucks|Destiny Bond
|
|-weather|SunnyDay|[upkeep]
|upkeep
|turn|27
|
|t:|1757845998
|move|p1a: Ninetales|Encore|p2a: Weather Team sucks
|-start|p2a: Weather Team sucks|Encore
|move|p2a: Weather Team sucks|Destiny Bond||[still]
|-fail|p2a: Weather Team sucks
|
|-weather|SunnyDay|[upkeep]
|upkeep
|turn|28
|
|t:|1757846004
|move|p1a: Ninetales|Will-O-Wisp|p2a: Weather Team sucks
|-start|p2a: Weather Team sucks|ability: Flash Fire
|move|p2a: Weather Team sucks|Destiny Bond|p2a: Weather Team sucks
|-singlemove|p2a: Weather Team sucks|Destiny Bond
|
|-weather|SunnyDay|[upkeep]
|upkeep
|turn|29
|
|t:|1757846013
|move|p1a: Ninetales|Will-O-Wisp|p2a: Weather Team sucks
|-immune|p2a: Weather Team sucks|[from] ability: Flash Fire
|move|p2a: Weather Team sucks|Destiny Bond||[still]
|-fail|p2a: Weather Team sucks
|
|-weather|SunnyDay|[upkeep]
|-end|p2a: Weather Team sucks|Encore
|upkeep
|turn|30
|
|t:|1757846021
|-end|p2a: Weather Team sucks|ability: Flash Fire|[silent]
|switch|p2a: Terrain Team sucks|Mamoswine, F|100/100
|-damage|p2a: Terrain Team sucks|88/100|[from] Stealth Rock
|move|p1a: Ninetales|Encore||[still]
|-fail|p1a: Ninetales
|
|-weather|SunnyDay|[upkeep]
|upkeep
|turn|31
|
|t:|1757846026
|move|p1a: Ninetales|Weather Ball|p2a: Terrain Team sucks
|-supereffective|p2a: Terrain Team sucks
|-damage|p2a: Terrain Team sucks|54/100
|move|p2a: Terrain Team sucks|High Horsepower|p1a: Ninetales
|-supereffective|p1a: Ninetales
|-crit|p1a: Ninetales
|-damage|p1a: Ninetales|0 fnt
|faint|p1a: Ninetales
|
|-weather|SunnyDay|[upkeep]
|upkeep
|
|t:|1757846032
|switch|p1a: Walking Wake|Walking Wake, tera:Water|50/100
|-activate|p1a: Walking Wake|ability: Protosynthesis
|-start|p1a: Walking Wake|protosynthesisspe
|turn|32
|
|t:|1757846040
|move|p1a: Walking Wake|Hydro Steam|p2a: Terrain Team sucks
|-supereffective|p2a: Terrain Team sucks
|-damage|p2a: Terrain Team sucks|0 fnt
|faint|p2a: Terrain Team sucks
|
|-weather|SunnyDay|[upkeep]
|upkeep
|
|t:|1757846047
|switch|p2a: BST＞540 Pkmn sucks|Gyarados, F, shiny|100/100
|-ability|p2a: BST＞540 Pkmn sucks|Intimidate|boost
|-unboost|p1a: Walking Wake|atk|1
|turn|33
|
|t:|1757846051
|move|p1a: Walking Wake|Hydro Steam|p2a: BST＞540 Pkmn sucks
|-resisted|p2a: BST＞540 Pkmn sucks
|-damage|p2a: BST＞540 Pkmn sucks|36/100
|move|p2a: BST＞540 Pkmn sucks|Thunder Wave|p1a: Walking Wake
|-status|p1a: Walking Wake|par
|
|-weather|none
|-end|p1a: Walking Wake|Protosynthesis
|upkeep
|turn|34
|
|t:|1757846057
|move|p2a: BST＞540 Pkmn sucks|Earthquake|p1a: Walking Wake
|-damage|p1a: Walking Wake|13/100 par
|move|p1a: Walking Wake|Hydro Steam|p2a: BST＞540 Pkmn sucks
|-resisted|p2a: BST＞540 Pkmn sucks
|-damage|p2a: BST＞540 Pkmn sucks|0 fnt
|faint|p2a: BST＞540 Pkmn sucks
|
|upkeep
|
|t:|1757846062
|switch|p2a: Weather Team sucks|Houndoom, M, tera:Ghost|51/100
|turn|35
|
|t:|1757846065
|move|p2a: Weather Team sucks|Dark Pulse|p1a: Walking Wake
|-damage|p1a: Walking Wake|0 fnt
|faint|p1a: Walking Wake
|-end|p1a: Walking Wake|Protosynthesis|[silent]
|
|win|Passerby bye
|raw|Straitblanchin's rating: 1423 &rarr; <strong>1407</strong><br />(-16 for losing)
|raw|Passerby bye's rating: 1497 &rarr; <strong>1513</strong><br />(+16 for winning)
