|j|☆JohtoChimecho
|j|☆Billy_Bongo 4269
|t:|1757943362
|gametype|singles
|player|p1|JohtoChimecho|lady-gen4|1267
|player|p2|Billy_Bongo 4269|265|1290
|gen|9
|tier|[Gen 9] OU
|rated|
|rule|HP Percentage Mod: HP is shown in percentages
|rule|Endless Battle Clause: Forcing endless battles is banned
|rule|Species Clause: Limit one of each Pokémon
|rule|OHKO Clause: OHKO moves are banned
|rule|Evasion Items Clause: Evasion items are banned
|rule|Evasion Moves Clause: Evasion moves are banned
|rule|Evasion Abilities Clause: Evasion abilities are banned
|rule|Sleep Moves Clause: Sleep-inducing moves are banned
|clearpoke
|poke|p1|Dragonite, F|
|poke|p1|Samurott-Hisui, M|
|poke|p1|Great Tusk|
|poke|p1|Talonflame, F|
|poke|p1|Hatterene, F|
|poke|p1|Goodra-Hisui, M|
|poke|p2|Garganacl, F|
|poke|p2|Dragapult, F|
|poke|p2|Ogerpon-Wellspring, F|
|poke|p2|Moltres|
|poke|p2|Zamazenta-*|
|poke|p2|Iron Treads|
|teampreview
|
|t:|1757943377
|teamsize|p1|6
|teamsize|p2|6
|start
|switch|p1a: Hatterene|Hatterene, F|100/100
|switch|p2a: Ogerpon|Ogerpon-Wellspring, F|100/100
|turn|1
|
|t:|1757943383
|switch|p1a: Goodra|Goodra-Hisui, M|100/100
|move|p2a: Ogerpon|Swords Dance|p2a: Ogerpon
|-boost|p2a: Ogerpon|atk|2
|
|upkeep
|turn|2
|inactive|Battle timer is ON: inactive players will automatically lose when time's up. (requested by Billy_Bongo 4269)
|
|t:|1757943393
|switch|p2a: Garganacl|Garganacl, F|100/100
|move|p1a: Goodra|Dragon Tail|p2a: Garganacl
|-damage|p2a: Garganacl|88/100
|drag|p2a: Ogerpon|Ogerpon-Wellspring, F|100/100
|
|upkeep
|turn|3
|
|t:|1757943409
|switch|p2a: Zamazenta|Zamazenta|100/100
|-ability|p2a: Zamazenta|Dauntless Shield|boost
|-boost|p2a: Zamazenta|def|1
|move|p1a: Goodra|Ice Beam|p2a: Zamazenta
|-damage|p2a: Zamazenta|73/100
|
|upkeep
|turn|4
|
|t:|1757943416
|switch|p1a: Talonflame|Talonflame, F|100/100
|move|p2a: Zamazenta|Close Combat|p1a: Talonflame
|-resisted|p1a: Talonflame
|-damage|p1a: Talonflame|74/100
|-unboost|p2a: Zamazenta|def|1
|-unboost|p2a: Zamazenta|spd|1
|
|upkeep
|turn|5
|
|t:|1757943425
|switch|p2a: Garganacl|Garganacl, F|88/100
|move|p1a: Talonflame|Roost|p1a: Talonflame
|-heal|p1a: Talonflame|100/100
|-singleturn|p1a: Talonflame|move: Roost
|
|-heal|p2a: Garganacl|94/100|[from] item: Leftovers
|upkeep
|turn|6
|
|t:|1757943428
|switch|p1a: Hatterene|Hatterene, F|100/100
|move|p2a: Garganacl|Salt Cure|p1a: Hatterene
|-damage|p1a: Hatterene|85/100
|-start|p1a: Hatterene|Salt Cure
|
|-heal|p2a: Garganacl|99/100|[from] item: Leftovers
|-damage|p1a: Hatterene|73/100|[from] Salt Cure
|upkeep
|turn|7
|
|t:|1757943432
|switch|p1a: Samurott|Samurott-Hisui, M|100/100
|move|p2a: Garganacl|Iron Defense|p2a: Garganacl
|-boost|p2a: Garganacl|def|2
|
|-heal|p2a: Garganacl|100/100|[from] item: Leftovers
|upkeep
|turn|8
|
|t:|1757943438
|move|p1a: Samurott|Encore|p2a: Garganacl
|-start|p2a: Garganacl|Encore
|move|p2a: Garganacl|Iron Defense|p2a: Garganacl
|-boost|p2a: Garganacl|def|2
|
|upkeep
|turn|9
|
|t:|1757943445
|switch|p2a: Zamazenta|Zamazenta|73/100
|move|p1a: Samurott|Ceaseless Edge|p2a: Zamazenta
|-resisted|p2a: Zamazenta
|-damage|p2a: Zamazenta|51/100
|-sidestart|p2: Billy_Bongo 4269|Spikes
|
|upkeep
|turn|10
|
|t:|1757943452
|switch|p1a: Talonflame|Talonflame, F|100/100
|move|p2a: Zamazenta|Close Combat|p1a: Talonflame
|-resisted|p1a: Talonflame
|-damage|p1a: Talonflame|71/100
|-unboost|p2a: Zamazenta|def|1
|-unboost|p2a: Zamazenta|spd|1
|
|upkeep
|turn|11
|
|t:|1757943463
|switch|p2a: Garganacl|Garganacl, F|100/100
|-damage|p2a: Garganacl|88/100|[from] Spikes
|switch|p1a: Hatterene|Hatterene, F|73/100
|
|-heal|p2a: Garganacl|94/100|[from] item: Leftovers
|upkeep
|turn|12
|
|t:|1757943474
|move|p2a: Garganacl|Salt Cure|p1a: Hatterene
|-damage|p1a: Hatterene|57/100
|-start|p1a: Hatterene|Salt Cure
|move|p1a: Hatterene|Psyshock|p2a: Garganacl
|-damage|p2a: Garganacl|64/100
|
|-heal|p2a: Garganacl|70/100|[from] item: Leftovers
|-damage|p1a: Hatterene|45/100|[from] Salt Cure
|upkeep
|turn|13
|
|t:|1757943481
|switch|p1a: Samurott|Samurott-Hisui, M|100/100
|move|p2a: Garganacl|Recover|p2a: Garganacl
|-heal|p2a: Garganacl|100/100
|
|upkeep
|turn|14
|
|t:|1757943489
|switch|p2a: Ogerpon|Ogerpon-Wellspring, F|100/100
|-damage|p2a: Ogerpon|88/100|[from] Spikes
|move|p1a: Samurott|Ceaseless Edge|p2a: Ogerpon
|-damage|p2a: Ogerpon|36/100
|-sidestart|p2: Billy_Bongo 4269|Spikes
|
|upkeep
|turn|15
|
|t:|1757943497
|switch|p1a: Goodra|Goodra-Hisui, M|100/100
|move|p2a: Ogerpon|Synthesis|p2a: Ogerpon
|-heal|p2a: Ogerpon|86/100
|
|upkeep
|turn|16
|
|t:|1757943506
|switch|p2a: Zamazenta|Zamazenta|51/100
|-damage|p2a: Zamazenta|34/100|[from] Spikes
|move|p1a: Goodra|Dragon Tail|p2a: Zamazenta
|-damage|p2a: Zamazenta|16/100
|drag|p2a: Ogerpon|Ogerpon-Wellspring, F|86/100
|-damage|p2a: Ogerpon|69/100|[from] Spikes
|
|upkeep
|turn|17
|
|t:|1757943514
|switch|p2a: Moltres|Moltres|100/100
|move|p1a: Goodra|Dragon Tail|p2a: Moltres
|-crit|p2a: Moltres
|-damage|p2a: Moltres|78/100
|drag|p2a: Dragapult|Dragapult, F|100/100
|
|upkeep
|turn|18
|
|t:|1757943523
|move|p2a: Dragapult|Will-O-Wisp|p1a: Goodra
|-status|p1a: Goodra|brn
|move|p1a: Goodra|Ice Beam|p2a: Dragapult
|-supereffective|p2a: Dragapult
|-damage|p2a: Dragapult|11/100
|
|-damage|p1a: Goodra|94/100 brn|[from] brn
|upkeep
|turn|19
|
|t:|1757943531
|move|p2a: Dragapult|U-turn|p1a: Goodra
|-resisted|p1a: Goodra
|-damage|p1a: Goodra|86/100 brn
|
|t:|1757943533
|switch|p2a: Iron Treads|Iron Treads|100/100|[from] U-turn
|-damage|p2a: Iron Treads|84/100|[from] Spikes
|move|p1a: Goodra|Dragon Tail|p2a: Iron Treads
|-resisted|p2a: Iron Treads
|-damage|p2a: Iron Treads|81/100
|-end|p2a: Iron Treads|Quark Drive|[silent]
|drag|p2a: Zamazenta|Zamazenta|16/100
|-damage|p2a: Zamazenta|0 fnt|[from] Spikes
|faint|p2a: Zamazenta
|
|-damage|p1a: Goodra|80/100 brn|[from] brn
|upkeep
|
|t:|1757943538
|switch|p2a: Iron Treads|Iron Treads|81/100
|-damage|p2a: Iron Treads|64/100|[from] Spikes
|turn|20
|
|t:|1757943546
|switch|p1a: Talonflame|Talonflame, F|71/100
|move|p2a: Iron Treads|Rapid Spin|p1a: Talonflame
|-damage|p1a: Talonflame|60/100
|-boost|p2a: Iron Treads|spe|1
|-sideend|p2: Billy_Bongo 4269|Spikes|[from] move: Rapid Spin|[of] p2a: Iron Treads
|
|-heal|p2a: Iron Treads|70/100|[from] item: Leftovers
|upkeep
|turn|21
|
|t:|1757943554
|move|p2a: Iron Treads|Knock Off|p1a: Talonflame
|-damage|p1a: Talonflame|37/100
|-enditem|p1a: Talonflame|Heavy-Duty Boots|[from] move: Knock Off|[of] p2a: Iron Treads
|move|p1a: Talonflame|Roost|p1a: Talonflame
|-heal|p1a: Talonflame|87/100
|-singleturn|p1a: Talonflame|move: Roost
|
|-heal|p2a: Iron Treads|76/100|[from] item: Leftovers
|upkeep
|turn|22
|
|t:|1757943559
|move|p2a: Iron Treads|Stealth Rock|p1a: Talonflame
|-sidestart|p1: JohtoChimecho|move: Stealth Rock
|move|p1a: Talonflame|Will-O-Wisp|p2a: Iron Treads
|-status|p2a: Iron Treads|brn
|
|-heal|p2a: Iron Treads|82/100 brn|[from] item: Leftovers
|-damage|p2a: Iron Treads|76/100 brn|[from] brn
|upkeep
|turn|23
|
|t:|1757943566
|-end|p2a: Iron Treads|Quark Drive|[silent]
|switch|p2a: Garganacl|Garganacl, F|100/100
|move|p1a: Talonflame|Defog|p2a: Garganacl
|-unboost|p2a: Garganacl|evasion|1
|-sideend|p1: JohtoChimecho|Stealth Rock|[from] move: Defog|[of] p1a: Talonflame
|
|upkeep
|turn|24
|
|t:|1757943583
|switch|p1a: Hatterene|Hatterene, F|45/100
|move|p2a: Garganacl|Salt Cure|p1a: Hatterene
|-damage|p1a: Hatterene|29/100
|-start|p1a: Hatterene|Salt Cure
|
|-damage|p1a: Hatterene|17/100|[from] Salt Cure
|upkeep
|turn|25
|
|t:|1757943590
|move|p2a: Garganacl|Salt Cure|p1a: Hatterene
|-damage|p1a: Hatterene|2/100
|move|p1a: Hatterene|Psyshock|p2a: Garganacl
|-damage|p2a: Garganacl|71/100
|
|-heal|p2a: Garganacl|78/100|[from] item: Leftovers
|-damage|p1a: Hatterene|0 fnt|[from] Salt Cure
|faint|p1a: Hatterene
|upkeep
|
|t:|1757943594
|switch|p1a: Samurott|Samurott-Hisui, M|100/100
|turn|26
|
|t:|1757943604
|move|p1a: Samurott|Ceaseless Edge|p2a: Garganacl
|-crit|p2a: Garganacl
|-damage|p2a: Garganacl|32/100
|-sidestart|p2: Billy_Bongo 4269|Spikes
|move|p2a: Garganacl|Salt Cure|p1a: Samurott
|-damage|p1a: Samurott|83/100
|-start|p1a: Samurott|Salt Cure
|
|-heal|p2a: Garganacl|38/100|[from] item: Leftovers
|-damage|p1a: Samurott|58/100|[from] Salt Cure
|upkeep
|turn|27
|
|t:|1757943608
|move|p1a: Samurott|Razor Shell|p2a: Garganacl
|-supereffective|p2a: Garganacl
|-damage|p2a: Garganacl|0 fnt
|faint|p2a: Garganacl
|
|-damage|p1a: Samurott|34/100|[from] Salt Cure
|upkeep
|
|t:|1757943629
|switch|p2a: Ogerpon|Ogerpon-Wellspring, F|69/100
|-damage|p2a: Ogerpon|57/100|[from] Spikes
|turn|28
|
|t:|1757943639
|switch|p2a: Iron Treads|Iron Treads|76/100 brn
|-damage|p2a: Iron Treads|64/100 brn|[from] Spikes
|move|p1a: Samurott|Ceaseless Edge|p2a: Iron Treads
|-damage|p2a: Iron Treads|32/100 brn
|-sidestart|p2: Billy_Bongo 4269|Spikes
|
|-heal|p2a: Iron Treads|38/100 brn|[from] item: Leftovers
|-damage|p2a: Iron Treads|32/100 brn|[from] brn
|-damage|p1a: Samurott|9/100|[from] Salt Cure
|upkeep
|turn|29
|
|t:|1757943645
|switch|p1a: Talonflame|Talonflame, F|87/100
|move|p2a: Iron Treads|Rapid Spin|p1a: Talonflame
|-damage|p1a: Talonflame|82/100
|-boost|p2a: Iron Treads|spe|1
|-sideend|p2: Billy_Bongo 4269|Spikes|[from] move: Rapid Spin|[of] p2a: Iron Treads
|
|-heal|p2a: Iron Treads|38/100 brn|[from] item: Leftovers
|-damage|p2a: Iron Treads|32/100 brn|[from] brn
|upkeep
|turn|30
|
|t:|1757943653
|-end|p2a: Iron Treads|Quark Drive|[silent]
|switch|p2a: Ogerpon|Ogerpon-Wellspring, F|57/100
|move|p1a: Talonflame|Will-O-Wisp|p2a: Ogerpon
|-status|p2a: Ogerpon|brn
|
|-damage|p2a: Ogerpon|51/100 brn|[from] brn
|upkeep
|turn|31
|
|t:|1757943660
|switch|p1a: Goodra|Goodra-Hisui, M|80/100 brn
|move|p2a: Ogerpon|Ivy Cudgel|p1a: Goodra|[anim] Ivy Cudgel Water
|-resisted|p1a: Goodra
|-damage|p1a: Goodra|67/100 brn
|
|-damage|p2a: Ogerpon|44/100 brn|[from] brn
|-damage|p1a: Goodra|61/100 brn|[from] brn
|upkeep
|turn|32
|
|t:|1757943668
|switch|p2a: Moltres|Moltres|78/100
|move|p1a: Goodra|Dragon Tail|p2a: Moltres
|-damage|p2a: Moltres|70/100
|drag|p2a: Ogerpon|Ogerpon-Wellspring, F|44/100 brn
|
|-damage|p2a: Ogerpon|38/100 brn|[from] brn
|-damage|p1a: Goodra|54/100 brn|[from] brn
|upkeep
|turn|33
|
|t:|1757943680
|switch|p2a: Moltres|Moltres|70/100
|move|p1a: Goodra|Ice Beam|p2a: Moltres
|-damage|p2a: Moltres|44/100
|
|-damage|p1a: Goodra|48/100 brn|[from] brn
|upkeep
|turn|34
|
|t:|1757943691
|switch|p1a: Samurott|Samurott-Hisui, M|9/100
|move|p2a: Moltres|Roost|p2a: Moltres
|-heal|p2a: Moltres|94/100
|-singleturn|p2a: Moltres|move: Roost
|
|upkeep
|turn|35
|
|t:|1757943697
|move|p1a: Samurott|Encore|p2a: Moltres
|-start|p2a: Moltres|Encore
|move|p2a: Moltres|Roost|p2a: Moltres
|-heal|p2a: Moltres|100/100
|-singleturn|p2a: Moltres|move: Roost
|
|upkeep
|turn|36
|
|t:|1757943699
|switch|p2a: Ogerpon|Ogerpon-Wellspring, F|38/100 brn
|move|p1a: Samurott|Ceaseless Edge|p2a: Ogerpon
|-damage|p2a: Ogerpon|0 fnt
|-sidestart|p2: Billy_Bongo 4269|Spikes
|faint|p2a: Ogerpon
|
|upkeep
|
|t:|1757943711
|switch|p2a: Dragapult|Dragapult, F|11/100
|turn|37
|
|t:|1757943719
|switch|p1a: Talonflame|Talonflame, F|82/100
|move|p2a: Dragapult|Hex|p1a: Talonflame
|-crit|p1a: Talonflame
|-damage|p1a: Talonflame|27/100
|
|upkeep
|turn|38
|
|t:|1757943723
|move|p2a: Dragapult|Hex|p1a: Talonflame
|-damage|p1a: Talonflame|0 fnt
|faint|p1a: Talonflame
|
|upkeep
|
|t:|1757943727
|switch|p1a: Goodra|Goodra-Hisui, M|48/100 brn
|turn|39
|
|t:|1757943732
|move|p2a: Dragapult|Hex|p1a: Goodra
|-damage|p1a: Goodra|26/100 brn
|move|p1a: Goodra|Dragon Tail|p2a: Dragapult
|-supereffective|p2a: Dragapult
|-damage|p2a: Dragapult|0 fnt
|faint|p2a: Dragapult
|
|-damage|p1a: Goodra|20/100 brn|[from] brn
|upkeep
|
|t:|1757943740
|switch|p2a: Iron Treads|Iron Treads|32/100 brn
|-damage|p2a: Iron Treads|20/100 brn|[from] Spikes
|turn|40
|
|t:|1757943743
|move|p2a: Iron Treads|Earthquake|p1a: Goodra
|-supereffective|p1a: Goodra
|-damage|p1a: Goodra|0 fnt
|faint|p1a: Goodra
|
|-heal|p2a: Iron Treads|26/100 brn|[from] item: Leftovers
|-damage|p2a: Iron Treads|20/100 brn|[from] brn
|upkeep
|
|t:|1757943746
|switch|p1a: Great Tusk|Great Tusk|100/100
|turn|41
|
|t:|1757943751
|move|p1a: Great Tusk|Ice Spinner|p2a: Iron Treads
|-damage|p2a: Iron Treads|0 fnt
|faint|p2a: Iron Treads
|-end|p2a: Iron Treads|Quark Drive|[silent]
|
|upkeep
|
|t:|1757943754
|switch|p2a: Moltres|Moltres|100/100
|turn|42
|
|t:|1757943760
|move|p1a: Great Tusk|Ice Spinner|p2a: Moltres
|-damage|p2a: Moltres|80/100
|move|p2a: Moltres|Will-O-Wisp|p1a: Great Tusk
|-status|p1a: Great Tusk|brn
|
|-damage|p1a: Great Tusk|94/100 brn|[from] brn
|upkeep
|turn|43
|
|t:|1757943769
|move|p1a: Great Tusk|Ice Spinner|p2a: Moltres
|-damage|p2a: Moltres|70/100
|move|p2a: Moltres|Flamethrower|p1a: Great Tusk
|-damage|p1a: Great Tusk|34/100 brn
|
|-damage|p1a: Great Tusk|28/100 brn|[from] brn
|upkeep
|turn|44
|
|t:|1757943772
|move|p1a: Great Tusk|Ice Spinner|p2a: Moltres
|-damage|p2a: Moltres|58/100
|move|p2a: Moltres|Roost|p2a: Moltres
|-heal|p2a: Moltres|100/100
|-singleturn|p2a: Moltres|move: Roost
|
|-damage|p1a: Great Tusk|22/100 brn|[from] brn
|upkeep
|turn|45
|
|t:|1757943774
|move|p1a: Great Tusk|Ice Spinner|p2a: Moltres
|-damage|p2a: Moltres|90/100
|move|p2a: Moltres|Flamethrower|p1a: Great Tusk
|-damage|p1a: Great Tusk|0 fnt
|faint|p1a: Great Tusk
|-end|p1a: Great Tusk|Protosynthesis|[silent]
|
|upkeep
|
|t:|1757943778
|switch|p1a: Dragonite|Dragonite, F|100/100
|turn|46
|
|t:|1757943789
|-terastallize|p1a: Dragonite|Fire
|move|p1a: Dragonite|Encore|p2a: Moltres
|-start|p2a: Moltres|Encore
|move|p2a: Moltres|Flamethrower|p1a: Dragonite
|-resisted|p1a: Dragonite
|-damage|p1a: Dragonite|90/100
|
|upkeep
|turn|47
|
|t:|1757943796
|move|p1a: Dragonite|Scale Shot|p2a: Moltres|[miss]
|-miss|p1a: Dragonite|p2a: Moltres
|move|p2a: Moltres|Flamethrower|p1a: Dragonite
|-resisted|p1a: Dragonite
|-damage|p1a: Dragonite|71/100
|
|upkeep
|turn|48
|
|t:|1757943798
|-terastallize|p2a: Moltres|Fairy
|move|p1a: Dragonite|Scale Shot|p2a: Moltres
|-immune|p2a: Moltres
|move|p2a: Moltres|Flamethrower|p1a: Dragonite
|-resisted|p1a: Dragonite
|-damage|p1a: Dragonite|52/100
|
|-end|p2a: Moltres|Encore
|upkeep
|turn|49
|
|t:|1757943802
|move|p1a: Dragonite|Encore|p2a: Moltres
|-start|p2a: Moltres|Encore
|move|p2a: Moltres|Flamethrower|p1a: Dragonite
|-resisted|p1a: Dragonite
|-damage|p1a: Dragonite|32/100
|
|upkeep
|turn|50
|
|t:|1757943804
|move|p1a: Dragonite|Fire Punch|p2a: Moltres
|-damage|p2a: Moltres|57/100
|move|p2a: Moltres|Flamethrower|p1a: Dragonite
|-resisted|p1a: Dragonite
|-damage|p1a: Dragonite|13/100
|
|upkeep
|turn|51
|
|t:|1757943807
|move|p1a: Dragonite|Fire Punch|p2a: Moltres
|-damage|p2a: Moltres|20/100
|move|p2a: Moltres|Flamethrower|p1a: Dragonite
|-resisted|p1a: Dragonite
|-damage|p1a: Dragonite|0 fnt
|faint|p1a: Dragonite
|
|-end|p2a: Moltres|Encore
|upkeep
|
|t:|1757943809
|switch|p1a: Samurott|Samurott-Hisui, M|9/100
|turn|52
|
|t:|1757943819
|move|p1a: Samurott|Razor Shell|p2a: Moltres
|-damage|p2a: Moltres|0 fnt
|-status|p1a: Samurott|brn|[from] ability: Flame Body|[of] p2a: Moltres
|faint|p2a: Moltres
|
|win|JohtoChimecho
|raw|JohtoChimecho's rating: 1267 &rarr; <strong>1294</strong><br />(+27 for winning)
|raw|Billy_Bongo 4269's rating: 1290 &rarr; <strong>1263</strong><br />(-27 for losing)
