|j|‽LT91BB incelman
|j|☆Dexyobetch
|t:|1757822983
|gametype|singles
|player|p1|LT91BB incelman|miku-ice|1490
|player|p2|Dexyobetch|giovanni|1460
|gen|9
|tier|[Gen 9] OU
|rated|
|rule|HP Percentage Mod: HP is shown in percentages
|rule|Endless Battle Clause: Forcing endless battles is banned
|rule|Species Clause: Limit one of each Pokémon
|rule|OHKO Clause: OHKO moves are banned
|rule|Evasion Items Clause: Evasion items are banned
|rule|Evasion Moves Clause: Evasion moves are banned
|rule|Evasion Abilities Clause: Evasion abilities are banned
|rule|Sleep Moves Clause: Sleep-inducing moves are banned
|clearpoke
|poke|p1|Raging Bolt|
|poke|p1|Walking Wake|
|poke|p1|Kingambit, M|
|poke|p1|Iron Moth|
|poke|p1|Landorus-Therian, M|
|poke|p1|Torkoal, M|
|poke|p2|Moltres|
|poke|p2|Glimmora, F|
|poke|p2|Great Tusk|
|poke|p2|Meowscarada, F|
|poke|p2|Hoopa-Unbound|
|poke|p2|Suicune|
|teampreview
|j| cvgtf
|inactive|Battle timer is ON: inactive players will automatically lose when time's up. (requested by Dexyobetch)
|
|t:|1757823012
|teamsize|p1|6
|teamsize|p2|6
|start
|switch|p1a: Raging Bolt|Raging Bolt|100/100
|switch|p2a: Big Glim|Glimmora, F, shiny|100/100
|-enditem|p1a: Raging Bolt|Booster Energy
|-activate|p1a: Raging Bolt|ability: Protosynthesis|[fromitem]
|-start|p1a: Raging Bolt|protosynthesisspa
|turn|1
|
|t:|1757823021
|move|p2a: Big Glim|Stealth Rock|p1a: Raging Bolt
|-sidestart|p1: LT91BB incelman|move: Stealth Rock
|move|p1a: Raging Bolt|Dragon Pulse|p2a: Big Glim
|-damage|p2a: Big Glim|2/100
|
|upkeep
|turn|2
|
|t:|1757823027
|move|p1a: Raging Bolt|Thunderclap|p2a: Big Glim
|-crit|p2a: Big Glim
|-damage|p2a: Big Glim|0 fnt
|faint|p2a: Big Glim
|
|upkeep
|
|t:|1757823034
|switch|p2a: Helping Hands|Hoopa-Unbound|100/100
|turn|3
|
|t:|1757823047
|-end|p1a: Raging Bolt|Protosynthesis|[silent]
|switch|p1a: Landorus|Landorus-Therian, M|100/100
|-damage|p1a: Landorus|88/100|[from] Stealth Rock
|-ability|p1a: Landorus|Intimidate|boost
|-unboost|p2a: Helping Hands|atk|1
|move|p2a: Helping Hands|Future Sight|p1a: Landorus
|-start|p2a: Helping Hands|move: Future Sight
|
|upkeep
|turn|4
|
|t:|1757823054
|switch|p2a: Chlamydia|Moltres, shiny|100/100
|move|p1a: Landorus|U-turn|p2a: Chlamydia
|-resisted|p2a: Chlamydia
|-damage|p2a: Chlamydia|97/100
|-status|p1a: Landorus|brn|[from] ability: Flame Body|[of] p2a: Chlamydia
|
|t:|1757823062
|switch|p1a: Torkoal|Torkoal, M, shiny|100/100|[from] U-turn
|-damage|p1a: Torkoal|76/100|[from] Stealth Rock
|-weather|SunnyDay|[from] ability: Drought|[of] p1a: Torkoal
|
|-weather|SunnyDay|[upkeep]
|upkeep
|turn|5
|inactive|Dexyobetch has 120 seconds left.
|
|t:|1757823096
|switch|p2a: Helping Hands|Hoopa-Unbound|100/100
|move|p1a: Torkoal|Rapid Spin|p2a: Helping Hands
|-damage|p2a: Helping Hands|91/100
|-boost|p1a: Torkoal|spe|1
|-sideend|p1: LT91BB incelman|Stealth Rock|[from] move: Rapid Spin|[of] p1a: Torkoal
|
|-weather|SunnyDay|[upkeep]
|-end|p1a: Torkoal|move: Future Sight
|-damage|p1a: Torkoal|0 fnt
|faint|p1a: Torkoal
|upkeep
|
|t:|1757823119
|switch|p1a: Kingambit|Kingambit, M, shiny|100/100
|-activate|p1a: Kingambit|ability: Supreme Overlord
|-start|p1a: Kingambit|fallen1|[silent]
|turn|6
|
|t:|1757823124
|switch|p2a: Chlamydia|Moltres, shiny|97/100
|move|p1a: Kingambit|Iron Head|p2a: Chlamydia
|-resisted|p2a: Chlamydia
|-damage|p2a: Chlamydia|78/100
|
|-weather|SunnyDay|[upkeep]
|upkeep
|turn|7
|
|t:|1757823129
|-end|p1a: Kingambit|fallen1|[silent]
|switch|p1a: Walking Wake|Walking Wake|100/100
|-activate|p1a: Walking Wake|ability: Protosynthesis
|-start|p1a: Walking Wake|protosynthesisspe
|move|p2a: Chlamydia|U-turn|p1a: Walking Wake
|-damage|p1a: Walking Wake|86/100
|
|t:|1757823132
|switch|p2a: Helping Hands|Hoopa-Unbound|91/100|[from] U-turn
|
|-weather|SunnyDay|[upkeep]
|upkeep
|turn|8
|
|t:|1757823138
|move|p1a: Walking Wake|Hydro Steam|p2a: Helping Hands
|-crit|p2a: Helping Hands
|-damage|p2a: Helping Hands|27/100
|move|p2a: Helping Hands|Future Sight|p1a: Walking Wake
|-start|p2a: Helping Hands|move: Future Sight
|
|-weather|SunnyDay|[upkeep]
|upkeep
|turn|9
|
|t:|1757823153
|move|p1a: Walking Wake|Hydro Steam|p2a: Helping Hands
|-damage|p2a: Helping Hands|0 fnt
|faint|p2a: Helping Hands
|
|-weather|SunnyDay|[upkeep]
|upkeep
|inactive|Dexyobetch has 120 seconds left.
|
|t:|1757823180
|switch|p2a: Wutang|Meowscarada, F, shiny|100/100
|turn|10
|
|t:|1757823187
|-end|p1a: Walking Wake|Protosynthesis|[silent]
|switch|p1a: Kingambit|Kingambit, M, shiny|100/100
|-activate|p1a: Kingambit|ability: Supreme Overlord
|-start|p1a: Kingambit|fallen1|[silent]
|move|p2a: Wutang|Flower Trick|p1a: Kingambit
|-start|p2a: Wutang|typechange|Grass|[from] ability: Protean
|-resisted|p1a: Kingambit
|-crit|p1a: Kingambit
|-damage|p1a: Kingambit|68/100
|
|-weather|SunnyDay|[upkeep]
|-end|p1a: Kingambit|move: Future Sight
|-immune|p1a: Kingambit
|-heal|p1a: Kingambit|74/100|[from] item: Leftovers
|upkeep
|turn|11
|
|t:|1757823194
|switch|p2a: Chlamydia|Moltres, shiny|78/100
|-end|p1a: Kingambit|fallen1|[silent]
|switch|p1a: Walking Wake|Walking Wake|86/100
|-activate|p1a: Walking Wake|ability: Protosynthesis
|-start|p1a: Walking Wake|protosynthesisspe
|
|-weather|none
|-end|p1a: Walking Wake|Protosynthesis
|upkeep
|turn|12
|
|t:|1757823205
|switch|p2a: Lucina|Suicune, shiny|100/100
|-ability|p2a: Lucina|Pressure
|move|p1a: Walking Wake|Draco Meteor|p2a: Lucina
|-damage|p2a: Lucina|29/100
|-unboost|p1a: Walking Wake|spa|2
|
|-heal|p2a: Lucina|35/100|[from] item: Leftovers
|upkeep
|turn|13
|
|t:|1757823233
|switch|p2a: Chlamydia|Moltres, shiny|78/100
|move|p1a: Walking Wake|Draco Meteor|p2a: Chlamydia
|-damage|p2a: Chlamydia|30/100
|-unboost|p1a: Walking Wake|spa|2
|
|upkeep
|turn|14
|
|t:|1757823244
|-end|p1a: Walking Wake|Protosynthesis|[silent]
|switch|p1a: Landorus|Landorus-Therian, M|88/100 brn
|-ability|p1a: Landorus|Intimidate|boost
|-unboost|p2a: Chlamydia|atk|1
|switch|p2a: Lucina|Suicune, shiny|35/100
|-ability|p2a: Lucina|Pressure
|
|-heal|p2a: Lucina|41/100|[from] item: Leftovers
|-damage|p1a: Landorus|82/100 brn|[from] brn
|upkeep
|turn|15
|
|t:|1757823250
|move|p1a: Landorus|Taunt|p2a: Lucina
|-start|p2a: Lucina|move: Taunt
|cant|p2a: Lucina|move: Taunt|Rest
|
|-heal|p2a: Lucina|48/100|[from] item: Leftovers
|-damage|p1a: Landorus|76/100 brn|[from] brn
|upkeep
|turn|16
|
|t:|1757823265
|switch|p2a: Chlamydia|Moltres, shiny|30/100
|move|p1a: Landorus|Grass Knot|p2a: Chlamydia
|-resisted|p2a: Chlamydia
|-damage|p2a: Chlamydia|26/100
|
|-damage|p1a: Landorus|70/100 brn|[from] brn
|upkeep
|turn|17
|
|t:|1757823271
|switch|p2a: Lucina|Suicune, shiny|48/100
|-ability|p2a: Lucina|Pressure
|move|p1a: Landorus|Taunt|p2a: Lucina
|-start|p2a: Lucina|move: Taunt
|
|-heal|p2a: Lucina|54/100|[from] item: Leftovers
|-damage|p1a: Landorus|64/100 brn|[from] brn
|upkeep
|turn|18
|
|t:|1757823289
|switch|p1a: Raging Bolt|Raging Bolt|100/100
|switch|p2a: Wutang|Meowscarada, F, shiny|100/100
|
|upkeep
|turn|19
|inactive|LT91BB incelman has 120 seconds left.
|
|t:|1757823343
|-end|p1a: Raging Bolt|Protosynthesis|[silent]
|switch|p1a: Landorus|Landorus-Therian, M|64/100 brn
|-ability|p1a: Landorus|Intimidate|boost
|-unboost|p2a: Wutang|atk|1
|move|p2a: Wutang|Triple Axel|p1a: Landorus
|-start|p2a: Wutang|typechange|Ice|[from] ability: Protean
|-supereffective|p1a: Landorus
|-damage|p1a: Landorus|31/100 brn
|-damage|p2a: Wutang|84/100|[from] item: Rocky Helmet|[of] p1a: Landorus
|-supereffective|p1a: Landorus
|-damage|p1a: Landorus|0 fnt
|-damage|p2a: Wutang|68/100|[from] item: Rocky Helmet|[of] p1a: Landorus
|faint|p1a: Landorus
|-hitcount|p1: Landorus|2
|
|upkeep
|
|t:|1757823352
|switch|p1a: Iron Moth|Iron Moth, shiny|100/100
|-enditem|p1a: Iron Moth|Booster Energy
|-activate|p1a: Iron Moth|ability: Quark Drive|[fromitem]
|-start|p1a: Iron Moth|quarkdrivespe
|turn|20
|
|t:|1757823372
|switch|p2a: Chlamydia|Moltres, shiny|26/100
|move|p1a: Iron Moth|Fiery Dance|p2a: Chlamydia
|-resisted|p2a: Chlamydia
|-damage|p2a: Chlamydia|7/100
|
|upkeep
|turn|21
|inactive|LT91BB incelman has 90 seconds left.
|
|t:|1757823403
|move|p1a: Iron Moth|Fiery Dance|p2a: Chlamydia
|-resisted|p2a: Chlamydia
|-damage|p2a: Chlamydia|0 fnt
|-boost|p1a: Iron Moth|spa|1
|faint|p2a: Chlamydia
|
|upkeep
|
|t:|1757823406
|switch|p2a: Superior Tusk|Great Tusk|100/100
|-enditem|p2a: Superior Tusk|Booster Energy
|-activate|p2a: Superior Tusk|ability: Protosynthesis|[fromitem]
|-start|p2a: Superior Tusk|protosynthesisspe
|turn|22
|
|t:|1757823413
|-terastallize|p1a: Iron Moth|Fairy
|-terastallize|p2a: Superior Tusk|Poison
|move|p1a: Iron Moth|Dazzling Gleam|p2a: Superior Tusk
|-resisted|p2a: Superior Tusk
|-damage|p2a: Superior Tusk|60/100
|move|p2a: Superior Tusk|Rapid Spin|p1a: Iron Moth
|-damage|p1a: Iron Moth|79/100
|-boost|p2a: Superior Tusk|spe|1
|
|upkeep
|turn|23
|
|t:|1757823423
|move|p2a: Superior Tusk|Headlong Rush|p1a: Iron Moth
|-damage|p1a: Iron Moth|5/100
|-unboost|p2a: Superior Tusk|def|1
|-unboost|p2a: Superior Tusk|spd|1
|move|p1a: Iron Moth|Fiery Dance|p2a: Superior Tusk
|-damage|p2a: Superior Tusk|0 fnt
|faint|p2a: Superior Tusk
|-end|p2a: Superior Tusk|Protosynthesis|[silent]
|
|upkeep
|
|t:|1757823435
|switch|p2a: Lucina|Suicune, shiny|54/100
|-ability|p2a: Lucina|Pressure
|turn|24
|
|t:|1757823439
|move|p1a: Iron Moth|Sludge Wave|p2a: Lucina
|-damage|p2a: Lucina|0 fnt
|faint|p2a: Lucina
|
|upkeep
|
|t:|1757823442
|switch|p2a: Wutang|Meowscarada, F, shiny|68/100
|turn|25
|-message|Dexyobetch forfeited.
|
|win|LT91BB incelman
|raw|LT91BB incelman's rating: 1490 &rarr; <strong>1508</strong><br />(+18 for winning)
|raw|Dexyobetch's rating: 1460 &rarr; <strong>1442</strong><br />(-18 for losing)
|l|☆Dexyobetch
|player|p2|
|l|‽LT91BB incelman
|player|p1|
|l| cvgtf
