|j|☆Team BBIO 38
|j|☆nicolider
|t:|1757873166
|gametype|singles
|player|p1|Team BBIO 38|dragontamer|1376
|player|p2|nicolider|preschooler|1329
|gen|9
|tier|[Gen 9] OU
|rated|
|rule|HP Percentage Mod: HP is shown in percentages
|rule|Endless Battle Clause: Forcing endless battles is banned
|rule|Species Clause: Limit one of each Pokémon
|rule|OHKO Clause: OHKO moves are banned
|rule|Evasion Items Clause: Evasion items are banned
|rule|Evasion Moves Clause: Evasion moves are banned
|rule|Evasion Abilities Clause: Evasion abilities are banned
|rule|Sleep Moves Clause: Sleep-inducing moves are banned
|clearpoke
|poke|p1|Dusclops, M|
|poke|p1|Blissey, F|
|poke|p1|Flamigo, M|
|poke|p1|Darkrai|
|poke|p1|Polteageist|
|poke|p1|Scizor, M|
|poke|p2|Hoopa|
|poke|p2|Landorus-Therian, M|
|poke|p2|Weezing-Galar, M|
|poke|p2|Kingambit, F|
|poke|p2|Raging Bolt|
|poke|p2|Zamazenta-*|
|teampreview
|inactive|Battle timer is ON: inactive players will automatically lose when time's up. (requested by Team BBIO 38)
|inactive|nicolider also wants the timer to be on.
|j| knoe
|
|t:|1757873192
|teamsize|p1|6
|teamsize|p2|6
|start
|switch|p1a: Dusclops|Dusclops, M|100/100
|switch|p2a: Hoopa|Hoopa|100/100
|-item|p2a: Hoopa|Sitrus Berry|[from] ability: Frisk|[of] p1a: Dusclops
|turn|1
|
|t:|1757873199
|move|p2a: Hoopa|Substitute|p2a: Hoopa
|-start|p2a: Hoopa|Substitute
|-damage|p2a: Hoopa|76/100
|move|p1a: Dusclops|Will-O-Wisp||[still]
|-fail|p1a: Dusclops
|
|upkeep
|turn|2
|
|t:|1757873213
|switch|p1a: Blissey|Blissey, F|100/100
|move|p2a: Hoopa|Shadow Ball|p1a: Blissey
|-immune|p1a: Blissey
|
|upkeep
|turn|3
|
|t:|1757873220
|move|p2a: Hoopa|Drain Punch|p1a: Blissey
|-supereffective|p1a: Blissey
|-damage|p1a: Blissey|68/100
|-heal|p2a: Hoopa|100/100|[from] drain|[of] p1a: Blissey
|move|p1a: Blissey|Seismic Toss|p2a: Hoopa
|-immune|p2a: Hoopa
|
|-heal|p1a: Blissey|75/100|[from] item: Leftovers
|upkeep
|turn|4
|
|t:|1757873232
|move|p2a: Hoopa|Hyperspace Hole|p1a: Blissey
|-damage|p1a: Blissey|57/100
|move|p1a: Blissey|Soft-Boiled|p1a: Blissey
|-heal|p1a: Blissey|100/100
|
|upkeep
|turn|5
|
|t:|1757873242
|switch|p1a: Scizor|Scizor, M|100/100
|move|p2a: Hoopa|Drain Punch|p1a: Scizor
|-damage|p1a: Scizor|82/100
|
|upkeep
|turn|6
|
|t:|1757873251
|move|p1a: Scizor|Bullet Punch|p2a: Hoopa
|-end|p2a: Hoopa|Substitute
|-damage|p1a: Scizor|72/100|[from] item: Life Orb
|move|p2a: Hoopa|Shadow Ball|p1a: Scizor
|-damage|p1a: Scizor|14/100
|
|upkeep
|turn|7
|
|t:|1757873260
|switch|p2a: Landorus|Landorus-Therian, M, shiny|100/100
|-ability|p2a: Landorus|Intimidate|boost
|-unboost|p1a: Scizor|atk|1
|move|p1a: Scizor|Bullet Punch|p2a: Landorus
|-crit|p2a: Landorus
|-damage|p2a: Landorus|36/100
|-damage|p1a: Scizor|0 fnt|[from] item: Rocky Helmet|[of] p2a: Landorus
|faint|p1a: Scizor
|
|upkeep
|
|t:|1757873271
|switch|p1a: Dusclops|Dusclops, M|100/100
|-item|p2a: Landorus|Rocky Helmet|[from] ability: Frisk|[of] p1a: Dusclops
|turn|8
|
|t:|1757873278
|move|p2a: Landorus|Taunt|p1a: Dusclops
|-start|p1a: Dusclops|move: Taunt
|move|p1a: Dusclops|Night Shade|p2a: Landorus
|-damage|p2a: Landorus|9/100
|
|upkeep
|turn|9
|
|t:|1757873284
|move|p2a: Landorus|U-turn|p1a: Dusclops
|-resisted|p1a: Dusclops
|-damage|p1a: Dusclops|95/100
|
|t:|1757873291
|switch|p2a: Hoopa|Hoopa|100/100|[from] U-turn
|move|p1a: Dusclops|Night Shade|p2a: Hoopa
|-damage|p2a: Hoopa|69/100
|
|upkeep
|turn|10
|
|t:|1757873298
|move|p2a: Hoopa|Substitute|p2a: Hoopa
|-start|p2a: Hoopa|Substitute
|-damage|p2a: Hoopa|44/100
|-enditem|p2a: Hoopa|Sitrus Berry|[eat]
|-heal|p2a: Hoopa|69/100|[from] item: Sitrus Berry
|move|p1a: Dusclops|Night Shade|p2a: Hoopa
|-end|p2a: Hoopa|Substitute
|
|-end|p1a: Dusclops|move: Taunt
|upkeep
|turn|11
|
|t:|1757873318
|switch|p2a: Kingambit|Kingambit, F|100/100
|move|p1a: Dusclops|Night Shade|p2a: Kingambit
|-damage|p2a: Kingambit|71/100
|
|upkeep
|turn|12
|
|t:|1757873323
|move|p2a: Kingambit|Kowtow Cleave|p1a: Dusclops
|-supereffective|p1a: Dusclops
|-crit|p1a: Dusclops
|-damage|p1a: Dusclops|0 fnt
|faint|p1a: Dusclops
|
|upkeep
|
|t:|1757873330
|switch|p1a: Flamigo|Flamigo, M|100/100
|turn|13
|
|t:|1757873341
|switch|p2a: Landorus|Landorus-Therian, M, shiny|9/100
|-ability|p2a: Landorus|Intimidate|boost
|-fail|p1a: Flamigo|unboost|Attack|[from] ability: Scrappy|[of] p1a: Flamigo
|move|p1a: Flamigo|Close Combat|p2a: Landorus
|-resisted|p2a: Landorus
|-damage|p2a: Landorus|0 fnt
|-unboost|p1a: Flamigo|def|1
|-unboost|p1a: Flamigo|spd|1
|-damage|p1a: Flamigo|84/100|[from] item: Rocky Helmet|[of] p2a: Landorus
|faint|p2a: Landorus
|
|upkeep
|
|t:|1757873358
|switch|p2a: Weezing|Weezing-Galar, M, shiny|100/100
|-ability|p2a: Weezing|Neutralizing Gas
|turn|14
|
|t:|1757873365
|switch|p1a: Blissey|Blissey, F|100/100
|move|p2a: Weezing|Strange Steam|p1a: Blissey|[miss]
|-miss|p2a: Weezing|p1a: Blissey
|
|upkeep
|turn|15
|
|t:|1757873370
|-end|p2a: Weezing|ability: Neutralizing Gas
|switch|p2a: Hoopa|Hoopa|69/100
|move|p1a: Blissey|Thunder Wave|p2a: Hoopa
|-status|p2a: Hoopa|par
|
|upkeep
|turn|16
|
|t:|1757873377
|switch|p1a: Darkrai|Darkrai|100/100
|cant|p2a: Hoopa|par
|
|upkeep
|turn|17
|
|t:|1757873394
|switch|p2a: Raging Bolt|Raging Bolt|100/100
|move|p1a: Darkrai|Dark Pulse|p2a: Raging Bolt
|-damage|p2a: Raging Bolt|60/100
|
|upkeep
|turn|18
|
|t:|1757873401
|move|p1a: Darkrai|Dark Pulse|p2a: Raging Bolt
|-damage|p2a: Raging Bolt|21/100
|move|p2a: Raging Bolt|Volt Switch|p1a: Darkrai
|-damage|p1a: Darkrai|50/100
|
|t:|1757873410
|-end|p2a: Raging Bolt|Protosynthesis|[silent]
|switch|p2a: Zamazenta|Zamazenta, shiny|100/100|[from] Volt Switch
|-ability|p2a: Zamazenta|Dauntless Shield|boost
|-boost|p2a: Zamazenta|def|1
|
|upkeep
|turn|19
|
|t:|1757873418
|switch|p1a: Flamigo|Flamigo, M|84/100
|move|p2a: Zamazenta|Close Combat|p1a: Flamigo
|-resisted|p1a: Flamigo
|-damage|p1a: Flamigo|40/100
|-unboost|p2a: Zamazenta|def|1
|-unboost|p2a: Zamazenta|spd|1
|
|upkeep
|turn|20
|
|t:|1757873426
|move|p1a: Flamigo|Brave Bird|p2a: Zamazenta
|-supereffective|p2a: Zamazenta
|-damage|p2a: Zamazenta|0 fnt
|faint|p2a: Zamazenta
|-damage|p1a: Flamigo|5/100|[from] Recoil
|
|upkeep
|
|t:|1757873433
|switch|p2a: Kingambit|Kingambit, F|71/100
|turn|21
|
|t:|1757873443
|switch|p1a: Blissey|Blissey, F|100/100
|move|p2a: Kingambit|Kowtow Cleave|p1a: Blissey
|-damage|p1a: Blissey|38/100
|
|-heal|p1a: Blissey|44/100|[from] item: Leftovers
|upkeep
|turn|22
|
|t:|1757873453
|move|p2a: Kingambit|Kowtow Cleave|p1a: Blissey
|-damage|p1a: Blissey|0 fnt
|faint|p1a: Blissey
|
|upkeep
|
|t:|1757873464
|switch|p1a: Flamigo|Flamigo, M|5/100
|turn|23
|
|t:|1757873471
|switch|p2a: Hoopa|Hoopa|69/100 par
|move|p1a: Flamigo|Upper Hand||[still]
|-fail|p1a: Flamigo
|
|upkeep
|turn|24
|
|t:|1757873484
|switch|p1a: Darkrai|Darkrai|50/100
|move|p2a: Hoopa|Drain Punch|p1a: Darkrai
|-supereffective|p1a: Darkrai
|-damage|p1a: Darkrai|1/100
|-heal|p2a: Hoopa|91/100 par|[from] drain|[of] p1a: Darkrai
|-item|p2a: Hoopa|Choice Specs|[from] ability: Magician|[of] p1a: Darkrai
|
|upkeep
|turn|25
|
|t:|1757873498
|switch|p2a: Kingambit|Kingambit, F|71/100
|move|p1a: Darkrai|Dark Pulse|p2a: Kingambit
|-resisted|p2a: Kingambit
|-damage|p2a: Kingambit|45/100
|
|upkeep
|turn|26
|
|t:|1757873508
|move|p1a: Darkrai|Dark Pulse|p2a: Kingambit
|-resisted|p2a: Kingambit
|-damage|p2a: Kingambit|20/100
|cant|p2a: Kingambit|flinch
|
|upkeep
|turn|27
|
|t:|1757873514
|move|p2a: Kingambit|Sucker Punch|p1a: Darkrai
|-resisted|p1a: Darkrai
|-damage|p1a: Darkrai|0 fnt
|faint|p1a: Darkrai
|
|upkeep
|
|t:|1757873520
|switch|p1a: Flamigo|Flamigo, M|5/100
|turn|28
|
|t:|1757873525
|move|p2a: Kingambit|Sucker Punch|p1a: Flamigo
|-resisted|p1a: Flamigo
|-damage|p1a: Flamigo|0 fnt
|faint|p1a: Flamigo
|
|upkeep
|
|t:|1757873529
|switch|p1a: Polteageist|Polteageist|100/100
|turn|29
|
|t:|1757873545
|switch|p2a: Weezing|Weezing-Galar, M, shiny|100/100
|-ability|p2a: Weezing|Neutralizing Gas
|move|p1a: Polteageist|Shadow Ball|p2a: Weezing
|-damage|p2a: Weezing|34/100
|
|upkeep
|turn|30
|
|t:|1757873555
|move|p1a: Polteageist|Shell Smash|p1a: Polteageist
|-unboost|p1a: Polteageist|def|1
|-unboost|p1a: Polteageist|spd|1
|-boost|p1a: Polteageist|atk|2
|-boost|p1a: Polteageist|spa|2
|-boost|p1a: Polteageist|spe|2
|move|p2a: Weezing|Pain Split|p1a: Polteageist
|-sethp|p1a: Polteageist|72/100|[from] move: Pain Split|[silent]
|-sethp|p2a: Weezing|57/100|[from] move: Pain Split
|
|upkeep
|turn|31
|
|t:|1757873567
|move|p1a: Polteageist|Stored Power|p2a: Weezing
|-supereffective|p2a: Weezing
|-damage|p2a: Weezing|0 fnt
|faint|p2a: Weezing
|-end|p2a: Weezing|ability: Neutralizing Gas
|
|upkeep
|
|t:|1757873573
|switch|p2a: Hoopa|Hoopa|91/100 par
|turn|32
|
|t:|1757873585
|-terastallize|p2a: Hoopa|Fairy
|move|p1a: Polteageist|Giga Drain|p2a: Hoopa
|-damage|p2a: Hoopa|42/100 par
|-heal|p1a: Polteageist|100/100|[from] drain|[of] p2a: Hoopa
|cant|p2a: Hoopa|par
|
|upkeep
|turn|33
|
|t:|1757873594
|move|p1a: Polteageist|Giga Drain|p2a: Hoopa
|-damage|p2a: Hoopa|0 fnt
|faint|p2a: Hoopa
|
|upkeep
|
|t:|1757873600
|switch|p2a: Kingambit|Kingambit, F|20/100
|turn|34
|
|t:|1757873609
|-terastallize|p1a: Polteageist|Normal
|move|p2a: Kingambit|Sucker Punch|p1a: Polteageist
|-enditem|p1a: Polteageist|Focus Sash
|-damage|p1a: Polteageist|1/100
|-ability|p1a: Polteageist|Weak Armor|boost
|-unboost|p1a: Polteageist|def|1
|-boost|p1a: Polteageist|spe|2
|move|p1a: Polteageist|Shadow Ball|p2a: Kingambit
|-resisted|p2a: Kingambit
|-damage|p2a: Kingambit|0 fnt
|faint|p2a: Kingambit
|
|upkeep
|
|t:|1757873613
|switch|p2a: Raging Bolt|Raging Bolt|21/100
|turn|35
|
|t:|1757873622
|move|p2a: Raging Bolt|Thunderclap||[still]
|-fail|p2a: Raging Bolt
|move|p1a: Polteageist|Shell Smash|p1a: Polteageist
|-unboost|p1a: Polteageist|def|1
|-unboost|p1a: Polteageist|spd|1
|-boost|p1a: Polteageist|atk|2
|-boost|p1a: Polteageist|spa|2
|-boost|p1a: Polteageist|spe|2
|
|upkeep
|turn|36
|
|t:|1757873639
|move|p2a: Raging Bolt|Thunderclap|p1a: Polteageist
|-damage|p1a: Polteageist|0 fnt
|faint|p1a: Polteageist
|
|win|nicolider
|raw|Team BBIO 38's rating: 1376 &rarr; <strong>1353</strong><br />(-23 for losing)
|raw|nicolider's rating: 1329 &rarr; <strong>1352</strong><br />(+23 for winning)
|l|☆Team BBIO 38
|player|p1|
|l| knoe
|l|☆nicolider
|player|p2|
