|j|☆2011 jonah hill
|j|☆cyan maple
|t:|1757825861
|gametype|singles
|player|p1|2011 jonah hill|101|1493
|player|p2|cyan maple|n-masters|1487
|gen|9
|tier|[Gen 9] OU
|rated|
|rule|HP Percentage Mod: HP is shown in percentages
|rule|Endless Battle Clause: Forcing endless battles is banned
|rule|Species Clause: Limit one of each Pokémon
|rule|OHKO Clause: OHKO moves are banned
|rule|Evasion Items Clause: Evasion items are banned
|rule|Evasion Moves Clause: Evasion moves are banned
|rule|Evasion Abilities Clause: Evasion abilities are banned
|rule|Sleep Moves Clause: Sleep-inducing moves are banned
|clearpoke
|poke|p1|Weezing-Galar, F|
|poke|p1|Gliscor, F|
|poke|p1|Slowking, F|
|poke|p1|Kingambit, F|
|poke|p1|Zamazenta-*|
|poke|p1|Garganacl, F|
|poke|p2|Pecharunt|
|poke|p2|Great Tusk|
|poke|p2|Ogerpon-Wellspring, F|
|poke|p2|Iron Crown|
|poke|p2|Landorus-Therian, M|
|poke|p2|Samurott-Hisui, F|
|teampreview
|
|t:|1757825882
|teamsize|p1|6
|teamsize|p2|6
|start
|switch|p1a: Gliscor|Gliscor, F|100/100
|switch|p2a: Samurott|Samurott-Hisui, F|100/100
|turn|1
|
|t:|1757825888
|move|p1a: Gliscor|Protect|p1a: Gliscor
|-singleturn|p1a: Gliscor|Protect
|move|p2a: Samurott|Ceaseless Edge|p1a: Gliscor
|-activate|p1a: Gliscor|move: Protect
|
|-status|p1a: Gliscor|tox|[from] item: Toxic Orb
|upkeep
|turn|2
|
|t:|1757825897
|switch|p1a: Weezing|Weezing-Galar, F|100/100
|-ability|p1a: Weezing|Neutralizing Gas
|move|p2a: Samurott|Ceaseless Edge|p1a: Weezing|[miss]
|-miss|p2a: Samurott|p1a: Weezing
|
|upkeep
|turn|3
|inactive|Battle timer is ON: inactive players will automatically lose when time's up. (requested by cyan maple)
|
|t:|1757825902
|move|p2a: Samurott|Flip Turn|p1a: Weezing
|-damage|p1a: Weezing|82/100
|
|t:|1757825907
|switch|p2a: Iron Crown|Iron Crown|100/100|[from] Flip Turn
|move|p1a: Weezing|Will-O-Wisp|p2a: Iron Crown
|-status|p2a: Iron Crown|brn
|
|-damage|p2a: Iron Crown|94/100 brn|[from] brn
|upkeep
|turn|4
|
|t:|1757825914
|-end|p1a: Weezing|ability: Neutralizing Gas
|switch|p1a: Slowking|Slowking, F|100/100
|move|p2a: Iron Crown|Tachyon Cutter|p1a: Slowking
|-resisted|p1a: Slowking
|-damage|p1a: Slowking|90/100
|-resisted|p1a: Slowking
|-damage|p1a: Slowking|79/100
|-hitcount|p1a: Slowking|2
|
|-damage|p2a: Iron Crown|88/100 brn|[from] brn
|upkeep
|turn|5
|
|t:|1757825920
|-end|p2a: Iron Crown|Quark Drive|[silent]
|switch|p2a: Samurott|Samurott-Hisui, F|100/100
|-prepare|p1a: Slowking|Chilly Reception|[premajor]
|move|p1a: Slowking|Chilly Reception|p1a: Slowking
|-weather|Snowscape
|
|t:|1757825924
|switch|p1a: Weezing|Weezing-Galar, F|82/100|[from] Chilly Reception
|-ability|p1a: Weezing|Neutralizing Gas
|
|-weather|Snowscape|[upkeep]
|upkeep
|turn|6
|
|t:|1757825926
|move|p2a: Samurott|Flip Turn|p1a: Weezing
|-damage|p1a: Weezing|63/100
|
|t:|1757825929
|switch|p2a: Iron Crown|Iron Crown|88/100 brn|[from] Flip Turn
|move|p1a: Weezing|Strange Steam|p2a: Iron Crown
|-resisted|p2a: Iron Crown
|-damage|p2a: Iron Crown|74/100 brn
|
|-weather|Snowscape|[upkeep]
|-damage|p2a: Iron Crown|68/100 brn|[from] brn
|upkeep
|turn|7
|
|t:|1757825933
|-end|p1a: Weezing|ability: Neutralizing Gas
|switch|p1a: Slowking|Slowking, F|100/100
|move|p2a: Iron Crown|Volt Switch|p1a: Slowking
|-supereffective|p1a: Slowking
|-damage|p1a: Slowking|60/100
|
|t:|1757825936
|-end|p2a: Iron Crown|Quark Drive|[silent]
|switch|p2a: Samurott|Samurott-Hisui, F|100/100|[from] Volt Switch
|
|-weather|Snowscape|[upkeep]
|upkeep
|turn|8
|
|t:|1757825943
|switch|p1a: Zamazenta|Zamazenta|100/100
|-ability|p1a: Zamazenta|Dauntless Shield|boost
|-boost|p1a: Zamazenta|def|1
|move|p2a: Samurott|Ceaseless Edge|p1a: Zamazenta
|-resisted|p1a: Zamazenta
|-damage|p1a: Zamazenta|88/100
|-sidestart|p1: 2011 jonah hill|Spikes
|
|-weather|Snowscape|[upkeep]
|upkeep
|turn|9
|
|t:|1757825952
|switch|p2a: Pecharunt|Pecharunt|100/100
|move|p1a: Zamazenta|Crunch|p2a: Pecharunt
|-supereffective|p2a: Pecharunt
|-damage|p2a: Pecharunt|77/100
|-damage|p1a: Zamazenta|71/100|[from] item: Rocky Helmet|[of] p2a: Pecharunt
|
|-weather|none
|upkeep
|turn|10
|
|t:|1757825967
|switch|p1a: Garganacl|Garganacl, F|100/100
|-damage|p1a: Garganacl|88/100|[from] Spikes
|move|p2a: Pecharunt|Parting Shot|p1a: Garganacl
|-unboost|p1a: Garganacl|atk|1
|-unboost|p1a: Garganacl|spa|1
|
|t:|1757825972
|switch|p2a: Iron Crown|Iron Crown|68/100 brn|[from] Parting Shot
|
|-heal|p1a: Garganacl|94/100|[from] item: Leftovers
|-damage|p2a: Iron Crown|62/100 brn|[from] brn
|upkeep
|turn|11
|
|t:|1757825979
|move|p1a: Garganacl|Protect|p1a: Garganacl
|-singleturn|p1a: Garganacl|Protect
|move|p2a: Iron Crown|Tachyon Cutter|p1a: Garganacl
|-activate|p1a: Garganacl|move: Protect
|
|-heal|p1a: Garganacl|100/100|[from] item: Leftovers
|-damage|p2a: Iron Crown|55/100 brn|[from] brn
|upkeep
|turn|12
|
|t:|1757825989
|-end|p2a: Iron Crown|Quark Drive|[silent]
|switch|p2a: Samurott|Samurott-Hisui, F|100/100
|move|p1a: Garganacl|Salt Cure|p2a: Samurott
|-damage|p2a: Samurott|89/100
|-start|p2a: Samurott|Salt Cure
|
|-damage|p2a: Samurott|64/100|[from] Salt Cure
|upkeep
|turn|13
|
|t:|1757825995
|switch|p2a: Ogerpon|Ogerpon-Wellspring, F|100/100
|move|p1a: Garganacl|Protect||[still]
|-fail|p1a: Garganacl
|
|upkeep
|turn|14
|
|t:|1757826000
|switch|p1a: Weezing|Weezing-Galar, F|63/100
|-ability|p1a: Weezing|Neutralizing Gas
|move|p2a: Ogerpon|Swords Dance|p2a: Ogerpon
|-boost|p2a: Ogerpon|atk|2
|
|upkeep
|turn|15
|
|t:|1757826005
|move|p2a: Ogerpon|Ivy Cudgel|p1a: Weezing|[anim] Ivy Cudgel Water
|-damage|p1a: Weezing|0 fnt
|faint|p1a: Weezing
|-end|p1a: Weezing|ability: Neutralizing Gas
|
|upkeep
|
|t:|1757826012
|switch|p1a: Zamazenta|Zamazenta|71/100
|turn|16
|
|t:|1757826016
|switch|p2a: Pecharunt|Pecharunt|77/100
|move|p1a: Zamazenta|Close Combat|p2a: Pecharunt
|-immune|p2a: Pecharunt
|
|upkeep
|turn|17
|
|t:|1757826021
|switch|p1a: Garganacl|Garganacl, F|100/100
|-damage|p1a: Garganacl|88/100|[from] Spikes
|move|p2a: Pecharunt|Parting Shot|p1a: Garganacl
|-unboost|p1a: Garganacl|atk|1
|-unboost|p1a: Garganacl|spa|1
|
|t:|1757826023
|switch|p2a: Ogerpon|Ogerpon-Wellspring, F|100/100|[from] Parting Shot
|
|-heal|p1a: Garganacl|94/100|[from] item: Leftovers
|upkeep
|turn|18
|
|t:|1757826027
|move|p2a: Ogerpon|Ivy Cudgel|p1a: Garganacl|[anim] Ivy Cudgel Water
|-supereffective|p1a: Garganacl
|-damage|p1a: Garganacl|24/100
|move|p1a: Garganacl|Salt Cure|p2a: Ogerpon
|-damage|p2a: Ogerpon|91/100
|-start|p2a: Ogerpon|Salt Cure
|
|-heal|p1a: Garganacl|31/100|[from] item: Leftovers
|-damage|p2a: Ogerpon|66/100|[from] Salt Cure
|upkeep
|turn|19
|
|t:|1757826033
|switch|p2a: Samurott|Samurott-Hisui, F|64/100
|move|p1a: Garganacl|Recover|p1a: Garganacl
|-heal|p1a: Garganacl|81/100
|
|-heal|p1a: Garganacl|87/100|[from] item: Leftovers
|upkeep
|turn|20
|
|t:|1757826038
|switch|p1a: Zamazenta|Zamazenta|71/100
|move|p2a: Samurott|Ceaseless Edge|p1a: Zamazenta
|-resisted|p1a: Zamazenta
|-damage|p1a: Zamazenta|51/100
|-sidestart|p1: 2011 jonah hill|Spikes
|
|upkeep
|turn|21
|
|t:|1757826045
|switch|p1a: Slowking|Slowking, F|93/100
|switch|p2a: Landorus|Landorus-Therian, M|100/100
|-ability|p2a: Landorus|Intimidate|boost
|-unboost|p1a: Slowking|atk|1
|
|upkeep
|turn|22
|
|t:|1757826048
|move|p2a: Landorus|U-turn|p1a: Slowking
|-supereffective|p1a: Slowking
|-damage|p1a: Slowking|33/100
|
|t:|1757826051
|switch|p2a: Pecharunt|Pecharunt|77/100|[from] U-turn
|move|p1a: Slowking|Future Sight|p2a: Pecharunt
|-start|p1a: Slowking|move: Future Sight
|
|upkeep
|turn|23
|
|t:|1757826057
|move|p2a: Pecharunt|Foul Play|p1a: Slowking
|-supereffective|p1a: Slowking
|-damage|p1a: Slowking|12/100
|-prepare|p1a: Slowking|Chilly Reception|[premajor]
|move|p1a: Slowking|Chilly Reception|p1a: Slowking
|-weather|Snowscape
|
|t:|1757826067
|switch|p1a: Kingambit|Kingambit, F|100/100|[from] Chilly Reception
|-activate|p1a: Kingambit|ability: Supreme Overlord
|-start|p1a: Kingambit|fallen1|[silent]
|-item|p1a: Kingambit|Air Balloon
|
|-weather|Snowscape|[upkeep]
|upkeep
|turn|24
|
|t:|1757826072
|move|p2a: Pecharunt|Parting Shot|p1a: Kingambit
|-unboost|p1a: Kingambit|atk|1
|-unboost|p1a: Kingambit|spa|1
|
|t:|1757826074
|switch|p2a: Landorus|Landorus-Therian, M|100/100|[from] Parting Shot
|-ability|p2a: Landorus|Intimidate|boost
|-unboost|p1a: Kingambit|atk|1
|move|p1a: Kingambit|Swords Dance|p1a: Kingambit
|-boost|p1a: Kingambit|atk|2
|
|-weather|Snowscape|[upkeep]
|-end|p2a: Landorus|move: Future Sight
|-damage|p2a: Landorus|49/100
|upkeep
|turn|25
|
|t:|1757826081
|-end|p1a: Kingambit|fallen1|[silent]
|switch|p1a: Gliscor|Gliscor, F|100/100 tox
|move|p2a: Landorus|Earthquake|p1a: Gliscor
|-immune|p1a: Gliscor
|
|-weather|Snowscape|[upkeep]
|upkeep
|turn|26
|
|t:|1757826088
|switch|p2a: Samurott|Samurott-Hisui, F|64/100
|move|p1a: Gliscor|Swords Dance|p1a: Gliscor
|-boost|p1a: Gliscor|atk|2
|
|-weather|Snowscape|[upkeep]
|upkeep
|turn|27
|
|t:|1757826092
|move|p2a: Samurott|Ceaseless Edge|p1a: Gliscor
|-damage|p1a: Gliscor|60/100 tox
|-sidestart|p1: 2011 jonah hill|Spikes
|move|p1a: Gliscor|Earthquake|p2a: Samurott
|-damage|p2a: Samurott|0 fnt
|faint|p2a: Samurott
|
|-weather|none
|-heal|p1a: Gliscor|73/100 tox|[from] ability: Poison Heal
|upkeep
|
|t:|1757826095
|switch|p2a: Ogerpon|Ogerpon-Wellspring, F|66/100
|turn|28
|
|t:|1757826101
|switch|p2a: Landorus|Landorus-Therian, M|49/100
|-ability|p2a: Landorus|Intimidate|boost
|-unboost|p1a: Gliscor|atk|1
|switch|p1a: Zamazenta|Zamazenta|51/100
|
|upkeep
|turn|29
|
|t:|1757826109
|-terastallize|p2a: Landorus|Flying
|move|p2a: Landorus|Tera Blast|p1a: Zamazenta|[anim] Tera Blast Flying
|-supereffective|p1a: Zamazenta
|-damage|p1a: Zamazenta|0 fnt
|faint|p1a: Zamazenta
|
|upkeep
|
|t:|1757826114
|switch|p1a: Garganacl|Garganacl, F|87/100
|-damage|p1a: Garganacl|62/100|[from] Spikes
|turn|30
|
|t:|1757826117
|switch|p2a: Great Tusk|Great Tusk|100/100
|-enditem|p2a: Great Tusk|Booster Energy
|-activate|p2a: Great Tusk|ability: Protosynthesis|[fromitem]
|-start|p2a: Great Tusk|protosynthesisspe
|move|p1a: Garganacl|Salt Cure|p2a: Great Tusk
|-resisted|p2a: Great Tusk
|-damage|p2a: Great Tusk|98/100
|-start|p2a: Great Tusk|Salt Cure
|
|-heal|p1a: Garganacl|68/100|[from] item: Leftovers
|-damage|p2a: Great Tusk|86/100|[from] Salt Cure
|upkeep
|turn|31
|
|t:|1757826122
|move|p1a: Garganacl|Protect|p1a: Garganacl
|-singleturn|p1a: Garganacl|Protect
|move|p2a: Great Tusk|Stealth Rock|p1a: Garganacl
|-sidestart|p1: 2011 jonah hill|move: Stealth Rock
|
|-heal|p1a: Garganacl|74/100|[from] item: Leftovers
|-damage|p2a: Great Tusk|73/100|[from] Salt Cure
|upkeep
|turn|32
|
|t:|1757826128
|-end|p2a: Great Tusk|Protosynthesis|[silent]
|switch|p2a: Ogerpon|Ogerpon-Wellspring, F|66/100
|move|p1a: Garganacl|Stealth Rock|p2a: Ogerpon
|-sidestart|p2: cyan maple|move: Stealth Rock
|
|-heal|p1a: Garganacl|81/100|[from] item: Leftovers
|upkeep
|turn|33
|
|t:|1757826133
|-terastallize|p1a: Garganacl|Water
|move|p2a: Ogerpon|Ivy Cudgel|p1a: Garganacl|[anim] Ivy Cudgel Water
|-resisted|p1a: Garganacl
|-crit|p1a: Garganacl
|-damage|p1a: Garganacl|54/100
|move|p1a: Garganacl|Salt Cure|p2a: Ogerpon
|-damage|p2a: Ogerpon|52/100
|-start|p2a: Ogerpon|Salt Cure
|
|-heal|p1a: Garganacl|61/100|[from] item: Leftovers
|-damage|p2a: Ogerpon|27/100|[from] Salt Cure
|upkeep
|turn|34
|
|t:|1757826140
|switch|p2a: Great Tusk|Great Tusk|73/100
|-damage|p2a: Great Tusk|70/100|[from] Stealth Rock
|move|p1a: Garganacl|Recover|p1a: Garganacl
|-heal|p1a: Garganacl|100/100
|
|upkeep
|turn|35
|
|t:|1757826143
|move|p2a: Great Tusk|Rapid Spin|p1a: Garganacl
|-damage|p1a: Garganacl|91/100
|-boost|p2a: Great Tusk|spe|1
|-sideend|p2: cyan maple|Stealth Rock|[from] move: Rapid Spin|[of] p2a: Great Tusk
|move|p1a: Garganacl|Salt Cure|p2a: Great Tusk
|-resisted|p2a: Great Tusk
|-damage|p2a: Great Tusk|68/100
|-start|p2a: Great Tusk|Salt Cure
|
|-heal|p1a: Garganacl|97/100|[from] item: Leftovers
|-damage|p2a: Great Tusk|56/100|[from] Salt Cure
|upkeep
|turn|36
|
|t:|1757826146
|move|p2a: Great Tusk|Knock Off|p1a: Garganacl
|-crit|p1a: Garganacl
|-damage|p1a: Garganacl|68/100
|-enditem|p1a: Garganacl|Leftovers|[from] move: Knock Off|[of] p2a: Great Tusk
|move|p1a: Garganacl|Salt Cure|p2a: Great Tusk
|-resisted|p2a: Great Tusk
|-damage|p2a: Great Tusk|53/100
|
|-damage|p2a: Great Tusk|41/100|[from] Salt Cure
|upkeep
|turn|37
|
|t:|1757826150
|-end|p2a: Great Tusk|Protosynthesis|[silent]
|switch|p2a: Pecharunt|Pecharunt|77/100
|move|p1a: Garganacl|Salt Cure|p2a: Pecharunt
|-damage|p2a: Pecharunt|70/100
|-start|p2a: Pecharunt|Salt Cure
|
|-damage|p2a: Pecharunt|58/100|[from] Salt Cure
|upkeep
|turn|38
|
|t:|1757826153
|switch|p2a: Iron Crown|Iron Crown|55/100 brn
|move|p1a: Garganacl|Recover|p1a: Garganacl
|-heal|p1a: Garganacl|100/100
|
|-damage|p2a: Iron Crown|49/100 brn|[from] brn
|upkeep
|turn|39
|
|t:|1757826156
|move|p1a: Garganacl|Protect|p1a: Garganacl
|-singleturn|p1a: Garganacl|Protect
|move|p2a: Iron Crown|Volt Switch|p1a: Garganacl
|-activate|p1a: Garganacl|move: Protect
|
|-damage|p2a: Iron Crown|43/100 brn|[from] brn
|upkeep
|turn|40
|
|t:|1757826160
|-end|p2a: Iron Crown|Quark Drive|[silent]
|switch|p2a: Ogerpon|Ogerpon-Wellspring, F|27/100
|move|p1a: Garganacl|Stealth Rock|p2a: Ogerpon
|-sidestart|p2: cyan maple|move: Stealth Rock
|
|upkeep
|turn|41
|
|t:|1757826164
|move|p1a: Garganacl|Protect|p1a: Garganacl
|-singleturn|p1a: Garganacl|Protect
|move|p2a: Ogerpon|Synthesis|p2a: Ogerpon
|-heal|p2a: Ogerpon|77/100
|
|upkeep
|turn|42
|
|t:|1757826168
|move|p2a: Ogerpon|Swords Dance|p2a: Ogerpon
|-boost|p2a: Ogerpon|atk|2
|move|p1a: Garganacl|Salt Cure|p2a: Ogerpon
|-damage|p2a: Ogerpon|65/100
|-start|p2a: Ogerpon|Salt Cure
|
|-damage|p2a: Ogerpon|40/100|[from] Salt Cure
|upkeep
|turn|43
|
|t:|1757826171
|move|p1a: Garganacl|Protect|p1a: Garganacl
|-singleturn|p1a: Garganacl|Protect
|move|p2a: Ogerpon|Synthesis|p2a: Ogerpon
|-heal|p2a: Ogerpon|90/100
|
|-damage|p2a: Ogerpon|65/100|[from] Salt Cure
|upkeep
|turn|44
|
|t:|1757826175
|switch|p1a: Slowking|Slowking, F|45/100
|move|p2a: Ogerpon|Trailblaze|p1a: Slowking
|-supereffective|p1a: Slowking
|-damage|p1a: Slowking|0 fnt
|-boost|p2a: Ogerpon|spe|1
|faint|p1a: Slowking
|
|-damage|p2a: Ogerpon|40/100|[from] Salt Cure
|upkeep
|
|t:|1757826181
|switch|p1a: Kingambit|Kingambit, F|100/100
|-damage|p1a: Kingambit|94/100|[from] Stealth Rock
|-activate|p1a: Kingambit|ability: Supreme Overlord
|-start|p1a: Kingambit|fallen3|[silent]
|-item|p1a: Kingambit|Air Balloon
|turn|45
|
|t:|1757826185
|switch|p2a: Pecharunt|Pecharunt|58/100
|-damage|p2a: Pecharunt|45/100|[from] Stealth Rock
|move|p1a: Kingambit|Kowtow Cleave|p2a: Pecharunt
|-supereffective|p2a: Pecharunt
|-damage|p2a: Pecharunt|0 fnt
|-damage|p1a: Kingambit|78/100|[from] item: Rocky Helmet|[of] p2a: Pecharunt
|faint|p2a: Pecharunt
|
|upkeep
|
|t:|1757826187
|switch|p2a: Great Tusk|Great Tusk|41/100
|-damage|p2a: Great Tusk|38/100|[from] Stealth Rock
|turn|46
|
|t:|1757826193
|-end|p1a: Kingambit|fallen3|[silent]
|switch|p1a: Garganacl|Garganacl, F, tera:Water|100/100
|-damage|p1a: Garganacl|76/100|[from] Spikes
|-damage|p1a: Garganacl|63/100|[from] Stealth Rock
|move|p2a: Great Tusk|Rapid Spin|p1a: Garganacl
|-damage|p1a: Garganacl|54/100
|-boost|p2a: Great Tusk|spe|1
|-sideend|p2: cyan maple|Stealth Rock|[from] move: Rapid Spin|[of] p2a: Great Tusk
|
|upkeep
|turn|47
|
|t:|1757826197
|move|p2a: Great Tusk|Headlong Rush|p1a: Garganacl
|-damage|p1a: Garganacl|21/100
|-unboost|p2a: Great Tusk|def|1
|-unboost|p2a: Great Tusk|spd|1
|move|p1a: Garganacl|Recover|p1a: Garganacl
|-heal|p1a: Garganacl|71/100
|
|upkeep
|turn|48
|
|t:|1757826207
|-end|p2a: Great Tusk|Protosynthesis|[silent]
|switch|p2a: Landorus|Landorus-Therian, M, tera:Flying|49/100
|-ability|p2a: Landorus|Intimidate|boost
|-unboost|p1a: Garganacl|atk|1
|move|p1a: Garganacl|Recover|p1a: Garganacl
|-heal|p1a: Garganacl|100/100
|
|upkeep
|turn|49
|
|t:|1757826209
|move|p1a: Garganacl|Protect|p1a: Garganacl
|-singleturn|p1a: Garganacl|Protect
|move|p2a: Landorus|Tera Blast|p1a: Garganacl|[anim] Tera Blast Flying
|-activate|p1a: Garganacl|move: Protect
|
|upkeep
|turn|50
|
|t:|1757826219
|move|p2a: Landorus|Tera Blast|p1a: Garganacl|[anim] Tera Blast Flying
|-damage|p1a: Garganacl|55/100
|move|p1a: Garganacl|Salt Cure|p2a: Landorus
|-supereffective|p2a: Landorus
|-damage|p2a: Landorus|27/100
|-start|p2a: Landorus|Salt Cure
|
|-damage|p2a: Landorus|15/100|[from] Salt Cure
|upkeep
|turn|51
|
|t:|1757826223
|switch|p2a: Iron Crown|Iron Crown|43/100 brn
|move|p1a: Garganacl|Recover|p1a: Garganacl
|-heal|p1a: Garganacl|100/100
|
|-damage|p2a: Iron Crown|37/100 brn|[from] brn
|upkeep
|turn|52
|
|t:|1757826226
|move|p1a: Garganacl|Protect|p1a: Garganacl
|-singleturn|p1a: Garganacl|Protect
|move|p2a: Iron Crown|Volt Switch|p1a: Garganacl
|-activate|p1a: Garganacl|move: Protect
|
|-damage|p2a: Iron Crown|30/100 brn|[from] brn
|upkeep
|turn|53
|
|t:|1757826230
|switch|p1a: Gliscor|Gliscor, F|73/100 tox
|-damage|p1a: Gliscor|60/100 tox|[from] Stealth Rock
|move|p2a: Iron Crown|Volt Switch|p1a: Gliscor
|-immune|p1a: Gliscor
|
|-heal|p1a: Gliscor|73/100 tox|[from] ability: Poison Heal
|-damage|p2a: Iron Crown|24/100 brn|[from] brn
|upkeep
|turn|54
|
|t:|1757826239
|-end|p2a: Iron Crown|Quark Drive|[silent]
|switch|p2a: Landorus|Landorus-Therian, M, tera:Flying|15/100
|-ability|p2a: Landorus|Intimidate|boost
|-unboost|p1a: Gliscor|atk|1
|move|p1a: Gliscor|Knock Off|p2a: Landorus
|-damage|p2a: Landorus|0 fnt
|-enditem|p2a: Landorus|Choice Scarf|[from] move: Knock Off|[of] p1a: Gliscor
|faint|p2a: Landorus
|
|-heal|p1a: Gliscor|85/100 tox|[from] ability: Poison Heal
|upkeep
|
|t:|1757826241
|switch|p2a: Ogerpon|Ogerpon-Wellspring, F|40/100
|turn|55
|
|t:|1757826252
|switch|p1a: Kingambit|Kingambit, F|78/100
|-damage|p1a: Kingambit|72/100|[from] Stealth Rock
|-activate|p1a: Kingambit|ability: Supreme Overlord
|-start|p1a: Kingambit|fallen3|[silent]
|-item|p1a: Kingambit|Air Balloon
|move|p2a: Ogerpon|Synthesis|p2a: Ogerpon
|-heal|p2a: Ogerpon|90/100
|
|upkeep
|turn|56
|
|t:|1757826261
|switch|p2a: Iron Crown|Iron Crown|24/100 brn
|move|p1a: Kingambit|Swords Dance|p1a: Kingambit
|-boost|p1a: Kingambit|atk|2
|
|-damage|p2a: Iron Crown|18/100 brn|[from] brn
|upkeep
|turn|57
|
|t:|1757826264
|move|p1a: Kingambit|Sucker Punch|p2a: Iron Crown
|-supereffective|p2a: Iron Crown
|-damage|p2a: Iron Crown|0 fnt
|faint|p2a: Iron Crown
|-end|p2a: Iron Crown|Quark Drive|[silent]
|
|upkeep
|
|t:|1757826267
|switch|p2a: Great Tusk|Great Tusk|38/100
|turn|58
|
|t:|1757826278
|move|p2a: Great Tusk|Knock Off|p1a: Kingambit
|-resisted|p1a: Kingambit
|-damage|p1a: Kingambit|62/100
|-enditem|p1a: Kingambit|Air Balloon
|move|p1a: Kingambit|Iron Head|p2a: Great Tusk
|-damage|p2a: Great Tusk|0 fnt
|faint|p2a: Great Tusk
|-end|p2a: Great Tusk|Protosynthesis|[silent]
|
|upkeep
|
|t:|1757826280
|switch|p2a: Ogerpon|Ogerpon-Wellspring, F|90/100
|turn|59
|
|t:|1757826284
|move|p2a: Ogerpon|Swords Dance|p2a: Ogerpon
|-boost|p2a: Ogerpon|atk|2
|move|p1a: Kingambit|Kowtow Cleave|p2a: Ogerpon
|-damage|p2a: Ogerpon|0 fnt
|faint|p2a: Ogerpon
|
|win|2011 jonah hill
|raw|2011 jonah hill's rating: 1493 &rarr; <strong>1513</strong><br />(+20 for winning)
|raw|cyan maple's rating: 1487 &rarr; <strong>1467</strong><br />(-20 for losing)
|l|☆cyan maple
|player|p2|
|l|☆2011 jonah hill
|player|p1|
