|j|☆NotClevey
|j|☆suprya
|t:|1757903593
|gametype|singles
|player|p1|NotClevey|pryce|1479
|player|p2|suprya|preschooler|1649
|gen|9
|tier|[Gen 9] OU
|rated|
|rule|HP Percentage Mod: HP is shown in percentages
|rule|Endless Battle Clause: Forcing endless battles is banned
|rule|Species Clause: Limit one of each Pokémon
|rule|OHKO Clause: OHKO moves are banned
|rule|Evasion Items Clause: Evasion items are banned
|rule|Evasion Moves Clause: Evasion moves are banned
|rule|Evasion Abilities Clause: Evasion abilities are banned
|rule|Sleep Moves Clause: Sleep-inducing moves are banned
|clearpoke
|poke|p1|Walking Wake|
|poke|p1|Sandy Shocks|
|poke|p1|Torkoal, M|
|poke|p1|Dragonite, F|
|poke|p1|Corviknight, F|
|poke|p1|Alomomola, F|
|poke|p2|Samurott-Hisui, F|
|poke|p2|Fezandipiti, M|
|poke|p2|Zamazenta-*|
|poke|p2|Weavile, F|
|poke|p2|Corviknight, F|
|poke|p2|Palossand, M|
|teampreview
|inactive|Battle timer is ON: inactive players will automatically lose when time's up. (requested by suprya)
|inactive|NotClevey also wants the timer to be on.
|
|t:|1757903599
|teamsize|p1|6
|teamsize|p2|6
|start
|switch|p1a: 储水硬接流星群|Walking Wake|100/100
|switch|p2a: Palossand|Palossand, M|100/100
|turn|1
|
|t:|1757903606
|switch|p2a: Fezandipiti|Fezandipiti, M|100/100
|move|p1a: 储水硬接流星群|Draco Meteor|p2a: Fezandipiti
|-immune|p2a: Fezandipiti
|
|upkeep
|turn|2
|
|t:|1757903610
|-end|p1a: 储水硬接流星群|Protosynthesis|[silent]
|switch|p1a: 钢骑士|Corviknight, F, shiny|100/100
|move|p2a: Fezandipiti|Nasty Plot|p2a: Fezandipiti
|-boost|p2a: Fezandipiti|spa|2
|
|upkeep
|turn|3
|
|t:|1757903616
|move|p2a: Fezandipiti|Nasty Plot|p2a: Fezandipiti
|-boost|p2a: Fezandipiti|spa|2
|move|p1a: 钢骑士|U-turn|p2a: Fezandipiti
|-resisted|p2a: Fezandipiti
|-damage|p2a: Fezandipiti|96/100
|
|t:|1757903627
|switch|p1a: 地鸣雷震寒意生|Sandy Shocks, shiny|100/100|[from] U-turn
|
|-heal|p2a: Fezandipiti|100/100|[from] item: Leftovers
|upkeep
|turn|4
|
|t:|1757903641
|move|p1a: 地鸣雷震寒意生|Earth Power|p2a: Fezandipiti
|-supereffective|p2a: Fezandipiti
|-damage|p2a: Fezandipiti|13/100
|move|p2a: Fezandipiti|Moonblast|p1a: 地鸣雷震寒意生
|-damage|p1a: 地鸣雷震寒意生|0 fnt
|faint|p1a: 地鸣雷震寒意生
|-end|p1a: 地鸣雷震寒意生|Protosynthesis|[silent]
|
|-heal|p2a: Fezandipiti|19/100|[from] item: Leftovers
|upkeep
|
|t:|1757903649
|switch|p1a: 储水硬接流星群|Walking Wake|100/100
|turn|5
|
|t:|1757903653
|switch|p2a: Samurott|Samurott-Hisui, F|100/100
|move|p1a: 储水硬接流星群|Hydro Steam|p2a: Samurott
|-resisted|p2a: Samurott
|-damage|p2a: Samurott|63/100
|
|upkeep
|turn|6
|
|t:|1757903661
|-end|p1a: 储水硬接流星群|Protosynthesis|[silent]
|switch|p1a: 钢骑士|Corviknight, F, shiny|100/100
|move|p2a: Samurott|Ceaseless Edge|p1a: 钢骑士
|-damage|p1a: 钢骑士|60/100
|-sidestart|p1: NotClevey|Spikes
|
|upkeep
|turn|7
|
|t:|1757903667
|move|p2a: Samurott|Ceaseless Edge|p1a: 钢骑士
|-damage|p1a: 钢骑士|21/100
|-sidestart|p1: NotClevey|Spikes
|move|p1a: 钢骑士|U-turn|p2a: Samurott
|-supereffective|p2a: Samurott
|-damage|p2a: Samurott|33/100
|
|t:|1757903677
|switch|p1a: Dragonite-Mega|Dragonite, F|100/100|[from] U-turn
|
|upkeep
|turn|8
|
|t:|1757903684
|move|p1a: Dragonite-Mega|Dragon Dance|p1a: Dragonite-Mega
|-boost|p1a: Dragonite-Mega|atk|1
|-boost|p1a: Dragonite-Mega|spe|1
|move|p2a: Samurott|Encore|p1a: Dragonite-Mega
|-start|p1a: Dragonite-Mega|Encore
|
|upkeep
|turn|9
|
|t:|1757903696
|switch|p2a: Weavile|Weavile, F|100/100
|-ability|p2a: Weavile|Pressure
|move|p1a: Dragonite-Mega|Dragon Dance|p1a: Dragonite-Mega
|-boost|p1a: Dragonite-Mega|atk|1
|-boost|p1a: Dragonite-Mega|spe|1
|
|upkeep
|turn|10
|
|t:|1757903703
|-terastallize|p1a: Dragonite-Mega|Normal
|move|p1a: Dragonite-Mega|Dragon Dance|p1a: Dragonite-Mega
|-boost|p1a: Dragonite-Mega|atk|1
|-boost|p1a: Dragonite-Mega|spe|1
|move|p2a: Weavile|Triple Axel|p1a: Dragonite-Mega
|-damage|p1a: Dragonite-Mega|95/100
|-damage|p1a: Dragonite-Mega|72/100
|-damage|p1a: Dragonite-Mega|38/100
|-hitcount|p1a: Dragonite-Mega|3
|
|-heal|p1a: Dragonite-Mega|44/100|[from] item: Leftovers
|upkeep
|turn|11
|
|t:|1757903716
|move|p1a: Dragonite-Mega|Dragon Dance|p1a: Dragonite-Mega
|-boost|p1a: Dragonite-Mega|atk|1
|-boost|p1a: Dragonite-Mega|spe|1
|move|p2a: Weavile|Low Kick|p1a: Dragonite-Mega
|-supereffective|p1a: Dragonite-Mega
|-damage|p1a: Dragonite-Mega|0 fnt
|faint|p1a: Dragonite-Mega
|
|upkeep
|-message|NotClevey forfeited.
|
|win|suprya
|raw|NotClevey's rating: 1479 &rarr; <strong>1468</strong><br />(-11 for losing)
|raw|suprya's rating: 1649 &rarr; <strong>1660</strong><br />(+11 for winning)
|l|☆NotClevey
|player|p1|
|l|☆suprya
|player|p2|
