|j|☆xingyi
|j|☆Itsn0t
|t:|1757841483
|gametype|singles
|player|p1|xingyi|lady|1246
|player|p2|Itsn0t|lance|1224
|gen|9
|tier|[Gen 9] OU
|rated|
|rule|HP Percentage Mod: HP is shown in percentages
|rule|Endless Battle Clause: Forcing endless battles is banned
|rule|Species Clause: Limit one of each Pokémon
|rule|OHKO Clause: OHKO moves are banned
|rule|Evasion Items Clause: Evasion items are banned
|rule|Evasion Moves Clause: Evasion moves are banned
|rule|Evasion Abilities Clause: Evasion abilities are banned
|rule|Sleep Moves Clause: Sleep-inducing moves are banned
|clearpoke
|poke|p1|Charjabug, F|
|poke|p1|Enamorus, F|
|poke|p1|Hoopa-Unbound|
|poke|p1|Clefable, F|
|poke|p1|Glimmora, M|
|poke|p1|Gholdengo|
|poke|p2|Gliscor, M|
|poke|p2|Gholdengo|
|poke|p2|Dragapult, M|
|poke|p2|Ogerpon-Wellspring, F|
|poke|p2|Great Tusk|
|poke|p2|Kingambit, M|
|teampreview
|
|t:|1757841505
|teamsize|p1|6
|teamsize|p2|6
|start
|switch|p1a: Enamorus|Enamorus, F|100/100
|switch|p2a: Gliscor|Gliscor, M|100/100
|turn|1
|
|t:|1757841522
|switch|p1a: Charjabug|Charjabug, F|100/100
|move|p2a: Gliscor|Stealth Rock|p1a: Charjabug
|-sidestart|p1: xingyi|move: Stealth Rock
|
|-status|p2a: Gliscor|tox|[from] item: Toxic Orb
|upkeep
|turn|2
|
|t:|1757841531
|move|p2a: Gliscor|Spikes|p1a: Charjabug
|-sidestart|p1: xingyi|Spikes
|move|p1a: Charjabug|Sticky Web|p2a: Gliscor
|-sidestart|p2: Itsn0t|move: Sticky Web
|
|upkeep
|turn|3
|
|t:|1757841537
|switch|p1a: Glimmora|Glimmora, M|100/100
|-damage|p1a: Glimmora|88/100|[from] Stealth Rock
|-damage|p1a: Glimmora|76/100|[from] Spikes
|move|p2a: Gliscor|Spikes|p1a: Glimmora
|-sidestart|p1: xingyi|Spikes
|
|upkeep
|turn|4
|
|t:|1757841546
|move|p1a: Glimmora|Mortal Spin|p2a: Gliscor
|-resisted|p2a: Gliscor
|-damage|p2a: Gliscor|99/100 tox
|-sideend|p1: xingyi|Spikes|[from] move: Mortal Spin|[of] p1a: Glimmora
|-sideend|p1: xingyi|Stealth Rock|[from] move: Mortal Spin|[of] p1a: Glimmora
|move|p2a: Gliscor|Spikes|p1a: Glimmora
|-sidestart|p1: xingyi|Spikes
|
|-heal|p2a: Gliscor|100/100 tox|[from] ability: Poison Heal
|upkeep
|turn|5
|
|t:|1757841556
|move|p1a: Glimmora|Mortal Spin|p2a: Gliscor
|-resisted|p2a: Gliscor
|-damage|p2a: Gliscor|99/100 tox
|-sideend|p1: xingyi|Spikes|[from] move: Mortal Spin|[of] p1a: Glimmora
|move|p2a: Gliscor|Toxic|p1a: Glimmora
|-immune|p1a: Glimmora
|
|-heal|p2a: Gliscor|100/100 tox|[from] ability: Poison Heal
|upkeep
|turn|6
|
|t:|1757841568
|move|p1a: Glimmora|Spikes|p2a: Gliscor
|-sidestart|p2: Itsn0t|Spikes
|move|p2a: Gliscor|Earthquake|p1a: Glimmora
|-supereffective|p1a: Glimmora
|-damage|p1a: Glimmora|0 fnt
|-activate|p1a: Glimmora|ability: Toxic Debris
|-sidestart|p2: Itsn0t|move: Toxic Spikes
|faint|p1a: Glimmora
|
|upkeep
|
|t:|1757841573
|switch|p1a: Hoopa|Hoopa-Unbound|100/100
|turn|7
|
|t:|1757841580
|move|p1a: Hoopa|Ice Punch|p2a: Gliscor
|-supereffective|p2a: Gliscor
|-damage|p2a: Gliscor|0 fnt
|faint|p2a: Gliscor
|
|upkeep
|
|t:|1757841587
|switch|p2a: Great Tusk|Great Tusk|100/100
|turn|8
|
|t:|1757841593
|switch|p1a: Enamorus|Enamorus, F|100/100
|move|p2a: Great Tusk|Rapid Spin|p1a: Enamorus
|-damage|p1a: Enamorus|73/100
|-boost|p2a: Great Tusk|spe|1
|-sideend|p2: Itsn0t|Spikes|[from] move: Rapid Spin|[of] p2a: Great Tusk
|-sideend|p2: Itsn0t|Toxic Spikes|[from] move: Rapid Spin|[of] p2a: Great Tusk
|-sideend|p2: Itsn0t|Sticky Web|[from] move: Rapid Spin|[of] p2a: Great Tusk
|
|upkeep
|turn|9
|
|t:|1757841609
|move|p1a: Enamorus|Superpower|p2a: Great Tusk
|-damage|p2a: Great Tusk|83/100
|-boost|p1a: Enamorus|atk|1
|-boost|p1a: Enamorus|def|1
|move|p2a: Great Tusk|Body Press|p1a: Enamorus
|-resisted|p1a: Enamorus
|-damage|p1a: Enamorus|59/100
|
|upkeep
|turn|10
|
|t:|1757841624
|move|p1a: Enamorus|Superpower|p2a: Great Tusk
|-damage|p2a: Great Tusk|56/100
|-boost|p1a: Enamorus|atk|1
|-boost|p1a: Enamorus|def|1
|move|p2a: Great Tusk|Knock Off|p1a: Enamorus
|-resisted|p1a: Enamorus
|-damage|p1a: Enamorus|47/100
|-enditem|p1a: Enamorus|Assault Vest|[from] move: Knock Off|[of] p2a: Great Tusk
|
|upkeep
|turn|11
|
|t:|1757841639
|move|p1a: Enamorus|Superpower|p2a: Great Tusk
|-damage|p2a: Great Tusk|21/100
|-boost|p1a: Enamorus|atk|1
|-boost|p1a: Enamorus|def|1
|move|p2a: Great Tusk|Ice Spinner|p1a: Enamorus
|-supereffective|p1a: Enamorus
|-damage|p1a: Enamorus|15/100
|
|upkeep
|turn|12
|
|t:|1757841648
|move|p1a: Enamorus|Superpower|p2a: Great Tusk
|-damage|p2a: Great Tusk|0 fnt
|-boost|p1a: Enamorus|atk|1
|-boost|p1a: Enamorus|def|1
|faint|p2a: Great Tusk
|-end|p2a: Great Tusk|Protosynthesis|[silent]
|
|upkeep
|
|t:|1757841668
|switch|p2a: Ogerpon|Ogerpon-Wellspring, F|100/100
|turn|13
|
|t:|1757841677
|move|p2a: Ogerpon|Ivy Cudgel|p1a: Enamorus|[anim] Ivy Cudgel Water
|-damage|p1a: Enamorus|0 fnt
|faint|p1a: Enamorus
|
|upkeep
|
|t:|1757841680
|switch|p1a: Charjabug|Charjabug, F|100/100
|turn|14
|
|t:|1757841691
|move|p2a: Ogerpon|Play Rough|p1a: Charjabug
|-damage|p1a: Charjabug|81/100
|move|p1a: Charjabug|Sticky Web|p2a: Ogerpon
|-sidestart|p2: Itsn0t|move: Sticky Web
|
|upkeep
|turn|15
|
|t:|1757841697
|move|p2a: Ogerpon|Taunt|p1a: Charjabug
|-start|p1a: Charjabug|move: Taunt
|cant|p1a: Charjabug|move: Taunt|Thunder Wave
|
|upkeep
|turn|16
|
|t:|1757841706
|switch|p2a: Gholdengo|Gholdengo|100/100
|-activate|p2a: Gholdengo|move: Sticky Web
|-unboost|p2a: Gholdengo|spe|1
|move|p1a: Charjabug|Volt Switch|p2a: Gholdengo
|-damage|p2a: Gholdengo|84/100
|
|t:|1757841712
|switch|p1a: Hoopa|Hoopa-Unbound|100/100|[from] Volt Switch
|
|-heal|p2a: Gholdengo|90/100|[from] item: Leftovers
|upkeep
|turn|17
|
|t:|1757841731
|-terastallize|p1a: Hoopa|Dark
|-terastallize|p2a: Gholdengo|Flying
|move|p1a: Hoopa|Hyperspace Fury|p2a: Gholdengo
|-damage|p2a: Gholdengo|0 fnt
|-unboost|p1a: Hoopa|def|1
|faint|p2a: Gholdengo
|
|upkeep
|
|t:|1757841750
|switch|p2a: Ogerpon|Ogerpon-Wellspring, F|100/100
|-activate|p2a: Ogerpon|move: Sticky Web
|-unboost|p2a: Ogerpon|spe|1
|turn|18
|
|t:|1757841755
|move|p1a: Hoopa|Hyperspace Fury|p2a: Ogerpon
|-damage|p2a: Ogerpon|0 fnt
|-unboost|p1a: Hoopa|def|1
|faint|p2a: Ogerpon
|
|upkeep
|
|t:|1757841764
|switch|p2a: Dragapult|Dragapult, M|100/100
|-activate|p2a: Dragapult|move: Sticky Web
|-unboost|p2a: Dragapult|spe|1
|turn|19
|
|t:|1757841775
|move|p1a: Hoopa|Hyperspace Fury|p2a: Dragapult
|-supereffective|p2a: Dragapult
|-damage|p2a: Dragapult|0 fnt
|-unboost|p1a: Hoopa|def|1
|faint|p2a: Dragapult
|
|upkeep
|
|t:|1757841782
|switch|p2a: Kingambit|Kingambit, M|100/100
|-activate|p2a: Kingambit|move: Sticky Web
|-unboost|p2a: Kingambit|spe|1
|-activate|p2a: Kingambit|ability: Supreme Overlord
|-start|p2a: Kingambit|fallen5|[silent]
|turn|20
|
|t:|1757841796
|switch|p1a: Charjabug|Charjabug, F|81/100
|move|p2a: Kingambit|Sucker Punch||[still]
|-fail|p2a: Kingambit
|
|upkeep
|turn|21
|
|t:|1757841802
|move|p1a: Charjabug|Thunder Wave|p2a: Kingambit
|-status|p2a: Kingambit|par
|move|p2a: Kingambit|Swords Dance|p2a: Kingambit
|-boost|p2a: Kingambit|atk|2
|
|upkeep
|turn|22
|
|t:|1757841814
|move|p1a: Charjabug|Light Screen|p1a: Charjabug
|-sidestart|p1: xingyi|move: Light Screen
|move|p2a: Kingambit|Kowtow Cleave|p1a: Charjabug
|-damage|p1a: Charjabug|0 fnt
|faint|p1a: Charjabug
|
|upkeep
|
|t:|1757841819
|switch|p1a: Hoopa|Hoopa-Unbound, tera:Dark|100/100
|turn|23
|
|t:|1757841828
|move|p2a: Kingambit|Sucker Punch|p1a: Hoopa
|-resisted|p1a: Hoopa
|-damage|p1a: Hoopa|0 fnt
|faint|p1a: Hoopa
|
|upkeep
|
|t:|1757841831
|switch|p1a: Clefable|Clefable, F|100/100
|turn|24
|
|t:|1757841836
|move|p1a: Clefable|Encore|p2a: Kingambit
|-start|p2a: Kingambit|Encore
|move|p2a: Kingambit|Sucker Punch||[still]
|-fail|p2a: Kingambit
|
|upkeep
|turn|25
|
|t:|1757841856
|move|p2a: Kingambit|Sucker Punch||[still]
|-fail|p2a: Kingambit
|move|p1a: Clefable|Calm Mind|p1a: Clefable
|-boost|p1a: Clefable|spa|1
|-boost|p1a: Clefable|spd|1
|
|upkeep
|turn|26
|
|t:|1757841864
|cant|p2a: Kingambit|par
|move|p1a: Clefable|Calm Mind|p1a: Clefable
|-boost|p1a: Clefable|spa|1
|-boost|p1a: Clefable|spd|1
|
|-end|p2a: Kingambit|Encore
|-sideend|p1: xingyi|move: Light Screen
|upkeep
|turn|27
|
|t:|1757841873
|move|p1a: Clefable|Encore|p2a: Kingambit
|-start|p2a: Kingambit|Encore
|move|p2a: Kingambit|Sucker Punch||[still]
|-fail|p2a: Kingambit
|
|upkeep
|turn|28
|
|t:|1757841879
|move|p2a: Kingambit|Sucker Punch||[still]
|-fail|p2a: Kingambit
|move|p1a: Clefable|Calm Mind|p1a: Clefable
|-boost|p1a: Clefable|spa|1
|-boost|p1a: Clefable|spd|1
|
|upkeep
|turn|29
|
|t:|1757841886
|cant|p2a: Kingambit|par
|move|p1a: Clefable|Calm Mind|p1a: Clefable
|-boost|p1a: Clefable|spa|1
|-boost|p1a: Clefable|spd|1
|
|-end|p2a: Kingambit|Encore
|upkeep
|turn|30
|
|t:|1757841894
|move|p1a: Clefable|Encore|p2a: Kingambit
|-start|p2a: Kingambit|Encore
|move|p2a: Kingambit|Sucker Punch||[still]
|-fail|p2a: Kingambit
|
|upkeep
|turn|31
|
|t:|1757841900
|move|p2a: Kingambit|Sucker Punch||[still]
|-fail|p2a: Kingambit
|move|p1a: Clefable|Calm Mind|p1a: Clefable
|-boost|p1a: Clefable|spa|1
|-boost|p1a: Clefable|spd|1
|
|-end|p2a: Kingambit|Encore
|upkeep
|turn|32
|
|t:|1757841908
|move|p1a: Clefable|Encore||[still]
|-fail|p1a: Clefable
|move|p2a: Kingambit|Brick Break|p1a: Clefable
|-resisted|p1a: Clefable
|-damage|p1a: Clefable|84/100
|
|-heal|p1a: Clefable|90/100|[from] item: Leftovers
|upkeep
|turn|33
|
|t:|1757841916
|move|p1a: Clefable|Moonblast|p2a: Kingambit
|-damage|p2a: Kingambit|1/100 par
|cant|p2a: Kingambit|par
|
|-heal|p1a: Clefable|96/100|[from] item: Leftovers
|upkeep
|turn|34
|
|t:|1757841924
|move|p1a: Clefable|Moonblast|p2a: Kingambit
|-damage|p2a: Kingambit|0 fnt
|faint|p2a: Kingambit
|-end|p2a: Kingambit|fallen5|[silent]
|
|win|xingyi
|raw|xingyi's rating: 1246 &rarr; <strong>1269</strong><br />(+23 for winning)
|raw|Itsn0t's rating: 1224 &rarr; <strong>1201</strong><br />(-23 for losing)
|l|☆Itsn0t
|player|p2|
|l|☆xingyi
|player|p1|
|j|☆xingyi
|player|p1|xingyi|lady|
|l|☆xingyi
|player|p1|
