|j|☆Random_UserFr
|j|☆arhg955
|t:|1757852665
|gametype|singles
|player|p1|Random_UserFr|265|1222
|player|p2|arhg955|lucas|1200
|gen|9
|tier|[Gen 9] OU
|rated|
|rule|HP Percentage Mod: HP is shown in percentages
|rule|Endless Battle Clause: Forcing endless battles is banned
|rule|Species Clause: Limit one of each Pokémon
|rule|OHKO Clause: OHKO moves are banned
|rule|Evasion Items Clause: Evasion items are banned
|rule|Evasion Moves Clause: Evasion moves are banned
|rule|Evasion Abilities Clause: Evasion abilities are banned
|rule|Sleep Moves Clause: Sleep-inducing moves are banned
|clearpoke
|poke|p1|Enamorus, F|
|poke|p1|Great Tusk|
|poke|p1|Iron Crown|
|poke|p1|Lokix, F|
|poke|p1|Alomomola, M|
|poke|p1|Pecharunt|
|poke|p2|Dragapult, M|
|poke|p2|Iron Valiant|
|poke|p2|Kingambit, F|
|poke|p2|Dragonite, M|
|poke|p2|Dondozo, F|
|poke|p2|Gengar, M|
|teampreview
|inactive|Battle timer is ON: inactive players will automatically lose when time's up. (requested by arhg955)
|
|t:|1757852679
|teamsize|p1|6
|teamsize|p2|6
|start
|switch|p1a: Enamorus|Enamorus, F|100/100
|switch|p2a: Dondozo|Dondozo, F|100/100
|turn|1
|
|t:|1757852688
|-terastallize|p2a: Dondozo|Water
|move|p1a: Enamorus|Moonblast|p2a: Dondozo
|-damage|p2a: Dondozo|53/100
|-unboost|p2a: Dondozo|spa|1
|move|p2a: Dondozo|Wave Crash|p1a: Enamorus
|-damage|p1a: Enamorus|0 fnt
|faint|p1a: Enamorus
|-damage|p2a: Dondozo|34/100|[from] Recoil
|
|upkeep
|
|t:|1757852704
|switch|p1a: Iron Crown|Iron Crown|100/100
|turn|2
|
|t:|1757852709
|move|p1a: Iron Crown|Volt Switch|p2a: Dondozo
|-supereffective|p2a: Dondozo
|-damage|p2a: Dondozo|0 fnt
|faint|p2a: Dondozo
|
|t:|1757852718
|-end|p1a: Iron Crown|Quark Drive|[silent]
|switch|p1a: Lokix|Lokix, F|100/100|[from] Volt Switch
|
|upkeep
|
|t:|1757852724
|switch|p2a: Gengar|Gengar, M|100/100
|turn|3
|
|t:|1757852754
|switch|p2a: Dragonite|Dragonite, M|100/100
|switch|p1a: Alomomola|Alomomola, M|100/100
|
|upkeep
|turn|4
|inactive|Random_UserFr has 120 seconds left.
|
|t:|1757852773
|switch|p2a: Gengar|Gengar, M|100/100
|move|p1a: Alomomola|Flip Turn|p2a: Gengar
|-damage|p2a: Gengar|68/100
|-start|p1a: Alomomola|Disable|Flip Turn|[from] ability: Cursed Body|[of] p2a: Gengar
|inactive|Random_UserFr has 120 seconds left.
|
|t:|1757852783
|switch|p1a: Pecharunt|Pecharunt|100/100|[from] Flip Turn
|-item|p1a: Pecharunt|Air Balloon
|
|upkeep
|turn|5
|inactive|Random_UserFr has 120 seconds left.
|
|t:|1757852804
|-terastallize|p1a: Pecharunt|Dark
|move|p2a: Gengar|Destiny Bond|p2a: Gengar
|-singlemove|p2a: Gengar|Destiny Bond
|move|p1a: Pecharunt|Hex|p2a: Gengar
|-supereffective|p2a: Gengar
|-damage|p2a: Gengar|2/100
|-start|p1a: Pecharunt|Disable|Hex|[from] ability: Cursed Body|[of] p2a: Gengar
|
|upkeep
|turn|6
|
|t:|1757852822
|switch|p1a: Alomomola|Alomomola, M|100/100
|move|p2a: Gengar|Shadow Ball|p1a: Alomomola
|-damage|p1a: Alomomola|79/100
|
|upkeep
|turn|7
|
|t:|1757852832
|move|p2a: Gengar|Destiny Bond|p2a: Gengar
|-singlemove|p2a: Gengar|Destiny Bond
|move|p1a: Alomomola|Flip Turn|p2a: Gengar
|-damage|p2a: Gengar|0 fnt
|faint|p2a: Gengar
|-activate|p2a: Gengar|move: Destiny Bond
|faint|p1a: Alomomola
|
|upkeep
|
|t:|1757852851
|switch|p2a: Iron Valiant|Iron Valiant|100/100
|switch|p1a: Lokix|Lokix, F|100/100
|-enditem|p2a: Iron Valiant|Booster Energy
|-activate|p2a: Iron Valiant|ability: Quark Drive|[fromitem]
|-start|p2a: Iron Valiant|quarkdrivespe
|turn|8
|
|t:|1757852861
|move|p1a: Lokix|First Impression|p2a: Iron Valiant
|-resisted|p2a: Iron Valiant
|-damage|p2a: Iron Valiant|58/100
|move|p2a: Iron Valiant|Close Combat|p1a: Lokix
|-damage|p1a: Lokix|10/100
|-unboost|p2a: Iron Valiant|def|1
|-unboost|p2a: Iron Valiant|spd|1
|
|upkeep
|turn|9
|
|t:|1757852871
|switch|p1a: Pecharunt|Pecharunt, tera:Dark|100/100
|-item|p1a: Pecharunt|Air Balloon
|move|p2a: Iron Valiant|Knock Off|p1a: Pecharunt
|-resisted|p1a: Pecharunt
|-damage|p1a: Pecharunt|93/100
|-enditem|p1a: Pecharunt|Air Balloon
|
|upkeep
|turn|10
|
|t:|1757852883
|move|p2a: Iron Valiant|Close Combat|p1a: Pecharunt
|-supereffective|p1a: Pecharunt
|-damage|p1a: Pecharunt|33/100
|-unboost|p2a: Iron Valiant|def|1
|-unboost|p2a: Iron Valiant|spd|1
|move|p1a: Pecharunt|Malignant Chain|p2a: Iron Valiant
|-supereffective|p2a: Iron Valiant
|-damage|p2a: Iron Valiant|0 fnt
|faint|p2a: Iron Valiant
|-end|p2a: Iron Valiant|Quark Drive|[silent]
|
|upkeep
|
|t:|1757852895
|switch|p2a: Dragonite|Dragonite, M|100/100
|turn|11
|
|t:|1757852902
|move|p2a: Dragonite|Extreme Speed|p1a: Pecharunt
|-damage|p1a: Pecharunt|19/100
|move|p1a: Pecharunt|Recover|p1a: Pecharunt
|-heal|p1a: Pecharunt|70/100
|
|upkeep
|turn|12
|
|t:|1757852911
|move|p2a: Dragonite|Iron Head|p1a: Pecharunt
|-damage|p1a: Pecharunt|54/100
|move|p1a: Pecharunt|Malignant Chain|p2a: Dragonite
|-damage|p2a: Dragonite|85/100
|
|upkeep
|turn|13
|inactive|Random_UserFr has 120 seconds left.
|
|t:|1757852918
|move|p2a: Dragonite|Ice Beam|p1a: Pecharunt
|-damage|p1a: Pecharunt|35/100
|move|p1a: Pecharunt|Recover|p1a: Pecharunt
|-heal|p1a: Pecharunt|85/100
|
|upkeep
|turn|14
|c|☆arhg955|Fkn homo
|inactive|Random_UserFr has 120 seconds left.
|
|t:|1757852935
|switch|p2a: Dragapult|Dragapult, M|100/100
|move|p1a: Pecharunt|Foul Play|p2a: Dragapult
|-supereffective|p2a: Dragapult
|-damage|p2a: Dragapult|5/100
|
|upkeep
|turn|15
|
|t:|1757852946
|move|p2a: Dragapult|Shadow Ball|p1a: Pecharunt
|-resisted|p1a: Pecharunt
|-damage|p1a: Pecharunt|61/100
|move|p1a: Pecharunt|Foul Play|p2a: Dragapult
|-supereffective|p2a: Dragapult
|-damage|p2a: Dragapult|0 fnt
|faint|p2a: Dragapult
|
|upkeep
|
|t:|1757852961
|switch|p2a: Kingambit|Kingambit, F|100/100
|-activate|p2a: Kingambit|ability: Supreme Overlord
|-start|p2a: Kingambit|fallen4|[silent]
|turn|16
|
|t:|1757852969
|move|p1a: Pecharunt|Recover|p1a: Pecharunt
|-heal|p1a: Pecharunt|100/100
|move|p2a: Kingambit|Kowtow Cleave|p1a: Pecharunt
|-resisted|p1a: Pecharunt
|-damage|p1a: Pecharunt|82/100
|
|upkeep
|turn|17
|
|t:|1757852978
|move|p1a: Pecharunt|Foul Play|p2a: Kingambit
|-resisted|p2a: Kingambit
|-damage|p2a: Kingambit|82/100
|move|p2a: Kingambit|Swords Dance|p2a: Kingambit
|-boost|p2a: Kingambit|atk|2
|
|upkeep
|turn|18
|
|t:|1757852996
|switch|p1a: Iron Crown|Iron Crown|100/100
|move|p2a: Kingambit|Swords Dance|p2a: Kingambit
|-boost|p2a: Kingambit|atk|2
|
|upkeep
|turn|19
|
|t:|1757853012
|move|p2a: Kingambit|Sucker Punch|p1a: Iron Crown
|-supereffective|p1a: Iron Crown
|-damage|p1a: Iron Crown|0 fnt
|faint|p1a: Iron Crown
|-end|p1a: Iron Crown|Quark Drive|[silent]
|
|upkeep
|
|t:|1757853026
|switch|p1a: Lokix|Lokix, F|10/100
|turn|20
|
|t:|1757853031
|-end|p2a: Kingambit|fallen4|[silent]
|switch|p2a: Dragonite|Dragonite, M|85/100
|move|p1a: Lokix|First Impression|p2a: Dragonite
|-resisted|p2a: Dragonite
|-damage|p2a: Dragonite|14/100
|
|upkeep
|turn|21
|
|t:|1757853042
|switch|p1a: Pecharunt|Pecharunt, tera:Dark|82/100
|move|p2a: Dragonite|Extreme Speed|p1a: Pecharunt
|-damage|p1a: Pecharunt|68/100
|
|upkeep
|turn|22
|
|t:|1757853050
|switch|p2a: Kingambit|Kingambit, F|82/100
|-activate|p2a: Kingambit|ability: Supreme Overlord
|-start|p2a: Kingambit|fallen4|[silent]
|move|p1a: Pecharunt|Foul Play|p2a: Kingambit
|-resisted|p2a: Kingambit
|-damage|p2a: Kingambit|63/100
|
|upkeep
|turn|23
|
|t:|1757853066
|switch|p1a: Great Tusk|Great Tusk|100/100
|move|p2a: Kingambit|Sucker Punch||[still]
|-fail|p2a: Kingambit
|
|upkeep
|turn|24
|
|t:|1757853074
|move|p2a: Kingambit|Sucker Punch|p1a: Great Tusk
|-resisted|p1a: Great Tusk
|-damage|p1a: Great Tusk|77/100
|-damage|p2a: Kingambit|46/100|[from] item: Rocky Helmet|[of] p1a: Great Tusk
|move|p1a: Great Tusk|Headlong Rush|p2a: Kingambit
|-supereffective|p2a: Kingambit
|-damage|p2a: Kingambit|0 fnt
|-unboost|p1a: Great Tusk|def|1
|-unboost|p1a: Great Tusk|spd|1
|faint|p2a: Kingambit
|-end|p2a: Kingambit|fallen4|[silent]
|
|upkeep
|
|t:|1757853089
|switch|p2a: Dragonite|Dragonite, M|14/100
|turn|25
|
|t:|1757853105
|move|p1a: Great Tusk|Ice Spinner|p2a: Dragonite
|-supereffective|p2a: Dragonite
|-damage|p2a: Dragonite|0 fnt
|faint|p2a: Dragonite
|
|win|Random_UserFr
