|j|‽Flocking glock
|j|☆EddusEatzAlot
|t:|1757825862
|gametype|singles
|player|p1|Flocking glock|169|1433
|player|p2|EddusEatzAlot|steven|1519
|gen|9
|tier|[Gen 9] OU
|rated|
|rule|HP Percentage Mod: HP is shown in percentages
|rule|Endless Battle Clause: Forcing endless battles is banned
|rule|Species Clause: Limit one of each Pokémon
|rule|OHKO Clause: OHKO moves are banned
|rule|Evasion Items Clause: Evasion items are banned
|rule|Evasion Moves Clause: Evasion moves are banned
|rule|Evasion Abilities Clause: Evasion abilities are banned
|rule|Sleep Moves Clause: Sleep-inducing moves are banned
|clearpoke
|poke|p1|Heatran, M|
|poke|p1|Ogerpon-Wellspring, F|
|poke|p1|Rillaboom, M|
|poke|p1|Great Tusk|
|poke|p1|Dragapult, M|
|poke|p1|Bronzong|
|poke|p2|Rillaboom, F|
|poke|p2|Great Tusk|
|poke|p2|Slowking-Galar, F|
|poke|p2|Dragapult, F|
|poke|p2|Heatran, F|
|poke|p2|Weavile, M|
|teampreview
|
|t:|1757825872
|teamsize|p1|6
|teamsize|p2|6
|start
|switch|p1a: Rillaboom|Rillaboom, M|100/100
|switch|p2a: Heatran|Heatran, F|100/100
|-fieldstart|move: Grassy Terrain|[from] ability: Grassy Surge|[of] p1a: Rillaboom
|turn|1
|
|t:|1757825880
|switch|p1a: Heatran|Heatran, M|100/100
|move|p2a: Heatran|Lava Plume|p1a: Heatran
|-start|p1a: Heatran|ability: Flash Fire
|
|upkeep
|turn|2
|
|t:|1757825884
|move|p2a: Heatran|Earth Power|p1a: Heatran
|-supereffective|p1a: Heatran
|-damage|p1a: Heatran|7/100
|-unboost|p1a: Heatran|spd|1
|move|p1a: Heatran|Earth Power|p2a: Heatran
|-supereffective|p2a: Heatran
|-damage|p2a: Heatran|0 fnt
|faint|p2a: Heatran
|
|-heal|p1a: Heatran|13/100|[from] Grassy Terrain
|-heal|p1a: Heatran|20/100|[from] item: Leftovers
|upkeep
|
|t:|1757825888
|switch|p2a: Weavile|Weavile, M|100/100
|-ability|p2a: Weavile|Pressure
|turn|3
|
|t:|1757825899
|-end|p1a: Heatran|ability: Flash Fire|[silent]
|switch|p1a: Great Tusk|Great Tusk|100/100
|move|p2a: Weavile|Knock Off|p1a: Great Tusk
|-resisted|p1a: Great Tusk
|-damage|p1a: Great Tusk|82/100
|-enditem|p1a: Great Tusk|Heavy-Duty Boots|[from] move: Knock Off|[of] p2a: Weavile
|
|-heal|p1a: Great Tusk|88/100|[from] Grassy Terrain
|upkeep
|turn|4
|
|t:|1757825904
|-end|p1a: Great Tusk|Protosynthesis|[silent]
|switch|p1a: Bronzong|Bronzong, shiny|100/100
|move|p2a: Weavile|Triple Axel|p1a: Bronzong
|-resisted|p1a: Bronzong
|-damage|p1a: Bronzong|97/100
|-resisted|p1a: Bronzong
|-damage|p1a: Bronzong|91/100
|-resisted|p1a: Bronzong
|-damage|p1a: Bronzong|82/100
|-hitcount|p1a: Bronzong|3
|
|upkeep
|turn|5
|
|t:|1757825909
|switch|p2a: Slowking|Slowking-Galar, F|100/100
|move|p1a: Bronzong|Body Press|p2a: Slowking
|-resisted|p2a: Slowking
|-damage|p2a: Slowking|93/100
|
|-heal|p2a: Slowking|99/100|[from] Grassy Terrain
|upkeep
|turn|6
|
|t:|1757825913
|move|p1a: Bronzong|Stealth Rock|p2a: Slowking
|-sidestart|p2: EddusEatzAlot|move: Stealth Rock
|-prepare|p2a: Slowking|Chilly Reception|[premajor]
|move|p2a: Slowking|Chilly Reception|p2a: Slowking
|-weather|Snowscape
|
|t:|1757825916
|switch|p2a: Great Tusk|Great Tusk|100/100|[from] Chilly Reception
|
|-weather|Snowscape|[upkeep]
|upkeep
|turn|7
|
|t:|1757825926
|move|p2a: Great Tusk|Knock Off|p1a: Bronzong
|-supereffective|p1a: Bronzong
|-enditem|p1a: Bronzong|Colbur Berry|[eat]
|-enditem|p1a: Bronzong|Colbur Berry|[weaken]
|-damage|p1a: Bronzong|59/100
|move|p1a: Bronzong|Psychic Noise|p2a: Great Tusk
|-supereffective|p2a: Great Tusk
|-damage|p2a: Great Tusk|34/100
|-start|p2a: Great Tusk|move: Heal Block
|
|-weather|Snowscape|[upkeep]
|upkeep
|turn|8
|
|t:|1757825935
|switch|p1a: Dragapult|Dragapult, M|100/100
|move|p2a: Great Tusk|Knock Off|p1a: Dragapult
|-supereffective|p1a: Dragapult
|-damage|p1a: Dragapult|6/100
|-enditem|p1a: Dragapult|Choice Specs|[from] move: Knock Off|[of] p2a: Great Tusk
|
|-weather|Snowscape|[upkeep]
|-heal|p1a: Dragapult|12/100|[from] Grassy Terrain
|-end|p2a: Great Tusk|move: Heal Block
|-fieldend|move: Grassy Terrain
|upkeep
|turn|9
|
|t:|1757825942
|-end|p2a: Great Tusk|Protosynthesis|[silent]
|switch|p2a: Slowking|Slowking-Galar, F|100/100
|move|p1a: Dragapult|Flamethrower|p2a: Slowking
|-damage|p2a: Slowking|85/100
|
|-weather|Snowscape|[upkeep]
|upkeep
|turn|10
|
|t:|1757825949
|switch|p1a: Rillaboom|Rillaboom, M|100/100
|-fieldstart|move: Grassy Terrain|[from] ability: Grassy Surge|[of] p1a: Rillaboom
|-prepare|p2a: Slowking|Chilly Reception|[premajor]
|move|p2a: Slowking|Chilly Reception|p2a: Slowking
|
|t:|1757825954
|switch|p2a: Dragapult|Dragapult, F|100/100|[from] Chilly Reception
|-damage|p2a: Dragapult|88/100|[from] Stealth Rock
|
|-weather|none
|-heal|p2a: Dragapult|94/100|[from] Grassy Terrain
|-heal|p2a: Dragapult|99/100|[from] item: Leftovers
|upkeep
|turn|11
|
|t:|1757825960
|switch|p1a: Heatran|Heatran, M|20/100
|move|p2a: Dragapult|Will-O-Wisp|p1a: Heatran
|-start|p1a: Heatran|ability: Flash Fire
|
|-heal|p2a: Dragapult|100/100|[from] Grassy Terrain
|-heal|p1a: Heatran|26/100|[from] Grassy Terrain
|-heal|p1a: Heatran|32/100|[from] item: Leftovers
|upkeep
|turn|12
|
|t:|1757825967
|move|p2a: Dragapult|Hex|p1a: Heatran
|-damage|p1a: Heatran|12/100
|move|p1a: Heatran|Magma Storm|p2a: Dragapult|[miss]
|-miss|p1a: Heatran|p2a: Dragapult
|
|-heal|p1a: Heatran|18/100|[from] Grassy Terrain
|-heal|p1a: Heatran|25/100|[from] item: Leftovers
|upkeep
|turn|13
|
|t:|1757825974
|move|p2a: Dragapult|Hex|p1a: Heatran
|-damage|p1a: Heatran|7/100
|move|p1a: Heatran|Magma Storm|p2a: Dragapult
|-resisted|p2a: Dragapult
|-damage|p2a: Dragapult|54/100
|-activate|p2a: Dragapult|move: Magma Storm|[of] p1a: Heatran
|
|-heal|p2a: Dragapult|60/100|[from] Grassy Terrain
|-heal|p2a: Dragapult|66/100|[from] item: Leftovers
|-heal|p1a: Heatran|13/100|[from] Grassy Terrain
|-heal|p1a: Heatran|19/100|[from] item: Leftovers
|-damage|p2a: Dragapult|54/100|[from] move: Magma Storm|[partiallytrapped]
|upkeep
|turn|14
|
|t:|1757825983
|move|p2a: Dragapult|Hex|p1a: Heatran
|-damage|p1a: Heatran|2/100
|move|p1a: Heatran|Magma Storm|p2a: Dragapult
|-resisted|p2a: Dragapult
|-damage|p2a: Dragapult|12/100
|
|-heal|p2a: Dragapult|18/100|[from] Grassy Terrain
|-heal|p2a: Dragapult|24/100|[from] item: Leftovers
|-heal|p1a: Heatran|8/100|[from] Grassy Terrain
|-heal|p1a: Heatran|14/100|[from] item: Leftovers
|-damage|p2a: Dragapult|12/100|[from] move: Magma Storm|[partiallytrapped]
|upkeep
|turn|15
|
|t:|1757825994
|move|p2a: Dragapult|Hex|p1a: Heatran
|-damage|p1a: Heatran|0 fnt
|faint|p1a: Heatran
|
|-heal|p2a: Dragapult|18/100|[from] Grassy Terrain
|-heal|p2a: Dragapult|24/100|[from] item: Leftovers
|-end|p2a: Dragapult|Magma Storm|[partiallytrapped]|[silent]
|upkeep
|
|t:|1757825999
|switch|p1a: Rillaboom|Rillaboom, M|100/100
|turn|16
|
|t:|1757826002
|move|p1a: Rillaboom|Grassy Glide|p2a: Dragapult
|-resisted|p2a: Dragapult
|-damage|p2a: Dragapult|0 fnt
|faint|p2a: Dragapult
|
|upkeep
|
|t:|1757826006
|switch|p2a: Rillaboom|Rillaboom, F|100/100
|-damage|p2a: Rillaboom|88/100|[from] Stealth Rock
|turn|17
|
|t:|1757826009
|move|p1a: Rillaboom|U-turn|p2a: Rillaboom
|-supereffective|p2a: Rillaboom
|-damage|p2a: Rillaboom|38/100
|
|t:|1757826013
|switch|p1a: Bronzong|Bronzong, shiny|59/100|[from] U-turn
|move|p2a: Rillaboom|U-turn|p1a: Bronzong
|-damage|p1a: Bronzong|32/100
|
|t:|1757826016
|switch|p2a: Weavile|Weavile, M|100/100|[from] U-turn
|-ability|p2a: Weavile|Pressure
|
|-fieldend|move: Grassy Terrain
|upkeep
|turn|18
|
|t:|1757826025
|-terastallize|p1a: Bronzong|Fighting
|move|p2a: Weavile|Knock Off|p1a: Bronzong
|-resisted|p1a: Bronzong
|-damage|p1a: Bronzong|21/100
|move|p1a: Bronzong|Body Press|p2a: Weavile
|-supereffective|p2a: Weavile
|-damage|p2a: Weavile|0 fnt
|faint|p2a: Weavile
|
|upkeep
|-message|EddusEatzAlot forfeited.
|
|win|Flocking glock
|raw|Flocking glock's rating: 1433 &rarr; <strong>1458</strong><br />(+25 for winning)
|raw|EddusEatzAlot's rating: 1519 &rarr; <strong>1494</strong><br />(-25 for losing)
|l|☆EddusEatzAlot
|player|p2|
|l|‽Flocking glock
|player|p1|
