|j|☆King_of_Blood_88
|j|☆baraodapesadinha
|t:|1757905265
|gametype|singles
|player|p1|King_of_Blood_88|1|1103
|player|p2|baraodapesadinha|101|1166
|gen|9
|tier|[Gen 9] OU
|rated|
|rule|HP Percentage Mod: HP is shown in percentages
|rule|Endless Battle Clause: Forcing endless battles is banned
|rule|Species Clause: Limit one of each Pokémon
|rule|OHKO Clause: OHKO moves are banned
|rule|Evasion Items Clause: Evasion items are banned
|rule|Evasion Moves Clause: Evasion moves are banned
|rule|Evasion Abilities Clause: Evasion abilities are banned
|rule|Sleep Moves Clause: Sleep-inducing moves are banned
|clearpoke
|poke|p1|Alcremie-Mint-Cream, F|
|poke|p1|Oricorio-Pom-Pom, M|
|poke|p1|Medicham, M|
|poke|p1|Furret, F|
|poke|p1|Heracross, M|
|poke|p1|Regirock|
|poke|p2|Dragapult, M|
|poke|p2|Tyranitar, F|
|poke|p2|Zamazenta-*|
|poke|p2|Slowking-Galar, M|
|poke|p2|Zapdos|
|poke|p2|Cinderace, M|
|teampreview
|inactive|Battle timer is ON: inactive players will automatically lose when time's up. (requested by King_of_Blood_88)
|
|t:|1757905273
|teamsize|p1|6
|teamsize|p2|6
|start
|switch|p1a: Regirock|Regirock|100/100
|switch|p2a: Dragapult|Dragapult, M|100/100
|turn|1
|
|t:|1757905302
|move|p2a: Dragapult|Draco Meteor|p1a: Regirock
|-damage|p1a: Regirock|6/100
|-unboost|p2a: Dragapult|spa|2
|move|p1a: Regirock|Thunder Wave|p2a: Dragapult
|-status|p2a: Dragapult|par
|
|upkeep
|turn|2
|-enditem|p1a: Regirock|Custap Berry|[eat]
|-activate|p1a: Regirock|item: Custap Berry|[consumed]
|
|t:|1757905312
|move|p1a: Regirock|Stealth Rock|p2a: Dragapult
|-sidestart|p2: baraodapesadinha|move: Stealth Rock
|cant|p2a: Dragapult|par
|
|upkeep
|turn|3
|
|t:|1757905332
|switch|p1a: Alcremie|Alcremie-Mint-Cream, F|100/100
|move|p2a: Dragapult|Draco Meteor|p1a: Alcremie
|-immune|p1a: Alcremie
|
|upkeep
|turn|4
|
|t:|1757905344
|switch|p2a: Slowking|Slowking-Galar, M|100/100
|-damage|p2a: Slowking|88/100|[from] Stealth Rock
|move|p1a: Alcremie|Calm Mind|p1a: Alcremie
|-boost|p1a: Alcremie|spa|1
|-boost|p1a: Alcremie|spd|1
|
|-heal|p2a: Slowking|94/100|[from] item: Leftovers
|upkeep
|turn|5
|
|t:|1757905355
|-terastallize|p1a: Alcremie|Poison
|move|p1a: Alcremie|Calm Mind|p1a: Alcremie
|-boost|p1a: Alcremie|spa|1
|-boost|p1a: Alcremie|spd|1
|move|p2a: Slowking|Future Sight|p1a: Alcremie
|-start|p2a: Slowking|move: Future Sight
|
|-heal|p2a: Slowking|100/100|[from] item: Leftovers
|upkeep
|turn|6
|
|t:|1757905366
|move|p1a: Alcremie|Calm Mind|p1a: Alcremie
|-boost|p1a: Alcremie|spa|1
|-boost|p1a: Alcremie|spd|1
|-prepare|p2a: Slowking|Chilly Reception|[premajor]
|move|p2a: Slowking|Chilly Reception|p2a: Slowking
|-weather|Snowscape
|
|t:|1757905375
|switch|p2a: Tyranitar|Tyranitar, F|100/100|[from] Chilly Reception
|-damage|p2a: Tyranitar|88/100|[from] Stealth Rock
|-weather|Sandstorm|[from] ability: Sand Stream|[of] p2a: Tyranitar
|
|-weather|Sandstorm|[upkeep]
|-damage|p1a: Alcremie|95/100|[from] Sandstorm
|-heal|p1a: Alcremie|100/100|[from] item: Leftovers
|upkeep
|turn|7
|
|t:|1757905385
|-terastallize|p2a: Tyranitar|Ground
|move|p1a: Alcremie|Calm Mind|p1a: Alcremie
|-boost|p1a: Alcremie|spa|1
|-boost|p1a: Alcremie|spd|1
|move|p2a: Tyranitar|Earthquake|p1a: Alcremie
|-supereffective|p1a: Alcremie
|-damage|p1a: Alcremie|0 fnt
|faint|p1a: Alcremie
|
|-weather|Sandstorm|[upkeep]
|-hint|Future Sight did not hit because the target is fainted.
|upkeep
|
|t:|1757905412
|switch|p1a: Heracross|Heracross, M|100/100
|turn|8
|
|t:|1757905419
|switch|p2a: Slowking|Slowking-Galar, M|100/100
|-damage|p2a: Slowking|88/100|[from] Stealth Rock
|move|p1a: Heracross|Trailblaze|p2a: Slowking
|-resisted|p2a: Slowking
|-crit|p2a: Slowking
|-damage|p2a: Slowking|75/100
|-boost|p1a: Heracross|spe|1
|
|-weather|Sandstorm|[upkeep]
|-damage|p1a: Heracross|95/100|[from] Sandstorm
|-damage|p2a: Slowking|69/100|[from] Sandstorm
|-heal|p2a: Slowking|75/100|[from] item: Leftovers
|upkeep
|turn|9
|
|t:|1757905434
|move|p1a: Heracross|Pin Missile|p2a: Slowking
|-damage|p2a: Slowking|60/100
|-damage|p2a: Slowking|44/100
|-damage|p2a: Slowking|30/100
|-damage|p2a: Slowking|16/100
|-damage|p2a: Slowking|3/100
|-hitcount|p2a: Slowking|5
|move|p2a: Slowking|Sludge Wave|p1a: Heracross
|-damage|p1a: Heracross|52/100
|
|-weather|Sandstorm|[upkeep]
|-damage|p1a: Heracross|46/100|[from] Sandstorm
|-damage|p2a: Slowking|0 fnt|[from] Sandstorm
|faint|p2a: Slowking
|upkeep
|
|t:|1757905450
|switch|p2a: Zapdos|Zapdos|100/100
|-damage|p2a: Zapdos|75/100|[from] Stealth Rock
|turn|10
|
|t:|1757905457
|move|p1a: Heracross|Rock Blast|p2a: Zapdos
|-supereffective|p2a: Zapdos
|-damage|p2a: Zapdos|62/100
|-supereffective|p2a: Zapdos
|-damage|p2a: Zapdos|49/100
|-supereffective|p2a: Zapdos
|-damage|p2a: Zapdos|37/100
|-supereffective|p2a: Zapdos
|-damage|p2a: Zapdos|23/100
|-hitcount|p2a: Zapdos|4
|move|p2a: Zapdos|Hurricane|p1a: Heracross
|-supereffective|p1a: Heracross
|-damage|p1a: Heracross|0 fnt
|faint|p1a: Heracross
|
|-weather|none
|-heal|p2a: Zapdos|29/100|[from] item: Leftovers
|upkeep
|inactive|King_of_Blood_88 has 120 seconds left.
|
|t:|1757905478
|switch|p1a: Medicham|Medicham, M, shiny|100/100
|turn|11
|
|t:|1757905484
|move|p1a: Medicham|Ice Punch|p2a: Zapdos
|-supereffective|p2a: Zapdos
|-damage|p2a: Zapdos|0 fnt
|-status|p1a: Medicham|par|[from] ability: Static|[of] p2a: Zapdos
|faint|p2a: Zapdos
|
|upkeep
|
|t:|1757905499
|switch|p2a: Dragapult|Dragapult, M|100/100 par
|-damage|p2a: Dragapult|88/100 par|[from] Stealth Rock
|turn|12
|
|t:|1757905503
|move|p1a: Medicham|Ice Punch|p2a: Dragapult
|-supereffective|p2a: Dragapult
|-damage|p2a: Dragapult|0 fnt
|faint|p2a: Dragapult
|
|upkeep
|
|t:|1757905511
|switch|p2a: Zamazenta|Zamazenta|100/100
|-damage|p2a: Zamazenta|94/100|[from] Stealth Rock
|-ability|p2a: Zamazenta|Dauntless Shield|boost
|-boost|p2a: Zamazenta|def|1
|turn|13
|
|t:|1757905519
|switch|p1a: Oricorio|Oricorio-Pom-Pom, M, shiny|100/100
|move|p2a: Zamazenta|Iron Defense|p2a: Zamazenta
|-boost|p2a: Zamazenta|def|2
|
|upkeep
|turn|14
|
|t:|1757905528
|move|p2a: Zamazenta|Body Press|p1a: Oricorio
|-resisted|p1a: Oricorio
|-damage|p1a: Oricorio|26/100
|move|p1a: Oricorio|Air Slash|p2a: Zamazenta
|-supereffective|p2a: Zamazenta
|-damage|p2a: Zamazenta|26/100
|
|upkeep
|turn|15
|
|t:|1757905535
|move|p2a: Zamazenta|Body Press|p1a: Oricorio
|-resisted|p1a: Oricorio
|-damage|p1a: Oricorio|0 fnt
|faint|p1a: Oricorio
|
|upkeep
|
|t:|1757905546
|switch|p1a: Medicham|Medicham, M, shiny|100/100 par
|turn|16
|
|t:|1757905557
|move|p2a: Zamazenta|Rest|p2a: Zamazenta
|-status|p2a: Zamazenta|slp|[from] move: Rest
|-heal|p2a: Zamazenta|100/100 slp|[silent]
|move|p1a: Medicham|Trick|p2a: Zamazenta
|-activate|p1a: Medicham|move: Trick|[of] p2a: Zamazenta
|-item|p2a: Zamazenta|Choice Scarf|[from] move: Trick
|-item|p1a: Medicham|Rocky Helmet|[from] move: Trick
|
|upkeep
|turn|17
|
|t:|1757905569
|cant|p2a: Zamazenta|slp
|move|p2a: Zamazenta|Sleep Talk|p2a: Zamazenta
|move|p2a: Zamazenta|Body Press|p1a: Medicham|[from] move: Sleep Talk
|-resisted|p1a: Medicham
|-damage|p1a: Medicham|23/100 par
|-damage|p2a: Zamazenta|84/100 slp|[from] item: Rocky Helmet|[of] p1a: Medicham
|move|p1a: Medicham|Zen Headbutt|p2a: Zamazenta
|-supereffective|p2a: Zamazenta
|-damage|p2a: Zamazenta|54/100 slp
|
|upkeep
|turn|18
|
|t:|1757905581
|cant|p2a: Zamazenta|slp
|move|p2a: Zamazenta|Sleep Talk|p2a: Zamazenta
|move|p2a: Zamazenta|Rest||[from] move: Sleep Talk|[still]
|-fail|p2a: Zamazenta
|cant|p1a: Medicham|par
|
|upkeep
|turn|19
|
|t:|1757905592
|switch|p2a: Cinderace|Cinderace, M|100/100
|move|p1a: Medicham|Zen Headbutt|p2a: Cinderace
|-damage|p2a: Cinderace|33/100
|
|upkeep
|turn|20
|
|t:|1757905602
|move|p2a: Cinderace|Pyro Ball|p1a: Medicham
|-damage|p1a: Medicham|0 fnt
|faint|p1a: Medicham
|
|upkeep
|
|t:|1757905609
|switch|p1a: Regirock|Regirock|6/100
|turn|21
|
|t:|1757905618
|move|p2a: Cinderace|U-turn|p1a: Regirock
|-start|p2a: Cinderace|typechange|Bug|[from] ability: Libero
|-damage|p1a: Regirock|0 fnt
|faint|p1a: Regirock
|
|t:|1757905623
|switch|p2a: Zamazenta|Zamazenta|54/100 slp|[from] U-turn
|-damage|p2a: Zamazenta|48/100 slp|[from] Stealth Rock
|
|upkeep
|
|t:|1757905627
|switch|p1a: Furret|Furret, F, shiny|100/100
|-item|p2a: Zamazenta|Choice Scarf|[from] ability: Frisk|[of] p1a: Furret
|turn|22
|
|t:|1757905633
|-curestatus|p2a: Zamazenta|slp|[msg]
|move|p2a: Zamazenta|Body Press|p1a: Furret
|-supereffective|p1a: Furret
|-damage|p1a: Furret|0 fnt
|faint|p1a: Furret
|
|win|baraodapesadinha
|raw|King_of_Blood_88's rating: 1103 &rarr; <strong>1082</strong><br />(-21 for losing)
|raw|baraodapesadinha's rating: 1166 &rarr; <strong>1187</strong><br />(+21 for winning)
|l|☆King_of_Blood_88
|player|p1|
