|j|☆Charle_phate
|j|☆Free6lackpanther
|t:|1757916395
|gametype|singles
|player|p1|Charle_phate|blue|1297
|player|p2|Free6lackpanther|265|1368
|gen|9
|tier|[Gen 9] OU
|rated|
|rule|HP Percentage Mod: HP is shown in percentages
|rule|Endless Battle Clause: Forcing endless battles is banned
|rule|Species Clause: Limit one of each Pokémon
|rule|OHKO Clause: OHKO moves are banned
|rule|Evasion Items Clause: Evasion items are banned
|rule|Evasion Moves Clause: Evasion moves are banned
|rule|Evasion Abilities Clause: Evasion abilities are banned
|rule|Sleep Moves Clause: Sleep-inducing moves are banned
|clearpoke
|poke|p1|Serperior, M|
|poke|p1|Rotom-Wash|
|poke|p1|Zapdos|
|poke|p1|Heatran, M|
|poke|p1|Clefable, M|
|poke|p1|Landorus-Therian, M|
|poke|p2|Rotom-Wash|
|poke|p2|Ninetales-Alola, F|
|poke|p2|Exeggutor-Alola, F|
|poke|p2|Tinkaton, F|
|poke|p2|Dragonite, F|
|poke|p2|Scizor, F|
|teampreview
|inactive|Battle timer is ON: inactive players will automatically lose when time's up. (requested by Free6lackpanther)
|
|t:|1757916398
|teamsize|p1|6
|teamsize|p2|6
|start
|switch|p1a: Rotom|Rotom-Wash|100/100
|switch|p2a: Rotom|Rotom-Wash|100/100
|turn|1
|
|t:|1757916405
|move|p2a: Rotom|Volt Switch|p1a: Rotom
|-damage|p1a: Rotom|71/100
|
|t:|1757916411
|switch|p2a: Exeggutor|Exeggutor-Alola, F|100/100|[from] Volt Switch
|move|p1a: Rotom|Charge Beam|p2a: Exeggutor
|-resisted|p2a: Exeggutor
|-damage|p2a: Exeggutor|95/100
|
|-heal|p1a: Rotom|78/100|[from] item: Leftovers
|upkeep
|turn|2
|
|t:|1757916423
|switch|p1a: Zapdos|Zapdos|100/100
|move|p2a: Exeggutor|Energy Ball|p1a: Zapdos
|-resisted|p1a: Zapdos
|-damage|p1a: Zapdos|80/100
|-unboost|p1a: Zapdos|spd|1
|
|-heal|p1a: Zapdos|86/100|[from] item: Leftovers
|upkeep
|turn|3
|
|t:|1757916434
|move|p1a: Zapdos|Discharge|p2a: Exeggutor
|-resisted|p2a: Exeggutor
|-damage|p2a: Exeggutor|85/100
|move|p2a: Exeggutor|Energy Ball|p1a: Zapdos
|-resisted|p1a: Zapdos
|-crit|p1a: Zapdos
|-damage|p1a: Zapdos|31/100
|
|-heal|p1a: Zapdos|38/100|[from] item: Leftovers
|upkeep
|turn|4
|
|t:|1757916447
|move|p1a: Zapdos|Roost|p1a: Zapdos
|-heal|p1a: Zapdos|88/100
|-singleturn|p1a: Zapdos|move: Roost
|move|p2a: Exeggutor|Energy Ball|p1a: Zapdos
|-damage|p1a: Zapdos|17/100
|
|-heal|p1a: Zapdos|23/100|[from] item: Leftovers
|upkeep
|turn|5
|
|t:|1757916458
|switch|p1a: Heatran|Heatran, M|100/100
|move|p2a: Exeggutor|Energy Ball|p1a: Heatran
|-resisted|p1a: Heatran
|-damage|p1a: Heatran|93/100
|
|-heal|p1a: Heatran|99/100|[from] item: Leftovers
|upkeep
|turn|6
|
|t:|1757916469
|switch|p2a: Rotom|Rotom-Wash|100/100
|move|p1a: Heatran|Substitute|p1a: Heatran
|-start|p1a: Heatran|Substitute
|-damage|p1a: Heatran|75/100
|
|-heal|p1a: Heatran|81/100|[from] item: Leftovers
|upkeep
|turn|7
|
|t:|1757916479
|move|p2a: Rotom|Volt Switch|p1a: Heatran
|-activate|p1a: Heatran|move: Substitute|[damage]
|
|t:|1757916488
|switch|p2a: Exeggutor|Exeggutor-Alola, F|85/100|[from] Volt Switch
|move|p1a: Heatran|Ancient Power|p2a: Exeggutor
|-damage|p2a: Exeggutor|65/100
|
|-heal|p1a: Heatran|87/100|[from] item: Leftovers
|upkeep
|turn|8
|
|t:|1757916504
|move|p1a: Heatran|Magma Storm|p2a: Exeggutor|[miss]
|-miss|p1a: Heatran|p2a: Exeggutor
|move|p2a: Exeggutor|Energy Ball|p1a: Heatran
|-resisted|p1a: Heatran
|-activate|p1a: Heatran|move: Substitute|[damage]
|
|-heal|p1a: Heatran|93/100|[from] item: Leftovers
|upkeep
|turn|9
|
|t:|1757916514
|switch|p2a: Rotom|Rotom-Wash|100/100
|move|p1a: Heatran|Magma Storm|p2a: Rotom
|-resisted|p2a: Rotom
|-damage|p2a: Rotom|79/100
|-activate|p2a: Rotom|move: Magma Storm|[of] p1a: Heatran
|
|-heal|p2a: Rotom|85/100|[from] item: Leftovers
|-heal|p1a: Heatran|99/100|[from] item: Leftovers
|-damage|p2a: Rotom|73/100|[from] move: Magma Storm|[partiallytrapped]
|upkeep
|turn|10
|
|t:|1757916530
|move|p2a: Rotom|Volt Switch|p1a: Heatran
|-end|p1a: Heatran|Substitute
|
|t:|1757916534
|switch|p2a: Dragonite|Dragonite, F|100/100|[from] Volt Switch
|move|p1a: Heatran|Substitute|p1a: Heatran
|-start|p1a: Heatran|Substitute
|-damage|p1a: Heatran|75/100
|
|-heal|p1a: Heatran|81/100|[from] item: Leftovers
|upkeep
|turn|11
|
|t:|1757916553
|move|p2a: Dragonite|Earthquake|p1a: Heatran
|-supereffective|p1a: Heatran
|-end|p1a: Heatran|Substitute
|move|p1a: Heatran|Lava Plume|p2a: Dragonite
|-resisted|p2a: Dragonite
|-damage|p2a: Dragonite|93/100
|
|-heal|p2a: Dragonite|99/100|[from] item: Leftovers
|-heal|p1a: Heatran|87/100|[from] item: Leftovers
|upkeep
|turn|12
|
|t:|1757916565
|switch|p1a: Zapdos|Zapdos|23/100
|move|p2a: Dragonite|Earthquake|p1a: Zapdos
|-immune|p1a: Zapdos
|
|-heal|p1a: Zapdos|29/100|[from] item: Leftovers
|-heal|p2a: Dragonite|100/100|[from] item: Leftovers
|upkeep
|turn|13
|
|t:|1757916576
|-terastallize|p2a: Dragonite|Normal
|move|p2a: Dragonite|Extreme Speed|p1a: Zapdos
|-damage|p1a: Zapdos|0 fnt
|faint|p1a: Zapdos
|
|upkeep
|
|t:|1757916588
|switch|p1a: Landorus|Landorus-Therian, M|100/100
|-ability|p1a: Landorus|Intimidate|boost
|-unboost|p2a: Dragonite|atk|1
|turn|14
|
|t:|1757916594
|switch|p1a: Heatran|Heatran, M|87/100
|switch|p2a: Ninetales|Ninetales-Alola, F|100/100
|-weather|Snowscape|[from] ability: Snow Warning|[of] p2a: Ninetales
|
|-weather|Snowscape|[upkeep]
|-heal|p1a: Heatran|93/100|[from] item: Leftovers
|upkeep
|turn|15
|
|t:|1757916604
|move|p2a: Ninetales|Aurora Veil|p2a: Ninetales
|-sidestart|p2: Free6lackpanther|move: Aurora Veil
|move|p1a: Heatran|Substitute|p1a: Heatran
|-start|p1a: Heatran|Substitute
|-damage|p1a: Heatran|68/100
|
|-weather|Snowscape|[upkeep]
|-heal|p1a: Heatran|75/100|[from] item: Leftovers
|upkeep
|turn|16
|
|t:|1757916612
|switch|p2a: Dragonite|Dragonite, F, tera:Normal|100/100
|move|p1a: Heatran|Ancient Power|p2a: Dragonite
|-damage|p2a: Dragonite|97/100
|
|-weather|Snowscape|[upkeep]
|-heal|p2a: Dragonite|100/100|[from] item: Leftovers
|-heal|p1a: Heatran|81/100|[from] item: Leftovers
|upkeep
|turn|17
|
|t:|1757916622
|move|p2a: Dragonite|Earthquake|p1a: Heatran
|-supereffective|p1a: Heatran
|-end|p1a: Heatran|Substitute
|move|p1a: Heatran|Lava Plume|p2a: Dragonite
|-damage|p2a: Dragonite|92/100
|-status|p2a: Dragonite|brn
|
|-weather|Snowscape|[upkeep]
|-heal|p2a: Dragonite|99/100 brn|[from] item: Leftovers
|-heal|p1a: Heatran|87/100|[from] item: Leftovers
|-damage|p2a: Dragonite|92/100 brn|[from] brn
|upkeep
|turn|18
|
|t:|1757916638
|switch|p1a: Rotom|Rotom-Wash|78/100
|move|p2a: Dragonite|Earthquake|p1a: Rotom
|-immune|p1a: Rotom|[from] ability: Levitate
|
|-weather|none
|-heal|p1a: Rotom|84/100|[from] item: Leftovers
|-heal|p2a: Dragonite|99/100 brn|[from] item: Leftovers
|-damage|p2a: Dragonite|92/100 brn|[from] brn
|upkeep
|turn|19
|
|t:|1757916650
|switch|p2a: Exeggutor|Exeggutor-Alola, F|65/100
|move|p1a: Rotom|Charge Beam|p2a: Exeggutor
|-resisted|p2a: Exeggutor
|-damage|p2a: Exeggutor|62/100
|-boost|p1a: Rotom|spa|1
|
|-heal|p1a: Rotom|90/100|[from] item: Leftovers
|upkeep
|turn|20
|
|t:|1757916660
|move|p1a: Rotom|Thunder Wave|p2a: Exeggutor
|-status|p2a: Exeggutor|par
|move|p2a: Exeggutor|Energy Ball|p1a: Rotom
|-supereffective|p1a: Rotom
|-damage|p1a: Rotom|0 fnt
|faint|p1a: Rotom
|
|upkeep
|
|t:|1757916666
|switch|p1a: Heatran|Heatran, M|87/100
|turn|21
|
|t:|1757916674
|switch|p2a: Dragonite|Dragonite, F, tera:Normal|92/100 brn
|move|p1a: Heatran|Substitute|p1a: Heatran
|-start|p1a: Heatran|Substitute
|-damage|p1a: Heatran|62/100
|
|-heal|p2a: Dragonite|99/100 brn|[from] item: Leftovers
|-heal|p1a: Heatran|68/100|[from] item: Leftovers
|-damage|p2a: Dragonite|92/100 brn|[from] brn
|upkeep
|turn|22
|
|t:|1757916683
|move|p2a: Dragonite|Earthquake|p1a: Heatran
|-supereffective|p1a: Heatran
|-end|p1a: Heatran|Substitute
|move|p1a: Heatran|Magma Storm|p2a: Dragonite
|-damage|p2a: Dragonite|75/100 brn
|-activate|p2a: Dragonite|move: Magma Storm|[of] p1a: Heatran
|
|-heal|p2a: Dragonite|81/100 brn|[from] item: Leftovers
|-heal|p1a: Heatran|75/100|[from] item: Leftovers
|-damage|p2a: Dragonite|75/100 brn|[from] brn
|-damage|p2a: Dragonite|63/100 brn|[from] move: Magma Storm|[partiallytrapped]
|-sideend|p2: Free6lackpanther|move: Aurora Veil
|upkeep
|turn|23
|
|t:|1757916695
|switch|p1a: Serperior|Serperior, M|100/100
|move|p2a: Dragonite|Earthquake|p1a: Serperior
|-resisted|p1a: Serperior
|-damage|p1a: Serperior|89/100
|
|-heal|p1a: Serperior|95/100|[from] item: Leftovers
|-heal|p2a: Dragonite|69/100 brn|[from] item: Leftovers
|-damage|p2a: Dragonite|63/100 brn|[from] brn
|-end|p2a: Dragonite|Magma Storm|[partiallytrapped]|[silent]
|upkeep
|turn|24
|
|t:|1757916707
|switch|p2a: Ninetales|Ninetales-Alola, F|100/100
|-weather|Snowscape|[from] ability: Snow Warning|[of] p2a: Ninetales
|move|p1a: Serperior|Substitute|p1a: Serperior
|-start|p1a: Serperior|Substitute
|-damage|p1a: Serperior|70/100
|
|-weather|Snowscape|[upkeep]
|-heal|p1a: Serperior|77/100|[from] item: Leftovers
|upkeep
|turn|25
|
|t:|1757916718
|move|p1a: Serperior|Glare|p2a: Ninetales
|-status|p2a: Ninetales|par
|move|p2a: Ninetales|Aurora Veil|p2a: Ninetales
|-sidestart|p2: Free6lackpanther|move: Aurora Veil
|
|-weather|Snowscape|[upkeep]
|-heal|p1a: Serperior|83/100|[from] item: Leftovers
|upkeep
|turn|26
|
|t:|1757916735
|switch|p2a: Tinkaton|Tinkaton, F|100/100
|-ability|p2a: Tinkaton|Mold Breaker
|move|p1a: Serperior|Leech Seed|p2a: Tinkaton
|-start|p2a: Tinkaton|move: Leech Seed
|
|-weather|Snowscape|[upkeep]
|-heal|p1a: Serperior|89/100|[from] item: Leftovers
|-damage|p2a: Tinkaton|88/100|[from] Leech Seed|[of] p1a: Serperior
|-heal|p1a: Serperior|100/100|[silent]
|upkeep
|turn|27
|
|t:|1757916746
|switch|p2a: Scizor|Scizor, F|100/100
|move|p1a: Serperior|Glare|p2a: Scizor
|-status|p2a: Scizor|par
|
|-weather|Snowscape|[upkeep]
|upkeep
|turn|28
|
|t:|1757916766
|move|p1a: Serperior|Leech Seed|p2a: Scizor
|-start|p2a: Scizor|move: Leech Seed
|cant|p2a: Scizor|par
|
|-weather|none
|-damage|p2a: Scizor|88/100 par|[from] Leech Seed|[of] p1a: Serperior
|upkeep
|turn|29
|
|t:|1757916774
|move|p1a: Serperior|Leaf Storm|p2a: Scizor
|-resisted|p2a: Scizor
|-crit|p2a: Scizor
|-damage|p2a: Scizor|66/100 par
|-boost|p1a: Serperior|spa|2
|move|p2a: Scizor|Dual Wingbeat|p1a: Serperior|[miss]
|-miss|p2a: Scizor|p1a: Serperior
|
|-heal|p2a: Scizor|73/100 par|[from] item: Leftovers
|-damage|p2a: Scizor|60/100 par|[from] Leech Seed|[of] p1a: Serperior
|upkeep
|turn|30
|
|t:|1757916787
|move|p1a: Serperior|Leaf Storm|p2a: Scizor
|-resisted|p2a: Scizor
|-damage|p2a: Scizor|47/100 par
|-boost|p1a: Serperior|spa|2
|move|p2a: Scizor|U-turn|p1a: Serperior
|-supereffective|p1a: Serperior
|-end|p1a: Serperior|Substitute
|
|t:|1757916799
|switch|p2a: Tinkaton|Tinkaton, F|88/100|[from] U-turn
|-ability|p2a: Tinkaton|Mold Breaker
|
|-heal|p2a: Tinkaton|94/100|[from] item: Leftovers
|upkeep
|turn|31
|
|t:|1757916807
|move|p1a: Serperior|Glare|p2a: Tinkaton
|-status|p2a: Tinkaton|par
|move|p2a: Tinkaton|Substitute|p2a: Tinkaton
|-start|p2a: Tinkaton|Substitute
|-damage|p2a: Tinkaton|70/100 par
|
|-heal|p2a: Tinkaton|76/100 par|[from] item: Leftovers
|upkeep
|turn|32
|
|t:|1757916817
|switch|p1a: Heatran|Heatran, M|75/100
|move|p2a: Tinkaton|Swords Dance|p2a: Tinkaton
|-boost|p2a: Tinkaton|atk|2
|
|-heal|p1a: Heatran|81/100|[from] item: Leftovers
|-heal|p2a: Tinkaton|82/100 par|[from] item: Leftovers
|-sideend|p2: Free6lackpanther|move: Aurora Veil
|upkeep
|turn|33
|
|t:|1757916830
|move|p1a: Heatran|Substitute|p1a: Heatran
|-start|p1a: Heatran|Substitute
|-damage|p1a: Heatran|56/100
|move|p2a: Tinkaton|Knock Off|p1a: Heatran
|-end|p1a: Heatran|Substitute
|
|-heal|p1a: Heatran|62/100|[from] item: Leftovers
|-heal|p2a: Tinkaton|88/100 par|[from] item: Leftovers
|upkeep
|turn|34
|
|t:|1757916839
|move|p1a: Heatran|Substitute|p1a: Heatran
|-start|p1a: Heatran|Substitute
|-damage|p1a: Heatran|37/100
|move|p2a: Tinkaton|Knock Off|p1a: Heatran
|-end|p1a: Heatran|Substitute
|
|-heal|p1a: Heatran|44/100|[from] item: Leftovers
|-heal|p2a: Tinkaton|94/100 par|[from] item: Leftovers
|upkeep
|turn|35
|
|t:|1757916849
|move|p1a: Heatran|Substitute|p1a: Heatran
|-start|p1a: Heatran|Substitute
|-damage|p1a: Heatran|19/100
|move|p2a: Tinkaton|Knock Off|p1a: Heatran
|-end|p1a: Heatran|Substitute
|
|-heal|p1a: Heatran|25/100|[from] item: Leftovers
|-heal|p2a: Tinkaton|99/100 par|[from] item: Leftovers
|upkeep
|turn|36
|
|t:|1757916859
|move|p1a: Heatran|Lava Plume|p2a: Tinkaton
|-supereffective|p2a: Tinkaton
|-end|p2a: Tinkaton|Substitute
|cant|p2a: Tinkaton|par
|
|-heal|p1a: Heatran|31/100|[from] item: Leftovers
|-heal|p2a: Tinkaton|100/100 par|[from] item: Leftovers
|upkeep
|turn|37
|
|t:|1757916867
|move|p1a: Heatran|Substitute|p1a: Heatran
|-start|p1a: Heatran|Substitute
|-damage|p1a: Heatran|6/100
|move|p2a: Tinkaton|Knock Off|p1a: Heatran
|-end|p1a: Heatran|Substitute
|
|-heal|p1a: Heatran|12/100|[from] item: Leftovers
|upkeep
|turn|38
|
|t:|1757916875
|move|p1a: Heatran|Magma Storm|p2a: Tinkaton|[miss]
|-miss|p1a: Heatran|p2a: Tinkaton
|move|p2a: Tinkaton|Knock Off|p1a: Heatran
|-damage|p1a: Heatran|0 fnt
|-enditem|p1a: Heatran|Leftovers|[from] move: Knock Off|[of] p2a: Tinkaton
|faint|p1a: Heatran
|
|upkeep
|
|t:|1757916879
|switch|p1a: Serperior|Serperior, M|100/100
|turn|39
|
|t:|1757916889
|move|p1a: Serperior|Leech Seed|p2a: Tinkaton
|-start|p2a: Tinkaton|move: Leech Seed
|move|p2a: Tinkaton|Substitute|p2a: Tinkaton
|-start|p2a: Tinkaton|Substitute
|-damage|p2a: Tinkaton|76/100 par
|
|-heal|p2a: Tinkaton|82/100 par|[from] item: Leftovers
|-damage|p2a: Tinkaton|70/100 par|[from] Leech Seed|[of] p1a: Serperior
|upkeep
|turn|40
|
|t:|1757916899
|move|p1a: Serperior|Substitute|p1a: Serperior
|-start|p1a: Serperior|Substitute
|-damage|p1a: Serperior|75/100
|move|p2a: Tinkaton|Swords Dance|p2a: Tinkaton
|-boost|p2a: Tinkaton|atk|2
|
|-heal|p1a: Serperior|82/100|[from] item: Leftovers
|-heal|p2a: Tinkaton|76/100 par|[from] item: Leftovers
|-damage|p2a: Tinkaton|64/100 par|[from] Leech Seed|[of] p1a: Serperior
|-heal|p1a: Serperior|95/100|[silent]
|upkeep
|turn|41
|
|t:|1757916912
|move|p1a: Serperior|Leaf Storm|p2a: Tinkaton
|-resisted|p2a: Tinkaton
|-end|p2a: Tinkaton|Substitute
|-boost|p1a: Serperior|spa|2
|cant|p2a: Tinkaton|par
|
|-heal|p1a: Serperior|100/100|[from] item: Leftovers
|-heal|p2a: Tinkaton|70/100 par|[from] item: Leftovers
|-damage|p2a: Tinkaton|57/100 par|[from] Leech Seed|[of] p1a: Serperior
|upkeep
|turn|42
|
|t:|1757916928
|switch|p2a: Scizor|Scizor, F|47/100 par
|move|p1a: Serperior|Leaf Storm|p2a: Scizor
|-resisted|p2a: Scizor
|-damage|p2a: Scizor|20/100 par
|-boost|p1a: Serperior|spa|2
|
|-heal|p2a: Scizor|26/100 par|[from] item: Leftovers
|upkeep
|turn|43
|
|t:|1757916938
|move|p1a: Serperior|Leaf Storm|p2a: Scizor
|-resisted|p2a: Scizor
|-damage|p2a: Scizor|0 fnt
|-boost|p1a: Serperior|spa|2
|faint|p2a: Scizor
|
|upkeep
|
|t:|1757916946
|switch|p2a: Ninetales|Ninetales-Alola, F|100/100 par
|-weather|Snowscape|[from] ability: Snow Warning|[of] p2a: Ninetales
|turn|44
|
|t:|1757916950
|move|p1a: Serperior|Leaf Storm|p2a: Ninetales
|-damage|p2a: Ninetales|0 fnt
|faint|p2a: Ninetales
|
|-weather|Snowscape|[upkeep]
|upkeep
|
|t:|1757916965
|switch|p2a: Rotom|Rotom-Wash|73/100
|turn|45
|
|t:|1757916970
|move|p1a: Serperior|Leaf Storm|p2a: Rotom|[miss]
|-miss|p1a: Serperior|p2a: Rotom
|move|p2a: Rotom|Volt Switch|p1a: Serperior
|-resisted|p1a: Serperior
|-activate|p1a: Serperior|move: Substitute|[damage]
|
|t:|1757916977
|switch|p2a: Exeggutor|Exeggutor-Alola, F|62/100 par|[from] Volt Switch
|
|-weather|Snowscape|[upkeep]
|upkeep
|turn|46
|
|t:|1757916986
|move|p1a: Serperior|Leaf Storm|p2a: Exeggutor
|-resisted|p2a: Exeggutor
|-damage|p2a: Exeggutor|9/100 par
|-enditem|p2a: Exeggutor|Sitrus Berry|[eat]
|-heal|p2a: Exeggutor|34/100 par|[from] item: Sitrus Berry
|move|p2a: Exeggutor|Substitute|p2a: Exeggutor
|-start|p2a: Exeggutor|Substitute
|-damage|p2a: Exeggutor|9/100 par
|
|-weather|Snowscape|[upkeep]
|-item|p2a: Exeggutor|Sitrus Berry|[from] ability: Harvest
|upkeep
|-enditem|p2a: Exeggutor|Sitrus Berry|[eat]
|-heal|p2a: Exeggutor|34/100 par|[from] item: Sitrus Berry
|turn|47
|
|t:|1757917012
|switch|p1a: Clefable|Clefable, M|100/100
|move|p2a: Exeggutor|Flamethrower|p1a: Clefable
|-damage|p1a: Clefable|72/100
|
|-weather|Snowscape|[upkeep]
|-heal|p1a: Clefable|78/100|[from] item: Leftovers
|-item|p2a: Exeggutor|Sitrus Berry|[from] ability: Harvest
|upkeep
|-enditem|p2a: Exeggutor|Sitrus Berry|[eat]
|-heal|p2a: Exeggutor|59/100 par|[from] item: Sitrus Berry
|turn|48
|
|t:|1757917026
|move|p1a: Clefable|Cosmic Power|p1a: Clefable
|-boost|p1a: Clefable|def|1
|-boost|p1a: Clefable|spd|1
|move|p2a: Exeggutor|Energy Ball|p1a: Clefable
|-damage|p1a: Clefable|47/100
|
|-weather|none
|-heal|p1a: Clefable|53/100|[from] item: Leftovers
|-item|p2a: Exeggutor|Sitrus Berry|[from] ability: Harvest
|upkeep
|turn|49
|
|t:|1757917050
|switch|p2a: Tinkaton|Tinkaton, F|57/100 par
|-ability|p2a: Tinkaton|Mold Breaker
|move|p1a: Clefable|Cosmic Power|p1a: Clefable
|-boost|p1a: Clefable|def|1
|-boost|p1a: Clefable|spd|1
|
|-heal|p2a: Tinkaton|64/100 par|[from] item: Leftovers
|-heal|p1a: Clefable|59/100|[from] item: Leftovers
|upkeep
|turn|50
|
|t:|1757917062
|-terastallize|p1a: Clefable|Fire
|cant|p2a: Tinkaton|par
|move|p1a: Clefable|Cosmic Power|p1a: Clefable
|-boost|p1a: Clefable|def|1
|-boost|p1a: Clefable|spd|1
|
|-heal|p2a: Tinkaton|70/100 par|[from] item: Leftovers
|-heal|p1a: Clefable|65/100|[from] item: Leftovers
|upkeep
|turn|51
|
|t:|1757917073
|cant|p2a: Tinkaton|par
|move|p1a: Clefable|Charge Beam|p2a: Tinkaton|[miss]
|-miss|p1a: Clefable|p2a: Tinkaton
|
|-heal|p2a: Tinkaton|76/100 par|[from] item: Leftovers
|-heal|p1a: Clefable|71/100|[from] item: Leftovers
|upkeep
|turn|52
|inactive|Charle_phate has 120 seconds left.
|
|t:|1757917115
|switch|p2a: Rotom|Rotom-Wash|73/100
|move|p1a: Clefable|Charge Beam|p2a: Rotom
|-damage|p2a: Rotom|60/100
|-boost|p1a: Clefable|spa|1
|
|-heal|p2a: Rotom|67/100|[from] item: Leftovers
|-heal|p1a: Clefable|78/100|[from] item: Leftovers
|upkeep
|turn|53
|
|t:|1757917124
|move|p2a: Rotom|Hydro Pump|p1a: Clefable
|-supereffective|p1a: Clefable
|-damage|p1a: Clefable|51/100
|move|p1a: Clefable|Cosmic Power|p1a: Clefable
|-boost|p1a: Clefable|def|1
|-boost|p1a: Clefable|spd|1
|
|-heal|p2a: Rotom|73/100|[from] item: Leftovers
|-heal|p1a: Clefable|57/100|[from] item: Leftovers
|upkeep
|turn|54
|inactive|Charle_phate has 120 seconds left.
|
|t:|1757917139
|move|p2a: Rotom|Volt Switch|p1a: Clefable
|-damage|p1a: Clefable|50/100
|
|t:|1757917142
|switch|p2a: Dragonite|Dragonite, F, tera:Normal|63/100 brn|[from] Volt Switch
|move|p1a: Clefable|Cosmic Power|p1a: Clefable
|-boost|p1a: Clefable|def|1
|-boost|p1a: Clefable|spd|1
|
|-heal|p2a: Dragonite|69/100 brn|[from] item: Leftovers
|-heal|p1a: Clefable|56/100|[from] item: Leftovers
|-damage|p2a: Dragonite|63/100 brn|[from] brn
|upkeep
|turn|55
|inactive|Charle_phate has 120 seconds left.
|
|t:|1757917155
|move|p2a: Dragonite|Roost|p2a: Dragonite
|-heal|p2a: Dragonite|100/100 brn
|move|p1a: Clefable|Cosmic Power|p1a: Clefable
|-boost|p1a: Clefable|def|1
|-boost|p1a: Clefable|spd|1
|
|-heal|p1a: Clefable|62/100|[from] item: Leftovers
|-damage|p2a: Dragonite|94/100 brn|[from] brn
|upkeep
|turn|56
|
|t:|1757917165
|move|p2a: Dragonite|Dragon Dance|p2a: Dragonite
|-boost|p2a: Dragonite|atk|1
|-boost|p2a: Dragonite|spe|1
|move|p1a: Clefable|Charge Beam|p2a: Dragonite
|-damage|p2a: Dragonite|78/100 brn
|-boost|p1a: Clefable|spa|1
|
|-heal|p2a: Dragonite|84/100 brn|[from] item: Leftovers
|-heal|p1a: Clefable|69/100|[from] item: Leftovers
|-damage|p2a: Dragonite|78/100 brn|[from] brn
|upkeep
|turn|57
|
|t:|1757917178
|move|p2a: Dragonite|Dragon Dance|p2a: Dragonite
|-boost|p2a: Dragonite|atk|1
|-boost|p2a: Dragonite|spe|1
|move|p1a: Clefable|Stored Power|p2a: Dragonite
|-damage|p2a: Dragonite|0 fnt
|faint|p2a: Dragonite
|
|-heal|p1a: Clefable|75/100|[from] item: Leftovers
|upkeep
|-message|Free6lackpanther forfeited.
|
|win|Charle_phate
|raw|Charle_phate's rating: 1297 &rarr; <strong>1327</strong><br />(+30 for winning)
|raw|Free6lackpanther's rating: 1368 &rarr; <strong>1344</strong><br />(-24 for losing)
|l|☆Free6lackpanther
|player|p2|
|l|☆Charle_phate
|player|p1|
