|j|☆sptea
|j|‽aaaabana
|t:|1757837558
|gametype|singles
|player|p1|sptea|265|1264
|player|p2|aaaabana|169|1262
|gen|9
|tier|[Gen 9] OU
|rated|
|rule|HP Percentage Mod: HP is shown in percentages
|rule|Endless Battle Clause: Forcing endless battles is banned
|rule|Species Clause: Limit one of each Pokémon
|rule|OHKO Clause: OHKO moves are banned
|rule|Evasion Items Clause: Evasion items are banned
|rule|Evasion Moves Clause: Evasion moves are banned
|rule|Evasion Abilities Clause: Evasion abilities are banned
|rule|Sleep Moves Clause: Sleep-inducing moves are banned
|clearpoke
|poke|p1|Leavanny, F|
|poke|p1|Torkoal, F|
|poke|p1|Great Tusk|
|poke|p1|Raging Bolt|
|poke|p1|Walking Wake|
|poke|p1|Clefable, M|
|poke|p2|Tyranitar, F|
|poke|p2|Excadrill, F|
|poke|p2|Keldeo-Resolute|
|poke|p2|Tornadus-Therian, M|
|poke|p2|Heatran, M|
|poke|p2|Hydrapple, F|
|teampreview
|inactive|Battle timer is ON: inactive players will automatically lose when time's up. (requested by sptea)
|
|t:|1757837579
|teamsize|p1|6
|teamsize|p2|6
|start
|switch|p1a: Torkoal|Torkoal, F|100/100
|switch|p2a: Heatran|Heatran, M|100/100
|-weather|SunnyDay|[from] ability: Drought|[of] p1a: Torkoal
|turn|1
|
|t:|1757837598
|move|p2a: Heatran|Taunt|p1a: Torkoal
|-start|p1a: Torkoal|move: Taunt
|cant|p1a: Torkoal|move: Taunt|Stealth Rock
|
|-weather|SunnyDay|[upkeep]
|upkeep
|turn|2
|
|t:|1757837606
|switch|p1a: Walking Wake|Walking Wake|100/100
|-activate|p1a: Walking Wake|ability: Protosynthesis
|-start|p1a: Walking Wake|protosynthesisspa
|move|p2a: Heatran|Stealth Rock|p1a: Walking Wake
|-sidestart|p1: sptea|move: Stealth Rock
|
|-weather|SunnyDay|[upkeep]
|upkeep
|turn|3
|
|t:|1757837617
|switch|p2a: Tyranitar|Tyranitar, F|100/100
|-weather|Sandstorm|[from] ability: Sand Stream|[of] p2a: Tyranitar
|-end|p1a: Walking Wake|Protosynthesis
|move|p1a: Walking Wake|Hydro Steam|p2a: Tyranitar
|-supereffective|p2a: Tyranitar
|-damage|p2a: Tyranitar|30/100
|-damage|p1a: Walking Wake|91/100|[from] item: Life Orb
|
|-weather|Sandstorm|[upkeep]
|-damage|p1a: Walking Wake|85/100|[from] Sandstorm
|upkeep
|turn|4
|
|t:|1757837630
|switch|p2a: Hydrapple|Hydrapple, F|100/100
|move|p1a: Walking Wake|Hydro Steam|p2a: Hydrapple
|-resisted|p2a: Hydrapple
|-damage|p2a: Hydrapple|88/100
|-damage|p1a: Walking Wake|75/100|[from] item: Life Orb
|
|-weather|Sandstorm|[upkeep]
|-damage|p1a: Walking Wake|69/100|[from] Sandstorm
|-damage|p2a: Hydrapple|82/100|[from] Sandstorm
|upkeep
|turn|5
|
|t:|1757837643
|-end|p1a: Walking Wake|Protosynthesis|[silent]
|switch|p1a: Clefable|Clefable, M|100/100
|-damage|p1a: Clefable|88/100|[from] Stealth Rock
|move|p2a: Hydrapple|Earth Power|p1a: Clefable
|-damage|p1a: Clefable|72/100
|
|-weather|Sandstorm|[upkeep]
|-damage|p1a: Clefable|65/100|[from] Sandstorm
|-damage|p2a: Hydrapple|76/100|[from] Sandstorm
|-heal|p1a: Clefable|72/100|[from] item: Leftovers
|upkeep
|turn|6
|
|t:|1757837659
|switch|p2a: Tornadus|Tornadus-Therian, M|100/100
|move|p1a: Clefable|Wish|p1a: Clefable
|
|-weather|Sandstorm|[upkeep]
|-damage|p2a: Tornadus|94/100|[from] Sandstorm
|-damage|p1a: Clefable|65/100|[from] Sandstorm
|-heal|p1a: Clefable|72/100|[from] item: Leftovers
|upkeep
|turn|7
|
|t:|1757837674
|move|p2a: Tornadus|U-turn|p1a: Clefable
|-resisted|p1a: Clefable
|-damage|p1a: Clefable|64/100
|
|t:|1757837680
|switch|p2a: Heatran|Heatran, M|100/100|[from] U-turn
|move|p1a: Clefable|Sunny Day|p1a: Clefable
|-weather|SunnyDay
|
|-weather|SunnyDay|[upkeep]
|-heal|p1a: Clefable|100/100|[from] move: Wish|[wisher] Clefable
|upkeep
|turn|8
|
|t:|1757837697
|switch|p1a: Great Tusk|Great Tusk|100/100
|-damage|p1a: Great Tusk|98/100|[from] Stealth Rock
|-activate|p1a: Great Tusk|ability: Protosynthesis
|-start|p1a: Great Tusk|protosynthesisatk
|move|p2a: Heatran|Magma Storm|p1a: Great Tusk
|-damage|p1a: Great Tusk|0 fnt
|faint|p1a: Great Tusk
|-end|p1a: Great Tusk|Protosynthesis|[silent]
|
|-weather|SunnyDay|[upkeep]
|upkeep
|
|t:|1757837706
|switch|p1a: Walking Wake|Walking Wake|69/100
|-damage|p1a: Walking Wake|56/100|[from] Stealth Rock
|-activate|p1a: Walking Wake|ability: Protosynthesis
|-start|p1a: Walking Wake|protosynthesisspa
|turn|9
|
|t:|1757837725
|switch|p2a: Hydrapple|Hydrapple, F|100/100
|move|p1a: Walking Wake|Hydro Steam|p2a: Hydrapple
|-resisted|p2a: Hydrapple
|-damage|p2a: Hydrapple|75/100
|-damage|p1a: Walking Wake|47/100|[from] item: Life Orb
|
|-weather|SunnyDay|[upkeep]
|upkeep
|turn|10
|
|t:|1757837738
|move|p1a: Walking Wake|Draco Meteor|p2a: Hydrapple
|-supereffective|p2a: Hydrapple
|-damage|p2a: Hydrapple|0 fnt
|-unboost|p1a: Walking Wake|spa|2
|faint|p2a: Hydrapple
|-damage|p1a: Walking Wake|37/100|[from] item: Life Orb
|
|-weather|SunnyDay|[upkeep]
|upkeep
|c|☆sptea|oh I didn't realise hydrapple got regenerator??
|c|☆sptea|that's cool
|inactive|aaaabana has 120 seconds left.
|
|t:|1757837749
|switch|p2a: Tornadus|Tornadus-Therian, M|100/100
|turn|11
|
|t:|1757837773
|-end|p1a: Walking Wake|Protosynthesis|[silent]
|switch|p1a: Clefable|Clefable, M|100/100
|-damage|p1a: Clefable|88/100|[from] Stealth Rock
|move|p2a: Tornadus|Bleakwind Storm|p1a: Clefable
|-damage|p1a: Clefable|61/100
|-unboost|p1a: Clefable|spe|1
|
|-weather|none
|-heal|p1a: Clefable|67/100|[from] item: Leftovers
|upkeep
|turn|12
|
|t:|1757837785
|move|p2a: Tornadus|Taunt|p1a: Clefable
|-start|p1a: Clefable|move: Taunt
|cant|p1a: Clefable|move: Taunt|Wish
|
|-heal|p1a: Clefable|73/100|[from] item: Leftovers
|upkeep
|turn|13
|
|t:|1757837793
|switch|p1a: Raging Bolt|Raging Bolt|100/100
|-damage|p1a: Raging Bolt|88/100|[from] Stealth Rock
|move|p2a: Tornadus|U-turn|p1a: Raging Bolt
|-damage|p1a: Raging Bolt|77/100
|inactive|aaaabana has 120 seconds left.
|
|t:|1757837816
|switch|p2a: Excadrill|Excadrill, F|100/100|[from] U-turn
|-item|p2a: Excadrill|Air Balloon
|
|-heal|p1a: Raging Bolt|83/100|[from] item: Leftovers
|upkeep
|turn|14
|
|t:|1757837828
|-end|p1a: Raging Bolt|Protosynthesis|[silent]
|switch|p1a: Leavanny|Leavanny, F|100/100
|-damage|p1a: Leavanny|76/100|[from] Stealth Rock
|move|p2a: Excadrill|Earthquake|p1a: Leavanny
|-resisted|p1a: Leavanny
|-damage|p1a: Leavanny|60/100
|
|upkeep
|turn|15
|inactive|aaaabana has 120 seconds left.
|
|t:|1757837858
|switch|p2a: Tornadus|Tornadus-Therian, M|100/100
|move|p1a: Leavanny|Reflect|p1a: Leavanny
|-sidestart|p1: sptea|Reflect
|
|upkeep
|turn|16
|
|t:|1757837872
|switch|p1a: Torkoal|Torkoal, F|100/100
|-weather|SunnyDay|[from] ability: Drought|[of] p1a: Torkoal
|move|p2a: Tornadus|Bleakwind Storm|p1a: Torkoal
|-damage|p1a: Torkoal|67/100
|
|-weather|SunnyDay|[upkeep]
|upkeep
|turn|17
|inactive|aaaabana has 120 seconds left.
|
|t:|1757837882
|switch|p2a: Tyranitar|Tyranitar, F|30/100
|-weather|Sandstorm|[from] ability: Sand Stream|[of] p2a: Tyranitar
|move|p1a: Torkoal|Rapid Spin|p2a: Tyranitar
|-resisted|p2a: Tyranitar
|-damage|p2a: Tyranitar|25/100
|-boost|p1a: Torkoal|spe|1
|-sideend|p1: sptea|Stealth Rock|[from] move: Rapid Spin|[of] p1a: Torkoal
|
|-weather|Sandstorm|[upkeep]
|-damage|p1a: Torkoal|61/100|[from] Sandstorm
|upkeep
|turn|18
|inactive|aaaabana has 120 seconds left.
|
|t:|1757837895
|move|p2a: Tyranitar|Stone Edge|p1a: Torkoal
|-supereffective|p1a: Torkoal
|-damage|p1a: Torkoal|0 fnt
|faint|p1a: Torkoal
|
|-weather|Sandstorm|[upkeep]
|upkeep
|
|t:|1757837902
|switch|p1a: Raging Bolt|Raging Bolt|83/100
|turn|19
|
|t:|1757837913
|switch|p2a: Excadrill|Excadrill, F|100/100
|-item|p2a: Excadrill|Air Balloon
|move|p1a: Raging Bolt|Dragon Pulse|p2a: Excadrill
|-resisted|p2a: Excadrill
|-damage|p2a: Excadrill|64/100
|-enditem|p2a: Excadrill|Air Balloon
|
|-weather|Sandstorm|[upkeep]
|-damage|p1a: Raging Bolt|77/100|[from] Sandstorm
|-heal|p1a: Raging Bolt|83/100|[from] item: Leftovers
|upkeep
|turn|20
|inactive|aaaabana has 120 seconds left.
|
|t:|1757837930
|-end|p1a: Raging Bolt|Protosynthesis|[silent]
|switch|p1a: Walking Wake|Walking Wake|37/100
|move|p2a: Excadrill|Earthquake|p1a: Walking Wake
|-damage|p1a: Walking Wake|2/100
|
|-weather|Sandstorm|[upkeep]
|-damage|p1a: Walking Wake|0 fnt|[from] Sandstorm
|faint|p1a: Walking Wake
|-end|p1a: Walking Wake|Protosynthesis|[silent]
|upkeep
|
|t:|1757837932
|switch|p1a: Leavanny|Leavanny, F|60/100
|turn|21
|inactive|aaaabana has 120 seconds left.
|
|t:|1757837953
|switch|p2a: Tornadus|Tornadus-Therian, M|100/100
|switch|p1a: Clefable|Clefable, M|73/100
|
|-weather|none
|-heal|p1a: Clefable|79/100|[from] item: Leftovers
|upkeep
|turn|22
|inactive|aaaabana has 120 seconds left.
|
|t:|1757837963
|move|p2a: Tornadus|Taunt|p1a: Clefable
|-start|p1a: Clefable|move: Taunt
|move|p1a: Clefable|Moonblast|p2a: Tornadus
|-damage|p2a: Tornadus|70/100
|
|-heal|p1a: Clefable|85/100|[from] item: Leftovers
|-sideend|p1: sptea|Reflect
|upkeep
|turn|23
|
|t:|1757837972
|move|p2a: Tornadus|U-turn|p1a: Clefable
|-resisted|p1a: Clefable
|-damage|p1a: Clefable|76/100
|
|t:|1757837975
|switch|p2a: Heatran|Heatran, M|100/100|[from] U-turn
|move|p1a: Clefable|Moonblast|p2a: Heatran
|-resisted|p2a: Heatran
|-damage|p2a: Heatran|95/100
|
|-heal|p2a: Heatran|100/100|[from] item: Leftovers
|-heal|p1a: Clefable|82/100|[from] item: Leftovers
|upkeep
|turn|24
|
|t:|1757837987
|switch|p1a: Raging Bolt|Raging Bolt|83/100
|move|p2a: Heatran|Magma Storm|p1a: Raging Bolt
|-resisted|p1a: Raging Bolt
|-damage|p1a: Raging Bolt|67/100
|-activate|p1a: Raging Bolt|move: Magma Storm|[of] p2a: Heatran
|
|-heal|p1a: Raging Bolt|73/100|[from] item: Leftovers
|-damage|p1a: Raging Bolt|61/100|[from] move: Magma Storm|[partiallytrapped]
|upkeep
|turn|25
|
|t:|1757838001
|move|p2a: Heatran|Earth Power|p1a: Raging Bolt
|-supereffective|p1a: Raging Bolt
|-damage|p1a: Raging Bolt|18/100
|move|p1a: Raging Bolt|Dragon Pulse|p2a: Heatran
|-resisted|p2a: Heatran
|-damage|p2a: Heatran|84/100
|
|-heal|p2a: Heatran|90/100|[from] item: Leftovers
|-heal|p1a: Raging Bolt|24/100|[from] item: Leftovers
|-damage|p1a: Raging Bolt|12/100|[from] move: Magma Storm|[partiallytrapped]
|upkeep
|turn|26
|
|t:|1757838015
|move|p1a: Raging Bolt|Thunderclap|p2a: Heatran
|-damage|p2a: Heatran|65/100
|move|p2a: Heatran|Magma Storm|p1a: Raging Bolt
|-resisted|p1a: Raging Bolt
|-damage|p1a: Raging Bolt|0 fnt
|faint|p1a: Raging Bolt
|-end|p1a: Raging Bolt|Protosynthesis|[silent]
|
|-heal|p2a: Heatran|71/100|[from] item: Leftovers
|upkeep
|
|t:|1757838018
|switch|p1a: Clefable|Clefable, M|82/100
|turn|27
|-message|sptea forfeited.
|
|win|aaaabana
|raw|sptea's rating: 1264 &rarr; <strong>1239</strong><br />(-25 for losing)
|raw|aaaabana's rating: 1262 &rarr; <strong>1287</strong><br />(+25 for winning)
|l|☆sptea
|player|p1|
