|j|☆boidudeman
|j|☆dj.tomato!
|t:|1757822608
|gametype|singles
|player|p1|boidudeman|266|1347
|player|p2|dj.tomato!|drake-gen3|1387
|gen|9
|tier|[Gen 9] OU
|rated|
|rule|HP Percentage Mod: HP is shown in percentages
|rule|Endless Battle Clause: Forcing endless battles is banned
|rule|Species Clause: Limit one of each Pokémon
|rule|OHKO Clause: OHKO moves are banned
|rule|Evasion Items Clause: Evasion items are banned
|rule|Evasion Moves Clause: Evasion moves are banned
|rule|Evasion Abilities Clause: Evasion abilities are banned
|rule|Sleep Moves Clause: Sleep-inducing moves are banned
|clearpoke
|poke|p1|Meowscarada, M|
|poke|p1|Dragapult, M|
|poke|p1|Kingambit, M|
|poke|p1|Corviknight, M|
|poke|p1|Slowking-Galar, M|
|poke|p1|Great Tusk|
|poke|p2|Rillaboom, F|
|poke|p2|Hatterene, F|
|poke|p2|Raging Bolt|
|poke|p2|Heatran, M|
|poke|p2|Primarina, F|
|poke|p2|Kingambit, M|
|teampreview
|inactive|Battle timer is ON: inactive players will automatically lose when time's up. (requested by boidudeman)
|
|t:|1757822636
|teamsize|p1|6
|teamsize|p2|6
|start
|switch|p1a: Slowking|Slowking-Galar, M|100/100
|switch|p2a: Rillaboom|Rillaboom, F|100/100
|-fieldstart|move: Grassy Terrain|[from] ability: Grassy Surge|[of] p2a: Rillaboom
|turn|1
|
|t:|1757822639
|switch|p1a: Corviknight|Corviknight, M|100/100
|move|p2a: Rillaboom|Knock Off|p1a: Corviknight
|-damage|p1a: Corviknight|77/100
|-damage|p2a: Rillaboom|84/100|[from] item: Rocky Helmet|[of] p1a: Corviknight
|-enditem|p1a: Corviknight|Rocky Helmet|[from] move: Knock Off|[of] p2a: Rillaboom
|
|-heal|p2a: Rillaboom|90/100|[from] Grassy Terrain
|upkeep
|turn|2
|
|t:|1757822646
|switch|p2a: Heatran|Heatran, M|100/100
|move|p1a: Corviknight|Brave Bird|p2a: Heatran
|-resisted|p2a: Heatran
|-damage|p2a: Heatran|84/100
|-damage|p1a: Corviknight|72/100|[from] Recoil
|
|-heal|p2a: Heatran|91/100|[from] Grassy Terrain
|-heal|p2a: Heatran|97/100|[from] item: Leftovers
|upkeep
|turn|3
|
|t:|1757822651
|switch|p1a: Slowking|Slowking-Galar, M|100/100
|move|p2a: Heatran|Magma Storm|p1a: Slowking|[miss]
|-miss|p2a: Heatran|p1a: Slowking
|
|-heal|p2a: Heatran|100/100|[from] Grassy Terrain
|upkeep
|turn|4
|
|t:|1757822655
|move|p2a: Heatran|Stealth Rock|p1a: Slowking
|-sidestart|p1: boidudeman|move: Stealth Rock
|move|p1a: Slowking|Thunder Wave|p2a: Heatran|[miss]
|-miss|p1a: Slowking|p2a: Heatran
|
|upkeep
|turn|5
|
|t:|1757822662
|move|p2a: Heatran|Magma Storm|p1a: Slowking
|-damage|p1a: Slowking|75/100
|-activate|p1a: Slowking|move: Magma Storm|[of] p2a: Heatran
|-prepare|p1a: Slowking|Chilly Reception|[premajor]
|move|p1a: Slowking|Chilly Reception|p1a: Slowking
|-weather|Snowscape
|
|t:|1757822672
|switch|p1a: Great Tusk|Great Tusk|100/100|[from] Chilly Reception
|
|-weather|Snowscape|[upkeep]
|upkeep
|turn|6
|
|t:|1757822680
|move|p1a: Great Tusk|Stealth Rock|p2a: Heatran
|-sidestart|p2: dj.tomato!|move: Stealth Rock
|move|p2a: Heatran|Will-O-Wisp|p1a: Great Tusk|[miss]
|-miss|p2a: Heatran|p1a: Great Tusk
|
|-weather|Snowscape|[upkeep]
|upkeep
|turn|7
|
|t:|1757822688
|switch|p2a: Hatterene|Hatterene, F, shiny|100/100
|-damage|p2a: Hatterene|88/100|[from] Stealth Rock
|-enditem|p2a: Hatterene|Grassy Seed
|-boost|p2a: Hatterene|def|1|[from] item: Grassy Seed
|move|p1a: Great Tusk|Headlong Rush|p2a: Hatterene
|-damage|p2a: Hatterene|57/100
|-unboost|p1a: Great Tusk|def|1
|-unboost|p1a: Great Tusk|spd|1
|
|-weather|Snowscape|[upkeep]
|-heal|p2a: Hatterene|63/100|[from] Grassy Terrain
|upkeep
|turn|8
|
|t:|1757822707
|-end|p1a: Great Tusk|Protosynthesis|[silent]
|switch|p1a: Slowking|Slowking-Galar, M|100/100
|move|p2a: Hatterene|Calm Mind|p2a: Hatterene
|-boost|p2a: Hatterene|spa|1
|-boost|p2a: Hatterene|spd|1
|
|-weather|Snowscape|[upkeep]
|-heal|p2a: Hatterene|69/100|[from] Grassy Terrain
|-fieldend|move: Grassy Terrain
|upkeep
|turn|9
|
|t:|1757822712
|move|p2a: Hatterene|Nuzzle|p1a: Slowking
|-damage|p1a: Slowking|97/100
|-status|p1a: Slowking|par
|move|p1a: Slowking|Thunder Wave|p2a: Hatterene
|move|p2a: Hatterene|Thunder Wave|p1a: Slowking|[from] ability: Magic Bounce
|-fail|p1a: Slowking|par
|
|-weather|none
|upkeep
|turn|10
|
|t:|1757822720
|move|p2a: Hatterene|Psyshock|p1a: Slowking
|-damage|p1a: Slowking|45/100 par
|-prepare|p1a: Slowking|Chilly Reception|[premajor]
|cant|p1a: Slowking|par
|
|upkeep
|turn|11
|
|t:|1757822732
|switch|p1a: Meowscarada|Meowscarada, M|100/100
|-damage|p1a: Meowscarada|88/100|[from] Stealth Rock
|move|p2a: Hatterene|Calm Mind|p2a: Hatterene
|-boost|p2a: Hatterene|spa|1
|-boost|p2a: Hatterene|spd|1
|
|upkeep
|turn|12
|
|t:|1757822742
|move|p1a: Meowscarada|Flower Trick|p2a: Hatterene
|-start|p1a: Meowscarada|typechange|Grass|[from] ability: Protean
|-crit|p2a: Hatterene
|-damage|p2a: Hatterene|4/100
|move|p2a: Hatterene|Draining Kiss|p1a: Meowscarada
|-damage|p1a: Meowscarada|23/100
|-heal|p2a: Hatterene|49/100|[from] drain|[of] p1a: Meowscarada
|
|upkeep
|turn|13
|
|t:|1757822752
|move|p1a: Meowscarada|Flower Trick|p2a: Hatterene
|-crit|p2a: Hatterene
|-damage|p2a: Hatterene|0 fnt
|faint|p2a: Hatterene
|
|upkeep
|
|t:|1757822756
|switch|p2a: Rillaboom|Rillaboom, F|90/100
|-damage|p2a: Rillaboom|78/100|[from] Stealth Rock
|-fieldstart|move: Grassy Terrain|[from] ability: Grassy Surge|[of] p2a: Rillaboom
|turn|14
|
|t:|1757822762
|switch|p1a: Corviknight|Corviknight, M|72/100
|-damage|p1a: Corviknight|60/100|[from] Stealth Rock
|move|p2a: Rillaboom|U-turn|p1a: Corviknight
|-resisted|p1a: Corviknight
|-damage|p1a: Corviknight|56/100
|
|t:|1757822766
|switch|p2a: Raging Bolt|Raging Bolt|100/100|[from] U-turn
|-damage|p2a: Raging Bolt|88/100|[from] Stealth Rock
|-enditem|p2a: Raging Bolt|Booster Energy
|-activate|p2a: Raging Bolt|ability: Protosynthesis|[fromitem]
|-start|p2a: Raging Bolt|protosynthesisspa
|
|-heal|p2a: Raging Bolt|94/100|[from] Grassy Terrain
|upkeep
|turn|15
|
|t:|1757822775
|move|p2a: Raging Bolt|Dragon Pulse|p1a: Corviknight
|-resisted|p1a: Corviknight
|-damage|p1a: Corviknight|25/100
|move|p1a: Corviknight|U-turn|p2a: Raging Bolt
|-damage|p2a: Raging Bolt|82/100
|
|t:|1757822782
|switch|p1a: Great Tusk|Great Tusk|100/100|[from] U-turn
|
|-heal|p2a: Raging Bolt|88/100|[from] Grassy Terrain
|upkeep
|turn|16
|
|t:|1757822795
|move|p1a: Great Tusk|Headlong Rush|p2a: Raging Bolt
|-supereffective|p2a: Raging Bolt
|-damage|p2a: Raging Bolt|0 fnt
|-unboost|p1a: Great Tusk|def|1
|-unboost|p1a: Great Tusk|spd|1
|faint|p2a: Raging Bolt
|-end|p2a: Raging Bolt|Protosynthesis|[silent]
|
|upkeep
|
|t:|1757822799
|switch|p2a: Primarina|Primarina, F|100/100
|-damage|p2a: Primarina|88/100|[from] Stealth Rock
|turn|17
|
|t:|1757822805
|-end|p1a: Great Tusk|Protosynthesis|[silent]
|switch|p1a: Slowking|Slowking-Galar, M|78/100 par
|move|p2a: Primarina|Calm Mind|p2a: Primarina
|-boost|p2a: Primarina|spa|1
|-boost|p2a: Primarina|spd|1
|
|-heal|p2a: Primarina|94/100|[from] Grassy Terrain
|-heal|p2a: Primarina|99/100|[from] item: Leftovers
|-heal|p1a: Slowking|84/100 par|[from] Grassy Terrain
|upkeep
|turn|18
|
|t:|1757822811
|move|p2a: Primarina|Calm Mind|p2a: Primarina
|-boost|p2a: Primarina|spa|1
|-boost|p2a: Primarina|spd|1
|move|p1a: Slowking|Thunder Wave|p2a: Primarina
|-status|p2a: Primarina|par
|
|-heal|p2a: Primarina|100/100 par|[from] Grassy Terrain
|-heal|p1a: Slowking|90/100 par|[from] Grassy Terrain
|upkeep
|turn|19
|
|t:|1757822817
|move|p2a: Primarina|Substitute|p2a: Primarina
|-start|p2a: Primarina|Substitute
|-damage|p2a: Primarina|75/100 par
|move|p1a: Slowking|Sludge Bomb|p2a: Primarina
|-supereffective|p2a: Primarina
|-end|p2a: Primarina|Substitute
|
|-heal|p2a: Primarina|82/100 par|[from] Grassy Terrain
|-heal|p2a: Primarina|88/100 par|[from] item: Leftovers
|-heal|p1a: Slowking|96/100 par|[from] Grassy Terrain
|upkeep
|turn|20
|
|t:|1757822820
|move|p2a: Primarina|Psychic Noise|p1a: Slowking
|-damage|p1a: Slowking|58/100 par
|-start|p1a: Slowking|move: Heal Block
|cant|p1a: Slowking|par
|
|-heal|p2a: Primarina|94/100 par|[from] Grassy Terrain
|-heal|p2a: Primarina|99/100 par|[from] item: Leftovers
|upkeep
|turn|21
|
|t:|1757822826
|move|p2a: Primarina|Substitute|p2a: Primarina
|-start|p2a: Primarina|Substitute
|-damage|p2a: Primarina|75/100 par
|move|p1a: Slowking|Sludge Bomb|p2a: Primarina
|-supereffective|p2a: Primarina
|-end|p2a: Primarina|Substitute
|
|-heal|p2a: Primarina|81/100 par|[from] Grassy Terrain
|-heal|p2a: Primarina|87/100 par|[from] item: Leftovers
|-end|p1a: Slowking|move: Heal Block
|-fieldend|move: Grassy Terrain
|upkeep
|turn|22
|
|t:|1757822831
|move|p2a: Primarina|Substitute|p2a: Primarina
|-start|p2a: Primarina|Substitute
|-damage|p2a: Primarina|62/100 par
|cant|p1a: Slowking|par
|
|-heal|p2a: Primarina|68/100 par|[from] item: Leftovers
|upkeep
|turn|23
|
|t:|1757822835
|move|p2a: Primarina|Calm Mind|p2a: Primarina
|-boost|p2a: Primarina|spa|1
|-boost|p2a: Primarina|spd|1
|cant|p1a: Slowking|par
|
|-heal|p2a: Primarina|74/100 par|[from] item: Leftovers
|upkeep
|turn|24
|
|t:|1757822838
|move|p2a: Primarina|Calm Mind|p2a: Primarina
|-boost|p2a: Primarina|spa|1
|-boost|p2a: Primarina|spd|1
|move|p1a: Slowking|Sludge Bomb|p2a: Primarina
|-supereffective|p2a: Primarina
|-activate|p2a: Primarina|move: Substitute|[damage]
|
|-heal|p2a: Primarina|80/100 par|[from] item: Leftovers
|upkeep
|turn|25
|
|t:|1757822841
|cant|p2a: Primarina|par
|move|p1a: Slowking|Sludge Bomb|p2a: Primarina
|-supereffective|p2a: Primarina
|-end|p2a: Primarina|Substitute
|
|-heal|p2a: Primarina|86/100 par|[from] item: Leftovers
|upkeep
|turn|26
|
|t:|1757822846
|move|p2a: Primarina|Substitute|p2a: Primarina
|-start|p2a: Primarina|Substitute
|-damage|p2a: Primarina|61/100 par
|move|p1a: Slowking|Sludge Bomb|p2a: Primarina
|-supereffective|p2a: Primarina
|-activate|p2a: Primarina|move: Substitute|[damage]
|
|-heal|p2a: Primarina|67/100 par|[from] item: Leftovers
|upkeep
|turn|27
|
|t:|1757822848
|move|p2a: Primarina|Psychic Noise|p1a: Slowking
|-damage|p1a: Slowking|0 fnt
|faint|p1a: Slowking
|
|-heal|p2a: Primarina|73/100 par|[from] item: Leftovers
|upkeep
|
|t:|1757822858
|switch|p1a: Great Tusk|Great Tusk|100/100
|turn|28
|
|t:|1757822864
|move|p1a: Great Tusk|Headlong Rush|p2a: Primarina
|-end|p2a: Primarina|Substitute
|-unboost|p1a: Great Tusk|def|1
|-unboost|p1a: Great Tusk|spd|1
|move|p2a: Primarina|Draining Kiss|p1a: Great Tusk
|-supereffective|p1a: Great Tusk
|-damage|p1a: Great Tusk|0 fnt
|-heal|p2a: Primarina|100/100 par|[from] drain|[of] p1a: Great Tusk
|faint|p1a: Great Tusk
|-end|p1a: Great Tusk|Protosynthesis|[silent]
|
|upkeep
|
|t:|1757822870
|switch|p1a: Meowscarada|Meowscarada, M|23/100
|-damage|p1a: Meowscarada|11/100|[from] Stealth Rock
|turn|29
|
|t:|1757822878
|-terastallize|p2a: Primarina|Steel
|move|p1a: Meowscarada|Flower Trick|p2a: Primarina
|-start|p1a: Meowscarada|typechange|Grass|[from] ability: Protean
|-resisted|p2a: Primarina
|-crit|p2a: Primarina
|-damage|p2a: Primarina|72/100 par
|move|p2a: Primarina|Draining Kiss|p1a: Meowscarada
|-damage|p1a: Meowscarada|0 fnt
|-heal|p2a: Primarina|78/100 par|[from] drain|[of] p1a: Meowscarada
|faint|p1a: Meowscarada
|
|-heal|p2a: Primarina|84/100 par|[from] item: Leftovers
|upkeep
|
|t:|1757822886
|switch|p1a: Dragapult|Dragapult, M|100/100
|turn|30
|
|t:|1757822891
|move|p1a: Dragapult|Will-O-Wisp||[still]
|-fail|p1a: Dragapult
|cant|p2a: Primarina|par
|
|-heal|p2a: Primarina|90/100 par|[from] item: Leftovers
|upkeep
|turn|31
|
|t:|1757822897
|move|p1a: Dragapult|Hex|p2a: Primarina
|-damage|p2a: Primarina|73/100 par
|move|p2a: Primarina|Draining Kiss|p1a: Dragapult
|-supereffective|p1a: Dragapult
|-crit|p1a: Dragapult
|-damage|p1a: Dragapult|0 fnt
|-heal|p2a: Primarina|100/100 par|[from] drain|[of] p1a: Dragapult
|faint|p1a: Dragapult
|
|upkeep
|
|t:|1757822900
|switch|p1a: Kingambit|Kingambit, M|100/100
|-damage|p1a: Kingambit|94/100|[from] Stealth Rock
|-activate|p1a: Kingambit|ability: Supreme Overlord
|-start|p1a: Kingambit|fallen4|[silent]
|turn|32
|
|t:|1757822909
|move|p1a: Kingambit|Swords Dance|p1a: Kingambit
|-boost|p1a: Kingambit|atk|2
|move|p2a: Primarina|Draining Kiss|p1a: Kingambit
|-damage|p1a: Kingambit|19/100
|
|-heal|p1a: Kingambit|25/100|[from] item: Leftovers
|upkeep
|turn|33
|
|t:|1757822911
|move|p1a: Kingambit|Kowtow Cleave|p2a: Primarina
|-damage|p2a: Primarina|0 fnt
|faint|p2a: Primarina
|
|-heal|p1a: Kingambit|31/100|[from] item: Leftovers
|upkeep
|
|t:|1757822921
|switch|p2a: Heatran|Heatran, M|100/100
|-damage|p2a: Heatran|88/100|[from] Stealth Rock
|turn|34
|
|t:|1757822926
|move|p1a: Kingambit|Sucker Punch|p2a: Heatran
|-damage|p2a: Heatran|0 fnt
|faint|p2a: Heatran
|
|-heal|p1a: Kingambit|37/100|[from] item: Leftovers
|upkeep
|
|t:|1757822929
|switch|p2a: Kingambit|Kingambit, M|100/100
|-damage|p2a: Kingambit|94/100|[from] Stealth Rock
|-activate|p2a: Kingambit|ability: Supreme Overlord
|-start|p2a: Kingambit|fallen4|[silent]
|turn|35
|
|t:|1757822937
|move|p1a: Kingambit|Kowtow Cleave|p2a: Kingambit
|-resisted|p2a: Kingambit
|-damage|p2a: Kingambit|34/100
|move|p2a: Kingambit|Low Kick|p1a: Kingambit
|-supereffective|p1a: Kingambit
|-damage|p1a: Kingambit|0 fnt
|faint|p1a: Kingambit
|-end|p1a: Kingambit|fallen4|[silent]
|
|upkeep
|
|t:|1757822942
|switch|p1a: Corviknight|Corviknight, M|25/100
|-damage|p1a: Corviknight|13/100|[from] Stealth Rock
|turn|36
|
|t:|1757822946
|move|p2a: Kingambit|Kowtow Cleave|p1a: Corviknight
|-damage|p1a: Corviknight|0 fnt
|faint|p1a: Corviknight
|
|win|dj.tomato!
|raw|boidudeman's rating: 1347 &rarr; <strong>1329</strong><br />(-18 for losing)
|raw|dj.tomato!'s rating: 1387 &rarr; <strong>1405</strong><br />(+18 for winning)
|l|☆boidudeman
|player|p1|
|l|☆dj.tomato!
|player|p2|
