|j|☆zerifen
|j|☆Aimsss
|t:|1757911558
|gametype|singles
|player|p1|zerifen|rosa-masters|1323
|player|p2|Aimsss|policeman-gen4|1360
|gen|9
|tier|[Gen 9] OU
|rated|
|rule|HP Percentage Mod: HP is shown in percentages
|rule|Endless Battle Clause: Forcing endless battles is banned
|rule|Species Clause: Limit one of each Pokémon
|rule|OHKO Clause: OHKO moves are banned
|rule|Evasion Items Clause: Evasion items are banned
|rule|Evasion Moves Clause: Evasion moves are banned
|rule|Evasion Abilities Clause: Evasion abilities are banned
|rule|Sleep Moves Clause: Sleep-inducing moves are banned
|clearpoke
|poke|p1|Slowking-Galar, F|
|poke|p1|Great Tusk|
|poke|p1|Kingambit, M|
|poke|p1|Zoroark-Hisui, F|
|poke|p1|Meowscarada, F|
|poke|p1|Landorus-Therian, M|
|poke|p2|Dragapult, M|
|poke|p2|Kingambit, F|
|poke|p2|Hawlucha, F|
|poke|p2|Glimmora, M|
|poke|p2|Chesnaught, F|
|poke|p2|Gallade, M|
|teampreview
|inactive|Battle timer is ON: inactive players will automatically lose when time's up. (requested by zerifen)
|inactive|zerifen has 120 seconds left.
|inactive|zerifen has 90 seconds left.
|
|t:|1757911625
|teamsize|p1|6
|teamsize|p2|6
|start
|switch|p1a: Landorus|Landorus-Therian, M|100/100
|switch|p2a: Chesnaught|Chesnaught, F|100/100
|-ability|p1a: Landorus|Intimidate|boost
|-unboost|p2a: Chesnaught|atk|1
|turn|1
|
|t:|1757911632
|move|p1a: Landorus|Taunt|p2a: Chesnaught
|-start|p2a: Chesnaught|move: Taunt
|move|p2a: Chesnaught|Knock Off|p1a: Landorus
|-damage|p1a: Landorus|83/100
|-enditem|p1a: Landorus|Leftovers|[from] move: Knock Off|[of] p2a: Chesnaught
|
|upkeep
|turn|2
|
|t:|1757911641
|switch|p2a: Glimmora|Glimmora, M|100/100
|-item|p2a: Glimmora|Air Balloon
|move|p1a: Landorus|U-turn|p2a: Glimmora
|-resisted|p2a: Glimmora
|-damage|p2a: Glimmora|90/100
|-activate|p2a: Glimmora|ability: Toxic Debris
|-sidestart|p1: zerifen|move: Toxic Spikes
|-enditem|p2a: Glimmora|Air Balloon
|
|t:|1757911650
|switch|p1a: Slowking|Slowking-Galar, F|100/100|[from] U-turn
|-sideend|p1: zerifen|move: Toxic Spikes|[of] p1a: Slowking
|
|upkeep
|turn|3
|
|t:|1757911656
|move|p2a: Glimmora|Stealth Rock|p1a: Slowking
|-sidestart|p1: zerifen|move: Stealth Rock
|-prepare|p1a: Slowking|Chilly Reception|[premajor]
|move|p1a: Slowking|Chilly Reception|p1a: Slowking
|-weather|Snowscape
|inactive|zerifen has 120 seconds left.
|
|t:|1757911691
|switch|p1a: Great Tusk|Great Tusk|100/100|[from] Chilly Reception
|-damage|p1a: Great Tusk|97/100|[from] Stealth Rock
|-enditem|p1a: Great Tusk|Booster Energy
|-activate|p1a: Great Tusk|ability: Protosynthesis|[fromitem]
|-start|p1a: Great Tusk|protosynthesisatk
|
|-weather|Snowscape|[upkeep]
|upkeep
|turn|4
|inactive|zerifen has 120 seconds left.
|
|t:|1757911699
|move|p1a: Great Tusk|Headlong Rush|p2a: Glimmora
|-supereffective|p2a: Glimmora
|-damage|p2a: Glimmora|0 fnt
|-unboost|p1a: Great Tusk|def|1
|-unboost|p1a: Great Tusk|spd|1
|-activate|p2a: Glimmora|ability: Toxic Debris
|-sidestart|p1: zerifen|move: Toxic Spikes
|faint|p2a: Glimmora
|
|-weather|Snowscape|[upkeep]
|upkeep
|
|t:|1757911709
|switch|p2a: Dragapult|Dragapult, M|100/100
|turn|5
|inactive|zerifen has 120 seconds left.
|
|t:|1757911731
|-end|p1a: Great Tusk|Protosynthesis|[silent]
|switch|p1a: Slowking|Slowking-Galar, F|100/100
|-damage|p1a: Slowking|88/100|[from] Stealth Rock
|-sideend|p1: zerifen|move: Toxic Spikes|[of] p1a: Slowking
|move|p2a: Dragapult|Will-O-Wisp|p1a: Slowking|[miss]
|-miss|p2a: Dragapult|p1a: Slowking
|
|-weather|Snowscape|[upkeep]
|-heal|p1a: Slowking|94/100|[from] item: Black Sludge
|upkeep
|turn|6
|inactive|zerifen has 120 seconds left.
|
|t:|1757911741
|switch|p2a: Kingambit|Kingambit, F|100/100
|move|p1a: Slowking|Trick|p2a: Kingambit
|-activate|p1a: Slowking|move: Trick|[of] p2a: Kingambit
|-item|p2a: Kingambit|Black Sludge|[from] move: Trick
|-item|p1a: Slowking|Rawst Berry|[from] move: Trick
|
|-weather|Snowscape|[upkeep]
|-damage|p2a: Kingambit|88/100|[from] item: Black Sludge
|upkeep
|turn|7
|
|t:|1757911750
|-terastallize|p1a: Slowking|Flying
|move|p2a: Kingambit|Iron Head|p1a: Slowking
|-damage|p1a: Slowking|43/100
|-prepare|p1a: Slowking|Chilly Reception|[premajor]
|move|p1a: Slowking|Chilly Reception|p1a: Slowking
|inactive|zerifen has 120 seconds left.
|
|t:|1757911760
|switch|p1a: Great Tusk|Great Tusk|97/100|[from] Chilly Reception
|-damage|p1a: Great Tusk|94/100|[from] Stealth Rock
|
|-weather|none
|-damage|p2a: Kingambit|76/100|[from] item: Black Sludge
|upkeep
|turn|8
|
|t:|1757911769
|switch|p2a: Dragapult|Dragapult, M|100/100
|move|p1a: Great Tusk|Stealth Rock|p2a: Dragapult
|-sidestart|p2: Aimsss|move: Stealth Rock
|
|upkeep
|turn|9
|
|t:|1757911777
|-end|p1a: Great Tusk|Protosynthesis|[silent]
|switch|p1a: Slowking|Slowking-Galar, F, tera:Flying|76/100
|-damage|p1a: Slowking|51/100|[from] Stealth Rock
|move|p2a: Dragapult|Will-O-Wisp|p1a: Slowking
|-status|p1a: Slowking|brn
|-enditem|p1a: Slowking|Rawst Berry|[eat]
|-curestatus|p1a: Slowking|brn|[msg]
|
|upkeep
|turn|10
|
|t:|1757911786
|move|p2a: Dragapult|Will-O-Wisp|p1a: Slowking
|-status|p1a: Slowking|brn
|move|p1a: Slowking|Slack Off|p1a: Slowking
|-heal|p1a: Slowking|100/100 brn
|
|-damage|p1a: Slowking|94/100 brn|[from] brn
|upkeep
|turn|11
|
|t:|1757911797
|move|p2a: Dragapult|Hex|p1a: Slowking
|-damage|p1a: Slowking|60/100 brn
|-prepare|p1a: Slowking|Chilly Reception|[premajor]
|move|p1a: Slowking|Chilly Reception|p1a: Slowking
|-weather|Snowscape
|
|t:|1757911814
|switch|p1a: Meowscarada|Meowscarada, F|100/100|[from] Chilly Reception
|-damage|p1a: Meowscarada|88/100|[from] Stealth Rock
|
|-weather|Snowscape|[upkeep]
|upkeep
|turn|12
|
|t:|1757911828
|switch|p2a: Kingambit|Kingambit, F|76/100
|-damage|p2a: Kingambit|69/100|[from] Stealth Rock
|move|p1a: Meowscarada|Nasty Plot|p1a: Meowscarada
|-boost|p1a: Meowscarada|spa|2
|
|-weather|Snowscape|[upkeep]
|-damage|p2a: Kingambit|57/100|[from] item: Black Sludge
|upkeep
|turn|13
|
|t:|1757911839
|move|p1a: Meowscarada|Bitter Malice|p2a: Kingambit
|-resisted|p2a: Kingambit
|-damage|p2a: Kingambit|13/100
|-unboost|p2a: Kingambit|atk|1
|-ability|p2a: Kingambit|Defiant|boost
|-boost|p2a: Kingambit|atk|2
|-damage|p1a: Meowscarada|78/100|[from] item: Life Orb
|move|p2a: Kingambit|Swords Dance|p2a: Kingambit
|-boost|p2a: Kingambit|atk|2
|
|-weather|Snowscape|[upkeep]
|-damage|p2a: Kingambit|0 fnt|[from] item: Black Sludge
|faint|p2a: Kingambit
|upkeep
|inactive|Aimsss has 120 seconds left.
|c|☆Aimsss|Black sludge is supposed to poison right?
|
|t:|1757911876
|switch|p2a: Dragapult|Dragapult, M|100/100
|turn|14
|c|☆zerifen|It just does damage. only not to poison types
|c|☆zerifen|So even steel types suffer from it
|c|☆Aimsss|!dt black sludge
|raw|<ul class="utilichart"><li class="result"><span class="col itemiconcol"><psicon item="blacksludge"></span> <span class="col namecol"><a href="https://dex.pokemonshowdown.com/items/blacksludge">Black Sludge</a></span> <span class="col itemdesccol">Each turn, if holder is a Poison type, restores 1/16 max HP; loses 1/8 if not.</span> </li><li style="clear:both"></li></ul>
|raw|<font size="1"><font color="#686868">Gen:</font> 4&nbsp;|&ThickSpace;<font color="#686868">Fling Base Power:</font> 30</font>

|
|t:|1757911899
|move|p2a: Dragapult|Dragon Darts|p1a: Meowscarada
|-damage|p1a: Meowscarada|26/100
|replace|p1a: Zoroark|Zoroark-Hisui, F
|-end|p1a: Zoroark|Illusion
|-anim|p2a: Dragapult|Dragon Darts|p1a: Zoroark
|-damage|p1a: Zoroark|0 fnt
|faint|p1a: Zoroark
|
|-weather|Snowscape|[upkeep]
|upkeep
|inactive|zerifen has 120 seconds left.
|c|☆zerifen|see, it doesn't specify
|
|t:|1757911937
|switch|p1a: Meowscarada|Meowscarada, F|100/100
|-damage|p1a: Meowscarada|88/100|[from] Stealth Rock
|turn|15
|
|t:|1757911941
|move|p1a: Meowscarada|Triple Axel|p2a: Dragapult
|-start|p1a: Meowscarada|typechange|Ice|[from] ability: Protean
|-supereffective|p2a: Dragapult
|-damage|p2a: Dragapult|72/100
|-supereffective|p2a: Dragapult
|-damage|p2a: Dragapult|12/100
|-supereffective|p2a: Dragapult
|-damage|p2a: Dragapult|0 fnt
|faint|p2a: Dragapult
|-hitcount|p2: Dragapult|3
|
|-weather|none
|upkeep
|
|t:|1757911954
|switch|p2a: Hawlucha|Hawlucha, F|100/100
|-damage|p2a: Hawlucha|88/100|[from] Stealth Rock
|turn|16
|
|t:|1757911959
|-terastallize|p2a: Hawlucha|Steel
|move|p1a: Meowscarada|Triple Axel|p2a: Hawlucha|[miss]
|-miss|p1a: Meowscarada|p2a: Hawlucha
|move|p2a: Hawlucha|Swords Dance|p2a: Hawlucha
|-boost|p2a: Hawlucha|atk|2
|
|upkeep
|turn|17
|
|t:|1757911967
|switch|p1a: Landorus|Landorus-Therian, M|83/100
|-damage|p1a: Landorus|71/100|[from] Stealth Rock
|-ability|p1a: Landorus|Intimidate|boost
|-unboost|p2a: Hawlucha|atk|1
|move|p2a: Hawlucha|Swords Dance|p2a: Hawlucha
|-boost|p2a: Hawlucha|atk|2
|
|upkeep
|turn|18
|
|t:|1757911977
|move|p1a: Landorus|Taunt|p2a: Hawlucha
|-start|p2a: Hawlucha|move: Taunt
|move|p2a: Hawlucha|Acrobatics|p1a: Landorus
|-damage|p1a: Landorus|0 fnt
|faint|p1a: Landorus
|
|upkeep
|inactive|zerifen has 120 seconds left.
|
|t:|1757912013
|switch|p1a: Meowscarada|Meowscarada, F|88/100
|-damage|p1a: Meowscarada|76/100|[from] Stealth Rock
|turn|19
|c|☆Aimsss|That’s a frail lando
|c|☆zerifen|I mean, its a 2.5 atk hawlucha with stab acrobatics lmao
|inactive|zerifen has 90 seconds left.
|c|☆zerifen|The poor thing got reduced to atoms
|
|t:|1757912052
|move|p1a: Meowscarada|Throat Chop|p2a: Hawlucha
|-start|p1a: Meowscarada|typechange|Dark|[from] ability: Protean
|-damage|p2a: Hawlucha|31/100
|-start|p2a: Hawlucha|Throat Chop|[silent]
|-enditem|p2a: Hawlucha|Red Card|[of] p1a: Meowscarada
|drag|p1a: Great Tusk|Great Tusk|94/100
|-damage|p1a: Great Tusk|91/100|[from] Stealth Rock
|move|p2a: Hawlucha|Drain Punch|p1a: Great Tusk
|-damage|p1a: Great Tusk|36/100
|-heal|p2a: Hawlucha|68/100|[from] drain|[of] p1a: Great Tusk
|
|upkeep
|turn|20
|inactive|zerifen has 90 seconds left.
|c|☆Aimsss|It’s only 55 damage though
|c|☆Aimsss|but yea 2.5
|c|☆zerifen|Yeah, now I'm done
|inactive|Aimsss has 120 seconds left.
|
|t:|1757912086
|move|p2a: Hawlucha|Drain Punch|p1a: Great Tusk
|-damage|p1a: Great Tusk|0 fnt
|-heal|p2a: Hawlucha|92/100|[from] drain|[of] p1a: Great Tusk
|faint|p1a: Great Tusk
|-end|p1a: Great Tusk|Protosynthesis|[silent]
|
|-end|p2a: Hawlucha|move: Taunt
|-end|p2a: Hawlucha|Throat Chop|[silent]
|upkeep
|c|☆zerifen|ok
|c|☆zerifen|gg
|
|t:|1757912099
|switch|p1a: Meowscarada|Meowscarada, F|76/100
|-damage|p1a: Meowscarada|64/100|[from] Stealth Rock
|turn|21
|
|t:|1757912105
|move|p2a: Hawlucha|Drain Punch|p1a: Meowscarada
|-supereffective|p1a: Meowscarada
|-damage|p1a: Meowscarada|0 fnt
|-heal|p2a: Hawlucha|100/100|[from] drain|[of] p1a: Meowscarada
|faint|p1a: Meowscarada
|
|upkeep
|
|t:|1757912108
|switch|p1a: Kingambit|Kingambit, M|100/100
|-damage|p1a: Kingambit|94/100|[from] Stealth Rock
|-activate|p1a: Kingambit|ability: Supreme Overlord
|-start|p1a: Kingambit|fallen4|[silent]
|turn|22
|
|t:|1757912117
|move|p2a: Hawlucha|Acrobatics|p1a: Kingambit
|-resisted|p1a: Kingambit
|-damage|p1a: Kingambit|46/100
|move|p1a: Kingambit|Swords Dance|p1a: Kingambit
|-boost|p1a: Kingambit|atk|2
|
|upkeep
|turn|23
|
|t:|1757912124
|move|p1a: Kingambit|Sucker Punch|p2a: Hawlucha
|-damage|p2a: Hawlucha|0 fnt
|faint|p2a: Hawlucha
|
|upkeep
|c|☆Aimsss|I forgot you used terra
|
|t:|1757912141
|switch|p2a: Chesnaught|Chesnaught, F|100/100
|-damage|p2a: Chesnaught|94/100|[from] Stealth Rock
|turn|24
|
|t:|1757912155
|move|p1a: Kingambit|Sucker Punch|p2a: Chesnaught
|-resisted|p2a: Chesnaught
|-damage|p2a: Chesnaught|45/100
|-enditem|p2a: Chesnaught|Sitrus Berry|[eat]
|-heal|p2a: Chesnaught|70/100|[from] item: Sitrus Berry
|move|p2a: Chesnaught|Drain Punch|p1a: Kingambit
|-supereffective|p1a: Kingambit
|-damage|p1a: Kingambit|0 fnt
|-heal|p2a: Chesnaught|94/100|[from] drain|[of] p1a: Kingambit
|faint|p1a: Kingambit
|-end|p1a: Kingambit|fallen4|[silent]
|
|upkeep
|
|t:|1757912160
|switch|p1a: Slowking|Slowking-Galar, F, tera:Flying|93/100 brn
|-damage|p1a: Slowking|69/100 brn|[from] Stealth Rock
|turn|25
|
|t:|1757912170
|move|p2a: Chesnaught|Belly Drum|p2a: Chesnaught
|-damage|p2a: Chesnaught|44/100
|-setboost|p2a: Chesnaught|atk|6|[from] move: Belly Drum
|move|p1a: Slowking|Sludge Wave|p2a: Chesnaught
|-supereffective|p2a: Chesnaught
|-damage|p2a: Chesnaught|0 fnt
|faint|p2a: Chesnaught
|
|-damage|p1a: Slowking|62/100 brn|[from] brn
|upkeep
|
|t:|1757912182
|switch|p2a: Gallade|Gallade, M, shiny|100/100
|-damage|p2a: Gallade|94/100|[from] Stealth Rock
|turn|26
|
|t:|1757912189
|move|p2a: Gallade|Psycho Cut|p1a: Slowking
|-damage|p1a: Slowking|0 fnt
|faint|p1a: Slowking
|
|win|Aimsss
|raw|zerifen's rating: 1323 &rarr; <strong>1305</strong><br />(-18 for losing)
|raw|Aimsss's rating: 1360 &rarr; <strong>1378</strong><br />(+18 for winning)
|c|☆zerifen|gg
|l|☆zerifen
|player|p1|
|c|☆Aimsss|Gg
|l|☆Aimsss
|player|p2|
