|j|☆EddusEatzAlot
|j|☆fadingstrawberry
|t:|1757826966
|gametype|singles
|player|p1|EddusEatzAlot|steven|1511
|player|p2|fadingstrawberry|swimmerf-gen4|1512
|gen|9
|tier|[Gen 9] OU
|rated|
|rule|HP Percentage Mod: HP is shown in percentages
|rule|Endless Battle Clause: Forcing endless battles is banned
|rule|Species Clause: Limit one of each Pokémon
|rule|OHKO Clause: OHKO moves are banned
|rule|Evasion Items Clause: Evasion items are banned
|rule|Evasion Moves Clause: Evasion moves are banned
|rule|Evasion Abilities Clause: Evasion abilities are banned
|rule|Sleep Moves Clause: Sleep-inducing moves are banned
|clearpoke
|poke|p1|Rillaboom, F|
|poke|p1|Great Tusk|
|poke|p1|Slowking-Galar, F|
|poke|p1|Dragapult, F|
|poke|p1|Heatran, M|
|poke|p1|Weavile, F|
|poke|p2|Torkoal, M|
|poke|p2|Great Tusk|
|poke|p2|Hatterene, F|
|poke|p2|Walking Wake|
|poke|p2|Slither Wing|
|poke|p2|Raging Bolt|
|teampreview
|
|t:|1757826975
|teamsize|p1|6
|teamsize|p2|6
|start
|switch|p1a: Heatran|Heatran, M|100/100
|switch|p2a: Torkoal|Torkoal, M|100/100
|-weather|SunnyDay|[from] ability: Drought|[of] p2a: Torkoal
|turn|1
|
|t:|1757826982
|switch|p2a: Slither Wing|Slither Wing|100/100
|-activate|p2a: Slither Wing|ability: Protosynthesis
|-start|p2a: Slither Wing|protosynthesisatk
|move|p1a: Heatran|Stealth Rock|p2a: Slither Wing
|-sidestart|p2: fadingstrawberry|move: Stealth Rock
|
|-weather|SunnyDay|[upkeep]
|upkeep
|turn|2
|
|t:|1757826988
|switch|p1a: Great Tusk|Great Tusk|100/100
|-activate|p1a: Great Tusk|ability: Protosynthesis
|-start|p1a: Great Tusk|protosynthesisatk
|move|p2a: Slither Wing|Earthquake|p1a: Great Tusk
|-damage|p1a: Great Tusk|65/100
|
|-weather|SunnyDay|[upkeep]
|upkeep
|turn|3
|
|t:|1757827002
|move|p1a: Great Tusk|Knock Off|p2a: Slither Wing
|-resisted|p2a: Slither Wing
|-damage|p2a: Slither Wing|77/100
|-enditem|p2a: Slither Wing|Assault Vest|[from] move: Knock Off|[of] p1a: Great Tusk
|move|p2a: Slither Wing|U-turn|p1a: Great Tusk
|-resisted|p1a: Great Tusk
|-damage|p1a: Great Tusk|47/100
|
|t:|1757827006
|-end|p2a: Slither Wing|Protosynthesis|[silent]
|switch|p2a: Great Tusk|Great Tusk|100/100|[from] U-turn
|-damage|p2a: Great Tusk|97/100|[from] Stealth Rock
|-activate|p2a: Great Tusk|ability: Protosynthesis
|-start|p2a: Great Tusk|protosynthesisdef
|
|-weather|SunnyDay|[upkeep]
|upkeep
|turn|4
|
|t:|1757827010
|-end|p1a: Great Tusk|Protosynthesis|[silent]
|switch|p1a: Dragapult|Dragapult, F|100/100
|move|p2a: Great Tusk|Knock Off|p1a: Dragapult
|-supereffective|p1a: Dragapult
|-damage|p1a: Dragapult|9/100
|-enditem|p1a: Dragapult|Leftovers|[from] move: Knock Off|[of] p2a: Great Tusk
|
|-weather|SunnyDay|[upkeep]
|upkeep
|turn|5
|
|t:|1757827017
|-end|p2a: Great Tusk|Protosynthesis|[silent]
|switch|p2a: Hatterene|Hatterene, F|100/100
|-damage|p2a: Hatterene|88/100|[from] Stealth Rock
|move|p1a: Dragapult|Will-O-Wisp|p2a: Hatterene
|move|p2a: Hatterene|Will-O-Wisp|p1a: Dragapult|[from] ability: Magic Bounce
|-status|p1a: Dragapult|brn
|
|-weather|SunnyDay|[upkeep]
|-heal|p2a: Hatterene|94/100|[from] item: Leftovers
|-damage|p1a: Dragapult|3/100 brn|[from] brn
|upkeep
|turn|6
|
|t:|1757827024
|move|p1a: Dragapult|Hex|p2a: Hatterene
|-supereffective|p2a: Hatterene
|-damage|p2a: Hatterene|36/100
|move|p2a: Hatterene|Calm Mind|p2a: Hatterene
|-boost|p2a: Hatterene|spa|1
|-boost|p2a: Hatterene|spd|1
|
|-weather|SunnyDay|[upkeep]
|-heal|p2a: Hatterene|42/100|[from] item: Leftovers
|-damage|p1a: Dragapult|0 fnt|[from] brn
|faint|p1a: Dragapult
|upkeep
|
|t:|1757827028
|switch|p1a: Weavile|Weavile, F|100/100
|-ability|p1a: Weavile|Pressure
|turn|7
|
|t:|1757827040
|switch|p2a: Slither Wing|Slither Wing|77/100
|-damage|p2a: Slither Wing|65/100|[from] Stealth Rock
|-activate|p2a: Slither Wing|ability: Protosynthesis
|-start|p2a: Slither Wing|protosynthesisatk
|move|p1a: Weavile|Knock Off|p2a: Slither Wing
|-resisted|p2a: Slither Wing
|-damage|p2a: Slither Wing|47/100
|
|-weather|SunnyDay|[upkeep]
|upkeep
|turn|8
|
|t:|1757827046
|switch|p1a: Great Tusk|Great Tusk|47/100
|-activate|p1a: Great Tusk|ability: Protosynthesis
|-start|p1a: Great Tusk|protosynthesisatk
|move|p2a: Slither Wing|U-turn|p1a: Great Tusk
|-resisted|p1a: Great Tusk
|-damage|p1a: Great Tusk|27/100
|
|t:|1757827049
|-end|p2a: Slither Wing|Protosynthesis|[silent]
|switch|p2a: Walking Wake|Walking Wake|100/100|[from] U-turn
|-damage|p2a: Walking Wake|88/100|[from] Stealth Rock
|-activate|p2a: Walking Wake|ability: Protosynthesis
|-start|p2a: Walking Wake|protosynthesisspe
|
|-weather|none
|-end|p2a: Walking Wake|Protosynthesis
|-end|p1a: Great Tusk|Protosynthesis
|upkeep
|turn|9
|
|t:|1757827054
|-end|p1a: Great Tusk|Protosynthesis|[silent]
|switch|p1a: Slowking|Slowking-Galar, F|100/100
|move|p2a: Walking Wake|Hydro Steam|p1a: Slowking
|-damage|p1a: Slowking|65/100
|
|upkeep
|turn|10
|
|t:|1757827060
|move|p2a: Walking Wake|Hydro Steam|p1a: Slowking
|-damage|p1a: Slowking|26/100
|-prepare|p1a: Slowking|Chilly Reception|[premajor]
|move|p1a: Slowking|Chilly Reception|p1a: Slowking
|-weather|Snowscape
|
|t:|1757827065
|switch|p1a: Weavile|Weavile, F|100/100|[from] Chilly Reception
|-ability|p1a: Weavile|Pressure
|
|-weather|Snowscape|[upkeep]
|upkeep
|turn|11
|
|t:|1757827069
|-end|p2a: Walking Wake|Protosynthesis|[silent]
|switch|p2a: Torkoal|Torkoal, M|100/100
|-damage|p2a: Torkoal|76/100|[from] Stealth Rock
|-weather|SunnyDay|[from] ability: Drought|[of] p2a: Torkoal
|move|p1a: Weavile|Triple Axel|p2a: Torkoal
|-resisted|p2a: Torkoal
|-damage|p2a: Torkoal|73/100
|-resisted|p2a: Torkoal
|-damage|p2a: Torkoal|67/100
|-resisted|p2a: Torkoal
|-damage|p2a: Torkoal|58/100
|-hitcount|p2a: Torkoal|3
|
|-weather|SunnyDay|[upkeep]
|upkeep
|turn|12
|
|t:|1757827081
|-terastallize|p1a: Weavile|Dark
|move|p1a: Weavile|Knock Off|p2a: Torkoal
|-crit|p2a: Torkoal
|-damage|p2a: Torkoal|2/100
|-enditem|p2a: Torkoal|Heat Rock|[from] move: Knock Off|[of] p1a: Weavile
|move|p2a: Torkoal|Rapid Spin|p1a: Weavile
|-damage|p1a: Weavile|88/100
|-boost|p2a: Torkoal|spe|1
|-sideend|p2: fadingstrawberry|Stealth Rock|[from] move: Rapid Spin|[of] p2a: Torkoal
|
|-weather|SunnyDay|[upkeep]
|upkeep
|turn|13
|
|t:|1757827092
|switch|p2a: Slither Wing|Slither Wing|47/100
|-activate|p2a: Slither Wing|ability: Protosynthesis
|-start|p2a: Slither Wing|protosynthesisatk
|move|p1a: Weavile|Ice Shard|p2a: Slither Wing
|-damage|p2a: Slither Wing|24/100
|
|-weather|SunnyDay|[upkeep]
|upkeep
|turn|14
|
|t:|1757827096
|move|p2a: Slither Wing|First Impression|p1a: Weavile
|-supereffective|p1a: Weavile
|-damage|p1a: Weavile|0 fnt
|faint|p1a: Weavile
|
|-weather|SunnyDay|[upkeep]
|upkeep
|-message|EddusEatzAlot forfeited.
|
|win|fadingstrawberry
|raw|EddusEatzAlot's rating: 1511 &rarr; <strong>1491</strong><br />(-20 for losing)
|raw|fadingstrawberry's rating: 1512 &rarr; <strong>1532</strong><br />(+20 for winning)
|l|☆EddusEatzAlot
|player|p1|
