|j|☆punhos64
|j|☆RouteParagon
|t:|1757899774
|gametype|singles
|player|p1|punhos64|smasher|1070
|player|p2|RouteParagon|ghetsis|1000
|gen|9
|tier|[Gen 9] OU
|rated|
|rule|HP Percentage Mod: HP is shown in percentages
|rule|Endless Battle Clause: Forcing endless battles is banned
|rule|Species Clause: Limit one of each Pokémon
|rule|OHKO Clause: OHKO moves are banned
|rule|Evasion Items Clause: Evasion items are banned
|rule|Evasion Moves Clause: Evasion moves are banned
|rule|Evasion Abilities Clause: Evasion abilities are banned
|rule|Sleep Moves Clause: Sleep-inducing moves are banned
|clearpoke
|poke|p1|Gliscor, F|
|poke|p1|Cloyster, M|
|poke|p1|Iron Valiant|
|poke|p1|Whimsicott, F|
|poke|p1|Dragapult, F|
|poke|p1|Blastoise, M|
|poke|p2|Malamar, F|
|poke|p2|Araquanid, F|
|poke|p2|Hydreigon, M|
|poke|p2|Cinderace, F|
|poke|p2|Dragonite, M|
|poke|p2|Golem-Alola, F|
|teampreview
|
|t:|1757899783
|teamsize|p1|6
|teamsize|p2|6
|start
|switch|p1a: Whimsicott|Whimsicott, F|100/100
|switch|p2a: Loser 1|Araquanid, F|100/100
|turn|1
|
|t:|1757899790
|move|p1a: Whimsicott|Substitute|p1a: Whimsicott
|-start|p1a: Whimsicott|Substitute
|-damage|p1a: Whimsicott|76/100
|move|p2a: Loser 1|Sticky Web|p1a: Whimsicott
|-sidestart|p1: punhos64|move: Sticky Web
|
|-heal|p1a: Whimsicott|82/100|[from] item: Leftovers
|upkeep
|turn|2
|
|t:|1757899796
|move|p1a: Whimsicott|Encore|p2a: Loser 1
|-start|p2a: Loser 1|Encore
|move|p2a: Loser 1|Sticky Web||[still]
|-fail|p2a: Loser 1
|
|-heal|p1a: Whimsicott|88/100|[from] item: Leftovers
|upkeep
|turn|3
|
|t:|1757899806
|switch|p2a: Loser 4|Dragonite, M|100/100
|move|p1a: Whimsicott|Leech Seed|p2a: Loser 4
|-start|p2a: Loser 4|move: Leech Seed
|
|-heal|p1a: Whimsicott|94/100|[from] item: Leftovers
|-damage|p2a: Loser 4|88/100|[from] Leech Seed|[of] p1a: Whimsicott
|-heal|p1a: Whimsicott|100/100|[silent]
|upkeep
|turn|4
|
|t:|1757899816
|switch|p2a: Loser 2|Hydreigon, M|100/100
|move|p1a: Whimsicott|Moonblast|p2a: Loser 2
|-supereffective|p2a: Loser 2
|-damage|p2a: Loser 2|4/100
|-enditem|p2a: Loser 2|Red Card|[of] p1a: Whimsicott
|drag|p1a: Blastoise|Blastoise, M|100/100
|-activate|p1a: Blastoise|move: Sticky Web
|-unboost|p1a: Blastoise|spe|1
|
|upkeep
|turn|5
|
|t:|1757899827
|move|p1a: Blastoise|Aqua Jet|p2a: Loser 2
|-resisted|p2a: Loser 2
|-damage|p2a: Loser 2|0 fnt
|faint|p2a: Loser 2
|
|upkeep
|c|☆RouteParagon|Aqua jet blastoise??
|
|t:|1757899840
|switch|p2a: Loser 5|Golem-Alola, F|100/100
|turn|6
|c|☆RouteParagon|Touche
|
|t:|1757899857
|move|p1a: Blastoise|Earthquake|p2a: Loser 5
|-supereffective|p2a: Loser 5
|-damage|p2a: Loser 5|13/100
|move|p2a: Loser 5|Explosion|p1a: Blastoise
|-supereffective|p1a: Blastoise
|-damage|p1a: Blastoise|0 fnt
|faint|p2a: Loser 5
|faint|p1a: Blastoise
|
|upkeep
|
|t:|1757899883
|switch|p1a: Whimsicott|Whimsicott, F|100/100
|switch|p2a: Loser 3|Cinderace, F|100/100
|-activate|p1a: Whimsicott|move: Sticky Web
|-unboost|p1a: Whimsicott|spe|1
|turn|7
|
|t:|1757899899
|-terastallize|p1a: Whimsicott|Normal
|move|p1a: Whimsicott|Leech Seed|p2a: Loser 3
|-start|p2a: Loser 3|move: Leech Seed
|move|p2a: Loser 3|Taunt|p1a: Whimsicott
|-start|p2a: Loser 3|typechange|Dark|[from] ability: Libero
|-start|p1a: Whimsicott|move: Taunt
|
|-damage|p2a: Loser 3|88/100|[from] Leech Seed|[of] p1a: Whimsicott
|upkeep
|turn|8
|
|t:|1757899909
|move|p2a: Loser 3|Court Change|p2a: Loser 3
|-swapsideconditions
|-activate|p2a: Loser 3|move: Court Change
|move|p1a: Whimsicott|Moonblast|p2a: Loser 3
|-supereffective|p2a: Loser 3
|-damage|p2a: Loser 3|25/100
|
|-damage|p2a: Loser 3|12/100|[from] Leech Seed|[of] p1a: Whimsicott
|upkeep
|turn|9
|
|t:|1757899916
|move|p2a: Loser 3|Mud-Slap|p1a: Whimsicott
|-damage|p1a: Whimsicott|97/100
|-unboost|p1a: Whimsicott|accuracy|1
|move|p1a: Whimsicott|Moonblast|p2a: Loser 3
|-supereffective|p2a: Loser 3
|-damage|p2a: Loser 3|0 fnt
|faint|p2a: Loser 3
|
|-heal|p1a: Whimsicott|100/100|[from] item: Leftovers
|upkeep
|
|t:|1757899926
|switch|p2a: My Friend|Malamar, F|100/100
|-activate|p2a: My Friend|move: Sticky Web
|-boost|p2a: My Friend|spe|1
|turn|10
|
|t:|1757899931
|-terastallize|p2a: My Friend|Fairy
|move|p2a: My Friend|Superpower|p1a: Whimsicott
|-supereffective|p1a: Whimsicott
|-damage|p1a: Whimsicott|21/100
|-boost|p2a: My Friend|atk|1
|-boost|p2a: My Friend|def|1
|move|p1a: Whimsicott|Moonblast|p2a: My Friend
|-damage|p2a: My Friend|67/100
|
|-heal|p2a: My Friend|73/100|[from] item: Leftovers
|-heal|p1a: Whimsicott|27/100|[from] item: Leftovers
|-end|p1a: Whimsicott|move: Taunt
|upkeep
|turn|11
|
|t:|1757899973
|move|p1a: Whimsicott|Encore|p2a: My Friend|[miss]
|-miss|p1a: Whimsicott|p2a: My Friend
|move|p2a: My Friend|Knock Off|p1a: Whimsicott
|-damage|p1a: Whimsicott|0 fnt
|-enditem|p1a: Whimsicott|Leftovers|[from] move: Knock Off|[of] p2a: My Friend
|faint|p1a: Whimsicott
|
|-heal|p2a: My Friend|79/100|[from] item: Leftovers
|upkeep
|
|t:|1757899998
|switch|p1a: Gliscor|Gliscor, F, shiny|100/100
|turn|12
|
|t:|1757900005
|move|p2a: My Friend|Superpower|p1a: Gliscor
|-resisted|p1a: Gliscor
|-damage|p1a: Gliscor|72/100
|-boost|p2a: My Friend|atk|1
|-boost|p2a: My Friend|def|1
|move|p1a: Gliscor|Swords Dance|p1a: Gliscor
|-boost|p1a: Gliscor|atk|2
|
|-heal|p2a: My Friend|85/100|[from] item: Leftovers
|-status|p1a: Gliscor|tox|[from] item: Toxic Orb
|upkeep
|turn|13
|
|t:|1757900015
|move|p1a: Gliscor|Protect|p1a: Gliscor
|-singleturn|p1a: Gliscor|Protect
|move|p2a: My Friend|Tera Blast|p1a: Gliscor|[anim] Tera Blast Fairy
|-activate|p1a: Gliscor|move: Protect
|
|-heal|p2a: My Friend|91/100|[from] item: Leftovers
|-heal|p1a: Gliscor|84/100 tox|[from] ability: Poison Heal
|upkeep
|turn|14
|
|t:|1757900026
|move|p2a: My Friend|Topsy-Turvy|p1a: Gliscor
|-invertboost|p1a: Gliscor|[from] move: Topsy-Turvy
|move|p1a: Gliscor|Dual Wingbeat|p2a: My Friend
|-damage|p2a: My Friend|86/100
|-damage|p2a: My Friend|81/100
|-hitcount|p2a: My Friend|2
|
|-heal|p2a: My Friend|87/100|[from] item: Leftovers
|-heal|p1a: Gliscor|97/100 tox|[from] ability: Poison Heal
|upkeep
|turn|15
|c|☆RouteParagon|I'm laughing so hard rn
|
|t:|1757900050
|switch|p1a: Dragapult|Dragapult, F|100/100
|move|p2a: My Friend|Tera Blast|p1a: Dragapult|[anim] Tera Blast Fairy
|-supereffective|p1a: Dragapult
|-damage|p1a: Dragapult|0 fnt
|faint|p1a: Dragapult
|
|-heal|p2a: My Friend|93/100|[from] item: Leftovers
|upkeep
|
|t:|1757900104
|switch|p1a: Cloyster|Cloyster, M|100/100
|turn|16
|
|t:|1757900109
|move|p2a: My Friend|Superpower|p1a: Cloyster
|-supereffective|p1a: Cloyster
|-damage|p1a: Cloyster|0 fnt
|-boost|p2a: My Friend|atk|1
|-boost|p2a: My Friend|def|1
|faint|p1a: Cloyster
|
|-heal|p2a: My Friend|99/100|[from] item: Leftovers
|upkeep
|c|☆punhos64|gg
|c|☆RouteParagon|Gg
|-message|punhos64 forfeited.
|
|win|RouteParagon
|raw|punhos64's rating: 1070 &rarr; <strong>1045</strong><br />(-25 for losing)
|raw|RouteParagon's rating: 1000 &rarr; <strong>1048</strong><br />(+48 for winning)
|l|☆punhos64
|player|p1|
