|j|☆RoddyJ
|j|☆Pineapple8081
|t:|1757905516
|gametype|singles
|player|p1|RoddyJ|ethan|1449
|player|p2|Pineapple8081|veteranf|1434
|gen|9
|tier|[Gen 9] OU
|rated|
|rule|HP Percentage Mod: HP is shown in percentages
|rule|Endless Battle Clause: Forcing endless battles is banned
|rule|Species Clause: Limit one of each Pokémon
|rule|OHKO Clause: OHKO moves are banned
|rule|Evasion Items Clause: Evasion items are banned
|rule|Evasion Moves Clause: Evasion moves are banned
|rule|Evasion Abilities Clause: Evasion abilities are banned
|rule|Sleep Moves Clause: Sleep-inducing moves are banned
|clearpoke
|poke|p1|Iron Crown|
|poke|p1|Articuno-Galar|
|poke|p1|Kingambit, F|
|poke|p1|Weezing-Galar, M|
|poke|p1|Muk-Alola, F|
|poke|p1|Goodra-Hisui, M|
|poke|p2|Zapdos|
|poke|p2|Rillaboom, F|
|poke|p2|Gholdengo|
|poke|p2|Tyranitar, M|
|poke|p2|Chesnaught, F|
|poke|p2|Garchomp, M|
|teampreview
|inactive|Battle timer is ON: inactive players will automatically lose when time's up. (requested by Pineapple8081)
|inactive|RoddyJ has 120 seconds left.
|
|t:|1757905555
|teamsize|p1|6
|teamsize|p2|6
|start
|switch|p1a: Muk|Muk-Alola, F, shiny|100/100
|switch|p2a: Tyranitar|Tyranitar, M|100/100
|-weather|Sandstorm|[from] ability: Sand Stream|[of] p2a: Tyranitar
|turn|1
|
|t:|1757905561
|move|p2a: Tyranitar|Knock Off|p1a: Muk
|-resisted|p1a: Muk
|-damage|p1a: Muk|72/100
|-enditem|p1a: Muk|Assault Vest|[from] move: Knock Off|[of] p2a: Tyranitar
|move|p1a: Muk|Knock Off|p2a: Tyranitar
|-resisted|p2a: Tyranitar
|-damage|p2a: Tyranitar|78/100
|-enditem|p2a: Tyranitar|Heavy-Duty Boots|[from] move: Knock Off|[of] p1a: Muk
|
|-weather|Sandstorm|[upkeep]
|-damage|p1a: Muk|66/100|[from] Sandstorm
|upkeep
|turn|2
|
|t:|1757905572
|move|p2a: Tyranitar|Stone Edge|p1a: Muk
|-damage|p1a: Muk|9/100
|move|p1a: Muk|Knock Off|p2a: Tyranitar
|-resisted|p2a: Tyranitar
|-damage|p2a: Tyranitar|65/100
|-status|p2a: Tyranitar|psn|[from] ability: Poison Touch|[of] p1a: Muk
|
|-weather|Sandstorm|[upkeep]
|-damage|p1a: Muk|3/100|[from] Sandstorm
|-damage|p2a: Tyranitar|52/100 psn|[from] psn
|upkeep
|turn|3
|
|t:|1757905580
|switch|p1a: Weezing|Weezing-Galar, M, shiny|100/100
|move|p2a: Tyranitar|Ice Punch|p1a: Weezing
|-damage|p1a: Weezing|82/100
|
|-weather|Sandstorm|[upkeep]
|-damage|p1a: Weezing|76/100|[from] Sandstorm
|-heal|p1a: Weezing|82/100|[from] item: Leftovers
|-damage|p2a: Tyranitar|40/100 psn|[from] psn
|upkeep
|turn|4
|
|t:|1757905591
|switch|p2a: Gholdengo|Gholdengo|100/100
|-item|p2a: Gholdengo|Air Balloon
|move|p1a: Weezing|Strange Steam|p2a: Gholdengo
|-resisted|p2a: Gholdengo
|-damage|p2a: Gholdengo|88/100
|-enditem|p2a: Gholdengo|Air Balloon
|
|-weather|Sandstorm|[upkeep]
|-damage|p1a: Weezing|76/100|[from] Sandstorm
|-heal|p1a: Weezing|82/100|[from] item: Leftovers
|upkeep
|turn|5
|
|t:|1757905597
|switch|p1a: Muk|Muk-Alola, F, shiny|3/100
|move|p2a: Gholdengo|Thunder Wave|p1a: Muk
|-status|p1a: Muk|par
|
|-weather|none
|upkeep
|turn|6
|
|t:|1757905601
|cant|p1a: Muk|par
|move|p2a: Gholdengo|Hex|p1a: Muk
|-resisted|p1a: Muk
|-damage|p1a: Muk|0 fnt
|faint|p1a: Muk
|
|upkeep
|
|t:|1757905604
|switch|p1a: Goodra|Goodra-Hisui, M, shiny|100/100
|turn|7
|
|t:|1757905615
|move|p2a: Gholdengo|Thunder Wave|p1a: Goodra
|-status|p1a: Goodra|par
|move|p1a: Goodra|Flamethrower|p2a: Gholdengo
|-supereffective|p2a: Gholdengo
|-damage|p2a: Gholdengo|32/100
|
|upkeep
|turn|8
|
|t:|1757905625
|move|p2a: Gholdengo|Recover|p2a: Gholdengo
|-heal|p2a: Gholdengo|82/100
|move|p1a: Goodra|Dragon Pulse|p2a: Gholdengo
|-resisted|p2a: Gholdengo
|-damage|p2a: Gholdengo|63/100
|
|upkeep
|turn|9
|
|t:|1757905643
|move|p2a: Gholdengo|Recover|p2a: Gholdengo
|-heal|p2a: Gholdengo|100/100
|move|p1a: Goodra|Flamethrower|p2a: Gholdengo
|-supereffective|p2a: Gholdengo
|-damage|p2a: Gholdengo|39/100
|
|upkeep
|turn|10
|
|t:|1757905652
|move|p2a: Gholdengo|Recover|p2a: Gholdengo
|-heal|p2a: Gholdengo|90/100
|move|p1a: Goodra|Flamethrower|p2a: Gholdengo
|-supereffective|p2a: Gholdengo
|-damage|p2a: Gholdengo|26/100
|-status|p2a: Gholdengo|brn
|
|-damage|p2a: Gholdengo|20/100 brn|[from] brn
|upkeep
|turn|11
|
|t:|1757905661
|move|p2a: Gholdengo|Recover|p2a: Gholdengo
|-heal|p2a: Gholdengo|71/100 brn
|move|p1a: Goodra|Flamethrower|p2a: Gholdengo
|-supereffective|p2a: Gholdengo
|-damage|p2a: Gholdengo|5/100 brn
|
|-damage|p2a: Gholdengo|0 fnt|[from] brn
|faint|p2a: Gholdengo
|upkeep
|
|t:|1757905674
|switch|p2a: Garchomp|Garchomp, M|100/100
|turn|12
|
|t:|1757905682
|switch|p1a: Weezing|Weezing-Galar, M, shiny|82/100
|move|p2a: Garchomp|Earthquake|p1a: Weezing
|-immune|p1a: Weezing|[from] ability: Levitate
|
|-heal|p1a: Weezing|88/100|[from] item: Leftovers
|upkeep
|turn|13
|
|t:|1757905684
|move|p2a: Garchomp|Stealth Rock|p1a: Weezing
|-sidestart|p1: RoddyJ|move: Stealth Rock
|move|p1a: Weezing|Will-O-Wisp|p2a: Garchomp
|-status|p2a: Garchomp|brn
|
|-heal|p1a: Weezing|94/100|[from] item: Leftovers
|-damage|p2a: Garchomp|94/100 brn|[from] brn
|upkeep
|turn|14
|
|t:|1757905686
|move|p2a: Garchomp|Spikes|p1a: Weezing
|-sidestart|p1: RoddyJ|Spikes
|move|p1a: Weezing|Defog|p2a: Garchomp
|-unboost|p2a: Garchomp|evasion|1
|-sideend|p1: RoddyJ|Spikes|[from] move: Defog|[of] p1a: Weezing
|-sideend|p1: RoddyJ|Stealth Rock|[from] move: Defog|[of] p1a: Weezing
|
|-heal|p1a: Weezing|100/100|[from] item: Leftovers
|-damage|p2a: Garchomp|88/100 brn|[from] brn
|upkeep
|turn|15
|
|t:|1757905695
|move|p2a: Garchomp|Spikes|p1a: Weezing
|-sidestart|p1: RoddyJ|Spikes
|move|p1a: Weezing|Defog|p2a: Garchomp
|-unboost|p2a: Garchomp|evasion|1
|-sideend|p1: RoddyJ|Spikes|[from] move: Defog|[of] p1a: Weezing
|
|-damage|p2a: Garchomp|82/100 brn|[from] brn
|upkeep
|turn|16
|
|t:|1757905697
|move|p2a: Garchomp|Spikes|p1a: Weezing
|-sidestart|p1: RoddyJ|Spikes
|move|p1a: Weezing|Strange Steam|p2a: Garchomp
|-supereffective|p2a: Garchomp
|-damage|p2a: Garchomp|30/100 brn
|
|-damage|p2a: Garchomp|24/100 brn|[from] brn
|upkeep
|turn|17
|
|t:|1757905703
|switch|p2a: Tyranitar|Tyranitar, M|40/100 psn
|-weather|Sandstorm|[from] ability: Sand Stream|[of] p2a: Tyranitar
|move|p1a: Weezing|Defog|p2a: Tyranitar
|-unboost|p2a: Tyranitar|evasion|1
|-sideend|p1: RoddyJ|Spikes|[from] move: Defog|[of] p1a: Weezing
|
|-weather|Sandstorm|[upkeep]
|-damage|p1a: Weezing|94/100|[from] Sandstorm
|-heal|p1a: Weezing|100/100|[from] item: Leftovers
|-damage|p2a: Tyranitar|28/100 psn|[from] psn
|upkeep
|turn|18
|
|t:|1757905710
|switch|p1a: Goodra|Goodra-Hisui, M, shiny|100/100 par
|move|p2a: Tyranitar|Knock Off|p1a: Goodra
|-damage|p1a: Goodra|49/100 par
|-ability|p1a: Goodra|Gooey
|-unboost|p2a: Tyranitar|spe|1
|-enditem|p1a: Goodra|Assault Vest|[from] move: Knock Off|[of] p2a: Tyranitar
|
|-weather|Sandstorm|[upkeep]
|-damage|p2a: Tyranitar|15/100 psn|[from] psn
|upkeep
|turn|19
|
|t:|1757905713
|move|p2a: Tyranitar|Low Kick|p1a: Goodra
|-supereffective|p1a: Goodra
|-damage|p1a: Goodra|0 fnt
|-ability|p1a: Goodra|Gooey
|-unboost|p2a: Tyranitar|spe|1
|faint|p1a: Goodra
|
|-weather|Sandstorm|[upkeep]
|-damage|p2a: Tyranitar|3/100 psn|[from] psn
|upkeep
|
|t:|1757905727
|switch|p1a: Weezing|Weezing-Galar, M, shiny|100/100
|turn|20
|
|t:|1757905732
|move|p1a: Weezing|Strange Steam|p2a: Tyranitar
|-supereffective|p2a: Tyranitar
|-damage|p2a: Tyranitar|0 fnt
|faint|p2a: Tyranitar
|
|-weather|Sandstorm|[upkeep]
|-damage|p1a: Weezing|94/100|[from] Sandstorm
|-heal|p1a: Weezing|100/100|[from] item: Leftovers
|upkeep
|
|t:|1757905740
|switch|p2a: Zapdos|Zapdos|100/100
|turn|21
|inactive|RoddyJ has 120 seconds left.
|
|t:|1757905777
|switch|p1a: Iron Crown|Iron Crown|100/100
|move|p2a: Zapdos|Volt Switch|p1a: Iron Crown
|-damage|p1a: Iron Crown|68/100
|
|t:|1757905782
|switch|p2a: Rillaboom|Rillaboom, F|100/100|[from] Volt Switch
|-fieldstart|move: Grassy Terrain|[from] ability: Grassy Surge|[of] p2a: Rillaboom
|
|-weather|none
|-heal|p1a: Iron Crown|74/100|[from] Grassy Terrain
|upkeep
|turn|22
|inactive|RoddyJ has 120 seconds left.
|
|t:|1757905795
|-end|p1a: Iron Crown|Quark Drive|[silent]
|switch|p1a: Weezing|Weezing-Galar, M, shiny|100/100
|move|p2a: Rillaboom|U-turn|p1a: Weezing
|-resisted|p1a: Weezing
|-damage|p1a: Weezing|96/100
|
|t:|1757905804
|switch|p2a: Zapdos|Zapdos|100/100|[from] U-turn
|
|-heal|p1a: Weezing|100/100|[from] item: Leftovers
|upkeep
|turn|23
|
|t:|1757905813
|switch|p1a: Iron Crown|Iron Crown|74/100
|move|p2a: Zapdos|Hurricane|p1a: Iron Crown|[miss]
|-miss|p2a: Zapdos|p1a: Iron Crown
|
|-heal|p1a: Iron Crown|80/100|[from] Grassy Terrain
|upkeep
|turn|24
|
|t:|1757905819
|move|p2a: Zapdos|Volt Switch|p1a: Iron Crown
|-damage|p1a: Iron Crown|51/100
|
|t:|1757905822
|switch|p2a: Rillaboom|Rillaboom, F|100/100|[from] Volt Switch
|move|p1a: Iron Crown|Calm Mind|p1a: Iron Crown
|-boost|p1a: Iron Crown|spa|1
|-boost|p1a: Iron Crown|spd|1
|
|-heal|p1a: Iron Crown|57/100|[from] Grassy Terrain
|upkeep
|turn|25
|
|t:|1757905826
|move|p1a: Iron Crown|Tachyon Cutter|p2a: Rillaboom
|-damage|p2a: Rillaboom|58/100
|-damage|p2a: Rillaboom|16/100
|-hitcount|p2a: Rillaboom|2
|move|p2a: Rillaboom|Knock Off|p1a: Iron Crown
|-supereffective|p1a: Iron Crown
|-damage|p1a: Iron Crown|0 fnt
|-enditem|p1a: Iron Crown|Weakness Policy|[from] move: Knock Off|[of] p2a: Rillaboom
|faint|p1a: Iron Crown
|-end|p1a: Iron Crown|Quark Drive|[silent]
|
|-heal|p2a: Rillaboom|22/100|[from] Grassy Terrain
|upkeep
|
|t:|1757905833
|switch|p1a: Weezing|Weezing-Galar, M, shiny|100/100
|turn|26
|
|t:|1757905839
|move|p2a: Rillaboom|U-turn|p1a: Weezing
|-resisted|p1a: Weezing
|-damage|p1a: Weezing|97/100
|
|t:|1757905840
|switch|p2a: Garchomp|Garchomp, M|24/100 brn|[from] U-turn
|move|p1a: Weezing|Acid Spray|p2a: Garchomp
|-resisted|p2a: Garchomp
|-damage|p2a: Garchomp|19/100 brn
|-unboost|p2a: Garchomp|spd|2
|
|-heal|p2a: Garchomp|25/100 brn|[from] Grassy Terrain
|-heal|p1a: Weezing|100/100|[from] item: Leftovers
|-damage|p2a: Garchomp|19/100 brn|[from] brn
|upkeep
|turn|27
|
|t:|1757905848
|move|p2a: Garchomp|Stealth Rock|p1a: Weezing
|-sidestart|p1: RoddyJ|move: Stealth Rock
|move|p1a: Weezing|Defog|p2a: Garchomp
|-unboost|p2a: Garchomp|evasion|1
|-sideend|p1: RoddyJ|Stealth Rock|[from] move: Defog|[of] p1a: Weezing
|-fieldend|move: Grassy Terrain
|
|-damage|p2a: Garchomp|12/100 brn|[from] brn
|upkeep
|turn|28
|
|t:|1757905850
|move|p2a: Garchomp|Stealth Rock|p1a: Weezing
|-sidestart|p1: RoddyJ|move: Stealth Rock
|move|p1a: Weezing|Defog|p2a: Garchomp
|-unboost|p2a: Garchomp|evasion|1
|-sideend|p1: RoddyJ|Stealth Rock|[from] move: Defog|[of] p1a: Weezing
|
|-damage|p2a: Garchomp|6/100 brn|[from] brn
|upkeep
|turn|29
|
|t:|1757905854
|move|p2a: Garchomp|Spikes|p1a: Weezing
|-sidestart|p1: RoddyJ|Spikes
|move|p1a: Weezing|Defog|p2a: Garchomp
|-unboost|p2a: Garchomp|evasion|1
|-sideend|p1: RoddyJ|Spikes|[from] move: Defog|[of] p1a: Weezing
|
|-damage|p2a: Garchomp|0 fnt|[from] brn
|faint|p2a: Garchomp
|upkeep
|
|t:|1757905860
|switch|p2a: Zapdos|Zapdos|100/100
|turn|30
|
|t:|1757905866
|move|p2a: Zapdos|Hurricane|p1a: Weezing
|-damage|p1a: Weezing|28/100
|move|p1a: Weezing|Acid Spray|p2a: Zapdos
|-damage|p2a: Zapdos|87/100
|-unboost|p2a: Zapdos|spd|2
|
|-heal|p1a: Weezing|34/100|[from] item: Leftovers
|upkeep
|turn|31
|
|t:|1757905871
|move|p2a: Zapdos|Volt Switch|p1a: Weezing
|-damage|p1a: Weezing|0 fnt
|faint|p1a: Weezing
|
|t:|1757905876
|switch|p2a: Rillaboom|Rillaboom, F|22/100|[from] Volt Switch
|-fieldstart|move: Grassy Terrain|[from] ability: Grassy Surge|[of] p2a: Rillaboom
|
|-heal|p2a: Rillaboom|28/100|[from] Grassy Terrain
|upkeep
|
|t:|1757905881
|switch|p1a: Kingambit|Kingambit, F, shiny|100/100
|-activate|p1a: Kingambit|ability: Supreme Overlord
|-start|p1a: Kingambit|fallen4|[silent]
|turn|32
|
|t:|1757905887
|switch|p2a: Chesnaught|Chesnaught, F|100/100
|move|p1a: Kingambit|Iron Head|p2a: Chesnaught
|-damage|p2a: Chesnaught|50/100
|-enditem|p2a: Chesnaught|Sitrus Berry|[eat]
|-heal|p2a: Chesnaught|75/100|[from] item: Sitrus Berry
|
|-heal|p2a: Chesnaught|81/100|[from] Grassy Terrain
|upkeep
|turn|33
|
|t:|1757905895
|move|p1a: Kingambit|Iron Head|p2a: Chesnaught
|-damage|p2a: Chesnaught|34/100
|move|p2a: Chesnaught|Drain Punch|p1a: Kingambit
|-supereffective|p1a: Kingambit
|-damage|p1a: Kingambit|0 fnt
|-heal|p2a: Chesnaught|81/100|[from] drain|[of] p1a: Kingambit
|faint|p1a: Kingambit
|-end|p1a: Kingambit|fallen4|[silent]
|
|-heal|p2a: Chesnaught|87/100|[from] Grassy Terrain
|upkeep
|
|t:|1757905899
|switch|p1a: Articuno|Articuno-Galar, shiny|100/100
|turn|34
|
|t:|1757905905
|move|p1a: Articuno|Agility|p1a: Articuno
|-boost|p1a: Articuno|spe|2
|move|p2a: Chesnaught|Knock Off|p1a: Articuno
|-supereffective|p1a: Articuno
|-damage|p1a: Articuno|28/100
|-enditem|p1a: Articuno|Weakness Policy
|-boost|p1a: Articuno|atk|2|[from] item: Weakness Policy
|-boost|p1a: Articuno|spa|2|[from] item: Weakness Policy
|
|-heal|p2a: Chesnaught|93/100|[from] Grassy Terrain
|upkeep
|turn|35
|
|t:|1757905911
|-terastallize|p2a: Chesnaught|Grass
|move|p2a: Chesnaught|Grassy Glide|p1a: Articuno
|-resisted|p1a: Articuno
|-damage|p1a: Articuno|3/100
|move|p1a: Articuno|Stored Power|p2a: Chesnaught
|-damage|p2a: Chesnaught|0 fnt
|faint|p2a: Chesnaught
|
|upkeep
|
|t:|1757905915
|switch|p2a: Rillaboom|Rillaboom, F|28/100
|turn|36
|
|t:|1757905920
|move|p2a: Rillaboom|Grassy Glide|p1a: Articuno
|-resisted|p1a: Articuno
|-damage|p1a: Articuno|0 fnt
|faint|p1a: Articuno
|
|win|Pineapple8081
|raw|RoddyJ's rating: 1449 &rarr; <strong>1428</strong><br />(-21 for losing)
|raw|Pineapple8081's rating: 1434 &rarr; <strong>1455</strong><br />(+21 for winning)
|l|☆RoddyJ
|player|p1|
|l|☆Pineapple8081
|player|p2|
