|j|☆Moistham
|j|‽DiceyRice
|t:|1757866022
|gametype|singles
|player|p1|Moistham|102|1575
|player|p2|DiceyRice|hilda-wonderlauncher|1666
|gen|9
|tier|[Gen 9] OU
|rated|
|rule|HP Percentage Mod: HP is shown in percentages
|rule|Endless Battle Clause: Forcing endless battles is banned
|rule|Species Clause: Limit one of each Pokémon
|rule|OHKO Clause: OHKO moves are banned
|rule|Evasion Items Clause: Evasion items are banned
|rule|Evasion Moves Clause: Evasion moves are banned
|rule|Evasion Abilities Clause: Evasion abilities are banned
|rule|Sleep Moves Clause: Sleep-inducing moves are banned
|clearpoke
|poke|p1|Blaziken, M|
|poke|p1|Salamence, F|
|poke|p1|Ambipom, M|
|poke|p1|Houndstone, F|
|poke|p1|Iron Hands|
|poke|p1|Scizor, F|
|poke|p2|Kingambit, M|
|poke|p2|Zamazenta-*|
|poke|p2|Weezing-Galar, F|
|poke|p2|Gliscor, M|
|poke|p2|Porygon2|
|poke|p2|Alomomola, F|
|teampreview
|inactive|Battle timer is ON: inactive players will automatically lose when time's up. (requested by Moistham)
|
|t:|1757866035
|teamsize|p1|6
|teamsize|p2|6
|start
|switch|p1a: Ambipom|Ambipom, M|100/100
|switch|p2a: Gliscor|Gliscor, M|100/100
|turn|1
|
|t:|1757866037
|move|p2a: Gliscor|Protect|p2a: Gliscor
|-singleturn|p2a: Gliscor|Protect
|move|p1a: Ambipom|Triple Axel|p2a: Gliscor
|-activate|p2a: Gliscor|move: Protect
|
|-status|p2a: Gliscor|tox|[from] item: Toxic Orb
|upkeep
|turn|2
|
|t:|1757866040
|switch|p2a: Alomomola|Alomomola, F|100/100
|move|p1a: Ambipom|Low Kick|p2a: Alomomola
|-crit|p2a: Alomomola
|-damage|p2a: Alomomola|76/100
|
|upkeep
|turn|3
|
|t:|1757866044
|move|p1a: Ambipom|Beat Up|p2a: Alomomola
|-damage|p2a: Alomomola|72/100
|-damage|p2a: Alomomola|66/100
|-damage|p2a: Alomomola|61/100
|-damage|p2a: Alomomola|57/100
|-damage|p2a: Alomomola|52/100
|-damage|p2a: Alomomola|46/100
|-hitcount|p2a: Alomomola|6
|move|p2a: Alomomola|Scald|p1a: Ambipom
|-damage|p1a: Ambipom|77/100
|
|upkeep
|turn|4
|
|t:|1757866050
|switch|p1a: Scizor|Scizor, F|100/100
|move|p2a: Alomomola|Flip Turn|p1a: Scizor
|-damage|p1a: Scizor|84/100
|
|t:|1757866066
|switch|p2a: Zamazenta|Zamazenta|100/100|[from] Flip Turn
|-ability|p2a: Zamazenta|Dauntless Shield|boost
|-boost|p2a: Zamazenta|def|1
|
|upkeep
|turn|5
|
|t:|1757866071
|switch|p1a: Houndstone|Houndstone, F|100/100
|move|p2a: Zamazenta|Crunch|p1a: Houndstone
|-supereffective|p1a: Houndstone
|-damage|p1a: Houndstone|73/100
|
|-heal|p1a: Houndstone|80/100|[from] item: Leftovers
|upkeep
|turn|6
|
|t:|1757866074
|switch|p2a: Porygon2|Porygon2|100/100
|-ability|p2a: Porygon2|Download|boost
|-boost|p2a: Porygon2|spa|1
|switch|p1a: Ambipom|Ambipom, M|77/100
|
|upkeep
|turn|7
|
|t:|1757866079
|move|p1a: Ambipom|Fake Out|p2a: Porygon2
|-damage|p2a: Porygon2|83/100
|cant|p2a: Porygon2|flinch
|
|upkeep
|turn|8
|
|t:|1757866084
|move|p1a: Ambipom|Low Kick|p2a: Porygon2
|-supereffective|p2a: Porygon2
|-damage|p2a: Porygon2|38/100
|move|p2a: Porygon2|Recover|p2a: Porygon2
|-heal|p2a: Porygon2|88/100
|
|upkeep
|turn|9
|inactive|DiceyRice has 120 seconds left.
|inactive|DiceyRice has 90 seconds left.
|
|t:|1757866148
|move|p1a: Ambipom|Low Kick|p2a: Porygon2
|-supereffective|p2a: Porygon2
|-damage|p2a: Porygon2|44/100
|move|p2a: Porygon2|Tera Blast|p1a: Ambipom
|-damage|p1a: Ambipom|0 fnt
|faint|p1a: Ambipom
|
|upkeep
|
|t:|1757866151
|switch|p1a: Scizor|Scizor, F|84/100
|turn|10
|
|t:|1757866160
|switch|p2a: Gliscor|Gliscor, M|100/100 tox
|move|p1a: Scizor|Swords Dance|p1a: Scizor
|-boost|p1a: Scizor|atk|2
|
|upkeep
|turn|11
|
|t:|1757866164
|move|p1a: Scizor|Bullet Punch|p2a: Gliscor
|-damage|p2a: Gliscor|45/100 tox
|move|p2a: Gliscor|Earthquake|p1a: Scizor
|-damage|p1a: Scizor|49/100
|
|-heal|p2a: Gliscor|58/100 tox|[from] ability: Poison Heal
|upkeep
|turn|12
|
|t:|1757866172
|move|p1a: Scizor|Bullet Punch|p2a: Gliscor
|-damage|p2a: Gliscor|0 fnt
|faint|p2a: Gliscor
|
|upkeep
|
|t:|1757866174
|switch|p2a: Zamazenta|Zamazenta|100/100
|turn|13
|
|t:|1757866177
|-terastallize|p1a: Scizor|Steel
|move|p1a: Scizor|Bullet Punch|p2a: Zamazenta
|-crit|p2a: Zamazenta
|-damage|p2a: Zamazenta|0 fnt
|faint|p2a: Zamazenta
|
|upkeep
|
|t:|1757866186
|switch|p2a: Alomomola|Alomomola, F|79/100
|turn|14
|
|t:|1757866192
|move|p1a: Scizor|Bullet Punch|p2a: Alomomola
|-resisted|p2a: Alomomola
|-damage|p2a: Alomomola|31/100
|move|p2a: Alomomola|Scald|p1a: Scizor
|-damage|p1a: Scizor|33/100
|
|upkeep
|turn|15
|
|t:|1757866200
|switch|p2a: Porygon2|Porygon2|44/100
|-ability|p2a: Porygon2|Download|boost
|-boost|p2a: Porygon2|spa|1
|move|p1a: Scizor|Bullet Punch|p2a: Porygon2
|-damage|p2a: Porygon2|0 fnt
|faint|p2a: Porygon2
|
|upkeep
|
|t:|1757866201
|switch|p2a: Alomomola|Alomomola, F|65/100
|turn|16
|
|t:|1757866204
|move|p1a: Scizor|Bullet Punch|p2a: Alomomola
|-resisted|p2a: Alomomola
|-damage|p2a: Alomomola|0 fnt
|faint|p2a: Alomomola
|
|upkeep
|
|t:|1757866207
|switch|p2a: Kingambit|Kingambit, M|100/100
|-activate|p2a: Kingambit|ability: Supreme Overlord
|-start|p2a: Kingambit|fallen4|[silent]
|turn|17
|
|t:|1757866213
|-terastallize|p2a: Kingambit|Ghost
|move|p1a: Scizor|Bullet Punch|p2a: Kingambit
|-damage|p2a: Kingambit|0 fnt
|faint|p2a: Kingambit
|-end|p2a: Kingambit|fallen4|[silent]
|
|upkeep
|-message|DiceyRice forfeited.
|
|win|Moistham
|raw|Moistham's rating: 1575 &rarr; <strong>1601</strong><br />(+26 for winning)
|raw|DiceyRice's rating: 1683 &rarr; <strong>1657</strong><br />(-26 for losing)
