|j|☆quetzuma
|j|☆ClairLeChat
|t:|1757859995
|gametype|singles
|player|p1|quetzuma|drayden|1363
|player|p2|ClairLeChat|102|1360
|gen|9
|tier|[Gen 9] OU
|rated|
|rule|HP Percentage Mod: HP is shown in percentages
|rule|Endless Battle Clause: Forcing endless battles is banned
|rule|Species Clause: Limit one of each Pokémon
|rule|OHKO Clause: OHKO moves are banned
|rule|Evasion Items Clause: Evasion items are banned
|rule|Evasion Moves Clause: Evasion moves are banned
|rule|Evasion Abilities Clause: Evasion abilities are banned
|rule|Sleep Moves Clause: Sleep-inducing moves are banned
|clearpoke
|poke|p1|Skeledirge, M|
|poke|p1|Glimmora, M|
|poke|p1|Samurott, M|
|poke|p1|Iron Hands|
|poke|p1|Garchomp, M|
|poke|p1|Grimmsnarl, M|
|poke|p2|Tornadus-Therian, M|
|poke|p2|Great Tusk|
|poke|p2|Gholdengo|
|poke|p2|Kyurem|
|poke|p2|Ogerpon-Wellspring, F|
|poke|p2|Enamorus, F|
|teampreview
|inactive|Battle timer is ON: inactive players will automatically lose when time's up. (requested by ClairLeChat)
|
|t:|1757860011
|teamsize|p1|6
|teamsize|p2|6
|start
|switch|p1a: Glimmora|Glimmora, M|100/100
|switch|p2a: Great Tusk|Great Tusk|100/100
|turn|1
|
|t:|1757860030
|move|p2a: Great Tusk|Rapid Spin|p1a: Glimmora
|-resisted|p1a: Glimmora
|-damage|p1a: Glimmora|91/100
|-boost|p2a: Great Tusk|spe|1
|-activate|p1a: Glimmora|ability: Toxic Debris
|-sidestart|p2: ClairLeChat|move: Toxic Spikes
|-sideend|p2: ClairLeChat|Toxic Spikes|[from] move: Rapid Spin|[of] p2a: Great Tusk
|move|p1a: Glimmora|Dazzling Gleam|p2a: Great Tusk
|-supereffective|p2a: Great Tusk
|-damage|p2a: Great Tusk|24/100
|
|-heal|p2a: Great Tusk|31/100|[from] item: Leftovers
|upkeep
|turn|2
|
|t:|1757860058
|move|p2a: Great Tusk|Headlong Rush|p1a: Glimmora
|-supereffective|p1a: Glimmora
|-damage|p1a: Glimmora|0 fnt
|-unboost|p2a: Great Tusk|def|1
|-unboost|p2a: Great Tusk|spd|1
|-activate|p1a: Glimmora|ability: Toxic Debris
|-sidestart|p2: ClairLeChat|move: Toxic Spikes
|faint|p1a: Glimmora
|
|-heal|p2a: Great Tusk|37/100|[from] item: Leftovers
|upkeep
|
|t:|1757860062
|switch|p1a: Skeledirge|Skeledirge, M|100/100
|turn|3
|inactive|ClairLeChat has 120 seconds left.
|
|t:|1757860084
|move|p2a: Great Tusk|Knock Off|p1a: Skeledirge
|-supereffective|p1a: Skeledirge
|-damage|p1a: Skeledirge|64/100
|-enditem|p1a: Skeledirge|Heavy-Duty Boots|[from] move: Knock Off|[of] p2a: Great Tusk
|move|p1a: Skeledirge|Torch Song|p2a: Great Tusk
|-damage|p2a: Great Tusk|0 fnt
|-boost|p1a: Skeledirge|spa|1
|faint|p2a: Great Tusk
|-end|p2a: Great Tusk|Protosynthesis|[silent]
|
|upkeep
|inactive|ClairLeChat has 120 seconds left.
|
|t:|1757860094
|switch|p2a: Ogerpon|Ogerpon-Wellspring, F|100/100
|-status|p2a: Ogerpon|psn
|turn|4
|
|t:|1757860099
|switch|p1a: Iron Hands|Iron Hands|100/100
|move|p2a: Ogerpon|Ivy Cudgel|p1a: Iron Hands|[anim] Ivy Cudgel Water
|-damage|p1a: Iron Hands|65/100
|
|-heal|p1a: Iron Hands|71/100|[from] item: Leftovers
|-damage|p2a: Ogerpon|88/100 psn|[from] psn
|upkeep
|turn|5
|
|t:|1757860107
|move|p2a: Ogerpon|U-turn|p1a: Iron Hands
|-resisted|p1a: Iron Hands
|-damage|p1a: Iron Hands|63/100
|
|t:|1757860115
|switch|p2a: Gholdengo|Gholdengo|100/100|[from] U-turn
|-item|p2a: Gholdengo|Air Balloon
|move|p1a: Iron Hands|Drain Punch|p2a: Gholdengo
|-immune|p2a: Gholdengo
|
|-heal|p1a: Iron Hands|69/100|[from] item: Leftovers
|upkeep
|turn|6
|
|t:|1757860120
|-end|p1a: Iron Hands|Quark Drive|[silent]
|switch|p1a: Samurott|Samurott, M, shiny|100/100
|move|p2a: Gholdengo|Hex|p1a: Samurott
|-damage|p1a: Samurott|61/100
|
|upkeep
|turn|7
|
|t:|1757860130
|move|p1a: Samurott|Ice Beam|p2a: Gholdengo
|-resisted|p2a: Gholdengo
|-damage|p2a: Gholdengo|79/100
|-enditem|p2a: Gholdengo|Air Balloon
|move|p2a: Gholdengo|Thunder Wave|p1a: Samurott
|-status|p1a: Samurott|par
|
|upkeep
|turn|8
|
|t:|1757860135
|switch|p1a: Garchomp|Garchomp, M|100/100
|move|p2a: Gholdengo|Recover|p2a: Gholdengo
|-heal|p2a: Gholdengo|100/100
|
|upkeep
|turn|9
|
|t:|1757860139
|switch|p2a: Tornadus|Tornadus-Therian, M|100/100
|move|p1a: Garchomp|Stealth Rock|p2a: Tornadus
|-sidestart|p2: ClairLeChat|move: Stealth Rock
|
|upkeep
|turn|10
|
|t:|1757860143
|switch|p1a: Grimmsnarl|Grimmsnarl, M|100/100
|move|p2a: Tornadus|Bleakwind Storm|p1a: Grimmsnarl|[miss]
|-miss|p2a: Tornadus|p1a: Grimmsnarl
|
|upkeep
|turn|11
|
|t:|1757860146
|move|p1a: Grimmsnarl|Thunder Wave|p2a: Tornadus
|-status|p2a: Tornadus|par
|move|p2a: Tornadus|Bleakwind Storm|p1a: Grimmsnarl
|-damage|p1a: Grimmsnarl|67/100
|
|-heal|p1a: Grimmsnarl|73/100|[from] item: Leftovers
|upkeep
|turn|12
|
|t:|1757860148
|move|p2a: Tornadus|Bleakwind Storm|p1a: Grimmsnarl
|-damage|p1a: Grimmsnarl|41/100
|move|p1a: Grimmsnarl|Crunch|p2a: Tornadus
|-damage|p2a: Tornadus|63/100 par
|
|-heal|p1a: Grimmsnarl|47/100|[from] item: Leftovers
|upkeep
|turn|13
|
|t:|1757860153
|cant|p2a: Tornadus|par
|move|p1a: Grimmsnarl|Spirit Break|p2a: Tornadus
|-damage|p2a: Tornadus|27/100 par
|-unboost|p2a: Tornadus|spa|1
|
|-heal|p1a: Grimmsnarl|53/100|[from] item: Leftovers
|upkeep
|turn|14
|
|t:|1757860156
|move|p2a: Tornadus|U-turn|p1a: Grimmsnarl
|-damage|p1a: Grimmsnarl|37/100
|
|t:|1757860160
|switch|p2a: Ogerpon|Ogerpon-Wellspring, F|88/100 psn|[from] U-turn
|-damage|p2a: Ogerpon|76/100 psn|[from] Stealth Rock
|move|p1a: Grimmsnarl|Spirit Break|p2a: Ogerpon
|-damage|p2a: Ogerpon|32/100 psn
|-unboost|p2a: Ogerpon|spa|1
|
|-heal|p1a: Grimmsnarl|44/100|[from] item: Leftovers
|-damage|p2a: Ogerpon|19/100 psn|[from] psn
|upkeep
|turn|15
|
|t:|1757860166
|switch|p1a: Samurott|Samurott, M, shiny|61/100 par
|move|p2a: Ogerpon|Ivy Cudgel|p1a: Samurott|[anim] Ivy Cudgel Water
|-resisted|p1a: Samurott
|-crit|p1a: Samurott
|-damage|p1a: Samurott|8/100 par
|
|-damage|p2a: Ogerpon|7/100 psn|[from] psn
|upkeep
|turn|16
|
|t:|1757860180
|move|p2a: Ogerpon|Knock Off|p1a: Samurott
|-damage|p1a: Samurott|0 fnt
|-enditem|p1a: Samurott|Choice Specs|[from] move: Knock Off|[of] p2a: Ogerpon
|faint|p1a: Samurott
|
|-damage|p2a: Ogerpon|0 fnt|[from] psn
|faint|p2a: Ogerpon
|upkeep
|
|t:|1757860188
|switch|p2a: Enamorus|Enamorus, F|100/100
|switch|p1a: Grimmsnarl|Grimmsnarl, M|44/100
|-damage|p2a: Enamorus|76/100|[from] Stealth Rock
|turn|17
|
|t:|1757860194
|move|p1a: Grimmsnarl|Thunder Wave|p2a: Enamorus
|-status|p2a: Enamorus|par
|move|p2a: Enamorus|Moonblast|p1a: Grimmsnarl
|-supereffective|p1a: Grimmsnarl
|-damage|p1a: Grimmsnarl|0 fnt
|faint|p1a: Grimmsnarl
|
|upkeep
|
|t:|1757860197
|switch|p1a: Skeledirge|Skeledirge, M|64/100
|turn|18
|
|t:|1757860210
|switch|p2a: Tornadus|Tornadus-Therian, M|60/100 par
|move|p1a: Skeledirge|Hex|p2a: Tornadus
|-damage|p2a: Tornadus|9/100 par
|
|upkeep
|turn|19
|
|t:|1757860217
|switch|p1a: Garchomp|Garchomp, M|100/100
|move|p2a: Tornadus|Bleakwind Storm|p1a: Garchomp
|-damage|p1a: Garchomp|58/100
|-unboost|p1a: Garchomp|spe|1
|
|-heal|p1a: Garchomp|64/100|[from] item: Leftovers
|upkeep
|turn|20
|
|t:|1757860221
|move|p1a: Garchomp|Liquidation|p2a: Tornadus
|-damage|p2a: Tornadus|0 fnt
|faint|p2a: Tornadus
|
|-heal|p1a: Garchomp|70/100|[from] item: Leftovers
|upkeep
|
|t:|1757860223
|switch|p2a: Enamorus|Enamorus, F|76/100 par
|-damage|p2a: Enamorus|51/100 par|[from] Stealth Rock
|turn|21
|
|t:|1757860226
|switch|p1a: Iron Hands|Iron Hands|69/100
|cant|p2a: Enamorus|par
|
|-heal|p1a: Iron Hands|75/100|[from] item: Leftovers
|upkeep
|turn|22
|
|t:|1757860236
|move|p2a: Enamorus|Moonblast|p1a: Iron Hands
|-supereffective|p1a: Iron Hands
|-damage|p1a: Iron Hands|0 fnt
|faint|p1a: Iron Hands
|-end|p1a: Iron Hands|Quark Drive|[silent]
|
|upkeep
|
|t:|1757860242
|switch|p1a: Skeledirge|Skeledirge, M|64/100
|turn|23
|
|t:|1757860246
|cant|p2a: Enamorus|par
|move|p1a: Skeledirge|Slack Off|p1a: Skeledirge
|-heal|p1a: Skeledirge|100/100
|
|upkeep
|turn|24
|
|t:|1757860252
|switch|p2a: Gholdengo|Gholdengo|100/100
|-damage|p2a: Gholdengo|94/100|[from] Stealth Rock
|move|p1a: Skeledirge|Torch Song|p2a: Gholdengo
|-supereffective|p2a: Gholdengo
|-damage|p2a: Gholdengo|40/100
|-boost|p1a: Skeledirge|spa|1
|
|upkeep
|turn|25
|
|t:|1757860259
|switch|p1a: Garchomp|Garchomp, M|70/100
|move|p2a: Gholdengo|Hex|p1a: Garchomp
|-damage|p1a: Garchomp|37/100
|
|-heal|p1a: Garchomp|43/100|[from] item: Leftovers
|upkeep
|turn|26
|
|t:|1757860261
|move|p1a: Garchomp|Earthquake|p2a: Gholdengo
|-supereffective|p2a: Gholdengo
|-damage|p2a: Gholdengo|0 fnt
|faint|p2a: Gholdengo
|
|-heal|p1a: Garchomp|49/100|[from] item: Leftovers
|upkeep
|
|t:|1757860264
|switch|p2a: Enamorus|Enamorus, F|51/100 par
|-damage|p2a: Enamorus|26/100 par|[from] Stealth Rock
|turn|27
|
|t:|1757860268
|move|p1a: Garchomp|Liquidation|p2a: Enamorus
|-crit|p2a: Enamorus
|-damage|p2a: Enamorus|0 fnt
|faint|p2a: Enamorus
|
|-heal|p1a: Garchomp|55/100|[from] item: Leftovers
|upkeep
|
|t:|1757860270
|switch|p2a: Kyurem|Kyurem|100/100
|-status|p2a: Kyurem|psn
|-damage|p2a: Kyurem|76/100 psn|[from] Stealth Rock
|-ability|p2a: Kyurem|Pressure
|turn|28
|
|t:|1757860274
|-terastallize|p2a: Kyurem|Fire
|move|p1a: Garchomp|Earthquake|p2a: Kyurem
|-supereffective|p2a: Kyurem
|-damage|p2a: Kyurem|0 fnt
|faint|p2a: Kyurem
|
|win|quetzuma
|raw|quetzuma's rating: 1363 &rarr; <strong>1383</strong><br />(+20 for winning)
|raw|ClairLeChat's rating: 1360 &rarr; <strong>1340</strong><br />(-20 for losing)
|l|☆quetzuma
|player|p1|
|l|☆ClairLeChat
|player|p2|
