|j|☆hsdfao
|j|☆will-o-weezing
|t:|1757861212
|gametype|singles
|player|p1|hsdfao|101|1129
|player|p2|will-o-weezing|1|1185
|gen|9
|tier|[Gen 9] OU
|rated|
|rule|HP Percentage Mod: HP is shown in percentages
|rule|Endless Battle Clause: Forcing endless battles is banned
|rule|Species Clause: Limit one of each Pokémon
|rule|OHKO Clause: OHKO moves are banned
|rule|Evasion Items Clause: Evasion items are banned
|rule|Evasion Moves Clause: Evasion moves are banned
|rule|Evasion Abilities Clause: Evasion abilities are banned
|rule|Sleep Moves Clause: Sleep-inducing moves are banned
|clearpoke
|poke|p1|Emboar, M|
|poke|p1|Moltres|
|poke|p1|Clodsire, F|
|poke|p1|Iron Valiant|
|poke|p1|Rillaboom, F|
|poke|p1|Gogoat, M|
|poke|p2|Orthworm, F|
|poke|p2|Sylveon, M|
|poke|p2|Glimmora, M|
|poke|p2|Ceruledge, F|
|poke|p2|Goodra-Hisui, M|
|poke|p2|Ogerpon-Wellspring, F|
|teampreview
|
|t:|1757861223
|teamsize|p1|6
|teamsize|p2|6
|start
|switch|p1a: Emboar|Emboar, M|100/100
|switch|p2a: Glimmora|Glimmora, M|100/100
|turn|1
|
|t:|1757861230
|move|p2a: Glimmora|Stealth Rock|p1a: Emboar
|-sidestart|p1: hsdfao|move: Stealth Rock
|move|p1a: Emboar|Head Smash|p2a: Glimmora
|-damage|p2a: Glimmora|31/100
|-activate|p2a: Glimmora|ability: Toxic Debris
|-sidestart|p1: hsdfao|move: Toxic Spikes
|-damage|p1a: Emboar|75/100|[from] Recoil
|
|upkeep
|turn|2
|
|t:|1757861244
|move|p2a: Glimmora|Earth Power|p1a: Emboar
|-supereffective|p1a: Emboar
|-damage|p1a: Emboar|0 fnt
|faint|p1a: Emboar
|
|upkeep
|
|t:|1757861249
|switch|p1a: Moltres|Moltres|100/100
|turn|3
|
|t:|1757861254
|move|p2a: Glimmora|Power Gem|p1a: Moltres
|-supereffective|p1a: Moltres
|-damage|p1a: Moltres|0 fnt
|faint|p1a: Moltres
|
|upkeep
|
|t:|1757861258
|switch|p1a: Clodsire|Clodsire, F|100/100
|-damage|p1a: Clodsire|94/100|[from] Stealth Rock
|-sideend|p1: hsdfao|move: Toxic Spikes|[of] p1a: Clodsire
|turn|4
|
|t:|1757861269
|move|p2a: Glimmora|Earth Power|p1a: Clodsire
|-supereffective|p1a: Clodsire
|-crit|p1a: Clodsire
|-damage|p1a: Clodsire|47/100
|move|p1a: Clodsire|Earthquake|p2a: Glimmora
|-supereffective|p2a: Glimmora
|-damage|p2a: Glimmora|0 fnt
|-activate|p2a: Glimmora|ability: Toxic Debris
|-sidestart|p1: hsdfao|move: Toxic Spikes
|faint|p2a: Glimmora
|
|-heal|p1a: Clodsire|53/100|[from] item: Black Sludge
|upkeep
|
|t:|1757861290
|switch|p2a: Orthworm|Orthworm, F|100/100
|turn|5
|
|t:|1757861299
|move|p2a: Orthworm|Spikes|p1a: Clodsire
|-sidestart|p1: hsdfao|Spikes
|move|p1a: Clodsire|Toxic Spikes|p2a: Orthworm
|-sidestart|p2: will-o-weezing|move: Toxic Spikes
|
|-heal|p1a: Clodsire|59/100|[from] item: Black Sludge
|upkeep
|turn|6
|
|t:|1757861316
|move|p2a: Orthworm|Spikes|p1a: Clodsire
|-sidestart|p1: hsdfao|Spikes
|move|p1a: Clodsire|Toxic Spikes|p2a: Orthworm
|-sidestart|p2: will-o-weezing|move: Toxic Spikes
|
|-heal|p1a: Clodsire|66/100|[from] item: Black Sludge
|upkeep
|turn|7
|
|t:|1757861324
|move|p2a: Orthworm|Spikes|p1a: Clodsire
|-sidestart|p1: hsdfao|Spikes
|move|p1a: Clodsire|Stealth Rock|p2a: Orthworm
|-sidestart|p2: will-o-weezing|move: Stealth Rock
|
|-heal|p1a: Clodsire|72/100|[from] item: Black Sludge
|upkeep
|turn|8
|
|t:|1757861333
|move|p2a: Orthworm|Coil|p2a: Orthworm
|-boost|p2a: Orthworm|atk|1
|-boost|p2a: Orthworm|def|1
|-boost|p2a: Orthworm|accuracy|1
|move|p1a: Clodsire|Body Press|p2a: Orthworm
|-supereffective|p2a: Orthworm
|-crit|p2a: Orthworm
|-damage|p2a: Orthworm|79/100
|
|-heal|p2a: Orthworm|85/100|[from] item: Leftovers
|-heal|p1a: Clodsire|78/100|[from] item: Black Sludge
|upkeep
|turn|9
|
|t:|1757861347
|switch|p1a: Iron Valiant|Iron Valiant|100/100
|-damage|p1a: Iron Valiant|95/100|[from] Stealth Rock
|-status|p1a: Iron Valiant|psn
|-damage|p1a: Iron Valiant|70/100 psn|[from] Spikes
|-enditem|p1a: Iron Valiant|Booster Energy
|-activate|p1a: Iron Valiant|ability: Quark Drive|[fromitem]
|-start|p1a: Iron Valiant|quarkdrivespe
|move|p2a: Orthworm|Iron Tail|p1a: Iron Valiant
|-supereffective|p1a: Iron Valiant
|-damage|p1a: Iron Valiant|0 fnt
|faint|p1a: Iron Valiant
|-end|p1a: Iron Valiant|Quark Drive|[silent]
|
|-heal|p2a: Orthworm|91/100|[from] item: Leftovers
|upkeep
|
|t:|1757861353
|switch|p1a: Rillaboom|Rillaboom, F|100/100
|-damage|p1a: Rillaboom|88/100|[from] Stealth Rock
|-status|p1a: Rillaboom|psn
|-damage|p1a: Rillaboom|63/100 psn|[from] Spikes
|-fieldstart|move: Grassy Terrain|[from] ability: Grassy Surge|[of] p1a: Rillaboom
|turn|10
|
|t:|1757861380
|move|p1a: Rillaboom|Knock Off|p2a: Orthworm
|-damage|p2a: Orthworm|78/100
|-enditem|p2a: Orthworm|Leftovers|[from] move: Knock Off|[of] p1a: Rillaboom
|move|p2a: Orthworm|Iron Tail|p1a: Rillaboom
|-damage|p1a: Rillaboom|22/100 psn
|
|-heal|p1a: Rillaboom|28/100 psn|[from] Grassy Terrain
|-heal|p2a: Orthworm|84/100|[from] Grassy Terrain
|-damage|p1a: Rillaboom|16/100 psn|[from] psn
|upkeep
|turn|11
|
|t:|1757861390
|move|p1a: Rillaboom|Brick Break|p2a: Orthworm
|-supereffective|p2a: Orthworm
|-crit|p2a: Orthworm
|-damage|p2a: Orthworm|45/100
|move|p2a: Orthworm|Iron Tail|p1a: Rillaboom
|-damage|p1a: Rillaboom|0 fnt
|faint|p1a: Rillaboom
|
|-heal|p2a: Orthworm|51/100|[from] Grassy Terrain
|upkeep
|
|t:|1757861406
|switch|p1a: Clodsire|Clodsire, F|78/100
|-damage|p1a: Clodsire|72/100|[from] Stealth Rock
|-sideend|p1: hsdfao|move: Toxic Spikes|[of] p1a: Clodsire
|-damage|p1a: Clodsire|47/100|[from] Spikes
|turn|12
|
|t:|1757861421
|move|p2a: Orthworm|Coil|p2a: Orthworm
|-boost|p2a: Orthworm|atk|1
|-boost|p2a: Orthworm|def|1
|-boost|p2a: Orthworm|accuracy|1
|move|p1a: Clodsire|Body Press|p2a: Orthworm
|-supereffective|p2a: Orthworm
|-damage|p2a: Orthworm|43/100
|
|-heal|p2a: Orthworm|49/100|[from] Grassy Terrain
|-heal|p1a: Clodsire|53/100|[from] Grassy Terrain
|-heal|p1a: Clodsire|59/100|[from] item: Black Sludge
|upkeep
|turn|13
|
|t:|1757861431
|move|p2a: Orthworm|Coil|p2a: Orthworm
|-boost|p2a: Orthworm|atk|1
|-boost|p2a: Orthworm|def|1
|-boost|p2a: Orthworm|accuracy|1
|move|p1a: Clodsire|Body Press|p2a: Orthworm
|-supereffective|p2a: Orthworm
|-damage|p2a: Orthworm|43/100
|
|-heal|p2a: Orthworm|49/100|[from] Grassy Terrain
|-heal|p1a: Clodsire|66/100|[from] Grassy Terrain
|-heal|p1a: Clodsire|72/100|[from] item: Black Sludge
|upkeep
|turn|14
|
|t:|1757861441
|move|p2a: Orthworm|Coil|p2a: Orthworm
|-boost|p2a: Orthworm|atk|1
|-boost|p2a: Orthworm|def|1
|-boost|p2a: Orthworm|accuracy|1
|move|p1a: Clodsire|Body Press|p2a: Orthworm
|-supereffective|p2a: Orthworm
|-damage|p2a: Orthworm|44/100
|
|-heal|p2a: Orthworm|50/100|[from] Grassy Terrain
|-heal|p1a: Clodsire|78/100|[from] Grassy Terrain
|-heal|p1a: Clodsire|84/100|[from] item: Black Sludge
|upkeep
|turn|15
|
|t:|1757861454
|switch|p1a: Gogoat|Gogoat, M|100/100
|-damage|p1a: Gogoat|88/100|[from] Stealth Rock
|-damage|p1a: Gogoat|63/100|[from] Spikes
|-enditem|p1a: Gogoat|Grassy Seed
|-boost|p1a: Gogoat|def|1|[from] item: Grassy Seed
|move|p2a: Orthworm|Coil|p2a: Orthworm
|-boost|p2a: Orthworm|atk|1
|-boost|p2a: Orthworm|def|1
|-boost|p2a: Orthworm|accuracy|1
|
|-heal|p1a: Gogoat|69/100|[from] Grassy Terrain
|-heal|p2a: Orthworm|56/100|[from] Grassy Terrain
|upkeep
|turn|16
|
|t:|1757861473
|-terastallize|p1a: Gogoat|Electric
|-terastallize|p2a: Orthworm|Fighting
|move|p1a: Gogoat|Bulk Up|p1a: Gogoat
|-boost|p1a: Gogoat|atk|1
|-boost|p1a: Gogoat|def|1
|move|p2a: Orthworm|Body Press|p1a: Gogoat
|-damage|p1a: Gogoat|17/100
|
|-heal|p1a: Gogoat|23/100|[from] Grassy Terrain
|-heal|p2a: Orthworm|63/100|[from] Grassy Terrain
|upkeep
|turn|17
|
|t:|1757861489
|move|p1a: Gogoat|Wild Charge|p2a: Orthworm
|-crit|p2a: Orthworm
|-damage|p2a: Orthworm|15/100
|-damage|p1a: Gogoat|14/100|[from] Recoil
|move|p2a: Orthworm|Body Press|p1a: Gogoat
|-damage|p1a: Gogoat|0 fnt
|faint|p1a: Gogoat
|
|-heal|p2a: Orthworm|21/100|[from] Grassy Terrain
|-fieldend|move: Grassy Terrain
|upkeep
|
|t:|1757861495
|switch|p1a: Clodsire|Clodsire, F|84/100
|-damage|p1a: Clodsire|78/100|[from] Stealth Rock
|-damage|p1a: Clodsire|53/100|[from] Spikes
|turn|18
|
|t:|1757861504
|move|p2a: Orthworm|Body Press|p1a: Clodsire
|-resisted|p1a: Clodsire
|-damage|p1a: Clodsire|0 fnt
|faint|p1a: Clodsire
|
|win|will-o-weezing
|raw|hsdfao's rating: 1129 &rarr; <strong>1108</strong><br />(-21 for losing)
|raw|will-o-weezing's rating: 1185 &rarr; <strong>1206</strong><br />(+21 for winning)
|l|☆will-o-weezing
|player|p2|
