|j|☆IMMAAXX
|j|☆LT124YH Prav33n
|t:|1757960012
|gametype|singles
|player|p1|IMMAAXX|lusamine-nihilego|1613
|player|p2|LT124YH Prav33n|koga|1726
|gen|9
|tier|[Gen 9] OU
|rated|
|rule|HP Percentage Mod: HP is shown in percentages
|rule|Endless Battle Clause: Forcing endless battles is banned
|rule|Species Clause: Limit one of each Pokémon
|rule|OHKO Clause: OHKO moves are banned
|rule|Evasion Items Clause: Evasion items are banned
|rule|Evasion Moves Clause: Evasion moves are banned
|rule|Evasion Abilities Clause: Evasion abilities are banned
|rule|Sleep Moves Clause: Sleep-inducing moves are banned
|clearpoke
|poke|p1|Indeedee, M|
|poke|p1|Hatterene, F|
|poke|p1|Ursaluna, F|
|poke|p1|Iron Hands|
|poke|p1|Hoopa-Unbound|
|poke|p1|Mimikyu, F|
|poke|p2|Samurott-Hisui, M|
|poke|p2|Pecharunt|
|poke|p2|Zamazenta-*|
|poke|p2|Tornadus-Therian, M|
|poke|p2|Iron Treads|
|poke|p2|Latios, M|
|teampreview
|inactive|Battle timer is ON: inactive players will automatically lose when time's up. (requested by LT124YH Prav33n)
|
|t:|1757960028
|teamsize|p1|6
|teamsize|p2|6
|start
|switch|p1a: LEBRON|Iron Hands, shiny|100/100
|switch|p2a: Samurott|Samurott-Hisui, M|100/100
|-enditem|p1a: LEBRON|Booster Energy
|-activate|p1a: LEBRON|ability: Quark Drive|[fromitem]
|-start|p1a: LEBRON|quarkdriveatk
|turn|1
|
|t:|1757960033
|switch|p2a: Iron Treads|Iron Treads|100/100
|move|p1a: LEBRON|Supercell Slam|p2a: Iron Treads
|-immune|p2a: Iron Treads
|-damage|p1a: LEBRON|50/100|[from] supercellslam
|
|upkeep
|turn|2
|
|t:|1757960038
|move|p2a: Iron Treads|Earthquake|p1a: LEBRON
|-supereffective|p1a: LEBRON
|-damage|p1a: LEBRON|0 fnt
|faint|p1a: LEBRON
|-end|p1a: LEBRON|Quark Drive|[silent]
|
|upkeep
|
|t:|1757960041
|switch|p1a: Subaru|Indeedee, M, shiny|100/100
|-fieldstart|move: Psychic Terrain|[from] ability: Psychic Surge|[of] p1a: Subaru
|turn|3
|
|t:|1757960046
|move|p2a: Iron Treads|Stealth Rock|p1a: Subaru
|-sidestart|p1: IMMAAXX|move: Stealth Rock
|move|p1a: Subaru|Trick Room|p1a: Subaru
|-fieldstart|move: Trick Room|[of] p1a: Subaru
|
|upkeep
|turn|4
|
|t:|1757960052
|switch|p1a: Crashout YN|Ursaluna, F, shiny|100/100
|-damage|p1a: Crashout YN|94/100|[from] Stealth Rock
|move|p2a: Iron Treads|Ice Spinner|p1a: Crashout YN
|-supereffective|p1a: Crashout YN
|-crit|p1a: Crashout YN
|-damage|p1a: Crashout YN|43/100
|-fieldend|move: Psychic Terrain
|
|-status|p1a: Crashout YN|brn|[from] item: Flame Orb
|upkeep
|turn|5
|
|t:|1757960076
|move|p1a: Crashout YN|Facade|p2a: Iron Treads
|-resisted|p2a: Iron Treads
|-damage|p2a: Iron Treads|51/100
|move|p2a: Iron Treads|Ice Spinner|p1a: Crashout YN
|-supereffective|p1a: Crashout YN
|-damage|p1a: Crashout YN|9/100 brn
|
|-damage|p1a: Crashout YN|3/100 brn|[from] brn
|upkeep
|turn|6
|
|t:|1757960081
|move|p1a: Crashout YN|Headlong Rush|p2a: Iron Treads
|-supereffective|p2a: Iron Treads
|-damage|p2a: Iron Treads|0 fnt
|-unboost|p1a: Crashout YN|def|1
|-unboost|p1a: Crashout YN|spd|1
|faint|p2a: Iron Treads
|-end|p2a: Iron Treads|Quark Drive|[silent]
|
|-damage|p1a: Crashout YN|0 fnt|[from] brn
|faint|p1a: Crashout YN
|upkeep
|
|t:|1757960088
|switch|p1a: Subaru|Indeedee, M, shiny|100/100
|switch|p2a: Samurott|Samurott-Hisui, M|100/100
|-damage|p1a: Subaru|88/100|[from] Stealth Rock
|-fieldstart|move: Psychic Terrain|[from] ability: Psychic Surge|[of] p1a: Subaru
|turn|7
|
|t:|1757960098
|move|p1a: Subaru|Healing Wish|p1a: Subaru
|faint|p1a: Subaru
|move|p2a: Samurott|Ceaseless Edge|p1: Subaru|[notarget]
|-fail|p2a: Samurott
|
|-fieldend|move: Trick Room
|upkeep
|
|t:|1757960100
|switch|p1a: Satella|Hatterene, F, shiny|100/100
|-damage|p1a: Satella|88/100|[from] Stealth Rock
|turn|8
|
|t:|1757960106
|move|p2a: Samurott|Knock Off|p1a: Satella
|-damage|p1a: Satella|42/100
|-enditem|p1a: Satella|Life Orb|[from] move: Knock Off|[of] p2a: Samurott
|move|p1a: Satella|Trick Room|p1a: Satella
|-fieldstart|move: Trick Room|[of] p1a: Satella
|
|upkeep
|turn|9
|
|t:|1757960112
|switch|p2a: Tornadus|Tornadus-Therian, M|100/100
|move|p1a: Satella|Draining Kiss|p2a: Tornadus
|-damage|p2a: Tornadus|81/100
|-heal|p1a: Satella|58/100|[from] drain|[of] p2a: Tornadus
|
|upkeep
|turn|10
|
|t:|1757960123
|-terastallize|p1a: Satella|Stellar
|move|p1a: Satella|Expanding Force|p2a: Tornadus
|-damage|p2a: Tornadus|5/100
|move|p2a: Tornadus|Bleakwind Storm|p1a: Satella|[miss]
|-miss|p2a: Tornadus|p1a: Satella
|
|upkeep
|turn|11
|
|t:|1757960128
|move|p1a: Satella|Draining Kiss|p2a: Tornadus
|-damage|p2a: Tornadus|0 fnt
|-heal|p1a: Satella|62/100|[from] drain|[of] p2a: Tornadus
|faint|p2a: Tornadus
|
|upkeep
|
|t:|1757960132
|switch|p2a: Samurott|Samurott-Hisui, M|100/100
|turn|12
|
|t:|1757960135
|switch|p2a: Pecharunt|Pecharunt|100/100
|move|p1a: Satella|Expanding Force|p2a: Pecharunt
|-supereffective|p2a: Pecharunt
|-damage|p2a: Pecharunt|0 fnt
|faint|p2a: Pecharunt
|
|-fieldend|move: Trick Room
|upkeep
|
|t:|1757960138
|switch|p2a: Zamazenta|Zamazenta|100/100
|-ability|p2a: Zamazenta|Dauntless Shield|boost
|-boost|p2a: Zamazenta|def|1
|turn|13
|
|t:|1757960144
|move|p2a: Zamazenta|Heavy Slam|p1a: Satella
|-supereffective|p1a: Satella
|-damage|p1a: Satella|0 fnt
|faint|p1a: Satella
|
|upkeep
|
|t:|1757960151
|switch|p1a: King Von|Hoopa-Unbound|100/100
|-damage|p1a: King Von|88/100|[from] Stealth Rock
|-enditem|p1a: King Von|Psychic Seed
|-boost|p1a: King Von|spd|1|[from] item: Psychic Seed
|turn|14
|
|t:|1757960154
|move|p2a: Zamazenta|Close Combat|p1a: King Von
|-damage|p1a: King Von|22/100
|-unboost|p2a: Zamazenta|def|1
|-unboost|p2a: Zamazenta|spd|1
|move|p1a: King Von|Trick Room|p1a: King Von
|-fieldstart|move: Trick Room|[of] p1a: King Von
|
|-fieldend|move: Psychic Terrain
|upkeep
|turn|15
|
|t:|1757960158
|switch|p2a: Samurott|Samurott-Hisui, M|100/100
|move|p1a: King Von|Expanding Force|p2a: Samurott
|-immune|p2a: Samurott
|
|upkeep
|turn|16
|
|t:|1757960166
|-terastallize|p2a: Samurott|Poison
|move|p1a: King Von|Focus Blast|p2a: Samurott|[miss]
|-miss|p1a: King Von|p2a: Samurott
|move|p2a: Samurott|Ceaseless Edge|p1a: King Von
|-damage|p1a: King Von|0 fnt
|-sidestart|p1: IMMAAXX|Spikes
|faint|p1a: King Von
|
|upkeep
|
|t:|1757960169
|switch|p1a: Mimi|Mimikyu, F, shiny|100/100
|-damage|p1a: Mimi|88/100|[from] Stealth Rock
|-damage|p1a: Mimi|76/100|[from] Spikes
|turn|17
|-message|IMMAAXX forfeited.
|
|win|LT124YH Prav33n
|raw|IMMAAXX's rating: 1613 &rarr; <strong>1599</strong><br />(-14 for losing)
|raw|LT124YH Prav33n's rating: 1726 &rarr; <strong>1740</strong><br />(+14 for winning)
|l|☆IMMAAXX
|player|p1|
