|j|☆PrimeXStriker
|j|☆ay cheu
|t:|1757848832
|gametype|singles
|player|p1|PrimeXStriker|marshal|1439
|player|p2|ay cheu|riley|1464
|gen|9
|tier|[Gen 9] OU
|rated|
|rule|HP Percentage Mod: HP is shown in percentages
|rule|Endless Battle Clause: Forcing endless battles is banned
|rule|Species Clause: Limit one of each Pokémon
|rule|OHKO Clause: OHKO moves are banned
|rule|Evasion Items Clause: Evasion items are banned
|rule|Evasion Moves Clause: Evasion moves are banned
|rule|Evasion Abilities Clause: Evasion abilities are banned
|rule|Sleep Moves Clause: Sleep-inducing moves are banned
|clearpoke
|poke|p1|Pawmot, M|
|poke|p1|Zamazenta-*|
|poke|p1|Tyranitar, M|
|poke|p1|Darkrai|
|poke|p1|Iron Valiant|
|poke|p1|Corviknight, F|
|poke|p2|Arcanine-Hisui, M|
|poke|p2|Snorlax, M|
|poke|p2|Zoroark, M|
|poke|p2|Gholdengo|
|poke|p2|Great Tusk|
|poke|p2|Walking Wake|
|teampreview
|inactive|Battle timer is ON: inactive players will automatically lose when time's up. (requested by ay cheu)
|inactive|PrimeXStriker has 120 seconds left.
|
|t:|1757848875
|teamsize|p1|6
|teamsize|p2|6
|start
|switch|p1a: Darkrai|Darkrai|100/100
|switch|p2a: 阿黄|Arcanine-Hisui, M|100/100
|turn|1
|
|t:|1757848896
|switch|p1a: Corviknight|Corviknight, F|100/100
|-ability|p1a: Corviknight|Pressure
|switch|p2a: 阿肥|Snorlax, M|100/100
|
|upkeep
|turn|2
|
|t:|1757848904
|move|p1a: Corviknight|U-turn|p2a: 阿肥
|-damage|p2a: 阿肥|91/100
|
|t:|1757848909
|switch|p1a: Pawmot|Pawmot, M|100/100|[from] U-turn
|move|p2a: 阿肥|Counter|p1a: Pawmot
|-damage|p1a: Pawmot|68/100
|
|upkeep
|turn|3
|
|t:|1757848915
|switch|p2a: Great Tusk|Great Tusk|100/100
|move|p1a: Pawmot|Knock Off|p2a: Great Tusk
|-resisted|p2a: Great Tusk
|-damage|p2a: Great Tusk|91/100
|-damage|p1a: Pawmot|52/100|[from] item: Rocky Helmet|[of] p2a: Great Tusk
|-enditem|p2a: Great Tusk|Rocky Helmet|[from] move: Knock Off|[of] p1a: Pawmot
|-damage|p1a: Pawmot|42/100|[from] item: Life Orb
|
|upkeep
|turn|4
|
|t:|1757848920
|switch|p1a: Corviknight|Corviknight, F|100/100
|-ability|p1a: Corviknight|Pressure
|move|p2a: Great Tusk|Stealth Rock|p1a: Corviknight
|-sidestart|p1: PrimeXStriker|move: Stealth Rock
|
|upkeep
|turn|5
|
|t:|1757848927
|-end|p2a: Great Tusk|Protosynthesis|[silent]
|switch|p2a: 阿黄|Arcanine-Hisui, M|100/100
|move|p1a: Corviknight|U-turn|p2a: 阿黄
|-resisted|p2a: 阿黄
|-damage|p2a: 阿黄|92/100
|
|t:|1757848936
|switch|p1a: Pawmot|Pawmot, M|42/100|[from] U-turn
|-damage|p1a: Pawmot|36/100|[from] Stealth Rock
|
|upkeep
|turn|6
|
|t:|1757848940
|move|p2a: 阿黄|Extreme Speed|p1a: Pawmot
|-damage|p1a: Pawmot|0 fnt
|faint|p1a: Pawmot
|
|upkeep
|
|t:|1757848954
|switch|p1a: Corviknight|Corviknight, F|100/100
|-damage|p1a: Corviknight|88/100|[from] Stealth Rock
|-ability|p1a: Corviknight|Pressure
|turn|7
|
|t:|1757848958
|switch|p2a: Gholdengo|Gholdengo|100/100
|-item|p2a: Gholdengo|Air Balloon
|move|p1a: Corviknight|Body Press|p2a: Gholdengo
|-immune|p2a: Gholdengo
|
|upkeep
|turn|8
|
|t:|1757848965
|switch|p1a: Tyranitar|Tyranitar, M|100/100
|-damage|p1a: Tyranitar|88/100|[from] Stealth Rock
|-weather|Sandstorm|[from] ability: Sand Stream|[of] p1a: Tyranitar
|move|p2a: Gholdengo|Nasty Plot|p2a: Gholdengo
|-boost|p2a: Gholdengo|spa|2
|
|-weather|Sandstorm|[upkeep]
|-heal|p1a: Tyranitar|94/100|[from] item: Leftovers
|upkeep
|turn|9
|
|t:|1757848969
|move|p2a: Gholdengo|Make It Rain|p1a: Tyranitar
|-supereffective|p1a: Tyranitar
|-damage|p1a: Tyranitar|3/100
|-unboost|p2a: Gholdengo|spa|1
|move|p1a: Tyranitar|Knock Off|p2a: Gholdengo
|-supereffective|p2a: Gholdengo
|-damage|p2a: Gholdengo|40/100
|-enditem|p2a: Gholdengo|Air Balloon
|
|-weather|Sandstorm|[upkeep]
|-heal|p1a: Tyranitar|9/100|[from] item: Leftovers
|upkeep
|turn|10
|
|t:|1757848980
|move|p2a: Gholdengo|Shadow Ball|p1a: Tyranitar
|-resisted|p1a: Tyranitar
|-damage|p1a: Tyranitar|0 fnt
|faint|p1a: Tyranitar
|
|-weather|Sandstorm|[upkeep]
|upkeep
|
|t:|1757848983
|switch|p1a: Darkrai|Darkrai|100/100
|turn|11
|
|t:|1757848986
|switch|p2a: 阿肥|Snorlax, M|91/100
|move|p1a: Darkrai|Dark Pulse|p2a: 阿肥
|-damage|p2a: 阿肥|76/100
|
|-weather|Sandstorm|[upkeep]
|-damage|p1a: Darkrai|94/100|[from] Sandstorm
|-damage|p2a: 阿肥|70/100|[from] Sandstorm
|upkeep
|turn|12
|
|t:|1757848991
|switch|p1a: Corviknight|Corviknight, F|88/100
|-damage|p1a: Corviknight|76/100|[from] Stealth Rock
|-ability|p1a: Corviknight|Pressure
|move|p2a: 阿肥|Body Slam|p1a: Corviknight
|-resisted|p1a: Corviknight
|-damage|p1a: Corviknight|66/100
|-damage|p2a: 阿肥|54/100|[from] item: Rocky Helmet|[of] p1a: Corviknight
|
|-weather|none
|upkeep
|turn|13
|
|t:|1757848997
|move|p1a: Corviknight|U-turn|p2a: 阿肥
|-damage|p2a: 阿肥|44/100
|
|t:|1757849001
|switch|p1a: Zamazenta|Zamazenta|100/100|[from] U-turn
|-damage|p1a: Zamazenta|94/100|[from] Stealth Rock
|-ability|p1a: Zamazenta|Dauntless Shield|boost
|-boost|p1a: Zamazenta|def|1
|move|p2a: 阿肥|Counter|p1a: Zamazenta
|-damage|p1a: Zamazenta|72/100
|
|-heal|p1a: Zamazenta|78/100|[from] item: Leftovers
|upkeep
|turn|14
|
|t:|1757849012
|switch|p2a: Gholdengo|Gholdengo|40/100
|move|p1a: Zamazenta|Crunch|p2a: Gholdengo
|-supereffective|p2a: Gholdengo
|-damage|p2a: Gholdengo|12/100
|-unboost|p2a: Gholdengo|def|1
|
|-heal|p1a: Zamazenta|85/100|[from] item: Leftovers
|upkeep
|turn|15
|
|t:|1757849015
|switch|p2a: Great Tusk|Great Tusk|91/100
|move|p1a: Zamazenta|Crunch|p2a: Great Tusk
|-resisted|p2a: Great Tusk
|-damage|p2a: Great Tusk|86/100
|
|-heal|p1a: Zamazenta|91/100|[from] item: Leftovers
|upkeep
|turn|16
|
|t:|1757849024
|-end|p2a: Great Tusk|Protosynthesis|[silent]
|switch|p2a: Walking Wake|Walking Wake|100/100
|move|p1a: Zamazenta|Body Press|p2a: Walking Wake
|-damage|p2a: Walking Wake|44/100
|
|-heal|p1a: Zamazenta|97/100|[from] item: Leftovers
|upkeep
|turn|17
|
|t:|1757849029
|-terastallize|p2a: Walking Wake|Water
|move|p2a: Walking Wake|Hydro Pump|p1a: Zamazenta
|-damage|p1a: Zamazenta|35/100
|move|p1a: Zamazenta|Body Press|p2a: Walking Wake
|-damage|p2a: Walking Wake|0 fnt
|faint|p2a: Walking Wake
|-end|p2a: Walking Wake|Protosynthesis|[silent]
|
|-heal|p1a: Zamazenta|41/100|[from] item: Leftovers
|upkeep
|
|t:|1757849039
|switch|p2a: Great Tusk|Great Tusk|86/100
|turn|18
|
|t:|1757849050
|move|p1a: Zamazenta|Body Press|p2a: Great Tusk
|-damage|p2a: Great Tusk|62/100
|move|p2a: Great Tusk|Headlong Rush|p1a: Zamazenta
|-damage|p1a: Zamazenta|18/100
|-unboost|p2a: Great Tusk|def|1
|-unboost|p2a: Great Tusk|spd|1
|
|-heal|p1a: Zamazenta|24/100|[from] item: Leftovers
|upkeep
|turn|19
|
|t:|1757849057
|move|p1a: Zamazenta|Body Press|p2a: Great Tusk
|-damage|p2a: Great Tusk|28/100
|move|p2a: Great Tusk|Headlong Rush|p1a: Zamazenta
|-damage|p1a: Zamazenta|0 fnt
|-unboost|p2a: Great Tusk|def|1
|-unboost|p2a: Great Tusk|spd|1
|faint|p1a: Zamazenta
|
|upkeep
|
|t:|1757849072
|switch|p1a: Darkrai|Darkrai|94/100
|turn|20
|
|t:|1757849075
|move|p1a: Darkrai|Focus Blast|p2a: Great Tusk
|-damage|p2a: Great Tusk|0 fnt
|faint|p2a: Great Tusk
|-end|p2a: Great Tusk|Protosynthesis|[silent]
|
|upkeep
|
|t:|1757849078
|switch|p2a: Gholdengo|Gholdengo|12/100
|turn|21
|
|t:|1757849081
|move|p1a: Darkrai|Dark Pulse|p2a: Gholdengo
|-supereffective|p2a: Gholdengo
|-damage|p2a: Gholdengo|0 fnt
|faint|p2a: Gholdengo
|
|upkeep
|
|t:|1757849084
|switch|p2a: 阿肥|Snorlax, M|100/100
|turn|22
|
|t:|1757849090
|move|p1a: Darkrai|Focus Blast|p2a: 阿肥|[miss]
|-miss|p1a: Darkrai|p2a: 阿肥
|move|p2a: 阿肥|Grass Knot|p1a: Darkrai
|-damage|p1a: Darkrai|50/100
|-damage|p2a: 阿肥|91/100|[from] item: Life Orb
|
|upkeep
|turn|23
|
|t:|1757849097
|move|p2a: 阿肥|Sucker Punch|p1a: Darkrai
|-resisted|p1a: Darkrai
|-damage|p1a: Darkrai|29/100
|-damage|p2a: 阿肥|81/100|[from] item: Life Orb
|move|p1a: Darkrai|Focus Blast|p2a: 阿肥|[miss]
|-miss|p1a: Darkrai|p2a: 阿肥
|
|upkeep
|turn|24
|
|t:|1757849101
|move|p2a: 阿肥|Sucker Punch|p1a: Darkrai
|-resisted|p1a: Darkrai
|-damage|p1a: Darkrai|7/100
|-damage|p2a: 阿肥|71/100|[from] item: Life Orb
|move|p1a: Darkrai|Focus Blast|p2a: 阿肥
|-supereffective|p2a: 阿肥
|-damage|p2a: 阿肥|0 fnt
|replace|p2a: Zoroark|Zoroark, M
|-end|p2a: Zoroark|Illusion
|faint|p2a: Zoroark
|
|upkeep
|
|t:|1757849103
|switch|p2a: 阿黄|Arcanine-Hisui, M|92/100
|turn|25
|
|t:|1757849106
|switch|p1a: Corviknight|Corviknight, F|66/100
|-damage|p1a: Corviknight|54/100|[from] Stealth Rock
|-ability|p1a: Corviknight|Pressure
|move|p2a: 阿黄|Flare Blitz|p1a: Corviknight
|-supereffective|p1a: Corviknight
|-damage|p1a: Corviknight|0 fnt
|-damage|p2a: 阿黄|76/100|[from] item: Rocky Helmet|[of] p1a: Corviknight
|faint|p1a: Corviknight
|
|upkeep
|
|t:|1757849114
|switch|p1a: Iron Valiant|Iron Valiant|100/100
|-damage|p1a: Iron Valiant|94/100|[from] Stealth Rock
|-enditem|p1a: Iron Valiant|Booster Energy
|-activate|p1a: Iron Valiant|ability: Quark Drive|[fromitem]
|-start|p1a: Iron Valiant|quarkdrivespe
|turn|26
|
|t:|1757849119
|switch|p2a: 阿肥|Snorlax, M|44/100
|move|p1a: Iron Valiant|Close Combat|p2a: 阿肥
|-supereffective|p2a: 阿肥
|-damage|p2a: 阿肥|0 fnt
|-unboost|p1a: Iron Valiant|def|1
|-unboost|p1a: Iron Valiant|spd|1
|faint|p2a: 阿肥
|
|upkeep
|-message|ay cheu forfeited.
|
|win|PrimeXStriker
|raw|PrimeXStriker's rating: 1439 &rarr; <strong>1460</strong><br />(+21 for winning)
|raw|ay cheu's rating: 1464 &rarr; <strong>1443</strong><br />(-21 for losing)
|l|☆ay cheu
|player|p2|
|l|☆PrimeXStriker
|player|p1|
