|j|☆harleywood
|j|☆figueiredokk2k
|t:|1757939407
|gametype|singles
|player|p1|harleywood|cyclistf-gen4|1186
|player|p2|figueiredokk2k|hugh|1251
|gen|9
|tier|[Gen 9] OU
|rated|
|rule|HP Percentage Mod: HP is shown in percentages
|rule|Endless Battle Clause: Forcing endless battles is banned
|rule|Species Clause: Limit one of each Pokémon
|rule|OHKO Clause: OHKO moves are banned
|rule|Evasion Items Clause: Evasion items are banned
|rule|Evasion Moves Clause: Evasion moves are banned
|rule|Evasion Abilities Clause: Evasion abilities are banned
|rule|Sleep Moves Clause: Sleep-inducing moves are banned
|clearpoke
|poke|p1|Clodsire, M|
|poke|p1|Rotom-Wash|
|poke|p1|Tinkaton, F|
|poke|p1|Iron Moth|
|poke|p1|Swampert, F|
|poke|p1|Scyther, M|
|poke|p2|Clefable, M|
|poke|p2|Kingambit, M|
|poke|p2|Dragapult, F|
|poke|p2|Garganacl, M|
|poke|p2|Great Tusk|
|poke|p2|Tornadus-Therian, M|
|teampreview
|c|☆harleywood|glhf :)
|
|t:|1757939417
|teamsize|p1|6
|teamsize|p2|6
|start
|switch|p1a: Clodsire|Clodsire, M|100/100
|switch|p2a: Great Tusk|Great Tusk|100/100
|turn|1
|
|t:|1757939424
|switch|p1a: Scyther|Scyther, M|100/100
|move|p2a: Great Tusk|Stealth Rock|p1a: Scyther
|-sidestart|p1: harleywood|move: Stealth Rock
|
|upkeep
|turn|2
|
|t:|1757939438
|move|p1a: Scyther|Dual Wingbeat|p2a: Great Tusk
|-supereffective|p2a: Great Tusk
|-crit|p2a: Great Tusk
|-damage|p2a: Great Tusk|36/100
|-supereffective|p2a: Great Tusk
|-damage|p2a: Great Tusk|0 fnt
|faint|p2a: Great Tusk
|-end|p2a: Great Tusk|Protosynthesis|[silent]
|-hitcount|p2: Great Tusk|2
|
|upkeep
|
|t:|1757939444
|switch|p2a: Dragapult|Dragapult, F|100/100
|turn|3
|
|t:|1757939450
|-terastallize|p2a: Dragapult|Fairy
|move|p2a: Dragapult|Dragon Dance|p2a: Dragapult
|-boost|p2a: Dragapult|atk|1
|-boost|p2a: Dragapult|spe|1
|move|p1a: Scyther|Dual Wingbeat|p2a: Dragapult|[miss]
|-miss|p1a: Scyther|p2a: Dragapult
|
|upkeep
|turn|4
|
|t:|1757939469
|move|p2a: Dragapult|Dragon Darts|p1a: Scyther
|-damage|p1a: Scyther|51/100
|-anim|p2a: Dragapult|Dragon Darts|p1a: Scyther
|-damage|p1a: Scyther|7/100
|-damage|p2a: Dragapult|91/100|[from] item: Life Orb
|move|p1a: Scyther|Dual Wingbeat|p2a: Dragapult
|-damage|p2a: Dragapult|53/100
|-damage|p2a: Dragapult|13/100
|-hitcount|p2a: Dragapult|2
|
|upkeep
|turn|5
|
|t:|1757939479
|move|p1a: Scyther|Quick Attack|p2a: Dragapult
|-damage|p2a: Dragapult|0 fnt
|faint|p2a: Dragapult
|
|upkeep
|
|t:|1757939483
|switch|p2a: Kingambit|Kingambit, M, shiny|100/100
|-activate|p2a: Kingambit|ability: Supreme Overlord
|-start|p2a: Kingambit|fallen2|[silent]
|turn|6
|
|t:|1757939488
|move|p2a: Kingambit|Sucker Punch||[still]
|-fail|p2a: Kingambit
|move|p1a: Scyther|Defog|p2a: Kingambit
|-unboost|p2a: Kingambit|evasion|1
|-sideend|p1: harleywood|Stealth Rock|[from] move: Defog|[of] p1a: Scyther
|
|upkeep
|turn|7
|
|t:|1757939494
|move|p2a: Kingambit|Sucker Punch|p1a: Scyther
|-damage|p1a: Scyther|0 fnt
|faint|p1a: Scyther
|-damage|p2a: Kingambit|91/100|[from] item: Life Orb
|
|upkeep
|
|t:|1757939501
|switch|p1a: Clodsire|Clodsire, M|100/100
|turn|8
|
|t:|1757939526
|move|p2a: Kingambit|Swords Dance|p2a: Kingambit
|-boost|p2a: Kingambit|atk|2
|move|p1a: Clodsire|Stealth Rock|p2a: Kingambit
|-sidestart|p2: figueiredokk2k|move: Stealth Rock
|
|upkeep
|turn|9
|inactive|Battle timer is ON: inactive players will automatically lose when time's up. (requested by figueiredokk2k)
|
|t:|1757939534
|move|p2a: Kingambit|Swords Dance|p2a: Kingambit
|-boost|p2a: Kingambit|atk|2
|move|p1a: Clodsire|Earthquake|p2a: Kingambit
|-supereffective|p2a: Kingambit
|-damage|p2a: Kingambit|51/100
|
|upkeep
|turn|10
|
|t:|1757939543
|switch|p1a: Rotom|Rotom-Wash|100/100
|move|p2a: Kingambit|Kowtow Cleave|p1a: Rotom
|-damage|p1a: Rotom|0 fnt
|faint|p1a: Rotom
|-damage|p2a: Kingambit|42/100|[from] item: Life Orb
|
|upkeep
|
|t:|1757939554
|switch|p1a: Tinkaton|Tinkaton, F|100/100
|-ability|p1a: Tinkaton|Mold Breaker
|turn|11
|
|t:|1757939559
|move|p2a: Kingambit|Sucker Punch|p1a: Tinkaton
|-resisted|p1a: Tinkaton
|-damage|p1a: Tinkaton|0 fnt
|faint|p1a: Tinkaton
|-damage|p2a: Kingambit|32/100|[from] item: Life Orb
|
|upkeep
|c|☆harleywood|i see
|
|t:|1757939588
|switch|p1a: Iron Moth|Iron Moth|100/100
|-enditem|p1a: Iron Moth|Booster Energy
|-activate|p1a: Iron Moth|ability: Quark Drive|[fromitem]
|-start|p1a: Iron Moth|quarkdrivespa
|turn|12
|
|t:|1757939595
|move|p2a: Kingambit|Sucker Punch|p1a: Iron Moth
|-damage|p1a: Iron Moth|0 fnt
|faint|p1a: Iron Moth
|-end|p1a: Iron Moth|Quark Drive|[silent]
|-damage|p2a: Kingambit|22/100|[from] item: Life Orb
|
|upkeep
|c|☆figueiredokk2k|lets go
|
|t:|1757939605
|switch|p1a: Swampert|Swampert, F|100/100
|turn|13
|
|t:|1757939612
|switch|p1a: Clodsire|Clodsire, M|100/100
|move|p2a: Kingambit|Sucker Punch||[still]
|-fail|p2a: Kingambit
|
|upkeep
|turn|14
|c|☆harleywood|let's not
|
|t:|1757939624
|move|p2a: Kingambit|Sucker Punch||[still]
|-fail|p2a: Kingambit
|move|p1a: Clodsire|Rest|p1a: Clodsire
|-fail|p1a: Clodsire|heal
|
|upkeep
|turn|15
|
|t:|1757939633
|move|p2a: Kingambit|Kowtow Cleave|p1a: Clodsire
|-damage|p1a: Clodsire|0 fnt
|faint|p1a: Clodsire
|-damage|p2a: Kingambit|12/100|[from] item: Life Orb
|
|upkeep
|
|t:|1757939639
|switch|p1a: Swampert|Swampert, F|100/100
|turn|16
|
|t:|1757939643
|move|p1a: Swampert|Earthquake|p2a: Kingambit
|-supereffective|p2a: Kingambit
|-damage|p2a: Kingambit|0 fnt
|faint|p2a: Kingambit
|-end|p2a: Kingambit|fallen2|[silent]
|
|upkeep
|
|t:|1757939645
|switch|p2a: Garganacl|Garganacl, M|100/100
|-damage|p2a: Garganacl|88/100|[from] Stealth Rock
|turn|17
|
|t:|1757939651
|move|p1a: Swampert|Earthquake|p2a: Garganacl
|-supereffective|p2a: Garganacl
|-damage|p2a: Garganacl|9/100
|move|p2a: Garganacl|Salt Cure|p1a: Swampert
|-resisted|p1a: Swampert
|-damage|p1a: Swampert|95/100
|-start|p1a: Swampert|Salt Cure
|
|-heal|p2a: Garganacl|15/100|[from] item: Leftovers
|-damage|p1a: Swampert|70/100|[from] Salt Cure
|upkeep
|turn|18
|c|☆harleywood|well that's gg for me lol
|
|t:|1757939667
|switch|p2a: Tornadus|Tornadus-Therian, M, shiny|100/100
|-damage|p2a: Tornadus|75/100|[from] Stealth Rock
|move|p1a: Swampert|Earthquake|p2a: Tornadus
|-immune|p2a: Tornadus
|
|-damage|p1a: Swampert|45/100|[from] Salt Cure
|upkeep
|turn|19
|c|☆harleywood|yeahhhh
|c|☆harleywood|gg
|
|t:|1757939680
|move|p2a: Tornadus|Bleakwind Storm|p1a: Swampert
|-damage|p1a: Swampert|0 fnt
|faint|p1a: Swampert
|
|win|figueiredokk2k
|raw|harleywood's rating: 1186 &rarr; <strong>1166</strong><br />(-20 for losing)
|raw|figueiredokk2k's rating: 1251 &rarr; <strong>1271</strong><br />(+20 for winning)
|c|☆figueiredokk2k|haha nice game
|c|☆harleywood|thank you :)
|c|☆harleywood|you too
|l|☆harleywood
|player|p1|
|l|☆figueiredokk2k
|player|p2|
