|j|☆Devrai
|j|☆SpectralStorm
|t:|1757873265
|gametype|singles
|player|p1|Devrai|zinnia|1406
|player|p2|SpectralStorm|265|1427
|gen|9
|tier|[Gen 9] OU
|rated|
|rule|HP Percentage Mod: HP is shown in percentages
|rule|Endless Battle Clause: Forcing endless battles is banned
|rule|Species Clause: Limit one of each Pokémon
|rule|OHKO Clause: OHKO moves are banned
|rule|Evasion Items Clause: Evasion items are banned
|rule|Evasion Moves Clause: Evasion moves are banned
|rule|Evasion Abilities Clause: Evasion abilities are banned
|rule|Sleep Moves Clause: Sleep-inducing moves are banned
|clearpoke
|poke|p1|Araquanid, M|
|poke|p1|Skeledirge, F|
|poke|p1|Enamorus, F|
|poke|p1|Iron Treads|
|poke|p1|Latios, M|
|poke|p1|Raichu, F|
|poke|p2|Bellibolt, F|
|poke|p2|Basculegion, M|
|poke|p2|Dragonite, M|
|poke|p2|Iron Treads|
|poke|p2|Barraskewda, F|
|poke|p2|Pelipper, F|
|teampreview
|
|t:|1757873281
|teamsize|p1|6
|teamsize|p2|6
|start
|switch|p1a: Bubble Buddy|Araquanid, M, shiny|100/100
|switch|p2a: Bellibolt|Bellibolt, F|100/100
|turn|1
|
|t:|1757873285
|switch|p1a: Ampere|Raichu, F|100/100
|move|p2a: Bellibolt|Volt Switch|p1a: Ampere
|-ability|p1a: Ampere|Lightning Rod|boost
|-boost|p1a: Ampere|spa|1
|
|upkeep
|turn|2
|
|t:|1757873289
|switch|p2a: Iron Treads|Iron Treads|100/100
|move|p1a: Ampere|Surf|p2a: Iron Treads
|-supereffective|p2a: Iron Treads
|-crit|p2a: Iron Treads
|-damage|p2a: Iron Treads|0 fnt
|faint|p2a: Iron Treads
|-end|p2a: Iron Treads|Quark Drive|[silent]
|-damage|p1a: Ampere|91/100|[from] item: Life Orb
|
|upkeep
|
|t:|1757873294
|switch|p2a: Barraskewda|Barraskewda, F|100/100
|turn|3
|
|t:|1757873297
|switch|p1a: Bubble Buddy|Araquanid, M, shiny|100/100
|move|p2a: Barraskewda|Liquidation|p1a: Bubble Buddy
|-resisted|p1a: Bubble Buddy
|-damage|p1a: Bubble Buddy|76/100
|
|-heal|p1a: Bubble Buddy|82/100|[from] item: Leftovers
|upkeep
|turn|4
|
|t:|1757873302
|switch|p2a: Pelipper|Pelipper, F|100/100
|-weather|RainDance|[from] ability: Drizzle|[of] p2a: Pelipper
|move|p1a: Bubble Buddy|Sticky Web|p2a: Pelipper
|-sidestart|p2: SpectralStorm|move: Sticky Web
|
|-weather|RainDance|[upkeep]
|-heal|p1a: Bubble Buddy|88/100|[from] item: Leftovers
|upkeep
|turn|5
|
|t:|1757873306
|move|p2a: Pelipper|U-turn|p1a: Bubble Buddy
|-damage|p1a: Bubble Buddy|81/100
|
|t:|1757873313
|switch|p2a: Dragonite|Dragonite, M|100/100|[from] U-turn
|move|p1a: Bubble Buddy|Liquidation|p2a: Dragonite
|-resisted|p2a: Dragonite
|-damage|p2a: Dragonite|84/100
|
|-weather|RainDance|[upkeep]
|-heal|p1a: Bubble Buddy|87/100|[from] item: Leftovers
|upkeep
|turn|6
|
|t:|1757873318
|move|p2a: Dragonite|Draco Meteor|p1a: Bubble Buddy
|-damage|p1a: Bubble Buddy|41/100
|-unboost|p2a: Dragonite|spa|2
|-enditem|p2a: Dragonite|Eject Pack
|
|t:|1757873321
|switch|p2a: Pelipper|Pelipper, F|100/100
|move|p1a: Bubble Buddy|Liquidation|p2a: Pelipper
|-resisted|p2a: Pelipper
|-damage|p2a: Pelipper|76/100
|
|-weather|RainDance|[upkeep]
|-heal|p1a: Bubble Buddy|47/100|[from] item: Leftovers
|upkeep
|turn|7
|
|t:|1757873323
|move|p2a: Pelipper|Hurricane|p1a: Bubble Buddy
|-supereffective|p1a: Bubble Buddy
|-damage|p1a: Bubble Buddy|0 fnt
|faint|p1a: Bubble Buddy
|
|-weather|RainDance|[upkeep]
|upkeep
|
|t:|1757873326
|switch|p1a: Ampere|Raichu, F|91/100
|turn|8
|
|t:|1757873329
|switch|p2a: Bellibolt|Bellibolt, F|100/100
|-activate|p2a: Bellibolt|move: Sticky Web
|-unboost|p2a: Bellibolt|spe|1
|move|p1a: Ampere|Alluring Voice|p2a: Bellibolt
|-damage|p2a: Bellibolt|84/100
|-start|p2a: Bellibolt|Charge|Alluring Voice|[from] ability: Electromorphosis
|-damage|p1a: Ampere|81/100|[from] item: Life Orb
|
|-weather|RainDance|[upkeep]
|upkeep
|turn|9
|
|t:|1757873336
|switch|p1a: Jet Lag|Latios, M, shiny|100/100
|move|p2a: Bellibolt|Weather Ball|p1a: Jet Lag
|-resisted|p1a: Jet Lag
|-damage|p1a: Jet Lag|74/100
|
|-weather|RainDance|[upkeep]
|upkeep
|turn|10
|
|t:|1757873340
|-terastallize|p2a: Bellibolt|Fairy
|move|p1a: Jet Lag|Trick|p2a: Bellibolt
|-activate|p1a: Jet Lag|move: Trick|[of] p2a: Bellibolt
|-item|p2a: Bellibolt|Choice Scarf|[from] move: Trick
|-item|p1a: Jet Lag|Assault Vest|[from] move: Trick
|move|p2a: Bellibolt|Tera Blast|p1a: Jet Lag|[anim] Tera Blast Fairy
|-supereffective|p1a: Jet Lag
|-damage|p1a: Jet Lag|18/100
|
|-weather|RainDance|[upkeep]
|upkeep
|turn|11
|
|t:|1757873347
|switch|p1a: Treadmill|Iron Treads, shiny|100/100
|move|p2a: Bellibolt|Tera Blast|p1a: Treadmill|[anim] Tera Blast Fairy
|-resisted|p1a: Treadmill
|-damage|p1a: Treadmill|79/100
|
|-weather|none
|upkeep
|turn|12
|
|t:|1757873353
|switch|p2a: Pelipper|Pelipper, F|76/100
|-weather|RainDance|[from] ability: Drizzle|[of] p2a: Pelipper
|move|p1a: Treadmill|Stealth Rock|p2a: Pelipper
|-sidestart|p2: SpectralStorm|move: Stealth Rock
|
|-weather|RainDance|[upkeep]
|upkeep
|turn|13
|
|t:|1757873358
|move|p1a: Treadmill|Knock Off|p2a: Pelipper
|-damage|p2a: Pelipper|53/100
|-enditem|p2a: Pelipper|Damp Rock|[from] move: Knock Off|[of] p1a: Treadmill
|move|p2a: Pelipper|Surf|p1a: Treadmill
|-supereffective|p1a: Treadmill
|-damage|p1a: Treadmill|0 fnt
|faint|p1a: Treadmill
|-end|p1a: Treadmill|Quark Drive|[silent]
|
|-weather|RainDance|[upkeep]
|upkeep
|
|t:|1757873362
|switch|p1a: Ampere|Raichu, F|81/100
|turn|14
|
|t:|1757873365
|switch|p2a: Bellibolt|Bellibolt, F, tera:Fairy|84/100
|-activate|p2a: Bellibolt|move: Sticky Web
|-unboost|p2a: Bellibolt|spe|1
|-damage|p2a: Bellibolt|71/100|[from] Stealth Rock
|move|p1a: Ampere|Thunderbolt|p2a: Bellibolt
|-damage|p2a: Bellibolt|25/100
|-start|p2a: Bellibolt|Charge|Thunderbolt|[from] ability: Electromorphosis
|-damage|p1a: Ampere|71/100|[from] item: Life Orb
|
|-weather|RainDance|[upkeep]
|upkeep
|turn|15
|
|t:|1757873374
|move|p1a: Ampere|Thunderbolt|p2a: Bellibolt
|-damage|p2a: Bellibolt|0 fnt
|faint|p2a: Bellibolt
|-damage|p1a: Ampere|61/100|[from] item: Life Orb
|
|-weather|RainDance|[upkeep]
|upkeep
|
|t:|1757873377
|switch|p2a: Barraskewda|Barraskewda, F|100/100
|-activate|p2a: Barraskewda|move: Sticky Web
|-unboost|p2a: Barraskewda|spe|1
|-damage|p2a: Barraskewda|88/100|[from] Stealth Rock
|turn|16
|
|t:|1757873384
|switch|p1a: Jet Lag|Latios, M, shiny|18/100
|move|p2a: Barraskewda|Flip Turn|p1a: Jet Lag
|-resisted|p1a: Jet Lag
|-damage|p1a: Jet Lag|0 fnt
|faint|p1a: Jet Lag
|
|t:|1757873388
|switch|p2a: Basculegion|Basculegion, M|100/100|[from] Flip Turn
|-activate|p2a: Basculegion|move: Sticky Web
|-unboost|p2a: Basculegion|spe|1
|-damage|p2a: Basculegion|88/100|[from] Stealth Rock
|
|-weather|RainDance|[upkeep]
|upkeep
|
|t:|1757873397
|switch|p1a: Ampere|Raichu, F|61/100
|turn|17
|
|t:|1757873400
|move|p2a: Basculegion|Aqua Jet|p1a: Ampere
|-damage|p1a: Ampere|0 fnt
|faint|p1a: Ampere
|
|-weather|RainDance|[upkeep]
|upkeep
|-message|Devrai forfeited.
|
|win|SpectralStorm
|raw|Devrai's rating: 1406 &rarr; <strong>1387</strong><br />(-19 for losing)
|raw|SpectralStorm's rating: 1427 &rarr; <strong>1446</strong><br />(+19 for winning)
|l|☆Devrai
|player|p1|
|l|☆SpectralStorm
|player|p2|
