|j|☆ABraviousTinkaton
|j|☆Free P&lestine
|t:|1757938072
|gametype|singles
|player|p1|ABraviousTinkaton|miku-ice|1634
|player|p2|Free P&lestine|unknown|1651
|gen|9
|tier|[Gen 9] OU
|rated|
|rule|HP Percentage Mod: HP is shown in percentages
|rule|Endless Battle Clause: Forcing endless battles is banned
|rule|Species Clause: Limit one of each Pokémon
|rule|OHKO Clause: OHKO moves are banned
|rule|Evasion Items Clause: Evasion items are banned
|rule|Evasion Moves Clause: Evasion moves are banned
|rule|Evasion Abilities Clause: Evasion abilities are banned
|rule|Sleep Moves Clause: Sleep-inducing moves are banned
|clearpoke
|poke|p1|Moltres|
|poke|p1|Zamazenta-*|
|poke|p1|Darkrai|
|poke|p1|Hydrapple, M|
|poke|p1|Ting-Lu|
|poke|p1|Tinkaton, F|
|poke|p2|Iron Valiant|
|poke|p2|Great Tusk|
|poke|p2|Dragonite, F|
|poke|p2|Deoxys-Speed|
|poke|p2|Glimmora, M|
|poke|p2|Kingambit, M|
|teampreview
|
|t:|1757938081
|teamsize|p1|6
|teamsize|p2|6
|start
|switch|p1a: Tinkaton|Tinkaton, F|100/100
|switch|p2a: Deoxys|Deoxys-Speed|100/100
|-ability|p2a: Deoxys|Pressure
|-ability|p1a: Tinkaton|Mold Breaker
|-item|p1a: Tinkaton|Air Balloon
|turn|1
|inactive|Battle timer is ON: inactive players will automatically lose when time's up. (requested by Free P&lestine)
|
|t:|1757938094
|move|p2a: Deoxys|Taunt|p1a: Tinkaton
|-start|p1a: Tinkaton|move: Taunt
|move|p1a: Tinkaton|Gigaton Hammer|p2a: Deoxys
|-damage|p2a: Deoxys|40/100
|
|upkeep
|turn|2
|
|t:|1757938100
|switch|p1a: Ting-Lu|Ting-Lu|100/100
|-ability|p1a: Ting-Lu|Vessel of Ruin
|move|p2a: Deoxys|Reflect|p2a: Deoxys
|-sidestart|p2: Free P&lestine|Reflect
|
|upkeep
|turn|3
|
|t:|1757938105
|move|p2a: Deoxys|Taunt|p1a: Ting-Lu
|-start|p1a: Ting-Lu|move: Taunt
|move|p1a: Ting-Lu|Earthquake|p2a: Deoxys
|-damage|p2a: Deoxys|18/100
|
|upkeep
|turn|4
|
|t:|1757938109
|move|p2a: Deoxys|Light Screen|p2a: Deoxys
|-sidestart|p2: Free P&lestine|move: Light Screen
|move|p1a: Ting-Lu|Earthquake|p2a: Deoxys
|-damage|p2a: Deoxys|0 fnt
|faint|p2a: Deoxys
|
|upkeep
|inactive|Free P&lestine has 120 seconds left.
|
|t:|1757938160
|switch|p2a: Great Tusk|Great Tusk|100/100
|-enditem|p2a: Great Tusk|Booster Energy
|-activate|p2a: Great Tusk|ability: Protosynthesis|[fromitem]
|-start|p2a: Great Tusk|protosynthesisspe
|turn|5
|
|t:|1757938165
|move|p2a: Great Tusk|Bulk Up|p2a: Great Tusk
|-boost|p2a: Great Tusk|atk|1
|-boost|p2a: Great Tusk|def|1
|move|p1a: Ting-Lu|Ruination|p2a: Great Tusk
|-damage|p2a: Great Tusk|50/100
|
|-end|p1a: Ting-Lu|move: Taunt
|upkeep
|turn|6
|inactive|Free P&lestine has 120 seconds left.
|
|t:|1757938172
|move|p2a: Great Tusk|Bulk Up|p2a: Great Tusk
|-boost|p2a: Great Tusk|atk|1
|-boost|p2a: Great Tusk|def|1
|move|p1a: Ting-Lu|Whirlwind|p2a: Great Tusk
|-end|p2a: Great Tusk|Protosynthesis|[silent]
|drag|p2a: Glimmora|Glimmora, M|100/100
|
|upkeep
|turn|7
|
|t:|1757938176
|move|p2a: Glimmora|Stealth Rock|p1a: Ting-Lu
|-sidestart|p1: ABraviousTinkaton|move: Stealth Rock
|move|p1a: Ting-Lu|Spikes|p2a: Glimmora
|-sidestart|p2: Free P&lestine|Spikes
|
|upkeep
|turn|8
|
|t:|1757938180
|switch|p1a: Tinkaton|Tinkaton, F|100/100
|-damage|p1a: Tinkaton|94/100|[from] Stealth Rock
|-ability|p1a: Tinkaton|Mold Breaker
|-item|p1a: Tinkaton|Air Balloon
|move|p2a: Glimmora|Mortal Spin|p1a: Tinkaton
|-immune|p1a: Tinkaton
|
|upkeep
|turn|9
|
|t:|1757938183
|move|p1a: Tinkaton|Encore|p2a: Glimmora
|-start|p2a: Glimmora|Encore
|move|p2a: Glimmora|Mortal Spin|p1a: Tinkaton
|-immune|p1a: Tinkaton
|
|-sideend|p2: Free P&lestine|Reflect
|upkeep
|turn|10
|
|t:|1757938186
|switch|p2a: Great Tusk|Great Tusk|50/100
|-damage|p2a: Great Tusk|38/100|[from] Spikes
|move|p1a: Tinkaton|Stealth Rock|p2a: Great Tusk
|-sidestart|p2: Free P&lestine|move: Stealth Rock
|
|upkeep
|turn|11
|
|t:|1757938190
|-terastallize|p1a: Tinkaton|Ghost
|move|p1a: Tinkaton|Gigaton Hammer|p2a: Great Tusk
|-damage|p2a: Great Tusk|10/100
|move|p2a: Great Tusk|Bulk Up|p2a: Great Tusk
|-boost|p2a: Great Tusk|atk|1
|-boost|p2a: Great Tusk|def|1
|
|-sideend|p2: Free P&lestine|move: Light Screen
|upkeep
|turn|12
|
|t:|1757938195
|move|p1a: Tinkaton|Encore|p2a: Great Tusk
|-start|p2a: Great Tusk|Encore
|move|p2a: Great Tusk|Bulk Up|p2a: Great Tusk
|-boost|p2a: Great Tusk|atk|1
|-boost|p2a: Great Tusk|def|1
|
|upkeep
|turn|13
|
|t:|1757938201
|switch|p1a: Darkrai|Darkrai, shiny|100/100
|-end|p2a: Great Tusk|Protosynthesis|[silent]
|switch|p2a: Glimmora|Glimmora, M|100/100
|-damage|p2a: Glimmora|88/100|[from] Spikes
|-damage|p2a: Glimmora|76/100|[from] Stealth Rock
|
|upkeep
|turn|14
|
|t:|1757938204
|move|p1a: Darkrai|Dark Pulse|p2a: Glimmora
|-damage|p2a: Glimmora|16/100
|move|p2a: Glimmora|Mortal Spin|p1a: Darkrai
|-damage|p1a: Darkrai|92/100
|-status|p1a: Darkrai|psn
|-sideend|p2: Free P&lestine|Spikes|[from] move: Mortal Spin|[of] p2a: Glimmora
|-sideend|p2: Free P&lestine|Stealth Rock|[from] move: Mortal Spin|[of] p2a: Glimmora
|
|-damage|p1a: Darkrai|80/100 psn|[from] psn
|upkeep
|turn|15
|
|t:|1757938210
|move|p1a: Darkrai|Dark Pulse|p2a: Glimmora
|-damage|p2a: Glimmora|0 fnt
|faint|p2a: Glimmora
|
|-damage|p1a: Darkrai|67/100 psn|[from] psn
|upkeep
|
|t:|1757938213
|switch|p2a: Iron Valiant|Iron Valiant|100/100
|-enditem|p2a: Iron Valiant|Booster Energy
|-activate|p2a: Iron Valiant|ability: Quark Drive|[fromitem]
|-start|p2a: Iron Valiant|quarkdrivespe
|turn|16
|
|t:|1757938217
|move|p2a: Iron Valiant|Calm Mind|p2a: Iron Valiant
|-boost|p2a: Iron Valiant|spa|1
|-boost|p2a: Iron Valiant|spd|1
|move|p1a: Darkrai|Sludge Bomb|p2a: Iron Valiant
|-supereffective|p2a: Iron Valiant
|-damage|p2a: Iron Valiant|29/100
|
|-damage|p1a: Darkrai|55/100 psn|[from] psn
|upkeep
|turn|17
|
|t:|1757938224
|switch|p1a: Moltres|Moltres|100/100
|move|p2a: Iron Valiant|Moonblast|p1a: Moltres
|-resisted|p1a: Moltres
|-damage|p1a: Moltres|66/100
|
|upkeep
|turn|18
|
|t:|1757938230
|move|p2a: Iron Valiant|Calm Mind|p2a: Iron Valiant
|-boost|p2a: Iron Valiant|spa|1
|-boost|p2a: Iron Valiant|spd|1
|move|p1a: Moltres|Roar|p2a: Iron Valiant
|-end|p2a: Iron Valiant|Quark Drive|[silent]
|drag|p2a: Great Tusk|Great Tusk|10/100
|
|upkeep
|turn|19
|
|t:|1757938233
|move|p2a: Great Tusk|Head Smash|p1a: Moltres
|-supereffective|p1a: Moltres
|-damage|p1a: Moltres|0 fnt
|-status|p2a: Great Tusk|brn|[from] ability: Flame Body|[of] p1a: Moltres
|faint|p1a: Moltres
|-damage|p2a: Great Tusk|0 fnt|[from] Recoil
|faint|p2a: Great Tusk
|-end|p2a: Great Tusk|Protosynthesis|[silent]
|
|upkeep
|
|t:|1757938242
|switch|p2a: Dragonite|Dragonite, F, shiny|100/100
|switch|p1a: Ting-Lu|Ting-Lu|100/100
|-damage|p1a: Ting-Lu|94/100|[from] Stealth Rock
|-ability|p1a: Ting-Lu|Vessel of Ruin
|turn|20
|
|t:|1757938244
|switch|p2a: Iron Valiant|Iron Valiant|29/100
|move|p1a: Ting-Lu|Spikes|p2a: Iron Valiant
|-sidestart|p2: Free P&lestine|Spikes
|
|-heal|p1a: Ting-Lu|100/100|[from] item: Leftovers
|upkeep
|turn|21
|
|t:|1757938251
|move|p2a: Iron Valiant|Moonblast|p1a: Ting-Lu
|-supereffective|p1a: Ting-Lu
|-damage|p1a: Ting-Lu|58/100
|move|p1a: Ting-Lu|Whirlwind|p2a: Iron Valiant
|-end|p2a: Iron Valiant|Quark Drive|[silent]
|drag|p2a: Dragonite|Dragonite, F, shiny|100/100
|
|-heal|p1a: Ting-Lu|65/100|[from] item: Leftovers
|upkeep
|turn|22
|inactive|Free P&lestine has 120 seconds left.
|
|t:|1757938282
|switch|p2a: Iron Valiant|Iron Valiant|29/100
|-damage|p2a: Iron Valiant|17/100|[from] Spikes
|move|p1a: Ting-Lu|Spikes|p2a: Iron Valiant
|-sidestart|p2: Free P&lestine|Spikes
|
|-heal|p1a: Ting-Lu|71/100|[from] item: Leftovers
|upkeep
|turn|23
|
|t:|1757938286
|move|p2a: Iron Valiant|Moonblast|p1a: Ting-Lu
|-supereffective|p1a: Ting-Lu
|-damage|p1a: Ting-Lu|30/100
|move|p1a: Ting-Lu|Whirlwind|p2a: Iron Valiant
|-end|p2a: Iron Valiant|Quark Drive|[silent]
|drag|p2a: Dragonite|Dragonite, F, shiny|100/100
|
|-heal|p1a: Ting-Lu|36/100|[from] item: Leftovers
|upkeep
|turn|24
|
|t:|1757938289
|switch|p2a: Iron Valiant|Iron Valiant|17/100
|-damage|p2a: Iron Valiant|0 fnt|[from] Spikes
|faint|p2a: Iron Valiant
|-end|p2a: Iron Valiant|Quark Drive|[silent]
|move|p1a: Ting-Lu|Ruination|p2: Iron Valiant|[notarget]
|-fail|p1a: Ting-Lu
|
|-heal|p1a: Ting-Lu|42/100|[from] item: Leftovers
|upkeep
|
|t:|1757938295
|switch|p2a: Kingambit|Kingambit, M|100/100
|-damage|p2a: Kingambit|84/100|[from] Spikes
|-activate|p2a: Kingambit|ability: Supreme Overlord
|-start|p2a: Kingambit|fallen4|[silent]
|turn|25
|
|t:|1757938299
|move|p2a: Kingambit|Low Kick|p1a: Ting-Lu
|-supereffective|p1a: Ting-Lu
|-damage|p1a: Ting-Lu|0 fnt
|faint|p1a: Ting-Lu
|
|upkeep
|
|t:|1757938303
|switch|p1a: Tinkaton|Tinkaton, F, tera:Ghost|94/100
|-damage|p1a: Tinkaton|82/100|[from] Stealth Rock
|-ability|p1a: Tinkaton|Mold Breaker
|-item|p1a: Tinkaton|Air Balloon
|turn|26
|
|t:|1757938309
|-end|p2a: Kingambit|fallen4|[silent]
|switch|p2a: Dragonite|Dragonite, F, shiny|100/100
|move|p1a: Tinkaton|Encore||[still]
|-fail|p1a: Tinkaton
|
|upkeep
|turn|27
|
|t:|1757938313
|switch|p2a: Kingambit|Kingambit, M|84/100
|-damage|p2a: Kingambit|67/100|[from] Spikes
|-activate|p2a: Kingambit|ability: Supreme Overlord
|-start|p2a: Kingambit|fallen4|[silent]
|move|p1a: Tinkaton|Thunder Wave|p2a: Kingambit
|-status|p2a: Kingambit|par
|-enditem|p2a: Kingambit|Lum Berry|[eat]
|-curestatus|p2a: Kingambit|par|[msg]
|
|upkeep
|turn|28
|
|t:|1757938322
|move|p1a: Tinkaton|Thunder Wave|p2a: Kingambit
|-status|p2a: Kingambit|par
|move|p2a: Kingambit|Iron Head|p1a: Tinkaton
|-damage|p1a: Tinkaton|0 fnt
|-enditem|p1a: Tinkaton|Air Balloon
|faint|p1a: Tinkaton
|
|upkeep
|
|t:|1757938327
|switch|p1a: Hydrapple|Hydrapple, M|100/100
|turn|29
|
|t:|1757938330
|move|p1a: Hydrapple|Earth Power|p2a: Kingambit
|-supereffective|p2a: Kingambit
|-damage|p2a: Kingambit|18/100 par
|move|p2a: Kingambit|Iron Head|p1a: Hydrapple
|-damage|p1a: Hydrapple|62/100
|
|upkeep
|turn|30
|
|t:|1757938335
|switch|p1a: Zamazenta|Zamazenta|100/100
|-ability|p1a: Zamazenta|Dauntless Shield|boost
|-boost|p1a: Zamazenta|def|1
|cant|p2a: Kingambit|par
|
|upkeep
|turn|31
|
|t:|1757938346
|move|p1a: Zamazenta|Stone Edge|p2a: Kingambit
|-resisted|p2a: Kingambit
|-damage|p2a: Kingambit|7/100 par
|move|p2a: Kingambit|Iron Head|p1a: Zamazenta
|-damage|p1a: Zamazenta|59/100
|
|upkeep
|turn|32
|j| Ctannn
|
|t:|1757938349
|move|p1a: Zamazenta|Crunch|p2a: Kingambit
|-resisted|p2a: Kingambit
|-damage|p2a: Kingambit|0 fnt
|faint|p2a: Kingambit
|-end|p2a: Kingambit|fallen4|[silent]
|
|upkeep
|
|t:|1757938350
|switch|p2a: Dragonite|Dragonite, F, shiny|100/100
|turn|33
|
|t:|1757938358
|-terastallize|p2a: Dragonite|Flying
|move|p1a: Zamazenta|Ice Fang|p2a: Dragonite
|-supereffective|p2a: Dragonite
|-damage|p2a: Dragonite|75/100
|move|p2a: Dragonite|Dragon Dance|p2a: Dragonite
|-boost|p2a: Dragonite|atk|1
|-boost|p2a: Dragonite|spe|1
|
|-heal|p2a: Dragonite|82/100|[from] item: Leftovers
|upkeep
|turn|34
|
|t:|1757938364
|move|p1a: Zamazenta|Ice Fang|p2a: Dragonite
|-supereffective|p2a: Dragonite
|-damage|p2a: Dragonite|35/100
|move|p2a: Dragonite|Tera Blast|p1a: Zamazenta|[anim] Tera Blast Flying
|-supereffective|p1a: Zamazenta
|-damage|p1a: Zamazenta|0 fnt
|faint|p1a: Zamazenta
|
|-heal|p2a: Dragonite|41/100|[from] item: Leftovers
|upkeep
|
|t:|1757938380
|switch|p1a: Hydrapple|Hydrapple, M|95/100
|turn|35
|
|t:|1757938382
|move|p2a: Dragonite|Tera Blast|p1a: Hydrapple|[anim] Tera Blast Flying
|-supereffective|p1a: Hydrapple
|-damage|p1a: Hydrapple|0 fnt
|faint|p1a: Hydrapple
|
|-heal|p2a: Dragonite|47/100|[from] item: Leftovers
|upkeep
|
|t:|1757938384
|switch|p1a: Darkrai|Darkrai, shiny|55/100 psn
|turn|36
|
|t:|1757938386
|move|p2a: Dragonite|Tera Blast|p1a: Darkrai|[anim] Tera Blast Flying
|-damage|p1a: Darkrai|0 fnt
|faint|p1a: Darkrai
|
|win|Free P&lestine
|raw|ABraviousTinkaton's rating: 1634 &rarr; <strong>1615</strong><br />(-19 for losing)
|raw|Free P&amp;lestine's rating: 1651 &rarr; <strong>1670</strong><br />(+19 for winning)
|l|☆Free P&lestine
|player|p2|
|l|☆ABraviousTinkaton
|player|p1|
