|j|☆kurogite
|j|☆trrzno2
|t:|1757848115
|gametype|singles
|player|p1|kurogite|flint|1330
|player|p2|trrzno2|artist|1331
|gen|9
|tier|[Gen 9] OU
|rated|
|rule|HP Percentage Mod: HP is shown in percentages
|rule|Endless Battle Clause: Forcing endless battles is banned
|rule|Species Clause: Limit one of each Pokémon
|rule|OHKO Clause: OHKO moves are banned
|rule|Evasion Items Clause: Evasion items are banned
|rule|Evasion Moves Clause: Evasion moves are banned
|rule|Evasion Abilities Clause: Evasion abilities are banned
|rule|Sleep Moves Clause: Sleep-inducing moves are banned
|clearpoke
|poke|p1|Lucario, M|
|poke|p1|Ting-Lu|
|poke|p1|Sinistcha|
|poke|p1|Skeledirge, M|
|poke|p1|Samurott-Hisui, F|
|poke|p1|Slowking-Galar, F|
|poke|p2|Scizor, M|
|poke|p2|Ogerpon-Wellspring, F|
|poke|p2|Garganacl, M|
|poke|p2|Darkrai|
|poke|p2|Zapdos|
|poke|p2|Cinderace, M|
|teampreview
|inactive|Battle timer is ON: inactive players will automatically lose when time's up. (requested by trrzno2)
|inactive|trrzno2 has 120 seconds left.
|
|t:|1757848161
|teamsize|p1|6
|teamsize|p2|6
|start
|switch|p1a: Samurott|Samurott-Hisui, F|100/100
|switch|p2a: Ogerpon|Ogerpon-Wellspring, F|100/100
|turn|1
|
|t:|1757848168
|switch|p1a: Sinistcha|Sinistcha|100/100
|move|p2a: Ogerpon|U-turn|p1a: Sinistcha
|-damage|p1a: Sinistcha|83/100
|
|t:|1757848176
|switch|p2a: Cinderace|Cinderace, M|100/100|[from] U-turn
|
|upkeep
|turn|2
|
|t:|1757848180
|move|p2a: Cinderace|U-turn|p1a: Sinistcha
|-start|p2a: Cinderace|typechange|Bug|[from] ability: Libero
|-damage|p1a: Sinistcha|60/100
|
|t:|1757848184
|switch|p2a: Zapdos|Zapdos|100/100|[from] U-turn
|move|p1a: Sinistcha|Strength Sap|p2a: Zapdos
|-unboost|p2a: Zapdos|atk|1
|-heal|p1a: Sinistcha|100/100
|
|upkeep
|turn|3
|
|t:|1757848192
|switch|p1a: Ting-Lu|Ting-Lu|100/100
|-ability|p1a: Ting-Lu|Vessel of Ruin
|move|p2a: Zapdos|Thunder Wave|p1a: Ting-Lu
|-immune|p1a: Ting-Lu
|
|upkeep
|turn|4
|
|t:|1757848206
|switch|p2a: Ogerpon|Ogerpon-Wellspring, F|100/100
|move|p1a: Ting-Lu|Ruination|p2a: Ogerpon
|-damage|p2a: Ogerpon|51/100
|
|upkeep
|turn|5
|
|t:|1757848214
|switch|p1a: Sinistcha|Sinistcha|100/100
|move|p2a: Ogerpon|Horn Leech|p1a: Sinistcha
|-resisted|p1a: Sinistcha
|-damage|p1a: Sinistcha|85/100
|-heal|p2a: Ogerpon|58/100|[from] drain|[of] p1a: Sinistcha
|
|upkeep
|turn|6
|
|t:|1757848223
|move|p2a: Ogerpon|U-turn|p1a: Sinistcha
|-damage|p1a: Sinistcha|66/100
|
|t:|1757848229
|switch|p2a: Cinderace|Cinderace, M|100/100|[from] U-turn
|move|p1a: Sinistcha|Matcha Gotcha|p2a: Cinderace
|-resisted|p2a: Cinderace
|-damage|p2a: Cinderace|77/100
|-heal|p1a: Sinistcha|77/100|[from] drain|[of] p2a: Cinderace
|
|upkeep
|turn|7
|
|t:|1757848233
|move|p2a: Cinderace|Pyro Ball|p1a: Sinistcha
|-supereffective|p1a: Sinistcha
|-damage|p1a: Sinistcha|37/100
|move|p1a: Sinistcha|Strength Sap|p2a: Cinderace
|-unboost|p2a: Cinderace|atk|1
|-heal|p1a: Sinistcha|100/100
|
|upkeep
|turn|8
|
|t:|1757848239
|move|p2a: Cinderace|U-turn|p1a: Sinistcha
|-start|p2a: Cinderace|typechange|Bug|[from] ability: Libero
|-damage|p1a: Sinistcha|85/100
|
|t:|1757848241
|switch|p2a: Zapdos|Zapdos|100/100|[from] U-turn
|move|p1a: Sinistcha|Calm Mind|p1a: Sinistcha
|-boost|p1a: Sinistcha|spa|1
|-boost|p1a: Sinistcha|spd|1
|
|upkeep
|turn|9
|
|t:|1757848247
|switch|p1a: Ting-Lu|Ting-Lu|100/100
|-ability|p1a: Ting-Lu|Vessel of Ruin
|move|p2a: Zapdos|Hurricane|p1a: Ting-Lu
|-damage|p1a: Ting-Lu|77/100
|
|-heal|p1a: Ting-Lu|83/100|[from] item: Leftovers
|upkeep
|turn|10
|
|t:|1757848255
|switch|p2a: Garganacl|Garganacl, M|100/100
|move|p1a: Ting-Lu|Stone Edge|p2a: Garganacl|[miss]
|-miss|p1a: Ting-Lu|p2a: Garganacl
|
|-heal|p1a: Ting-Lu|90/100|[from] item: Leftovers
|upkeep
|turn|11
|
|t:|1757848259
|move|p1a: Ting-Lu|Earthquake|p2a: Garganacl
|-supereffective|p2a: Garganacl
|-damage|p2a: Garganacl|31/100
|move|p2a: Garganacl|Salt Cure|p1a: Ting-Lu
|-resisted|p1a: Ting-Lu
|-damage|p1a: Ting-Lu|85/100
|-start|p1a: Ting-Lu|Salt Cure
|
|-heal|p1a: Ting-Lu|92/100|[from] item: Leftovers
|-heal|p2a: Garganacl|37/100|[from] item: Leftovers
|-damage|p1a: Ting-Lu|79/100|[from] Salt Cure
|upkeep
|turn|12
|
|t:|1757848263
|switch|p1a: Samurott|Samurott-Hisui, F|100/100
|move|p2a: Garganacl|Protect||[still]
|-fail|p2a: Garganacl
|
|-heal|p2a: Garganacl|43/100|[from] item: Leftovers
|upkeep
|turn|13
|
|t:|1757848268
|switch|p2a: Zapdos|Zapdos|100/100
|move|p1a: Samurott|Ceaseless Edge|p2a: Zapdos
|-damage|p2a: Zapdos|69/100
|-sidestart|p2: trrzno2|Spikes
|
|upkeep
|turn|14
|
|t:|1757848272
|switch|p1a: Ting-Lu|Ting-Lu|79/100
|-ability|p1a: Ting-Lu|Vessel of Ruin
|move|p2a: Zapdos|Thunder Wave|p1a: Ting-Lu
|-immune|p1a: Ting-Lu
|
|-heal|p1a: Ting-Lu|85/100|[from] item: Leftovers
|upkeep
|turn|15
|
|t:|1757848279
|move|p2a: Zapdos|Hurricane|p1a: Ting-Lu
|-damage|p1a: Ting-Lu|61/100
|-start|p1a: Ting-Lu|confusion
|-activate|p1a: Ting-Lu|confusion
|-damage|p1a: Ting-Lu|52/100|[from] confusion
|
|-heal|p1a: Ting-Lu|59/100|[from] item: Leftovers
|upkeep
|turn|16
|
|t:|1757848287
|switch|p1a: Slowking|Slowking-Galar, F|100/100
|move|p2a: Zapdos|Hurricane|p1a: Slowking
|-damage|p1a: Slowking|74/100
|-start|p1a: Slowking|confusion
|
|upkeep
|turn|17
|
|t:|1757848291
|move|p2a: Zapdos|Thunder Wave|p1a: Slowking
|-status|p1a: Slowking|par
|-prepare|p1a: Slowking|Chilly Reception|[premajor]
|-activate|p1a: Slowking|confusion
|cant|p1a: Slowking|par
|
|upkeep
|turn|18
|
|t:|1757848301
|move|p2a: Zapdos|Volt Switch|p1a: Slowking
|-damage|p1a: Slowking|55/100 par
|
|t:|1757848307
|switch|p2a: Ogerpon|Ogerpon-Wellspring, F|58/100|[from] Volt Switch
|-damage|p2a: Ogerpon|46/100|[from] Spikes
|-prepare|p1a: Slowking|Chilly Reception|[premajor]
|-activate|p1a: Slowking|confusion
|-damage|p1a: Slowking|50/100 par|[from] confusion
|
|upkeep
|turn|19
|
|t:|1757848317
|move|p2a: Ogerpon|Ivy Cudgel|p1a: Slowking|[anim] Ivy Cudgel Water
|-damage|p1a: Slowking|0 fnt
|faint|p1a: Slowking
|
|upkeep
|
|t:|1757848321
|switch|p1a: Sinistcha|Sinistcha|85/100
|turn|20
|
|t:|1757848325
|move|p2a: Ogerpon|U-turn|p1a: Sinistcha
|-damage|p1a: Sinistcha|66/100
|
|t:|1757848331
|switch|p2a: Zapdos|Zapdos|69/100|[from] U-turn
|move|p1a: Sinistcha|Calm Mind|p1a: Sinistcha
|-boost|p1a: Sinistcha|spa|1
|-boost|p1a: Sinistcha|spd|1
|
|upkeep
|turn|21
|
|t:|1757848338
|switch|p1a: Ting-Lu|Ting-Lu|59/100
|-ability|p1a: Ting-Lu|Vessel of Ruin
|move|p2a: Zapdos|Hurricane|p1a: Ting-Lu
|-damage|p1a: Ting-Lu|36/100
|
|-heal|p1a: Ting-Lu|43/100|[from] item: Leftovers
|upkeep
|turn|22
|
|t:|1757848342
|move|p2a: Zapdos|Hurricane|p1a: Ting-Lu
|-damage|p1a: Ting-Lu|18/100
|-start|p1a: Ting-Lu|confusion
|-activate|p1a: Ting-Lu|confusion
|move|p1a: Ting-Lu|Stone Edge|p2a: Zapdos
|-supereffective|p2a: Zapdos
|-damage|p2a: Zapdos|21/100
|
|-heal|p1a: Ting-Lu|24/100|[from] item: Leftovers
|upkeep
|turn|23
|
|t:|1757848349
|move|p2a: Zapdos|Roost|p2a: Zapdos
|-heal|p2a: Zapdos|71/100
|-singleturn|p2a: Zapdos|move: Roost
|-end|p1a: Ting-Lu|confusion
|move|p1a: Ting-Lu|Earthquake|p2a: Zapdos
|-supereffective|p2a: Zapdos
|-damage|p2a: Zapdos|0 fnt
|faint|p2a: Zapdos
|
|-heal|p1a: Ting-Lu|30/100|[from] item: Leftovers
|upkeep
|
|t:|1757848353
|switch|p2a: Ogerpon|Ogerpon-Wellspring, F|46/100
|-damage|p2a: Ogerpon|33/100|[from] Spikes
|turn|24
|
|t:|1757848361
|switch|p1a: Sinistcha|Sinistcha|66/100
|move|p2a: Ogerpon|Horn Leech|p1a: Sinistcha
|-resisted|p1a: Sinistcha
|-damage|p1a: Sinistcha|53/100
|-heal|p2a: Ogerpon|40/100|[from] drain|[of] p1a: Sinistcha
|
|upkeep
|turn|25
|
|t:|1757848364
|move|p2a: Ogerpon|U-turn|p1a: Sinistcha
|-damage|p1a: Sinistcha|35/100
|
|t:|1757848369
|switch|p2a: Darkrai|Darkrai|100/100|[from] U-turn
|-damage|p2a: Darkrai|88/100|[from] Spikes
|move|p1a: Sinistcha|Strength Sap|p2a: Darkrai
|-unboost|p2a: Darkrai|atk|1
|-heal|p1a: Sinistcha|83/100
|
|upkeep
|turn|26
|
|t:|1757848375
|switch|p1a: Lucario|Lucario, M|100/100
|move|p2a: Darkrai|Trick|p1a: Lucario
|-activate|p2a: Darkrai|move: Trick|[of] p1a: Lucario
|-item|p1a: Lucario|Choice Scarf|[from] move: Trick
|-item|p2a: Darkrai|Life Orb|[from] move: Trick
|
|upkeep
|turn|27
|
|t:|1757848395
|switch|p2a: Garganacl|Garganacl, M|43/100
|-damage|p2a: Garganacl|31/100|[from] Spikes
|move|p1a: Lucario|Close Combat|p2a: Garganacl
|-supereffective|p2a: Garganacl
|-damage|p2a: Garganacl|0 fnt
|-unboost|p1a: Lucario|def|1
|-unboost|p1a: Lucario|spd|1
|faint|p2a: Garganacl
|
|upkeep
|
|t:|1757848402
|switch|p2a: Cinderace|Cinderace, M|77/100
|turn|28
|
|t:|1757848406
|-terastallize|p2a: Cinderace|Fire
|move|p1a: Lucario|Close Combat|p2a: Cinderace
|-damage|p2a: Cinderace|0 fnt
|-unboost|p1a: Lucario|def|1
|-unboost|p1a: Lucario|spd|1
|faint|p2a: Cinderace
|
|upkeep
|-message|trrzno2 forfeited.
|
|win|kurogite
|raw|kurogite's rating: 1330 &rarr; <strong>1350</strong><br />(+20 for winning)
|raw|trrzno2's rating: 1331 &rarr; <strong>1311</strong><br />(-20 for losing)
|l|☆trrzno2
|player|p2|
|l|☆kurogite
|player|p1|
