|j|☆hey_rain_maker
|j|☆TapuTeao
|t:|1757870030
|gametype|singles
|player|p1|hey_rain_maker|caitlin|1504
|player|p2|TapuTeao|266|1547
|gen|9
|tier|[Gen 9] OU
|rated|
|rule|HP Percentage Mod: HP is shown in percentages
|rule|Endless Battle Clause: Forcing endless battles is banned
|rule|Species Clause: Limit one of each Pokémon
|rule|OHKO Clause: OHKO moves are banned
|rule|Evasion Items Clause: Evasion items are banned
|rule|Evasion Moves Clause: Evasion moves are banned
|rule|Evasion Abilities Clause: Evasion abilities are banned
|rule|Sleep Moves Clause: Sleep-inducing moves are banned
|clearpoke
|poke|p1|Samurott-Hisui, M|
|poke|p1|Darkrai|
|poke|p1|Gliscor, F|
|poke|p1|Cinderace, M|
|poke|p1|Raging Bolt|
|poke|p1|Ogerpon-Wellspring, F|
|poke|p2|Necrozma|
|poke|p2|Kingambit, F|
|poke|p2|Samurott-Hisui, F|
|poke|p2|Iron Treads|
|poke|p2|Pecharunt|
|poke|p2|Enamorus, F|
|teampreview
|inactive|Battle timer is ON: inactive players will automatically lose when time's up. (requested by hey_rain_maker)
|
|t:|1757870042
|teamsize|p1|6
|teamsize|p2|6
|start
|switch|p1a: Darkrai|Darkrai|100/100
|switch|p2a: Necrozma|Necrozma|100/100
|turn|1
|
|t:|1757870054
|-terastallize|p2a: Necrozma|Fairy
|move|p1a: Darkrai|Trick|p2a: Necrozma
|-activate|p1a: Darkrai|move: Trick|[of] p2a: Necrozma
|-item|p2a: Necrozma|Choice Specs|[from] move: Trick
|-item|p1a: Darkrai|Colbur Berry|[from] move: Trick
|move|p2a: Necrozma|Tera Blast|p1a: Darkrai|[anim] Tera Blast Fairy
|-supereffective|p1a: Darkrai
|-crit|p1a: Darkrai
|-damage|p1a: Darkrai|0 fnt
|faint|p1a: Darkrai
|
|upkeep
|
|t:|1757870060
|switch|p1a: Cinderace|Cinderace, M|100/100
|turn|2
|
|t:|1757870069
|move|p1a: Cinderace|U-turn|p2a: Necrozma
|-resisted|p2a: Necrozma
|-damage|p2a: Necrozma|92/100
|
|t:|1757870072
|switch|p1a: Gliscor|Gliscor, F|100/100|[from] U-turn
|move|p2a: Necrozma|Tera Blast|p1a: Gliscor|[anim] Tera Blast Fairy
|-damage|p1a: Gliscor|17/100
|
|-status|p1a: Gliscor|tox|[from] item: Toxic Orb
|upkeep
|turn|3
|
|t:|1757870079
|switch|p1a: Cinderace|Cinderace, M|100/100
|move|p2a: Necrozma|Tera Blast|p1a: Cinderace|[anim] Tera Blast Fairy
|-resisted|p1a: Cinderace
|-damage|p1a: Cinderace|58/100
|
|upkeep
|turn|4
|
|t:|1757870085
|switch|p2a: Samurott|Samurott-Hisui, F|100/100
|move|p1a: Cinderace|Pyro Ball|p2a: Samurott
|-resisted|p2a: Samurott
|-damage|p2a: Samurott|68/100
|
|upkeep
|turn|5
|
|t:|1757870094
|move|p1a: Cinderace|U-turn|p2a: Samurott
|-supereffective|p2a: Samurott
|-damage|p2a: Samurott|18/100
|
|t:|1757870096
|switch|p1a: Gliscor|Gliscor, F|17/100 tox|[from] U-turn
|move|p2a: Samurott|Ceaseless Edge|p1a: Gliscor
|-damage|p1a: Gliscor|0 fnt
|-sidestart|p1: hey_rain_maker|Spikes
|faint|p1a: Gliscor
|
|upkeep
|
|t:|1757870098
|switch|p1a: Cinderace|Cinderace, M|58/100
|turn|6
|
|t:|1757870104
|move|p1a: Cinderace|Will-O-Wisp|p2a: Samurott
|-status|p2a: Samurott|brn
|move|p2a: Samurott|Ceaseless Edge|p1a: Cinderace
|-damage|p1a: Cinderace|15/100
|-sidestart|p1: hey_rain_maker|Spikes
|
|-damage|p2a: Samurott|11/100 brn|[from] brn
|upkeep
|turn|7
|
|t:|1757870112
|move|p1a: Cinderace|Pyro Ball|p2a: Samurott
|-resisted|p2a: Samurott
|-damage|p2a: Samurott|0 fnt
|faint|p2a: Samurott
|
|upkeep
|
|t:|1757870122
|switch|p2a: Enamorus|Enamorus, F|100/100
|turn|8
|
|t:|1757870125
|move|p2a: Enamorus|Moonblast|p1a: Cinderace
|-resisted|p1a: Cinderace
|-damage|p1a: Cinderace|0 fnt
|faint|p1a: Cinderace
|
|upkeep
|
|t:|1757870127
|switch|p1a: Ogerpon|Ogerpon-Wellspring, F|100/100
|-damage|p1a: Ogerpon|84/100|[from] Spikes
|turn|9
|
|t:|1757870132
|switch|p2a: Pecharunt|Pecharunt|100/100
|-item|p2a: Pecharunt|Air Balloon
|-terastallize|p1a: Ogerpon|Water
|detailschange|p1a: Ogerpon|Ogerpon-Wellspring-Tera, F, tera:Water
|-ability|p1a: Ogerpon|Embody Aspect (Wellspring)|boost
|-boost|p1a: Ogerpon|spd|1
|move|p1a: Ogerpon|Swords Dance|p1a: Ogerpon
|-boost|p1a: Ogerpon|atk|2
|
|upkeep
|turn|10
|
|t:|1757870142
|move|p1a: Ogerpon|Substitute|p1a: Ogerpon
|-start|p1a: Ogerpon|Substitute
|-damage|p1a: Ogerpon|59/100
|move|p2a: Pecharunt|Malignant Chain|p1a: Ogerpon
|-activate|p1a: Ogerpon|move: Substitute|[damage]
|
|upkeep
|turn|11
|
|t:|1757870149
|move|p1a: Ogerpon|Horn Leech|p2a: Pecharunt
|-resisted|p2a: Pecharunt
|-damage|p2a: Pecharunt|84/100
|-heal|p1a: Ogerpon|68/100|[from] drain|[of] p2a: Pecharunt
|-enditem|p2a: Pecharunt|Air Balloon
|move|p2a: Pecharunt|Malignant Chain|p1a: Ogerpon
|-end|p1a: Ogerpon|Substitute
|
|upkeep
|turn|12
|
|t:|1757870158
|move|p1a: Ogerpon|Substitute|p1a: Ogerpon
|-start|p1a: Ogerpon|Substitute
|-damage|p1a: Ogerpon|43/100
|move|p2a: Pecharunt|Malignant Chain|p1a: Ogerpon
|-activate|p1a: Ogerpon|move: Substitute|[damage]
|
|upkeep
|turn|13
|
|t:|1757870165
|move|p1a: Ogerpon|Ivy Cudgel|p2a: Pecharunt|[anim] Ivy Cudgel Water
|-damage|p2a: Pecharunt|23/100
|move|p2a: Pecharunt|Parting Shot|p1a: Ogerpon
|-unboost|p1a: Ogerpon|atk|1
|-unboost|p1a: Ogerpon|spa|1
|
|t:|1757870175
|switch|p2a: Kingambit|Kingambit, F|100/100|[from] Parting Shot
|-activate|p2a: Kingambit|ability: Supreme Overlord
|-start|p2a: Kingambit|fallen1|[silent]
|
|upkeep
|turn|14
|
|t:|1757870181
|move|p1a: Ogerpon|Ivy Cudgel|p2a: Kingambit|[anim] Ivy Cudgel Water
|-crit|p2a: Kingambit
|-damage|p2a: Kingambit|0 fnt
|faint|p2a: Kingambit
|-end|p2a: Kingambit|fallen1|[silent]
|
|upkeep
|
|t:|1757870186
|switch|p2a: Necrozma|Necrozma, tera:Fairy|92/100
|turn|15
|
|t:|1757870191
|move|p1a: Ogerpon|Horn Leech|p2a: Necrozma
|-damage|p2a: Necrozma|45/100
|-heal|p1a: Ogerpon|69/100|[from] drain|[of] p2a: Necrozma
|move|p2a: Necrozma|Tera Blast|p1a: Ogerpon|[anim] Tera Blast Fairy
|-end|p1a: Ogerpon|Substitute
|
|upkeep
|turn|16
|
|t:|1757870198
|move|p1a: Ogerpon|Horn Leech|p2a: Necrozma
|-damage|p2a: Necrozma|0 fnt
|-heal|p1a: Ogerpon|93/100|[from] drain|[of] p2a: Necrozma
|faint|p2a: Necrozma
|
|upkeep
|-message|TapuTeao forfeited.
|
|win|hey_rain_maker
|raw|hey_rain_maker's rating: 1504 &rarr; <strong>1526</strong><br />(+22 for winning)
|raw|TapuTeao's rating: 1547 &rarr; <strong>1525</strong><br />(-22 for losing)
|l|☆TapuTeao
|player|p2|
|l|☆hey_rain_maker
|player|p1|
