|j|☆chalk of doom
|j|☆omari p
|t:|1757808260
|gametype|singles
|player|p1|chalk of doom|266|1610
|player|p2|omari p|pokemonrangerf|1602
|gen|9
|tier|[Gen 9] OU
|rated|
|rule|HP Percentage Mod: HP is shown in percentages
|rule|Endless Battle Clause: Forcing endless battles is banned
|rule|Species Clause: Limit one of each Pokémon
|rule|OHKO Clause: OHKO moves are banned
|rule|Evasion Items Clause: Evasion items are banned
|rule|Evasion Moves Clause: Evasion moves are banned
|rule|Evasion Abilities Clause: Evasion abilities are banned
|rule|Sleep Moves Clause: Sleep-inducing moves are banned
|clearpoke
|poke|p1|Gliscor, M|
|poke|p1|Gholdengo|
|poke|p1|Samurott-Hisui, M|
|poke|p1|Ting-Lu|
|poke|p1|Zamazenta-*|
|poke|p1|Slowking-Galar, F|
|poke|p2|Ting-Lu|
|poke|p2|Glastrier|
|poke|p2|Thundurus-Therian, M|
|poke|p2|Cinderace, F|
|poke|p2|Latios, M|
|poke|p2|Cryogonal|
|teampreview
|inactive|Battle timer is ON: inactive players will automatically lose when time's up. (requested by omari p)
|
|t:|1757808273
|teamsize|p1|6
|teamsize|p2|6
|start
|switch|p1a: Gliscor|Gliscor, M|100/100
|switch|p2a: Glastrier|Glastrier|100/100
|turn|1
|j| 54 Insane Rats
|j| ocean eyez
|j| heatraniac
|
|t:|1757808279
|move|p1a: Gliscor|Protect|p1a: Gliscor
|-singleturn|p1a: Gliscor|Protect
|move|p2a: Glastrier|Swords Dance|p2a: Glastrier
|-boost|p2a: Glastrier|atk|2
|
|-status|p1a: Gliscor|tox|[from] item: Toxic Orb
|upkeep
|turn|2
|
|t:|1757808283
|move|p1a: Gliscor|U-turn|p2a: Glastrier
|-damage|p2a: Glastrier|90/100
|
|t:|1757808285
|switch|p1a: Zamazenta|Zamazenta|100/100|[from] U-turn
|-ability|p1a: Zamazenta|Dauntless Shield|boost
|-boost|p1a: Zamazenta|def|1
|move|p2a: Glastrier|Icicle Crash|p1a: Zamazenta
|-damage|p1a: Zamazenta|39/100
|
|-heal|p2a: Glastrier|96/100|[from] item: Leftovers
|upkeep
|turn|3
|j| ohkopon
|
|t:|1757808291
|-terastallize|p2a: Glastrier|Fire
|move|p1a: Zamazenta|Close Combat|p2a: Glastrier
|-damage|p2a: Glastrier|55/100
|-unboost|p1a: Zamazenta|def|1
|-unboost|p1a: Zamazenta|spd|1
|move|p2a: Glastrier|Icicle Crash|p1a: Zamazenta|[miss]
|-miss|p2a: Glastrier|p1a: Zamazenta
|
|-heal|p2a: Glastrier|61/100|[from] item: Leftovers
|upkeep
|turn|4
|l| ocean eyez
|j| Qwert1randomUs3r
|j|~Setsu
|
|t:|1757808302
|switch|p1a: Samurott|Samurott-Hisui, M|100/100
|move|p2a: Glastrier|High Horsepower|p1a: Samurott
|-damage|p1a: Samurott|5/100
|
|-heal|p2a: Glastrier|68/100|[from] item: Leftovers
|upkeep
|turn|5
|
|t:|1757808310
|switch|p2a: Cryogonal|Cryogonal|100/100
|move|p1a: Samurott|Razor Shell|p2a: Cryogonal
|-crit|p2a: Cryogonal
|-damage|p2a: Cryogonal|0 fnt
|faint|p2a: Cryogonal
|
|upkeep
|c|☆omari p|wow
|
|t:|1757808315
|switch|p2a: Cinderace|Cinderace, F|100/100
|turn|6
|
|t:|1757808317
|move|p1a: Samurott|Sucker Punch|p2a: Cinderace
|-damage|p2a: Cinderace|44/100
|move|p2a: Cinderace|Pyro Ball|p1a: Samurott
|-resisted|p1a: Samurott
|-damage|p1a: Samurott|0 fnt
|faint|p1a: Samurott
|
|upkeep
|l|~Setsu
|
|t:|1757808323
|switch|p1a: Gliscor|Gliscor, M|100/100 tox
|turn|7
|
|t:|1757808326
|switch|p2a: Latios|Latios, M|100/100
|move|p1a: Gliscor|U-turn|p2a: Latios
|-supereffective|p2a: Latios
|-damage|p2a: Latios|60/100
|j| Resiste et Mords
|
|t:|1757808330
|switch|p1a: Ting-Lu|Ting-Lu|100/100|[from] U-turn
|-ability|p1a: Ting-Lu|Vessel of Ruin
|
|upkeep
|turn|8
|
|t:|1757808333
|move|p2a: Latios|Trick|p1a: Ting-Lu
|-activate|p2a: Latios|move: Trick|[of] p1a: Ting-Lu
|-item|p1a: Ting-Lu|Choice Scarf|[from] move: Trick
|-item|p2a: Latios|Leftovers|[from] move: Trick
|move|p1a: Ting-Lu|Stealth Rock|p2a: Latios
|-sidestart|p2: omari p|move: Stealth Rock
|
|-heal|p2a: Latios|66/100|[from] item: Leftovers
|upkeep
|turn|9
|j| Giragono
|
|t:|1757808338
|switch|p1a: Slowking|Slowking-Galar, F|100/100
|move|p2a: Latios|Ice Beam|p1a: Slowking
|-damage|p1a: Slowking|82/100
|
|-heal|p2a: Latios|72/100|[from] item: Leftovers
|upkeep
|turn|10
|
|t:|1757808342
|move|p2a: Latios|Trick|p1a: Slowking
|-activate|p2a: Latios|move: Trick|[of] p1a: Slowking
|-item|p1a: Slowking|Leftovers|[from] move: Trick
|-item|p2a: Latios|Heavy-Duty Boots|[from] move: Trick
|move|p1a: Slowking|Future Sight|p2a: Latios
|-start|p1a: Slowking|move: Future Sight
|
|-heal|p1a: Slowking|89/100|[from] item: Leftovers
|upkeep
|turn|11
|j| sincronos
|
|t:|1757808346
|move|p2a: Latios|Trick|p1a: Slowking
|-activate|p2a: Latios|move: Trick|[of] p1a: Slowking
|-item|p1a: Slowking|Heavy-Duty Boots|[from] move: Trick
|-item|p2a: Latios|Leftovers|[from] move: Trick
|-prepare|p1a: Slowking|Chilly Reception|[premajor]
|move|p1a: Slowking|Chilly Reception|p1a: Slowking
|-weather|Snowscape
|
|t:|1757808357
|switch|p1a: Zamazenta|Zamazenta|39/100|[from] Chilly Reception
|
|-weather|Snowscape|[upkeep]
|-heal|p2a: Latios|78/100|[from] item: Leftovers
|upkeep
|turn|12
|
|t:|1757808362
|-terastallize|p1a: Zamazenta|Dark
|move|p1a: Zamazenta|Crunch|p2a: Latios
|-supereffective|p2a: Latios
|-damage|p2a: Latios|0 fnt
|faint|p2a: Latios
|
|-weather|Snowscape|[upkeep]
|-hint|Future Sight did not hit because the target is fainted.
|upkeep
|
|t:|1757808364
|switch|p2a: Ting-Lu|Ting-Lu|100/100
|-damage|p2a: Ting-Lu|94/100|[from] Stealth Rock
|-ability|p2a: Ting-Lu|Vessel of Ruin
|turn|13
|
|t:|1757808368
|move|p1a: Zamazenta|Close Combat|p2a: Ting-Lu
|-supereffective|p2a: Ting-Lu
|-damage|p2a: Ting-Lu|30/100
|-unboost|p1a: Zamazenta|def|1
|-unboost|p1a: Zamazenta|spd|1
|-enditem|p2a: Ting-Lu|Weakness Policy
|-boost|p2a: Ting-Lu|atk|2|[from] item: Weakness Policy
|-boost|p2a: Ting-Lu|spa|2|[from] item: Weakness Policy
|move|p2a: Ting-Lu|Earthquake|p1a: Zamazenta
|-damage|p1a: Zamazenta|0 fnt
|faint|p1a: Zamazenta
|
|-weather|Snowscape|[upkeep]
|upkeep
|j| faless
|
|t:|1757808375
|switch|p1a: Gliscor|Gliscor, M|100/100 tox
|turn|14
|
|t:|1757808379
|move|p1a: Gliscor|Earthquake|p2a: Ting-Lu
|-damage|p2a: Ting-Lu|12/100
|move|p2a: Ting-Lu|Heavy Slam|p1a: Gliscor
|-damage|p1a: Gliscor|43/100 tox
|
|-weather|Snowscape|[upkeep]
|-heal|p1a: Gliscor|55/100 tox|[from] ability: Poison Heal
|upkeep
|turn|15
|
|t:|1757808382
|move|p1a: Gliscor|Earthquake|p2a: Ting-Lu
|-damage|p2a: Ting-Lu|0 fnt
|faint|p2a: Ting-Lu
|
|-weather|none
|-heal|p1a: Gliscor|68/100 tox|[from] ability: Poison Heal
|upkeep
|
|t:|1757808387
|switch|p2a: Thundurus|Thundurus-Therian, M|100/100
|-damage|p2a: Thundurus|76/100|[from] Stealth Rock
|turn|16
|
|t:|1757808394
|move|p2a: Thundurus|Nasty Plot|p2a: Thundurus
|-boost|p2a: Thundurus|spa|2
|move|p1a: Gliscor|Knock Off|p2a: Thundurus
|-damage|p2a: Thundurus|47/100
|-enditem|p2a: Thundurus|Leftovers|[from] move: Knock Off|[of] p1a: Gliscor
|
|-heal|p1a: Gliscor|80/100 tox|[from] ability: Poison Heal
|upkeep
|turn|17
|
|t:|1757808398
|move|p1a: Gliscor|Protect|p1a: Gliscor
|-singleturn|p1a: Gliscor|Protect
|move|p2a: Thundurus|Nasty Plot|p2a: Thundurus
|-boost|p2a: Thundurus|spa|2
|
|-heal|p1a: Gliscor|93/100 tox|[from] ability: Poison Heal
|upkeep
|turn|18
|j| sg pokemon
|
|t:|1757808413
|move|p2a: Thundurus|Focus Blast|p1a: Gliscor
|-resisted|p1a: Gliscor
|-damage|p1a: Gliscor|28/100 tox
|move|p1a: Gliscor|U-turn|p2a: Thundurus
|-resisted|p2a: Thundurus
|-crit|p2a: Thundurus
|-damage|p2a: Thundurus|30/100
|
|t:|1757808423
|switch|p1a: Slowking|Slowking-Galar, F|100/100|[from] U-turn
|
|upkeep
|turn|19
|
|t:|1757808426
|move|p2a: Thundurus|Thunderbolt|p1a: Slowking
|-damage|p1a: Slowking|14/100
|move|p1a: Slowking|Sludge Bomb|p2a: Thundurus
|-damage|p2a: Thundurus|0 fnt
|faint|p2a: Thundurus
|
|upkeep
|
|t:|1757808428
|switch|p2a: Cinderace|Cinderace, F|44/100
|-damage|p2a: Cinderace|19/100|[from] Stealth Rock
|turn|20
|
|t:|1757808434
|move|p2a: Cinderace|Pyro Ball|p1a: Slowking
|-damage|p1a: Slowking|0 fnt
|faint|p1a: Slowking
|
|upkeep
|
|t:|1757808440
|switch|p1a: Gliscor|Gliscor, M|28/100 tox
|turn|21
|
|t:|1757808443
|move|p1a: Gliscor|Protect|p1a: Gliscor
|-singleturn|p1a: Gliscor|Protect
|move|p2a: Cinderace|Pyro Ball|p1a: Gliscor
|-activate|p1a: Gliscor|move: Protect
|
|-heal|p1a: Gliscor|41/100 tox|[from] ability: Poison Heal
|upkeep
|turn|22
|
|t:|1757808447
|switch|p1a: Ting-Lu|Ting-Lu|100/100
|-ability|p1a: Ting-Lu|Vessel of Ruin
|move|p2a: Cinderace|Pyro Ball|p1a: Ting-Lu
|-damage|p1a: Ting-Lu|58/100
|
|upkeep
|turn|23
|
|t:|1757808450
|move|p2a: Cinderace|High Jump Kick|p1a: Ting-Lu
|-start|p2a: Cinderace|typechange|Fighting|[from] ability: Libero
|-supereffective|p1a: Ting-Lu
|-damage|p1a: Ting-Lu|0 fnt
|faint|p1a: Ting-Lu
|
|upkeep
|
|t:|1757808455
|switch|p1a: Gliscor|Gliscor, M|41/100 tox
|turn|24
|
|t:|1757808457
|move|p1a: Gliscor|Protect|p1a: Gliscor
|-singleturn|p1a: Gliscor|Protect
|move|p2a: Cinderace|Pyro Ball|p1a: Gliscor
|-activate|p1a: Gliscor|move: Protect
|
|-heal|p1a: Gliscor|53/100 tox|[from] ability: Poison Heal
|upkeep
|turn|25
|
|t:|1757808460
|move|p2a: Cinderace|Pyro Ball|p1a: Gliscor
|-crit|p1a: Gliscor
|-damage|p1a: Gliscor|0 fnt
|faint|p1a: Gliscor
|
|upkeep
|c|☆chalk of doom|unfort
|c|☆chalk of doom|gg
|
|t:|1757808469
|switch|p1a: Gholdengo|Gholdengo|100/100
|-item|p1a: Gholdengo|Air Balloon
|turn|26
|c| sg pokemon|LMAO
|
|t:|1757808473
|move|p2a: Cinderace|Pyro Ball|p1a: Gholdengo
|-supereffective|p1a: Gholdengo
|-damage|p1a: Gholdengo|35/100
|-enditem|p1a: Gholdengo|Air Balloon
|move|p1a: Gholdengo|Shadow Ball|p2a: Cinderace
|-damage|p2a: Cinderace|0 fnt
|faint|p2a: Cinderace
|
|upkeep
|
|t:|1757808476
|switch|p2a: Glastrier|Glastrier, tera:Fire|68/100
|-damage|p2a: Glastrier|43/100|[from] Stealth Rock
|turn|27
|c|☆omari p|i swear to god
|c|☆omari p|if u miss horse
|
|t:|1757808490
|move|p1a: Gholdengo|Recover|p1a: Gholdengo
|-heal|p1a: Gholdengo|85/100
|move|p2a: Glastrier|High Horsepower|p1a: Gholdengo|[miss]
|-miss|p2a: Glastrier|p1a: Gholdengo
|
|-heal|p2a: Glastrier|49/100|[from] item: Leftovers
|upkeep
|turn|28
|l| Resiste et Mords
|
|t:|1757808495
|move|p1a: Gholdengo|Shadow Ball|p2a: Glastrier
|-damage|p2a: Glastrier|22/100
|move|p2a: Glastrier|High Horsepower|p1a: Gholdengo
|-supereffective|p1a: Gholdengo
|-crit|p1a: Gholdengo
|-damage|p1a: Gholdengo|9/100
|
|-heal|p2a: Glastrier|28/100|[from] item: Leftovers
|upkeep
|turn|29
|c| faless|holy hell
|c| ohkopon|glue
|c| sg pokemon|...............................
|
|t:|1757808501
|move|p1a: Gholdengo|Shadow Ball|p2a: Glastrier
|-damage|p2a: Glastrier|2/100
|move|p2a: Glastrier|High Horsepower|p1a: Gholdengo
|-supereffective|p1a: Gholdengo
|-damage|p1a: Gholdengo|0 fnt
|faint|p1a: Gholdengo
|
|win|omari p
|raw|chalk of doom's rating: 1610 &rarr; <strong>1590</strong><br />(-20 for losing)
|raw|omari p's rating: 1602 &rarr; <strong>1622</strong><br />(+20 for winning)
|c| Giragono|Lmfao
|c|☆omari p|i knew it
|l| 54 Insane Rats
|c|☆chalk of doom|gg
|c| sg pokemon|YOOOOOOOOOO
|c| sincronos|THE TANK
|l| Qwert1randomUs3r
|l| Giragono
|l| sg pokemon
|l| ohkopon
|l|☆chalk of doom
|player|p1|
|l| sincronos
|j| metroid90
|j| 54 Insane Rats
|n| dr6yht8iy|metroid90
|l| heatraniac
