|j|☆theshinybuizel
|j|☆upover
|t:|1757903252
|gametype|singles
|player|p1|theshinybuizel|whitney|1103
|player|p2|upover|cowgirl|1073
|gen|9
|tier|[Gen 9] OU
|rated|
|rule|HP Percentage Mod: HP is shown in percentages
|rule|Endless Battle Clause: Forcing endless battles is banned
|rule|Species Clause: Limit one of each Pokémon
|rule|OHKO Clause: OHKO moves are banned
|rule|Evasion Items Clause: Evasion items are banned
|rule|Evasion Moves Clause: Evasion moves are banned
|rule|Evasion Abilities Clause: Evasion abilities are banned
|rule|Sleep Moves Clause: Sleep-inducing moves are banned
|clearpoke
|poke|p1|Kommo-o, F|
|poke|p1|Toxapex, F|
|poke|p1|Barraskewda, F|
|poke|p1|Garchomp, F|
|poke|p1|Espeon, F|
|poke|p1|Zoroark-Hisui, F|
|poke|p2|Hatterene, F|
|poke|p2|Skeledirge, M|
|poke|p2|Uxie|
|poke|p2|Dusclops, M|
|poke|p2|Kingambit, F|
|poke|p2|Dondozo, F|
|teampreview
|inactive|Battle timer is ON: inactive players will automatically lose when time's up. (requested by theshinybuizel)
|
|t:|1757903263
|teamsize|p1|6
|teamsize|p2|6
|start
|switch|p1a: The Being|Toxapex, F|100/100
|switch|p2a: Uxie|Uxie|100/100
|turn|1
|
|t:|1757903271
|switch|p1a: Hazel|Espeon, F|100/100
|move|p2a: Uxie|Stealth Rock|p1a: Hazel
|move|p1a: Hazel|Stealth Rock|p2a: Uxie|[from] ability: Magic Bounce
|-sidestart|p2: upover|move: Stealth Rock
|
|upkeep
|turn|2
|
|t:|1757903279
|move|p1a: Hazel|Trick|p2a: Uxie
|-activate|p1a: Hazel|move: Trick|[of] p2a: Uxie
|-item|p2a: Uxie|Choice Scarf|[from] move: Trick
|-item|p1a: Hazel|Mental Herb|[from] move: Trick
|move|p2a: Uxie|Trick Room|p2a: Uxie
|-fieldstart|move: Trick Room|[of] p2a: Uxie
|
|upkeep
|turn|3
|
|t:|1757903299
|switch|p2a: Skeledirge|Skeledirge, M|100/100
|-damage|p2a: Skeledirge|75/100|[from] Stealth Rock
|move|p1a: Hazel|Shadow Ball|p2a: Skeledirge
|-supereffective|p2a: Skeledirge
|-damage|p2a: Skeledirge|17/100
|
|-heal|p2a: Skeledirge|23/100|[from] item: Leftovers
|upkeep
|turn|4
|
|t:|1757903314
|switch|p2a: Kingambit|Kingambit, F|100/100
|-damage|p2a: Kingambit|94/100|[from] Stealth Rock
|move|p1a: Hazel|Shadow Ball|p2a: Kingambit
|-resisted|p2a: Kingambit
|-damage|p2a: Kingambit|80/100
|
|upkeep
|turn|5
|
|t:|1757903324
|switch|p1a: Artemis|Garchomp, F|100/100
|move|p2a: Kingambit|Kowtow Cleave|p1a: Artemis
|-damage|p1a: Artemis|52/100
|-damage|p2a: Kingambit|68/100|[from] ability: Rough Skin|[of] p1a: Artemis
|-damage|p2a: Kingambit|51/100|[from] item: Rocky Helmet|[of] p1a: Artemis
|
|upkeep
|turn|6
|
|t:|1757903338
|move|p2a: Kingambit|Kowtow Cleave|p1a: Artemis
|-damage|p1a: Artemis|0 fnt
|-damage|p2a: Kingambit|39/100|[from] ability: Rough Skin|[of] p1a: Artemis
|-damage|p2a: Kingambit|22/100|[from] item: Rocky Helmet|[of] p1a: Artemis
|faint|p1a: Artemis
|
|-fieldend|move: Trick Room
|upkeep
|
|t:|1757903351
|switch|p1a: Feesh|Barraskewda, F|100/100
|turn|7
|
|t:|1757903361
|-end|p2a: Kingambit|fallenundefined|[silent]
|switch|p2a: Dusclops|Dusclops, M|100/100
|-damage|p2a: Dusclops|88/100|[from] Stealth Rock
|-item|p1a: Feesh|Choice Band|[from] ability: Frisk|[of] p2a: Dusclops
|move|p1a: Feesh|Aqua Jet|p2a: Dusclops
|-crit|p2a: Dusclops
|-damage|p2a: Dusclops|60/100
|
|upkeep
|turn|8
|
|t:|1757903373
|switch|p1a: Lola|Kommo-o, F|100/100
|move|p2a: Dusclops|Will-O-Wisp|p1a: Lola
|-status|p1a: Lola|brn
|
|-damage|p1a: Lola|94/100 brn|[from] brn
|upkeep
|turn|9
|
|t:|1757903386
|move|p1a: Lola|Dragon Claw|p2a: Dusclops
|-damage|p2a: Dusclops|49/100
|move|p2a: Dusclops|Trick Room|p2a: Dusclops
|-fieldstart|move: Trick Room|[of] p2a: Dusclops
|
|-damage|p1a: Lola|88/100 brn|[from] brn
|upkeep
|turn|10
|
|t:|1757903395
|switch|p2a: Hatterene|Hatterene, F|100/100
|-damage|p2a: Hatterene|88/100|[from] Stealth Rock
|switch|p1a: The Being|Toxapex, F|100/100
|
|upkeep
|turn|11
|
|t:|1757903418
|switch|p2a: Dondozo|Dondozo, F|100/100
|-damage|p2a: Dondozo|88/100|[from] Stealth Rock
|move|p1a: The Being|Baneful Bunker||[still]
|-fail|p1a: The Being
|
|-heal|p2a: Dondozo|94/100|[from] item: Leftovers
|upkeep
|turn|12
|
|t:|1757903430
|move|p1a: The Being|Toxic|p2a: Dondozo
|-status|p2a: Dondozo|tox
|move|p2a: Dondozo|Curse|p2a: Dondozo
|-unboost|p2a: Dondozo|spe|1
|-boost|p2a: Dondozo|atk|1
|-boost|p2a: Dondozo|def|1
|
|-heal|p2a: Dondozo|100/100 tox|[from] item: Leftovers
|-damage|p2a: Dondozo|94/100 tox|[from] psn
|upkeep
|turn|13
|
|t:|1757903454
|move|p2a: Dondozo|Curse|p2a: Dondozo
|-unboost|p2a: Dondozo|spe|1
|-boost|p2a: Dondozo|atk|1
|-boost|p2a: Dondozo|def|1
|move|p1a: The Being|Stockpile|p1a: The Being
|-start|p1a: The Being|stockpile1
|-boost|p1a: The Being|def|1
|-boost|p1a: The Being|spd|1
|
|-heal|p2a: Dondozo|100/100 tox|[from] item: Leftovers
|-damage|p2a: Dondozo|88/100 tox|[from] psn
|-fieldend|move: Trick Room
|upkeep
|turn|14
|
|t:|1757903474
|move|p1a: The Being|Baneful Bunker|p1a: The Being
|-singleturn|p1a: The Being|move: Protect
|move|p2a: Dondozo|Curse|p2a: Dondozo
|-unboost|p2a: Dondozo|spe|1
|-boost|p2a: Dondozo|atk|1
|-boost|p2a: Dondozo|def|1
|
|-heal|p2a: Dondozo|94/100 tox|[from] item: Leftovers
|-damage|p2a: Dondozo|76/100 tox|[from] psn
|upkeep
|turn|15
|inactive|theshinybuizel has 120 seconds left.
|
|t:|1757903491
|move|p1a: The Being|Stockpile|p1a: The Being
|-start|p1a: The Being|stockpile2
|-boost|p1a: The Being|def|1
|-boost|p1a: The Being|spd|1
|move|p2a: Dondozo|Curse|p2a: Dondozo
|-unboost|p2a: Dondozo|spe|1
|-boost|p2a: Dondozo|atk|1
|-boost|p2a: Dondozo|def|1
|
|-heal|p2a: Dondozo|82/100 tox|[from] item: Leftovers
|-damage|p2a: Dondozo|57/100 tox|[from] psn
|upkeep
|turn|16
|inactive|theshinybuizel has 120 seconds left.
|
|t:|1757903504
|move|p1a: The Being|Chilling Water|p2a: Dondozo
|-resisted|p2a: Dondozo
|-damage|p2a: Dondozo|53/100 tox
|-unboost|p2a: Dondozo|atk|1
|move|p2a: Dondozo|Rest|p2a: Dondozo
|-status|p2a: Dondozo|slp|[from] move: Rest
|-heal|p2a: Dondozo|100/100 slp|[silent]
|
|upkeep
|turn|17
|inactive|theshinybuizel has 120 seconds left.
|
|t:|1757903516
|switch|p1a: Hazel|Espeon, F|100/100
|cant|p2a: Dondozo|slp
|
|upkeep
|turn|18
|
|t:|1757903523
|move|p1a: Hazel|Hyper Voice|p2a: Dondozo
|-damage|p2a: Dondozo|29/100 slp
|cant|p2a: Dondozo|slp
|
|-heal|p2a: Dondozo|35/100 slp|[from] item: Leftovers
|upkeep
|turn|19
|
|t:|1757903534
|switch|p2a: Dusclops|Dusclops, M|49/100
|-damage|p2a: Dusclops|36/100|[from] Stealth Rock
|-item|p1a: Hazel|Choice Specs|[from] ability: Frisk|[of] p2a: Dusclops
|move|p1a: Hazel|Hyper Voice|p2a: Dusclops
|-immune|p2a: Dusclops
|
|upkeep
|turn|20
|
|t:|1757903549
|switch|p1a: Lola|Kommo-o, F|88/100 brn
|move|p2a: Dusclops|Trick Room|p2a: Dusclops
|-fieldstart|move: Trick Room|[of] p2a: Dusclops
|
|-damage|p1a: Lola|82/100 brn|[from] brn
|upkeep
|turn|21
|
|t:|1757903558
|move|p2a: Dusclops|Memento|p1a: Lola
|-unboost|p1a: Lola|atk|2
|-unboost|p1a: Lola|spa|2
|faint|p2a: Dusclops
|move|p1a: Lola|Clangorous Soul|p1a: Lola
|-boost|p1a: Lola|atk|1
|-boost|p1a: Lola|def|1
|-boost|p1a: Lola|spa|1
|-boost|p1a: Lola|spd|1
|-boost|p1a: Lola|spe|1
|-damage|p1a: Lola|49/100 brn
|
|-damage|p1a: Lola|43/100 brn|[from] brn
|upkeep
|
|t:|1757903584
|switch|p2a: Kingambit|Kingambit, F|22/100
|-damage|p2a: Kingambit|16/100|[from] Stealth Rock
|-activate|p2a: Kingambit|ability: Supreme Overlord
|-start|p2a: Kingambit|fallen1|[silent]
|turn|22
|
|t:|1757903589
|move|p2a: Kingambit|Iron Head|p1a: Lola
|-damage|p1a: Lola|10/100 brn
|move|p1a: Lola|Drain Punch|p2a: Kingambit
|-supereffective|p2a: Kingambit
|-damage|p2a: Kingambit|0 fnt
|-heal|p1a: Lola|21/100 brn|[from] drain|[of] p2a: Kingambit
|faint|p2a: Kingambit
|-end|p2a: Kingambit|fallen1|[silent]
|
|-damage|p1a: Lola|15/100 brn|[from] brn
|upkeep
|
|t:|1757903595
|switch|p2a: Hatterene|Hatterene, F|88/100
|-damage|p2a: Hatterene|76/100|[from] Stealth Rock
|turn|23
|
|t:|1757903607
|move|p2a: Hatterene|Dazzling Gleam|p1a: Lola
|-supereffective|p1a: Lola
|-damage|p1a: Lola|0 fnt
|faint|p1a: Lola
|-damage|p2a: Hatterene|66/100|[from] item: Life Orb
|
|upkeep
|
|t:|1757903618
|switch|p1a: The Being|Toxapex, F|100/100
|turn|24
|
|t:|1757903629
|switch|p1a: Hazel|Espeon, F|100/100
|move|p2a: Hatterene|Dazzling Gleam|p1a: Hazel
|-damage|p1a: Hazel|14/100
|-damage|p2a: Hatterene|56/100|[from] item: Life Orb
|
|-fieldend|move: Trick Room
|upkeep
|turn|25
|
|t:|1757903640
|move|p1a: Hazel|Shadow Ball|p2a: Hatterene
|-supereffective|p2a: Hatterene
|-damage|p2a: Hatterene|0 fnt
|faint|p2a: Hatterene
|
|upkeep
|
|t:|1757903647
|switch|p2a: Uxie|Uxie|100/100
|-damage|p2a: Uxie|88/100|[from] Stealth Rock
|turn|26
|
|t:|1757903654
|switch|p1a: The Being|Toxapex, F|100/100
|move|p2a: Uxie|U-turn|p1a: The Being
|-resisted|p1a: The Being
|-damage|p1a: The Being|87/100
|replace|p1a: Eris|Zoroark-Hisui, F, shiny
|-end|p1a: Eris|Illusion
|
|t:|1757903669
|switch|p2a: Dondozo|Dondozo, F|35/100 slp|[from] U-turn
|-damage|p2a: Dondozo|23/100 slp|[from] Stealth Rock
|
|-heal|p2a: Dondozo|29/100 slp|[from] item: Leftovers
|upkeep
|turn|27
|
|t:|1757903679
|move|p1a: Eris|Bitter Malice|p2a: Dondozo
|-damage|p2a: Dondozo|0 fnt
|faint|p2a: Dondozo
|
|upkeep
|-message|upover forfeited.
|
|win|theshinybuizel
|raw|theshinybuizel's rating: 1103 &rarr; <strong>1126</strong><br />(+23 for winning)
|raw|upover's rating: 1073 &rarr; <strong>1054</strong><br />(-19 for losing)
|l|☆upover
|player|p2|
|l|☆theshinybuizel
|player|p1|
