|j|☆SittinGamer
|j|‽myree
|t:|1757915281
|gametype|singles
|player|p1|SittinGamer|dawn-gen4pt|1576
|player|p2|myree|benga|1592
|gen|9
|tier|[Gen 9] OU
|rated|
|rule|HP Percentage Mod: HP is shown in percentages
|rule|Endless Battle Clause: Forcing endless battles is banned
|rule|Species Clause: Limit one of each Pokémon
|rule|OHKO Clause: OHKO moves are banned
|rule|Evasion Items Clause: Evasion items are banned
|rule|Evasion Moves Clause: Evasion moves are banned
|rule|Evasion Abilities Clause: Evasion abilities are banned
|rule|Sleep Moves Clause: Sleep-inducing moves are banned
|clearpoke
|poke|p1|Infernape, M|
|poke|p1|Samurott-Hisui, F|
|poke|p1|Gholdengo|
|poke|p1|Hatterene, F|
|poke|p1|Great Tusk|
|poke|p1|Zamazenta-*|
|poke|p2|Tinkaton, F|
|poke|p2|Ting-Lu|
|poke|p2|Iron Treads|
|poke|p2|Gholdengo|
|poke|p2|Hydrapple, F|
|poke|p2|Goodra-Hisui, M|
|teampreview
|
|t:|1757915288
|teamsize|p1|6
|teamsize|p2|6
|start
|switch|p1a: Infernape|Infernape, M|100/100
|switch|p2a: Hydrapple|Hydrapple, F|100/100
|turn|1
|
|t:|1757915295
|move|p1a: Infernape|Stealth Rock|p2a: Hydrapple
|-sidestart|p2: myree|move: Stealth Rock
|move|p2a: Hydrapple|Fickle Beam|p1a: Infernape
|-damage|p1a: Infernape|33/100
|
|upkeep
|turn|2
|
|t:|1757915304
|-terastallize|p1a: Infernape|Fire
|move|p1a: Infernape|Overheat|p2a: Hydrapple
|-damage|p2a: Hydrapple|0 fnt
|-unboost|p1a: Infernape|spa|2
|faint|p2a: Hydrapple
|
|upkeep
|
|t:|1757915319
|switch|p2a: Ting-Lu|Ting-Lu|100/100
|-damage|p2a: Ting-Lu|94/100|[from] Stealth Rock
|-ability|p2a: Ting-Lu|Vessel of Ruin
|turn|3
|
|t:|1757915323
|switch|p1a: Hatterene|Hatterene, F|100/100
|move|p2a: Ting-Lu|Earthquake|p1a: Hatterene
|-damage|p1a: Hatterene|61/100
|
|-heal|p2a: Ting-Lu|100/100|[from] item: Leftovers
|upkeep
|turn|4
|
|t:|1757915333
|move|p2a: Ting-Lu|Ruination|p1a: Hatterene
|-damage|p1a: Hatterene|31/100
|move|p1a: Hatterene|Draining Kiss|p2a: Ting-Lu
|-supereffective|p2a: Ting-Lu
|-damage|p2a: Ting-Lu|77/100
|-heal|p1a: Hatterene|59/100|[from] drain|[of] p2a: Ting-Lu
|
|-heal|p2a: Ting-Lu|83/100|[from] item: Leftovers
|upkeep
|turn|5
|
|t:|1757915339
|switch|p2a: Goodra|Goodra-Hisui, M|100/100
|-damage|p2a: Goodra|94/100|[from] Stealth Rock
|move|p1a: Hatterene|Draining Kiss|p2a: Goodra
|-damage|p2a: Goodra|76/100
|-heal|p1a: Hatterene|74/100|[from] drain|[of] p2a: Goodra
|-ability|p2a: Goodra|Gooey
|-unboost|p1a: Hatterene|spe|1
|
|-heal|p2a: Goodra|83/100|[from] item: Leftovers
|upkeep
|turn|6
|
|t:|1757915344
|switch|p1a: Samurott|Samurott-Hisui, F|100/100
|move|p2a: Goodra|Sludge Bomb|p1a: Samurott
|-damage|p1a: Samurott|78/100
|-status|p1a: Samurott|psn
|
|-heal|p2a: Goodra|89/100|[from] item: Leftovers
|-damage|p1a: Samurott|65/100 psn|[from] psn
|upkeep
|turn|7
|
|t:|1757915359
|switch|p2a: Tinkaton|Tinkaton, F|100/100
|-damage|p2a: Tinkaton|94/100|[from] Stealth Rock
|-item|p2a: Tinkaton|Air Balloon
|move|p1a: Samurott|Ceaseless Edge|p2a: Tinkaton
|-resisted|p2a: Tinkaton
|-damage|p2a: Tinkaton|69/100
|-enditem|p2a: Tinkaton|Air Balloon
|-sidestart|p2: myree|Spikes
|-enditem|p1a: Samurott|Assault Vest|[silent]|[from] ability: Pickpocket|[of] p1a: Samurott
|-item|p2a: Tinkaton|Assault Vest|[from] ability: Pickpocket|[of] p1a: Samurott
|
|-damage|p1a: Samurott|53/100 psn|[from] psn
|upkeep
|turn|8
|
|t:|1757915369
|move|p2a: Tinkaton|Gigaton Hammer|p1a: Samurott
|-resisted|p1a: Samurott
|-damage|p1a: Samurott|30/100 psn
|move|p1a: Samurott|Razor Shell|p2a: Tinkaton
|-damage|p2a: Tinkaton|16/100
|-unboost|p2a: Tinkaton|def|1
|
|-damage|p1a: Samurott|17/100 psn|[from] psn
|upkeep
|turn|9
|
|t:|1757915386
|move|p1a: Samurott|Aqua Jet|p2a: Tinkaton
|-damage|p2a: Tinkaton|0 fnt
|faint|p2a: Tinkaton
|
|-damage|p1a: Samurott|5/100 psn|[from] psn
|upkeep
|
|t:|1757915401
|switch|p2a: Ting-Lu|Ting-Lu|83/100
|-damage|p2a: Ting-Lu|77/100|[from] Stealth Rock
|-damage|p2a: Ting-Lu|65/100|[from] Spikes
|-ability|p2a: Ting-Lu|Vessel of Ruin
|turn|10
|
|t:|1757915407
|move|p1a: Samurott|Razor Shell|p2a: Ting-Lu
|-supereffective|p2a: Ting-Lu
|-damage|p2a: Ting-Lu|12/100
|-unboost|p2a: Ting-Lu|def|1
|move|p2a: Ting-Lu|Earthquake|p1a: Samurott
|-damage|p1a: Samurott|0 fnt
|faint|p1a: Samurott
|
|-heal|p2a: Ting-Lu|18/100|[from] item: Leftovers
|upkeep
|
|t:|1757915412
|switch|p1a: Great Tusk|Great Tusk|100/100
|-enditem|p1a: Great Tusk|Booster Energy
|-activate|p1a: Great Tusk|ability: Protosynthesis|[fromitem]
|-start|p1a: Great Tusk|protosynthesisatk
|turn|11
|
|t:|1757915418
|move|p1a: Great Tusk|Ice Spinner|p2a: Ting-Lu
|-supereffective|p2a: Ting-Lu
|-crit|p2a: Ting-Lu
|-damage|p2a: Ting-Lu|0 fnt
|faint|p2a: Ting-Lu
|
|upkeep
|
|t:|1757915421
|switch|p2a: Gholdengo|Gholdengo|100/100
|-damage|p2a: Gholdengo|94/100|[from] Stealth Rock
|-item|p2a: Gholdengo|Air Balloon
|turn|12
|
|t:|1757915423
|move|p1a: Great Tusk|Knock Off|p2a: Gholdengo
|-supereffective|p2a: Gholdengo
|-damage|p2a: Gholdengo|20/100
|-enditem|p2a: Gholdengo|Air Balloon
|move|p2a: Gholdengo|Make It Rain|p1a: Great Tusk
|-damage|p1a: Great Tusk|6/100
|-unboost|p2a: Gholdengo|spa|1
|
|upkeep
|turn|13
|
|t:|1757915428
|move|p1a: Great Tusk|Knock Off|p2a: Gholdengo
|-supereffective|p2a: Gholdengo
|-damage|p2a: Gholdengo|0 fnt
|faint|p2a: Gholdengo
|
|upkeep
|
|t:|1757915430
|switch|p2a: Iron Treads|Iron Treads|100/100
|-damage|p2a: Iron Treads|98/100|[from] Stealth Rock
|-damage|p2a: Iron Treads|85/100|[from] Spikes
|turn|14
|
|t:|1757915435
|-end|p1a: Great Tusk|Protosynthesis|[silent]
|switch|p1a: Gholdengo|Gholdengo|100/100
|move|p2a: Iron Treads|Knock Off|p1a: Gholdengo
|-supereffective|p1a: Gholdengo
|-damage|p1a: Gholdengo|19/100
|-enditem|p1a: Gholdengo|Choice Scarf|[from] move: Knock Off|[of] p2a: Iron Treads
|
|upkeep
|turn|15
|
|t:|1757915441
|move|p1a: Gholdengo|Shadow Ball|p2a: Iron Treads
|-damage|p2a: Iron Treads|32/100
|move|p2a: Iron Treads|Earthquake|p1a: Gholdengo
|-supereffective|p1a: Gholdengo
|-damage|p1a: Gholdengo|0 fnt
|faint|p1a: Gholdengo
|
|upkeep
|
|t:|1757915444
|switch|p1a: Zamazenta|Zamazenta|100/100
|-ability|p1a: Zamazenta|Dauntless Shield|boost
|-boost|p1a: Zamazenta|def|1
|turn|16
|
|t:|1757915449
|move|p1a: Zamazenta|Body Press|p2a: Iron Treads
|-supereffective|p2a: Iron Treads
|-damage|p2a: Iron Treads|0 fnt
|faint|p2a: Iron Treads
|-end|p2a: Iron Treads|Quark Drive|[silent]
|
|upkeep
|
|t:|1757915451
|switch|p2a: Goodra|Goodra-Hisui, M|89/100
|-damage|p2a: Goodra|83/100|[from] Stealth Rock
|-damage|p2a: Goodra|70/100|[from] Spikes
|turn|17
|
|t:|1757915454
|move|p1a: Zamazenta|Body Press|p2a: Goodra
|-supereffective|p2a: Goodra
|-damage|p2a: Goodra|0 fnt
|-ability|p2a: Goodra|Gooey
|-unboost|p1a: Zamazenta|spe|1
|faint|p2a: Goodra
|
|win|SittinGamer
|raw|SittinGamer's rating: 1576 &rarr; <strong>1597</strong><br />(+21 for winning)
|raw|myree's rating: 1592 &rarr; <strong>1571</strong><br />(-21 for losing)
|l|☆SittinGamer
|player|p1|
|l|‽myree
|player|p2|
