|j|☆Playm4ker52
|j|☆mega gender
|t:|1757948803
|gametype|singles
|player|p1|Playm4ker52|lucas|1506
|player|p2|mega gender|depotagent|1533
|gen|9
|tier|[Gen 9] OU
|rated|
|rule|HP Percentage Mod: HP is shown in percentages
|rule|Endless Battle Clause: Forcing endless battles is banned
|rule|Species Clause: Limit one of each Pokémon
|rule|OHKO Clause: OHKO moves are banned
|rule|Evasion Items Clause: Evasion items are banned
|rule|Evasion Moves Clause: Evasion moves are banned
|rule|Evasion Abilities Clause: Evasion abilities are banned
|rule|Sleep Moves Clause: Sleep-inducing moves are banned
|clearpoke
|poke|p1|Primarina, F|
|poke|p1|Kyurem|
|poke|p1|Iron Valiant|
|poke|p1|Darkrai|
|poke|p1|Deoxys-Speed|
|poke|p1|Corviknight, M|
|poke|p2|Blissey, F|
|poke|p2|Amoonguss, F|
|poke|p2|Gliscor, M|
|poke|p2|Dondozo, F|
|poke|p2|Alomomola, M|
|poke|p2|Bronzong|
|teampreview
|inactive|Battle timer is ON: inactive players will automatically lose when time's up. (requested by mega gender)
|
|t:|1757948827
|teamsize|p1|6
|teamsize|p2|6
|start
|switch|p1a: Deoxys|Deoxys-Speed|100/100
|switch|p2a: Amoonguss|Amoonguss, F|100/100
|-ability|p1a: Deoxys|Pressure
|turn|1
|
|t:|1757948834
|switch|p2a: Bronzong|Bronzong|100/100
|move|p1a: Deoxys|Psycho Boost|p2a: Bronzong|[miss]
|-miss|p1a: Deoxys|p2a: Bronzong
|
|upkeep
|turn|2
|
|t:|1757948845
|move|p2a: Bronzong|Protect|p2a: Bronzong
|-singleturn|p2a: Bronzong|Protect
|move|p1a: Deoxys|Reflect|p1a: Deoxys
|-sidestart|p1: Playm4ker52|Reflect
|
|upkeep
|turn|3
|
|t:|1757948858
|switch|p1a: Primarina|Primarina, F|100/100
|move|p2a: Bronzong|Stealth Rock|p1a: Primarina
|-sidestart|p1: Playm4ker52|move: Stealth Rock
|
|upkeep
|turn|4
|
|t:|1757948864
|switch|p2a: Blissey|Blissey, F|100/100
|move|p1a: Primarina|Surf|p2a: Blissey
|-damage|p2a: Blissey|85/100
|
|upkeep
|turn|5
|inactive|Playm4ker52 has 120 seconds left.
|l|☆Playm4ker52
|inactive|Playm4ker52 disconnected and has a minute to reconnect!
|player|p1|
|j|☆Playm4ker52
|inactive|Playm4ker52 reconnected and has 105 seconds left.
|player|p1|Playm4ker52|lucas|
|l|☆mega gender
|inactive|mega gender disconnected and has a minute to reconnect!
|player|p2|
|j|☆mega gender
|inactive|mega gender reconnected.
|player|p2|mega gender|depotagent|
|inactive|Playm4ker52 has 90 seconds left.
|
|t:|1757948927
|move|p1a: Primarina|Moonblast|p2a: Blissey
|-damage|p2a: Blissey|70/100
|move|p2a: Blissey|Seismic Toss|p1a: Primarina
|-damage|p1a: Primarina|67/100
|
|upkeep
|turn|6
|
|t:|1757948933
|move|p1a: Primarina|Draining Kiss|p2a: Blissey
|-damage|p2a: Blissey|61/100
|-heal|p1a: Primarina|81/100|[from] drain|[of] p2a: Blissey
|move|p2a: Blissey|Seismic Toss|p1a: Primarina
|-damage|p1a: Primarina|48/100
|
|upkeep
|turn|7
|
|t:|1757948946
|switch|p1a: Corviknight|Corviknight, M|100/100
|-damage|p1a: Corviknight|88/100|[from] Stealth Rock
|-ability|p1a: Corviknight|Pressure
|move|p2a: Blissey|Seismic Toss|p1a: Corviknight
|-damage|p1a: Corviknight|63/100
|-damage|p2a: Blissey|45/100|[from] item: Rocky Helmet|[of] p1a: Corviknight
|
|upkeep
|turn|8
|
|t:|1757948957
|move|p1a: Corviknight|Defog|p2a: Blissey
|-unboost|p2a: Blissey|evasion|1
|-sideend|p1: Playm4ker52|Stealth Rock|[from] move: Defog|[of] p1a: Corviknight
|move|p2a: Blissey|Soft-Boiled|p2a: Blissey
|-heal|p2a: Blissey|95/100
|
|upkeep
|turn|9
|
|t:|1757948962
|move|p1a: Corviknight|Body Press|p2a: Blissey
|-supereffective|p2a: Blissey
|-damage|p2a: Blissey|39/100
|move|p2a: Blissey|Flamethrower|p1a: Corviknight
|-supereffective|p1a: Corviknight
|-damage|p1a: Corviknight|30/100
|
|-sideend|p1: Playm4ker52|Reflect
|upkeep
|turn|10
|
|t:|1757948970
|switch|p2a: Alomomola|Alomomola, M|100/100
|move|p1a: Corviknight|Roost|p1a: Corviknight
|-heal|p1a: Corviknight|80/100
|-singleturn|p1a: Corviknight|move: Roost
|
|upkeep
|turn|11
|
|t:|1757948976
|move|p1a: Corviknight|U-turn|p2a: Alomomola
|-crit|p2a: Alomomola
|-damage|p2a: Alomomola|87/100
|
|t:|1757948993
|switch|p1a: Deoxys|Deoxys-Speed|100/100|[from] U-turn
|-ability|p1a: Deoxys|Pressure
|move|p2a: Alomomola|Scald|p1a: Deoxys
|-damage|p1a: Deoxys|84/100
|
|upkeep
|turn|12
|
|t:|1757949004
|move|p1a: Deoxys|Light Screen|p1a: Deoxys
|-sidestart|p1: Playm4ker52|move: Light Screen
|move|p2a: Alomomola|Flip Turn|p1a: Deoxys
|-damage|p1a: Deoxys|63/100
|
|t:|1757949014
|switch|p2a: Bronzong|Bronzong|100/100|[from] Flip Turn
|
|upkeep
|turn|13
|
|t:|1757949021
|move|p1a: Deoxys|Taunt|p2a: Bronzong
|-start|p2a: Bronzong|move: Taunt
|cant|p2a: Bronzong|move: Taunt|Stealth Rock
|
|upkeep
|turn|14
|
|t:|1757949026
|move|p1a: Deoxys|Reflect|p1a: Deoxys
|-sidestart|p1: Playm4ker52|Reflect
|move|p2a: Bronzong|Body Press|p1a: Deoxys
|-resisted|p1a: Deoxys
|-damage|p1a: Deoxys|57/100
|
|upkeep
|turn|15
|
|t:|1757949035
|switch|p1a: Corviknight|Corviknight, M|80/100
|-ability|p1a: Corviknight|Pressure
|switch|p2a: Alomomola|Alomomola, M|100/100
|
|upkeep
|turn|16
|
|t:|1757949042
|move|p1a: Corviknight|Body Press|p2a: Alomomola
|-damage|p2a: Alomomola|83/100
|move|p2a: Alomomola|Scald|p1a: Corviknight
|-damage|p1a: Corviknight|73/100
|-status|p1a: Corviknight|brn
|
|-damage|p1a: Corviknight|67/100 brn|[from] brn
|upkeep
|turn|17
|
|t:|1757949048
|move|p1a: Corviknight|U-turn|p2a: Alomomola
|-damage|p2a: Alomomola|79/100
|
|t:|1757949053
|switch|p1a: Primarina|Primarina, F|48/100|[from] U-turn
|move|p2a: Alomomola|Scald|p1a: Primarina
|-resisted|p1a: Primarina
|-damage|p1a: Primarina|46/100
|-status|p1a: Primarina|brn
|
|-damage|p1a: Primarina|40/100 brn|[from] brn
|upkeep
|turn|18
|
|t:|1757949059
|switch|p2a: Blissey|Blissey, F|39/100
|move|p1a: Primarina|Draining Kiss|p2a: Blissey
|-damage|p2a: Blissey|31/100
|-heal|p1a: Primarina|53/100 brn|[from] drain|[of] p2a: Blissey
|
|-damage|p1a: Primarina|48/100 brn|[from] brn
|upkeep
|turn|19
|
|t:|1757949071
|move|p1a: Primarina|Moonblast|p2a: Blissey
|-damage|p2a: Blissey|15/100
|move|p2a: Blissey|Soft-Boiled|p2a: Blissey
|-heal|p2a: Blissey|65/100
|
|-damage|p1a: Primarina|42/100 brn|[from] brn
|-sideend|p1: Playm4ker52|move: Light Screen
|upkeep
|turn|20
|
|t:|1757949089
|move|p1a: Primarina|Moonblast|p2a: Blissey
|-damage|p2a: Blissey|47/100
|move|p2a: Blissey|Flamethrower|p1a: Primarina
|-resisted|p1a: Primarina
|-damage|p1a: Primarina|37/100 brn
|
|-damage|p1a: Primarina|31/100 brn|[from] brn
|upkeep
|turn|21
|
|t:|1757949096
|move|p1a: Primarina|Moonblast|p2a: Blissey
|-damage|p2a: Blissey|30/100
|move|p2a: Blissey|Soft-Boiled|p2a: Blissey
|-heal|p2a: Blissey|80/100
|
|-damage|p1a: Primarina|25/100 brn|[from] brn
|-sideend|p1: Playm4ker52|Reflect
|upkeep
|turn|22
|
|t:|1757949105
|switch|p1a: Corviknight|Corviknight, M|67/100 brn
|-ability|p1a: Corviknight|Pressure
|move|p2a: Blissey|Seismic Toss|p1a: Corviknight
|-damage|p1a: Corviknight|42/100 brn
|-damage|p2a: Blissey|64/100|[from] item: Rocky Helmet|[of] p1a: Corviknight
|
|-damage|p1a: Corviknight|36/100 brn|[from] brn
|upkeep
|turn|23
|
|t:|1757949117
|switch|p2a: Gliscor|Gliscor, M|100/100
|move|p1a: Corviknight|Body Press|p2a: Gliscor
|-resisted|p2a: Gliscor
|-damage|p2a: Gliscor|95/100
|
|-damage|p1a: Corviknight|30/100 brn|[from] brn
|-status|p2a: Gliscor|tox|[from] item: Toxic Orb
|upkeep
|turn|24
|
|t:|1757949124
|move|p2a: Gliscor|Knock Off|p1a: Corviknight
|-damage|p1a: Corviknight|16/100 brn
|-damage|p2a: Gliscor|79/100 tox|[from] item: Rocky Helmet|[of] p1a: Corviknight
|-enditem|p1a: Corviknight|Rocky Helmet|[from] move: Knock Off|[of] p2a: Gliscor
|move|p1a: Corviknight|Roost|p1a: Corviknight
|-heal|p1a: Corviknight|66/100 brn
|-singleturn|p1a: Corviknight|move: Roost
|
|-heal|p2a: Gliscor|91/100 tox|[from] ability: Poison Heal
|-damage|p1a: Corviknight|59/100 brn|[from] brn
|upkeep
|turn|25
|
|t:|1757949131
|move|p2a: Gliscor|Spikes|p1a: Corviknight
|-sidestart|p1: Playm4ker52|Spikes
|move|p1a: Corviknight|Roost|p1a: Corviknight
|-heal|p1a: Corviknight|100/100 brn
|-singleturn|p1a: Corviknight|move: Roost
|
|-heal|p2a: Gliscor|100/100 tox|[from] ability: Poison Heal
|-damage|p1a: Corviknight|94/100 brn|[from] brn
|upkeep
|turn|26
|
|t:|1757949138
|switch|p2a: Alomomola|Alomomola, M|100/100
|move|p1a: Corviknight|Defog|p2a: Alomomola
|-unboost|p2a: Alomomola|evasion|1
|-sideend|p1: Playm4ker52|Spikes|[from] move: Defog|[of] p1a: Corviknight
|
|-damage|p1a: Corviknight|88/100 brn|[from] brn
|upkeep
|turn|27
|
|t:|1757949150
|move|p1a: Corviknight|U-turn|p2a: Alomomola
|-damage|p2a: Alomomola|96/100
|
|t:|1757949168
|switch|p1a: Primarina|Primarina, F|25/100 brn|[from] U-turn
|move|p2a: Alomomola|Scald|p1a: Primarina
|-resisted|p1a: Primarina
|-damage|p1a: Primarina|22/100 brn
|
|-damage|p1a: Primarina|16/100 brn|[from] brn
|upkeep
|turn|28
|
|t:|1757949175
|move|p1a: Primarina|Draining Kiss|p2a: Alomomola
|-damage|p2a: Alomomola|70/100
|-heal|p1a: Primarina|46/100 brn|[from] drain|[of] p2a: Alomomola
|move|p2a: Alomomola|Wish|p2a: Alomomola
|
|-damage|p1a: Primarina|40/100 brn|[from] brn
|upkeep
|turn|29
|
|t:|1757949182
|switch|p2a: Blissey|Blissey, F|64/100
|move|p1a: Primarina|Draining Kiss|p2a: Blissey
|-damage|p2a: Blissey|55/100
|-heal|p1a: Primarina|55/100 brn|[from] drain|[of] p2a: Blissey
|
|-heal|p2a: Blissey|91/100|[from] move: Wish|[wisher] Alomomola
|-damage|p1a: Primarina|49/100 brn|[from] brn
|upkeep
|turn|30
|
|t:|1757949191
|move|p1a: Primarina|Draining Kiss|p2a: Blissey
|-damage|p2a: Blissey|82/100
|-heal|p1a: Primarina|63/100 brn|[from] drain|[of] p2a: Blissey
|move|p2a: Blissey|Seismic Toss|p1a: Primarina
|-damage|p1a: Primarina|30/100 brn
|
|-damage|p1a: Primarina|24/100 brn|[from] brn
|upkeep
|turn|31
|
|t:|1757949217
|move|p1a: Primarina|Surf|p2a: Blissey
|-damage|p2a: Blissey|60/100
|move|p2a: Blissey|Calm Mind|p2a: Blissey
|-boost|p2a: Blissey|spa|1
|-boost|p2a: Blissey|spd|1
|
|-damage|p1a: Primarina|18/100 brn|[from] brn
|upkeep
|turn|32
|inactive|Playm4ker52 has 120 seconds left.
|
|t:|1757949246
|move|p1a: Primarina|Surf|p2a: Blissey
|-damage|p2a: Blissey|45/100
|move|p2a: Blissey|Seismic Toss|p1a: Primarina
|-damage|p1a: Primarina|0 fnt
|faint|p1a: Primarina
|
|upkeep
|
|t:|1757949252
|switch|p1a: Kyurem|Kyurem|100/100
|-ability|p1a: Kyurem|Pressure
|turn|33
|
|t:|1757949263
|switch|p2a: Bronzong|Bronzong|100/100
|move|p1a: Kyurem|Scale Shot|p2a: Bronzong
|-resisted|p2a: Bronzong
|-damage|p2a: Bronzong|94/100
|-resisted|p2a: Bronzong
|-damage|p2a: Bronzong|87/100
|-resisted|p2a: Bronzong
|-crit|p2a: Bronzong
|-damage|p2a: Bronzong|77/100
|-resisted|p2a: Bronzong
|-damage|p2a: Bronzong|70/100
|-hitcount|p2a: Bronzong|4
|-unboost|p1a: Kyurem|def|1
|-boost|p1a: Kyurem|spe|1
|
|-heal|p2a: Bronzong|77/100|[from] item: Leftovers
|upkeep
|turn|34
|
|t:|1757949284
|switch|p1a: Corviknight|Corviknight, M|88/100 brn
|-ability|p1a: Corviknight|Pressure
|move|p2a: Bronzong|Body Press|p1a: Corviknight
|-damage|p1a: Corviknight|75/100 brn
|
|-heal|p2a: Bronzong|83/100|[from] item: Leftovers
|-damage|p1a: Corviknight|69/100 brn|[from] brn
|upkeep
|turn|35
|
|t:|1757949293
|switch|p2a: Gliscor|Gliscor, M|100/100 tox
|move|p1a: Corviknight|U-turn|p2a: Gliscor
|-resisted|p2a: Gliscor
|-damage|p2a: Gliscor|98/100 tox
|
|t:|1757949300
|switch|p1a: Kyurem|Kyurem|100/100|[from] U-turn
|-ability|p1a: Kyurem|Pressure
|
|-heal|p2a: Gliscor|100/100 tox|[from] ability: Poison Heal
|upkeep
|turn|36
|
|t:|1757949313
|switch|p1a: Darkrai|Darkrai|100/100
|switch|p2a: Bronzong|Bronzong|83/100
|
|-heal|p2a: Bronzong|89/100|[from] item: Leftovers
|upkeep
|turn|37
|
|t:|1757949321
|switch|p2a: Blissey|Blissey, F|45/100
|move|p1a: Darkrai|Nasty Plot|p1a: Darkrai
|-boost|p1a: Darkrai|spa|2
|
|upkeep
|turn|38
|inactive|Playm4ker52 has 90 seconds left.
|
|t:|1757949363
|-terastallize|p2a: Blissey|Dark
|move|p1a: Darkrai|Dark Pulse|p2a: Blissey
|-resisted|p2a: Blissey
|-damage|p2a: Blissey|28/100
|-damage|p1a: Darkrai|91/100|[from] item: Life Orb
|move|p2a: Blissey|Soft-Boiled|p2a: Blissey
|-heal|p2a: Blissey|78/100
|
|upkeep
|turn|39
|
|t:|1757949378
|move|p1a: Darkrai|Sludge Bomb|p2a: Blissey
|-damage|p2a: Blissey|53/100
|-status|p2a: Blissey|psn
|-damage|p1a: Darkrai|81/100|[from] item: Life Orb
|move|p2a: Blissey|Seismic Toss|p1a: Darkrai
|-damage|p1a: Darkrai|45/100
|
|-damage|p2a: Blissey|41/100 psn|[from] psn
|upkeep
|turn|40
|
|t:|1757949388
|move|p1a: Darkrai|Nasty Plot|p1a: Darkrai
|-boost|p1a: Darkrai|spa|2
|move|p2a: Blissey|Soft-Boiled|p2a: Blissey
|-heal|p2a: Blissey|91/100 psn
|
|-damage|p2a: Blissey|79/100 psn|[from] psn
|upkeep
|turn|41
|
|t:|1757949411
|-curestatus|p2a: Blissey|psn|[from] ability: Natural Cure
|switch|p2a: Dondozo|Dondozo, F|100/100
|move|p1a: Darkrai|Sludge Bomb|p2a: Dondozo
|-damage|p2a: Dondozo|59/100
|-damage|p1a: Darkrai|35/100|[from] item: Life Orb
|
|upkeep
|turn|42
|
|t:|1757949421
|move|p1a: Darkrai|Dark Pulse|p2a: Dondozo
|-damage|p2a: Dondozo|8/100
|-damage|p1a: Darkrai|25/100|[from] item: Life Orb
|move|p2a: Dondozo|Rest|p2a: Dondozo
|-status|p2a: Dondozo|slp|[from] move: Rest
|-heal|p2a: Dondozo|100/100 slp|[silent]
|
|-damage|p2a: Dondozo|88/100 slp|[from] ability: Bad Dreams|[of] p1a: Darkrai
|upkeep
|turn|43
|
|t:|1757949428
|switch|p2a: Blissey|Blissey, F, tera:Dark|79/100
|move|p1a: Darkrai|Nasty Plot|p1a: Darkrai
|-boost|p1a: Darkrai|spa|2
|
|upkeep
|turn|44
|
|t:|1757949442
|move|p1a: Darkrai|Sludge Bomb|p2a: Blissey
|-damage|p2a: Blissey|24/100
|-damage|p1a: Darkrai|15/100|[from] item: Life Orb
|move|p2a: Blissey|Seismic Toss|p1a: Darkrai
|-damage|p1a: Darkrai|0 fnt
|faint|p1a: Darkrai
|
|upkeep
|
|t:|1757949457
|switch|p1a: Kyurem|Kyurem|100/100
|-ability|p1a: Kyurem|Pressure
|turn|45
|
|t:|1757949468
|switch|p2a: Bronzong|Bronzong|89/100
|move|p1a: Kyurem|Scale Shot|p2a: Bronzong
|-resisted|p2a: Bronzong
|-damage|p2a: Bronzong|83/100
|-resisted|p2a: Bronzong
|-damage|p2a: Bronzong|76/100
|-resisted|p2a: Bronzong
|-damage|p2a: Bronzong|70/100
|-resisted|p2a: Bronzong
|-damage|p2a: Bronzong|64/100
|-resisted|p2a: Bronzong
|-damage|p2a: Bronzong|57/100
|-hitcount|p2a: Bronzong|5
|-unboost|p1a: Kyurem|def|1
|-boost|p1a: Kyurem|spe|1
|
|-heal|p2a: Bronzong|64/100|[from] item: Leftovers
|upkeep
|turn|46
|-message|Playm4ker52 forfeited.
|
|win|mega gender
|raw|Playm4ker52's rating: 1506 &rarr; <strong>1488</strong><br />(-18 for losing)
|raw|mega gender's rating: 1533 &rarr; <strong>1551</strong><br />(+18 for winning)
|l|☆Playm4ker52
|player|p1|
|l|☆mega gender
|player|p2|
