|j|☆evin
|j|☆youjustgotnoobed
|t:|1757812645
|gametype|singles
|player|p1|evin|170|1480
|player|p2|youjustgotnoobed|lady|1521
|gen|9
|tier|[Gen 9] OU
|rated|
|rule|HP Percentage Mod: HP is shown in percentages
|rule|Endless Battle Clause: Forcing endless battles is banned
|rule|Species Clause: Limit one of each Pokémon
|rule|OHKO Clause: OHKO moves are banned
|rule|Evasion Items Clause: Evasion items are banned
|rule|Evasion Moves Clause: Evasion moves are banned
|rule|Evasion Abilities Clause: Evasion abilities are banned
|rule|Sleep Moves Clause: Sleep-inducing moves are banned
|clearpoke
|poke|p1|Primarina, M|
|poke|p1|Pecharunt|
|poke|p1|Hydrapple, F|
|poke|p1|Zamazenta-*|
|poke|p1|Landorus-Therian, M|
|poke|p1|Iron Treads|
|poke|p2|Comfey, M|
|poke|p2|Whimsicott, M|
|poke|p2|Great Tusk|
|poke|p2|Walking Wake|
|poke|p2|Slither Wing|
|poke|p2|Ninetales, F|
|teampreview
|inactive|Battle timer is ON: inactive players will automatically lose when time's up. (requested by youjustgotnoobed)
|
|t:|1757812658
|teamsize|p1|6
|teamsize|p2|6
|start
|switch|p1a: Pecharunt|Pecharunt|100/100
|switch|p2a: Ninetales|Ninetales, F|100/100
|-weather|SunnyDay|[from] ability: Drought|[of] p2a: Ninetales
|turn|1
|inactive|youjustgotnoobed has 120 seconds left.
|
|t:|1757812707
|switch|p2a: Walking Wake|Walking Wake|100/100
|-activate|p2a: Walking Wake|ability: Protosynthesis
|-start|p2a: Walking Wake|protosynthesisspa
|move|p1a: Pecharunt|Malignant Chain|p2a: Walking Wake
|-damage|p2a: Walking Wake|40/100
|-status|p2a: Walking Wake|tox
|-start|p2a: Walking Wake|confusion|[from] ability: Poison Puppeteer|[of] p1a: Pecharunt
|-damage|p1a: Pecharunt|91/100|[from] item: Life Orb
|
|-weather|SunnyDay|[upkeep]
|-damage|p2a: Walking Wake|34/100 tox|[from] psn
|upkeep
|turn|2
|
|t:|1757812722
|switch|p1a: Primarina|Primarina, M|100/100
|-activate|p2a: Walking Wake|confusion
|move|p2a: Walking Wake|Hydro Steam|p1a: Primarina
|-resisted|p1a: Primarina
|-damage|p1a: Primarina|51/100
|
|-weather|SunnyDay|[upkeep]
|-damage|p2a: Walking Wake|22/100 tox|[from] psn
|upkeep
|turn|3
|
|t:|1757812731
|-activate|p2a: Walking Wake|confusion
|-damage|p2a: Walking Wake|15/100 tox|[from] confusion
|move|p1a: Primarina|Calm Mind|p1a: Primarina
|-boost|p1a: Primarina|spa|1
|-boost|p1a: Primarina|spd|1
|
|-weather|SunnyDay|[upkeep]
|-damage|p2a: Walking Wake|0 fnt|[from] psn
|faint|p2a: Walking Wake
|-end|p2a: Walking Wake|Protosynthesis|[silent]
|upkeep
|
|t:|1757812745
|switch|p2a: Ninetales|Ninetales, F|100/100
|turn|4
|
|t:|1757812751
|move|p2a: Ninetales|Encore|p1a: Primarina
|-start|p1a: Primarina|Encore
|move|p1a: Primarina|Calm Mind|p1a: Primarina
|-boost|p1a: Primarina|spa|1
|-boost|p1a: Primarina|spd|1
|
|-weather|SunnyDay|[upkeep]
|upkeep
|turn|5
|inactive|youjustgotnoobed has 120 seconds left.
|inactive|youjustgotnoobed has 90 seconds left.
|
|t:|1757812795
|switch|p2a: Slither Wing|Slither Wing|100/100
|-activate|p2a: Slither Wing|ability: Protosynthesis
|-start|p2a: Slither Wing|protosynthesisatk
|move|p1a: Primarina|Calm Mind|p1a: Primarina
|-boost|p1a: Primarina|spa|1
|-boost|p1a: Primarina|spd|1
|
|-weather|SunnyDay|[upkeep]
|upkeep
|turn|6
|
|t:|1757812801
|move|p2a: Slither Wing|Earthquake|p1a: Primarina
|-damage|p1a: Primarina|0 fnt
|faint|p1a: Primarina
|
|-weather|SunnyDay|[upkeep]
|upkeep
|
|t:|1757812806
|switch|p1a: Landorus|Landorus-Therian, M|100/100
|-ability|p1a: Landorus|Intimidate|boost
|-unboost|p2a: Slither Wing|atk|1
|turn|7
|
|t:|1757812813
|-end|p2a: Slither Wing|Protosynthesis|[silent]
|switch|p2a: Whimsicott|Whimsicott, M|100/100
|-terastallize|p1a: Landorus|Flying
|move|p1a: Landorus|Tera Blast|p2a: Whimsicott|[anim] Tera Blast Flying
|-supereffective|p2a: Whimsicott
|-damage|p2a: Whimsicott|0 fnt
|faint|p2a: Whimsicott
|
|-weather|SunnyDay|[upkeep]
|upkeep
|
|t:|1757812829
|switch|p2a: Ninetales|Ninetales, F|100/100
|turn|8
|
|t:|1757812837
|switch|p1a: Pecharunt|Pecharunt|91/100
|move|p2a: Ninetales|Will-O-Wisp|p1a: Pecharunt|[miss]
|-miss|p2a: Ninetales|p1a: Pecharunt
|
|-weather|none
|upkeep
|turn|9
|
|t:|1757812850
|switch|p2a: Slither Wing|Slither Wing|100/100
|move|p1a: Pecharunt|Malignant Chain|p2a: Slither Wing
|-damage|p2a: Slither Wing|50/100
|-damage|p1a: Pecharunt|81/100|[from] item: Life Orb
|
|upkeep
|turn|10
|
|t:|1757812858
|-terastallize|p2a: Slither Wing|Steel
|move|p1a: Pecharunt|Malignant Chain|p2a: Slither Wing
|-immune|p2a: Slither Wing
|move|p2a: Slither Wing|Earthquake|p1a: Pecharunt
|-supereffective|p1a: Pecharunt
|-damage|p1a: Pecharunt|0 fnt
|faint|p1a: Pecharunt
|
|upkeep
|
|t:|1757812868
|switch|p1a: Zamazenta|Zamazenta|100/100
|-ability|p1a: Zamazenta|Dauntless Shield|boost
|-boost|p1a: Zamazenta|def|1
|turn|11
|
|t:|1757812872
|switch|p1a: Iron Treads|Iron Treads|100/100
|-end|p2a: Slither Wing|Protosynthesis|[silent]
|switch|p2a: Ninetales|Ninetales, F|100/100
|-weather|SunnyDay|[from] ability: Drought|[of] p2a: Ninetales
|
|-weather|SunnyDay|[upkeep]
|upkeep
|turn|12
|
|t:|1757812882
|switch|p2a: Great Tusk|Great Tusk|100/100
|-activate|p2a: Great Tusk|ability: Protosynthesis
|-start|p2a: Great Tusk|protosynthesisatk
|-end|p1a: Iron Treads|Quark Drive|[silent]
|switch|p1a: Hydrapple|Hydrapple, F|100/100
|
|-weather|SunnyDay|[upkeep]
|upkeep
|turn|13
|
|t:|1757812887
|switch|p1a: Zamazenta|Zamazenta|100/100
|move|p2a: Great Tusk|Ice Spinner|p1a: Zamazenta
|-damage|p1a: Zamazenta|70/100
|
|-weather|SunnyDay|[upkeep]
|upkeep
|turn|14
|
|t:|1757812891
|move|p1a: Zamazenta|Iron Defense|p1a: Zamazenta
|-boost|p1a: Zamazenta|def|2
|move|p2a: Great Tusk|Stealth Rock|p1a: Zamazenta
|-sidestart|p1: evin|move: Stealth Rock
|
|-weather|SunnyDay|[upkeep]
|upkeep
|turn|15
|
|t:|1757812894
|-end|p2a: Great Tusk|Protosynthesis|[silent]
|switch|p2a: Ninetales|Ninetales, F|100/100
|move|p1a: Zamazenta|Body Press|p2a: Ninetales
|-damage|p2a: Ninetales|20/100
|
|-weather|SunnyDay|[upkeep]
|upkeep
|turn|16
|
|t:|1757812902
|switch|p2a: Slither Wing|Slither Wing, tera:Steel|50/100
|-activate|p2a: Slither Wing|ability: Protosynthesis
|-start|p2a: Slither Wing|protosynthesisatk
|move|p1a: Zamazenta|Body Press|p2a: Slither Wing
|-supereffective|p2a: Slither Wing
|-damage|p2a: Slither Wing|0 fnt
|faint|p2a: Slither Wing
|-end|p2a: Slither Wing|Protosynthesis|[silent]
|
|-weather|SunnyDay|[upkeep]
|upkeep
|
|t:|1757812904
|switch|p2a: Comfey|Comfey, M|100/100
|turn|17
|
|t:|1757812907
|switch|p1a: Iron Treads|Iron Treads|100/100
|-damage|p1a: Iron Treads|97/100|[from] Stealth Rock
|move|p2a: Comfey|Growth|p2a: Comfey
|-boost|p2a: Comfey|atk|2
|-boost|p2a: Comfey|spa|2
|
|-weather|SunnyDay|[upkeep]
|upkeep
|turn|18
|
|t:|1757812912
|move|p1a: Iron Treads|Iron Head|p2a: Comfey
|-supereffective|p2a: Comfey
|-damage|p2a: Comfey|3/100
|move|p2a: Comfey|Growth|p2a: Comfey
|-boost|p2a: Comfey|atk|2
|-boost|p2a: Comfey|spa|2
|
|-weather|none
|upkeep
|turn|19
|
|t:|1757812918
|move|p2a: Comfey|Draining Kiss|p1a: Iron Treads
|-resisted|p1a: Iron Treads
|-damage|p1a: Iron Treads|71/100
|-heal|p2a: Comfey|28/100|[from] drain|[of] p1a: Iron Treads
|-damage|p2a: Comfey|19/100|[from] item: Life Orb
|move|p1a: Iron Treads|Iron Head|p2a: Comfey
|-supereffective|p2a: Comfey
|-damage|p2a: Comfey|0 fnt
|faint|p2a: Comfey
|
|upkeep
|
|t:|1757812920
|switch|p2a: Ninetales|Ninetales, F|20/100
|-weather|SunnyDay|[from] ability: Drought|[of] p2a: Ninetales
|turn|20
|-message|youjustgotnoobed forfeited.
|
|win|evin
|raw|evin's rating: 1480 &rarr; <strong>1502</strong><br />(+22 for winning)
|raw|youjustgotnoobed's rating: 1521 &rarr; <strong>1499</strong><br />(-22 for losing)
|l|☆youjustgotnoobed
|player|p2|
|l|☆evin
|player|p1|
