|j|☆yangjjjjj
|j|☆batatafesseu
|t:|1757944280
|gametype|singles
|player|p1|yangjjjjj|102|1040
|player|p2|batatafesseu|265|1069
|gen|9
|tier|[Gen 9] OU
|rated|
|rule|HP Percentage Mod: HP is shown in percentages
|rule|Endless Battle Clause: Forcing endless battles is banned
|rule|Species Clause: Limit one of each Pokémon
|rule|OHKO Clause: OHKO moves are banned
|rule|Evasion Items Clause: Evasion items are banned
|rule|Evasion Moves Clause: Evasion moves are banned
|rule|Evasion Abilities Clause: Evasion abilities are banned
|rule|Sleep Moves Clause: Sleep-inducing moves are banned
|clearpoke
|poke|p1|Ogerpon-Wellspring, F|
|poke|p1|Raging Bolt|
|poke|p1|Pelipper, M|
|poke|p1|Landorus-Therian, M|
|poke|p1|Scizor, M|
|poke|p1|Dondozo, F|
|poke|p2|Leafeon, M|
|poke|p2|Ninetales, F|
|poke|p2|Walking Wake|
|poke|p2|Gliscor, F|
|poke|p2|Gholdengo|
|poke|p2|Toxtricity, F|
|teampreview
|c|☆batatafesseu|hi
|
|t:|1757944336
|teamsize|p1|6
|teamsize|p2|6
|start
|switch|p1a: Pelipper|Pelipper, M|100/100
|switch|p2a: Ninetales|Ninetales, F|100/100
|-weather|SunnyDay|[from] ability: Drought|[of] p2a: Ninetales
|-weather|RainDance|[from] ability: Drizzle|[of] p1a: Pelipper
|turn|1
|
|t:|1757944354
|switch|p2a: Walking Wake|Walking Wake|100/100
|move|p1a: Pelipper|Weather Ball|p2a: Walking Wake
|-resisted|p2a: Walking Wake
|-damage|p2a: Walking Wake|75/100
|
|-weather|RainDance|[upkeep]
|upkeep
|turn|2
|
|t:|1757944384
|switch|p1a: Dondozo|Dondozo, F|100/100
|move|p2a: Walking Wake|Draco Meteor|p1a: Dondozo
|-damage|p1a: Dondozo|22/100
|-unboost|p2a: Walking Wake|spa|2
|
|-weather|RainDance|[upkeep]
|-heal|p1a: Dondozo|28/100|[from] item: Leftovers
|upkeep
|turn|3
|
|t:|1757944416
|move|p1a: Dondozo|Protect|p1a: Dondozo
|-singleturn|p1a: Dondozo|Protect
|move|p2a: Walking Wake|Draco Meteor|p1a: Dondozo
|-activate|p1a: Dondozo|move: Protect
|
|-weather|RainDance|[upkeep]
|-heal|p1a: Dondozo|34/100|[from] item: Leftovers
|upkeep
|turn|4
|
|t:|1757944451
|-end|p2a: Walking Wake|Protosynthesis|[silent]
|switch|p2a: Ninetales|Ninetales, F|100/100
|-weather|SunnyDay|[from] ability: Drought|[of] p2a: Ninetales
|switch|p1a: Scizor|Scizor, M|100/100
|
|-weather|SunnyDay|[upkeep]
|upkeep
|turn|5
|
|t:|1757944468
|switch|p2a: Toxtricity|Toxtricity, F|100/100
|switch|p1a: Pelipper|Pelipper, M|100/100
|-weather|RainDance|[from] ability: Drizzle|[of] p1a: Pelipper
|
|-weather|RainDance|[upkeep]
|upkeep
|turn|6
|
|t:|1757944503
|move|p2a: Toxtricity|Overdrive|p1a: Pelipper
|-supereffective|p1a: Pelipper
|-damage|p1a: Pelipper|0 fnt
|faint|p1a: Pelipper
|-enditem|p2a: Toxtricity|Throat Spray
|-boost|p2a: Toxtricity|spa|1|[from] item: Throat Spray
|
|-weather|RainDance|[upkeep]
|upkeep
|
|t:|1757944512
|switch|p1a: Landorus|Landorus-Therian, M|100/100
|-ability|p1a: Landorus|Intimidate|boost
|-unboost|p2a: Toxtricity|atk|1
|turn|7
|
|t:|1757944528
|-terastallize|p2a: Toxtricity|Normal
|move|p1a: Landorus|Earthquake|p2a: Toxtricity
|-crit|p2a: Toxtricity
|-damage|p2a: Toxtricity|0 fnt
|faint|p2a: Toxtricity
|
|-weather|RainDance|[upkeep]
|upkeep
|c|☆batatafesseu|noway
|
|t:|1757944539
|switch|p2a: Walking Wake|Walking Wake|75/100
|turn|8
|
|t:|1757944565
|switch|p1a: Ogerpon|Ogerpon-Wellspring, F|100/100
|move|p2a: Walking Wake|Hydro Steam|p1a: Ogerpon
|-immune|p1a: Ogerpon|[from] ability: Water Absorb
|
|-weather|RainDance|[upkeep]
|upkeep
|turn|9
|
|t:|1757944584
|-end|p2a: Walking Wake|Protosynthesis|[silent]
|switch|p2a: Ninetales|Ninetales, F|100/100
|-weather|SunnyDay|[from] ability: Drought|[of] p2a: Ninetales
|-terastallize|p1a: Ogerpon|Water
|detailschange|p1a: Ogerpon|Ogerpon-Wellspring-Tera, F, tera:Water
|-ability|p1a: Ogerpon|Embody Aspect (Wellspring)|boost
|-boost|p1a: Ogerpon|spd|1
|move|p1a: Ogerpon|Play Rough|p2a: Ninetales
|-resisted|p2a: Ninetales
|-damage|p2a: Ninetales|73/100
|
|-weather|SunnyDay|[upkeep]
|upkeep
|turn|10
|
|t:|1757944607
|switch|p1a: Landorus|Landorus-Therian, M|100/100
|-ability|p1a: Landorus|Intimidate|boost
|-unboost|p2a: Ninetales|atk|1
|switch|p2a: Leafeon|Leafeon, M|100/100
|
|-weather|SunnyDay|[upkeep]
|upkeep
|turn|11
|
|t:|1757944619
|move|p2a: Leafeon|Knock Off|p1a: Landorus
|-damage|p1a: Landorus|66/100
|-enditem|p1a: Landorus|Choice Scarf|[from] move: Knock Off|[of] p2a: Leafeon
|move|p1a: Landorus|Rain Dance|p1a: Landorus
|-weather|RainDance
|
|-weather|RainDance|[upkeep]
|upkeep
|turn|12
|
|t:|1757944647
|switch|p2a: Gliscor|Gliscor, F|100/100
|move|p1a: Landorus|U-turn|p2a: Gliscor
|-resisted|p2a: Gliscor
|-crit|p2a: Gliscor
|-damage|p2a: Gliscor|84/100
|
|t:|1757944657
|switch|p1a: Ogerpon|Ogerpon-Wellspring-Tera, F, tera:Water|100/100|[from] U-turn
|-ability|p1a: Ogerpon|Embody Aspect (Wellspring)|boost
|-boost|p1a: Ogerpon|spd|1
|
|-weather|RainDance|[upkeep]
|-status|p2a: Gliscor|tox|[from] item: Toxic Orb
|upkeep
|turn|13
|
|t:|1757944670
|move|p2a: Gliscor|Protect|p2a: Gliscor
|-singleturn|p2a: Gliscor|Protect
|move|p1a: Ogerpon|Ivy Cudgel|p2a: Gliscor|[anim] Ivy Cudgel Water
|-activate|p2a: Gliscor|move: Protect
|
|-weather|RainDance|[upkeep]
|-heal|p2a: Gliscor|97/100 tox|[from] ability: Poison Heal
|upkeep
|turn|14
|
|t:|1757944679
|switch|p2a: Ninetales|Ninetales, F|73/100
|-weather|SunnyDay|[from] ability: Drought|[of] p2a: Ninetales
|move|p1a: Ogerpon|Ivy Cudgel|p2a: Ninetales|[anim] Ivy Cudgel Water
|-supereffective|p2a: Ninetales
|-damage|p2a: Ninetales|0 fnt
|faint|p2a: Ninetales
|
|-weather|SunnyDay|[upkeep]
|upkeep
|
|t:|1757944690
|switch|p2a: Leafeon|Leafeon, M|100/100
|turn|15
|
|t:|1757944700
|switch|p1a: Scizor|Scizor, M|100/100
|move|p2a: Leafeon|Swords Dance|p2a: Leafeon
|-boost|p2a: Leafeon|atk|2
|
|-weather|SunnyDay|[upkeep]
|upkeep
|turn|16
|
|t:|1757944751
|move|p2a: Leafeon|Knock Off|p1a: Scizor
|-damage|p1a: Scizor|33/100
|-enditem|p1a: Scizor|Leftovers|[from] move: Knock Off|[of] p2a: Leafeon
|move|p1a: Scizor|Rain Dance|p1a: Scizor
|-weather|RainDance
|
|-weather|RainDance|[upkeep]
|upkeep
|turn|17
|
|t:|1757944776
|move|p1a: Scizor|Bullet Punch|p2a: Leafeon
|-damage|p2a: Leafeon|66/100
|move|p2a: Leafeon|Knock Off|p1a: Scizor
|-damage|p1a: Scizor|0 fnt
|faint|p1a: Scizor
|
|-weather|RainDance|[upkeep]
|upkeep
|
|t:|1757944785
|switch|p1a: Ogerpon|Ogerpon-Wellspring-Tera, F, tera:Water|100/100
|-ability|p1a: Ogerpon|Embody Aspect (Wellspring)|boost
|-boost|p1a: Ogerpon|spd|1
|turn|18
|
|t:|1757944796
|switch|p2a: Walking Wake|Walking Wake|75/100
|move|p1a: Ogerpon|Ivy Cudgel|p2a: Walking Wake|[anim] Ivy Cudgel Water
|-resisted|p2a: Walking Wake
|-damage|p2a: Walking Wake|43/100
|
|-weather|RainDance|[upkeep]
|upkeep
|turn|19
|
|t:|1757944811
|move|p1a: Ogerpon|Ivy Cudgel|p2a: Walking Wake|[anim] Ivy Cudgel Water
|-resisted|p2a: Walking Wake
|-damage|p2a: Walking Wake|13/100
|move|p2a: Walking Wake|Draco Meteor|p1a: Ogerpon
|-damage|p1a: Ogerpon|9/100
|-unboost|p2a: Walking Wake|spa|2
|
|-weather|RainDance|[upkeep]
|upkeep
|turn|20
|
|t:|1757944822
|move|p1a: Ogerpon|Ivy Cudgel|p2a: Walking Wake|[anim] Ivy Cudgel Water
|-resisted|p2a: Walking Wake
|-damage|p2a: Walking Wake|0 fnt
|faint|p2a: Walking Wake
|-end|p2a: Walking Wake|Protosynthesis|[silent]
|
|-weather|none
|upkeep
|
|t:|1757944846
|switch|p2a: Leafeon|Leafeon, M|66/100
|turn|21
|
|t:|1757944865
|switch|p1a: Landorus|Landorus-Therian, M|66/100
|-ability|p1a: Landorus|Intimidate|boost
|-unboost|p2a: Leafeon|atk|1
|move|p2a: Leafeon|Knock Off|p1a: Landorus
|-damage|p1a: Landorus|52/100
|
|upkeep
|turn|22
|
|t:|1757944873
|switch|p2a: Gliscor|Gliscor, F|97/100 tox
|move|p1a: Landorus|Rain Dance|p1a: Landorus
|-weather|RainDance
|
|-weather|RainDance|[upkeep]
|-heal|p2a: Gliscor|100/100 tox|[from] ability: Poison Heal
|upkeep
|turn|23
|c|☆batatafesseu|damn
|
|t:|1757944891
|move|p1a: Landorus|Tera Blast|p2a: Gliscor
|-damage|p2a: Gliscor|79/100 tox
|move|p2a: Gliscor|Earthquake|p1a: Landorus
|-immune|p1a: Landorus
|
|-weather|RainDance|[upkeep]
|-heal|p2a: Gliscor|92/100 tox|[from] ability: Poison Heal
|upkeep
|turn|24
|
|t:|1757944922
|move|p1a: Landorus|Tera Blast|p2a: Gliscor
|-damage|p2a: Gliscor|71/100 tox
|move|p2a: Gliscor|Earthquake|p1a: Landorus
|-immune|p1a: Landorus
|
|-weather|RainDance|[upkeep]
|-heal|p2a: Gliscor|83/100 tox|[from] ability: Poison Heal
|upkeep
|turn|25
|
|t:|1757944932
|move|p1a: Landorus|Tera Blast|p2a: Gliscor
|-damage|p2a: Gliscor|63/100 tox
|move|p2a: Gliscor|Dual Wingbeat|p1a: Landorus
|-damage|p1a: Landorus|32/100
|-damage|p1a: Landorus|9/100
|-hitcount|p1a: Landorus|2
|
|-weather|RainDance|[upkeep]
|-heal|p2a: Gliscor|75/100 tox|[from] ability: Poison Heal
|upkeep
|turn|26
|
|t:|1757944956
|move|p1a: Landorus|U-turn|p2a: Gliscor
|-resisted|p2a: Gliscor
|-damage|p2a: Gliscor|64/100 tox
|
|t:|1757944963
|switch|p1a: Dondozo|Dondozo, F|34/100|[from] U-turn
|move|p2a: Gliscor|Dual Wingbeat|p1a: Dondozo
|-damage|p1a: Dondozo|22/100
|-damage|p1a: Dondozo|9/100
|-hitcount|p1a: Dondozo|2
|
|-weather|none
|-heal|p1a: Dondozo|15/100|[from] item: Leftovers
|-heal|p2a: Gliscor|77/100 tox|[from] ability: Poison Heal
|upkeep
|turn|27
|
|t:|1757944989
|move|p2a: Gliscor|Earthquake|p1a: Dondozo
|-damage|p1a: Dondozo|0 fnt
|faint|p1a: Dondozo
|
|-heal|p2a: Gliscor|89/100 tox|[from] ability: Poison Heal
|upkeep
|
|t:|1757944998
|switch|p1a: Landorus|Landorus-Therian, M|9/100
|-ability|p1a: Landorus|Intimidate|boost
|-unboost|p2a: Gliscor|atk|1
|turn|28
|
|t:|1757945006
|move|p1a: Landorus|Rain Dance|p1a: Landorus
|-weather|RainDance
|move|p2a: Gliscor|Dual Wingbeat|p1a: Landorus
|-damage|p1a: Landorus|0 fnt
|faint|p1a: Landorus
|-hitcount|p1: Landorus|1
|
|-weather|RainDance|[upkeep]
|-heal|p2a: Gliscor|100/100 tox|[from] ability: Poison Heal
|upkeep
|
|t:|1757945017
|switch|p1a: Ogerpon|Ogerpon-Wellspring-Tera, F, tera:Water|9/100
|-ability|p1a: Ogerpon|Embody Aspect (Wellspring)|boost
|-boost|p1a: Ogerpon|spd|1
|turn|29
|
|t:|1757945023
|move|p2a: Gliscor|Protect|p2a: Gliscor
|-singleturn|p2a: Gliscor|Protect
|move|p1a: Ogerpon|Ivy Cudgel|p2a: Gliscor|[anim] Ivy Cudgel Water
|-activate|p2a: Gliscor|move: Protect
|
|-weather|RainDance|[upkeep]
|upkeep
|turn|30
|
|t:|1757945031
|switch|p2a: Leafeon|Leafeon, M|66/100
|move|p1a: Ogerpon|Ivy Cudgel|p2a: Leafeon|[anim] Ivy Cudgel Water
|-resisted|p2a: Leafeon
|-crit|p2a: Leafeon
|-damage|p2a: Leafeon|0 fnt
|faint|p2a: Leafeon
|
|-weather|RainDance|[upkeep]
|upkeep
|
|t:|1757945039
|switch|p2a: Gliscor|Gliscor, F|100/100 tox
|turn|31
|
|t:|1757945044
|move|p2a: Gliscor|Protect|p2a: Gliscor
|-singleturn|p2a: Gliscor|Protect
|move|p1a: Ogerpon|Ivy Cudgel|p2a: Gliscor|[anim] Ivy Cudgel Water
|-activate|p2a: Gliscor|move: Protect
|
|-weather|RainDance|[upkeep]
|upkeep
|turn|32
|
|t:|1757945055
|switch|p2a: Gholdengo|Gholdengo|100/100
|-item|p2a: Gholdengo|Air Balloon
|move|p1a: Ogerpon|Ivy Cudgel|p2a: Gholdengo|[anim] Ivy Cudgel Water
|-crit|p2a: Gholdengo
|-damage|p2a: Gholdengo|0 fnt
|-enditem|p2a: Gholdengo|Air Balloon
|faint|p2a: Gholdengo
|
|-weather|none
|upkeep
|c|☆batatafesseu|come fucking on
|
|t:|1757945070
|switch|p2a: Gliscor|Gliscor, F|100/100 tox
|turn|33
|
|t:|1757945074
|move|p1a: Ogerpon|Ivy Cudgel|p2a: Gliscor|[anim] Ivy Cudgel Water
|-supereffective|p2a: Gliscor
|-damage|p2a: Gliscor|0 fnt
|faint|p2a: Gliscor
|
|win|yangjjjjj
|raw|yangjjjjj's rating: 1040 &rarr; <strong>1077</strong><br />(+37 for winning)
|raw|batatafesseu's rating: 1069 &rarr; <strong>1047</strong><br />(-22 for losing)
|c|☆batatafesseu|thats crazt
