|j|☆rulou
|j|☆ezpz0909
|t:|1757897231
|gametype|singles
|player|p1|rulou|hilbert-wonderlauncher|1347
|player|p2|ezpz0909|265|1403
|gen|9
|tier|[Gen 9] OU
|rated|
|rule|HP Percentage Mod: HP is shown in percentages
|rule|Endless Battle Clause: Forcing endless battles is banned
|rule|Species Clause: Limit one of each Pokémon
|rule|OHKO Clause: OHKO moves are banned
|rule|Evasion Items Clause: Evasion items are banned
|rule|Evasion Moves Clause: Evasion moves are banned
|rule|Evasion Abilities Clause: Evasion abilities are banned
|rule|Sleep Moves Clause: Sleep-inducing moves are banned
|clearpoke
|poke|p1|Great Tusk|
|poke|p1|Heatran, M|
|poke|p1|Weavile, M|
|poke|p1|Primarina, M|
|poke|p1|Ogerpon, F|
|poke|p1|Pecharunt|
|poke|p2|Latios, M|
|poke|p2|Quaquaval, F|
|poke|p2|Pelipper, M|
|poke|p2|Basculegion-F, F|
|poke|p2|Iron Treads|
|poke|p2|Iron Valiant|
|teampreview
|inactive|Battle timer is ON: inactive players will automatically lose when time's up. (requested by rulou)
|
|t:|1757897257
|teamsize|p1|6
|teamsize|p2|6
|start
|switch|p1a: Ogerpon|Ogerpon, F|100/100
|switch|p2a: Pelipper|Pelipper, M|100/100
|-weather|RainDance|[from] ability: Drizzle|[of] p2a: Pelipper
|turn|1
|
|t:|1757897264
|move|p1a: Ogerpon|Rock Tomb|p2a: Pelipper
|-supereffective|p2a: Pelipper
|-damage|p2a: Pelipper|37/100
|-unboost|p2a: Pelipper|spe|1
|move|p2a: Pelipper|Hurricane|p1a: Ogerpon
|-supereffective|p1a: Ogerpon
|-damage|p1a: Ogerpon|0 fnt
|faint|p1a: Ogerpon
|
|-weather|RainDance|[upkeep]
|upkeep
|
|t:|1757897288
|switch|p1a: Primarina|Primarina, M|100/100
|turn|2
|
|t:|1757897296
|move|p1a: Primarina|Psychic Noise|p2a: Pelipper
|-resisted|p2a: Pelipper
|-damage|p2a: Pelipper|0 fnt
|faint|p2a: Pelipper
|
|-weather|RainDance|[upkeep]
|upkeep
|
|t:|1757897306
|switch|p2a: Basculegion|Basculegion-F, F|100/100
|turn|3
|
|t:|1757897343
|move|p2a: Basculegion|Surf|p1a: Primarina
|-resisted|p1a: Primarina
|-damage|p1a: Primarina|65/100
|move|p1a: Primarina|Moonblast|p2a: Basculegion
|-damage|p2a: Basculegion|45/100
|
|-weather|RainDance|[upkeep]
|upkeep
|turn|4
|
|t:|1757897350
|move|p2a: Basculegion|Surf|p1a: Primarina
|-resisted|p1a: Primarina
|-damage|p1a: Primarina|34/100
|move|p1a: Primarina|Moonblast|p2a: Basculegion
|-damage|p2a: Basculegion|0 fnt
|faint|p2a: Basculegion
|
|-weather|RainDance|[upkeep]
|upkeep
|
|t:|1757897353
|switch|p2a: Duck Jin Woo|Quaquaval, F|100/100
|turn|5
|
|t:|1757897356
|switch|p1a: Pecharunt|Pecharunt|100/100
|move|p2a: Duck Jin Woo|Aqua Step|p1a: Pecharunt
|-damage|p1a: Pecharunt|67/100
|-boost|p2a: Duck Jin Woo|spe|1
|-damage|p2a: Duck Jin Woo|84/100|[from] item: Rocky Helmet|[of] p1a: Pecharunt
|
|-weather|none
|upkeep
|turn|6
|
|t:|1757897363
|switch|p2a: Iron Treads|Iron Treads|100/100
|move|p1a: Pecharunt|Recover|p1a: Pecharunt
|-heal|p1a: Pecharunt|100/100
|
|upkeep
|turn|7
|
|t:|1757897367
|switch|p1a: if its not 100%|Heatran, M|100/100
|-item|p1a: if its not 100%|Air Balloon
|move|p2a: Iron Treads|Stealth Rock|p1a: if its not 100%
|-sidestart|p1: rulou|move: Stealth Rock
|
|upkeep
|turn|8
|
|t:|1757897374
|move|p2a: Iron Treads|Knock Off|p1a: if its not 100%
|-damage|p1a: if its not 100%|70/100
|-enditem|p1a: if its not 100%|Air Balloon
|move|p1a: if its not 100%|Magma Storm|p2a: Iron Treads|[miss]
|-miss|p1a: if its not 100%|p2a: Iron Treads
|
|upkeep
|turn|9
|
|t:|1757897383
|switch|p1a: Fat|Great Tusk|100/100
|move|p2a: Iron Treads|Earthquake|p1a: Fat
|-damage|p1a: Fat|67/100
|
|upkeep
|turn|10
|
|t:|1757897386
|move|p2a: Iron Treads|Earthquake|p1a: Fat
|-damage|p1a: Fat|35/100
|move|p1a: Fat|Rapid Spin|p2a: Iron Treads
|-resisted|p2a: Iron Treads
|-damage|p2a: Iron Treads|93/100
|-boost|p1a: Fat|spe|1
|-sideend|p1: rulou|Stealth Rock|[from] move: Rapid Spin|[of] p1a: Fat
|
|-heal|p2a: Iron Treads|99/100|[from] item: Leftovers
|upkeep
|turn|11
|
|t:|1757897395
|move|p1a: Fat|Headlong Rush|p2a: Iron Treads
|-supereffective|p2a: Iron Treads
|-damage|p2a: Iron Treads|0 fnt
|-unboost|p1a: Fat|def|1
|-unboost|p1a: Fat|spd|1
|faint|p2a: Iron Treads
|-end|p2a: Iron Treads|Quark Drive|[silent]
|
|upkeep
|
|t:|1757897401
|switch|p2a: Duck Jin Woo|Quaquaval, F|84/100
|turn|12
|
|t:|1757897406
|move|p2a: Duck Jin Woo|Aqua Jet|p1a: Fat
|-supereffective|p1a: Fat
|-damage|p1a: Fat|0 fnt
|faint|p1a: Fat
|-end|p1a: Fat|Protosynthesis|[silent]
|-ability|p2a: Duck Jin Woo|Moxie|boost
|-boost|p2a: Duck Jin Woo|atk|1
|
|upkeep
|
|t:|1757897410
|switch|p1a: Pecharunt|Pecharunt|100/100
|turn|13
|
|t:|1757897415
|move|p2a: Duck Jin Woo|Swords Dance|p2a: Duck Jin Woo
|-boost|p2a: Duck Jin Woo|atk|2
|move|p1a: Pecharunt|Malignant Chain|p2a: Duck Jin Woo
|-damage|p2a: Duck Jin Woo|45/100
|
|upkeep
|turn|14
|
|t:|1757897427
|move|p2a: Duck Jin Woo|Aqua Step|p1a: Pecharunt
|-damage|p1a: Pecharunt|46/100
|-boost|p2a: Duck Jin Woo|spe|1
|-damage|p2a: Duck Jin Woo|28/100|[from] item: Rocky Helmet|[of] p1a: Pecharunt
|move|p1a: Pecharunt|Malignant Chain|p2a: Duck Jin Woo
|-damage|p2a: Duck Jin Woo|0 fnt
|faint|p2a: Duck Jin Woo
|
|upkeep
|
|t:|1757897438
|switch|p2a: Latios|Latios, M|100/100
|turn|15
|
|t:|1757897453
|switch|p1a: Primarina|Primarina, M|34/100
|-terastallize|p2a: Latios|Steel
|move|p2a: Latios|Agility|p2a: Latios
|-boost|p2a: Latios|spe|2
|
|upkeep
|turn|16
|inactive|ezpz0909 has 120 seconds left.
|
|t:|1757897484
|move|p2a: Latios|Calm Mind|p2a: Latios
|-boost|p2a: Latios|spa|1
|-boost|p2a: Latios|spd|1
|move|p1a: Primarina|Psychic Noise|p2a: Latios
|-damage|p2a: Latios|76/100
|-start|p2a: Latios|move: Heal Block
|
|upkeep
|turn|17
|inactive|ezpz0909 has 120 seconds left.
|
|t:|1757897498
|move|p2a: Latios|Calm Mind|p2a: Latios
|-boost|p2a: Latios|spa|1
|-boost|p2a: Latios|spd|1
|move|p1a: Primarina|Whirlpool|p2a: Latios
|-damage|p2a: Latios|68/100
|-activate|p2a: Latios|move: Whirlpool|[of] p1a: Primarina
|
|-damage|p2a: Latios|56/100|[from] move: Whirlpool|[partiallytrapped]
|-end|p2a: Latios|move: Heal Block
|upkeep
|turn|18
|
|t:|1757897503
|move|p2a: Latios|Stored Power|p1a: Primarina
|-damage|p1a: Primarina|0 fnt
|faint|p1a: Primarina
|
|-end|p2a: Latios|Whirlpool|[partiallytrapped]|[silent]
|upkeep
|
|t:|1757897527
|switch|p1a: if its not 100%|Heatran, M|70/100
|turn|19
|
|t:|1757897551
|move|p2a: Latios|Aura Sphere|p1a: if its not 100%
|-supereffective|p1a: if its not 100%
|-damage|p1a: if its not 100%|0 fnt
|faint|p1a: if its not 100%
|
|upkeep
|
|t:|1757897564
|switch|p1a: blue guy|Weavile, M|100/100
|-ability|p1a: blue guy|Pressure
|turn|20
|
|t:|1757897567
|move|p2a: Latios|Aura Sphere|p1a: blue guy
|-supereffective|p1a: blue guy
|-damage|p1a: blue guy|0 fnt
|faint|p1a: blue guy
|
|upkeep
|c|☆rulou|gg
|-message|rulou forfeited.
|
|win|ezpz0909
|raw|rulou's rating: 1347 &rarr; <strong>1330</strong><br />(-17 for losing)
|raw|ezpz0909's rating: 1403 &rarr; <strong>1420</strong><br />(+17 for winning)
|l|☆rulou
|player|p1|
|l|☆ezpz0909
|player|p2|
