|j|‽Lucid Coffee
|j|☆clail
|t:|1757859340
|gametype|singles
|player|p1|Lucid Coffee|blue|1684
|player|p2|clail|101|1710
|gen|9
|tier|[Gen 9] OU
|rated|
|rule|HP Percentage Mod: HP is shown in percentages
|rule|Endless Battle Clause: Forcing endless battles is banned
|rule|Species Clause: Limit one of each Pokémon
|rule|OHKO Clause: OHKO moves are banned
|rule|Evasion Items Clause: Evasion items are banned
|rule|Evasion Moves Clause: Evasion moves are banned
|rule|Evasion Abilities Clause: Evasion abilities are banned
|rule|Sleep Moves Clause: Sleep-inducing moves are banned
|clearpoke
|poke|p1|Dragapult, M|
|poke|p1|Glimmora, M|
|poke|p1|Comfey, M|
|poke|p1|Kingambit, M|
|poke|p1|Ogerpon-Wellspring, F|
|poke|p1|Blaziken, M|
|poke|p2|Ribombee, F|
|poke|p2|Ogerpon-Wellspring, F|
|poke|p2|Great Tusk|
|poke|p2|Gholdengo|
|poke|p2|Ceruledge, F|
|poke|p2|Glimmora, F|
|teampreview
|j| Disscratch
|l|☆clail
|player|p2|
|j| lanarey
|j| deepesh1
|j|☆clail
|player|p2|clail|101|
|
|t:|1757859399
|teamsize|p1|6
|teamsize|p2|6
|start
|switch|p1a: Glimmora|Glimmora, M, shiny|100/100
|switch|p2a: Ribombee|Ribombee, F|100/100
|turn|1
|inactive|Battle timer is ON: inactive players will automatically lose when time's up. (requested by Lucid Coffee)
|
|t:|1757859405
|move|p2a: Ribombee|Stun Spore|p1a: Glimmora|[miss]
|-miss|p2a: Ribombee|p1a: Glimmora
|move|p1a: Glimmora|Stealth Rock|p2a: Ribombee
|-sidestart|p2: clail|move: Stealth Rock
|
|upkeep
|turn|2
|
|t:|1757859408
|move|p2a: Ribombee|Sticky Web|p1a: Glimmora
|-sidestart|p1: Lucid Coffee|move: Sticky Web
|move|p1a: Glimmora|Mortal Spin|p2a: Ribombee
|-supereffective|p2a: Ribombee
|-damage|p2a: Ribombee|79/100
|-sideend|p1: Lucid Coffee|Sticky Web|[from] move: Mortal Spin|[of] p1a: Glimmora
|
|upkeep
|turn|3
|
|t:|1757859413
|move|p2a: Ribombee|Stun Spore|p1a: Glimmora
|-status|p1a: Glimmora|par
|move|p1a: Glimmora|Mortal Spin|p2a: Ribombee
|-supereffective|p2a: Ribombee
|-damage|p2a: Ribombee|55/100
|
|upkeep
|turn|4
|
|t:|1757859418
|move|p2a: Ribombee|Psychic Noise|p1a: Glimmora
|-supereffective|p1a: Glimmora
|-damage|p1a: Glimmora|55/100 par
|-start|p1a: Glimmora|move: Heal Block
|-enditem|p1a: Glimmora|Red Card|[of] p2a: Ribombee
|drag|p2a: Gholdengo|Gholdengo|100/100
|-damage|p2a: Gholdengo|94/100|[from] Stealth Rock
|-item|p2a: Gholdengo|Air Balloon
|move|p1a: Glimmora|Power Gem|p2a: Gholdengo
|-resisted|p2a: Gholdengo
|-damage|p2a: Gholdengo|74/100
|-enditem|p2a: Gholdengo|Air Balloon
|
|upkeep
|turn|5
|
|t:|1757859427
|switch|p1a: Kingambit|Kingambit, M, shiny|100/100
|move|p2a: Gholdengo|Psyshock|p1a: Kingambit
|-immune|p1a: Kingambit
|
|upkeep
|turn|6
|
|t:|1757859446
|switch|p2a: Great Tusk|Great Tusk|100/100
|-damage|p2a: Great Tusk|98/100|[from] Stealth Rock
|-end|p1a: Kingambit|fallenundefined|[silent]
|switch|p1a: Dragapult|Dragapult, M, shiny|100/100
|
|upkeep
|turn|7
|
|t:|1757859452
|move|p2a: Great Tusk|Headlong Rush|p1a: Dragapult
|-damage|p1a: Dragapult|13/100
|-unboost|p2a: Great Tusk|def|1
|-unboost|p2a: Great Tusk|spd|1
|move|p1a: Dragapult|Draco Meteor|p2a: Great Tusk
|-damage|p2a: Great Tusk|0 fnt
|-unboost|p1a: Dragapult|spa|2
|faint|p2a: Great Tusk
|-end|p2a: Great Tusk|Protosynthesis|[silent]
|-damage|p1a: Dragapult|3/100|[from] item: Life Orb
|
|upkeep
|
|t:|1757859455
|switch|p2a: Ribombee|Ribombee, F|55/100
|-damage|p2a: Ribombee|30/100|[from] Stealth Rock
|turn|8
|
|t:|1757859468
|switch|p2a: Glimmora|Glimmora, F|100/100
|-damage|p2a: Glimmora|88/100|[from] Stealth Rock
|move|p1a: Dragapult|Shadow Ball|p2a: Glimmora
|-damage|p2a: Glimmora|57/100
|-damage|p1a: Dragapult|0 fnt|[from] item: Life Orb
|faint|p1a: Dragapult
|
|upkeep
|
|t:|1757859481
|switch|p1a: Comfey|Comfey, M, shiny|100/100
|turn|9
|
|t:|1757859489
|-terastallize|p1a: Comfey|Ground
|move|p2a: Glimmora|Meteor Beam||[still]
|-prepare|p2a: Glimmora|Meteor Beam
|-boost|p2a: Glimmora|spa|1
|-enditem|p2a: Glimmora|Power Herb
|-anim|p2a: Glimmora|Meteor Beam|p1a: Comfey
|-resisted|p1a: Comfey
|-damage|p1a: Comfey|48/100
|move|p1a: Comfey|Tera Blast|p2a: Glimmora|[anim] Tera Blast Ground
|-supereffective|p2a: Glimmora
|-damage|p2a: Glimmora|0 fnt
|faint|p2a: Glimmora
|-damage|p1a: Comfey|39/100|[from] item: Life Orb
|
|upkeep
|
|t:|1757859493
|switch|p2a: Ogerpon|Ogerpon-Wellspring, F|100/100
|-damage|p2a: Ogerpon|88/100|[from] Stealth Rock
|turn|10
|
|t:|1757859505
|switch|p1a: Glimmora|Glimmora, M, shiny|55/100 par
|move|p2a: Ogerpon|Ivy Cudgel|p1a: Glimmora|[anim] Ivy Cudgel Water
|-supereffective|p1a: Glimmora
|-damage|p1a: Glimmora|0 fnt
|-activate|p1a: Glimmora|ability: Toxic Debris
|-sidestart|p2: clail|move: Toxic Spikes
|faint|p1a: Glimmora
|
|upkeep
|j| jxnsksnsksn
|
|t:|1757859515
|switch|p1a: Kingambit|Kingambit, M, shiny|100/100
|-activate|p1a: Kingambit|ability: Supreme Overlord
|-start|p1a: Kingambit|fallen2|[silent]
|turn|11
|
|t:|1757859521
|move|p2a: Ogerpon|Ivy Cudgel|p1a: Kingambit|[anim] Ivy Cudgel Water
|-damage|p1a: Kingambit|61/100
|move|p1a: Kingambit|Kowtow Cleave|p2a: Ogerpon
|-damage|p2a: Ogerpon|2/100
|
|-heal|p1a: Kingambit|67/100|[from] item: Leftovers
|upkeep
|turn|12
|
|t:|1757859528
|-end|p1a: Kingambit|fallen2|[silent]
|switch|p1a: Ogerpon|Ogerpon-Wellspring, F|100/100
|move|p2a: Ogerpon|Ivy Cudgel|p1a: Ogerpon|[anim] Ivy Cudgel Water
|-immune|p1a: Ogerpon|[from] ability: Water Absorb
|
|upkeep
|turn|13
|
|t:|1757859537
|switch|p1a: Kingambit|Kingambit, M, shiny|67/100
|-activate|p1a: Kingambit|ability: Supreme Overlord
|-start|p1a: Kingambit|fallen2|[silent]
|move|p2a: Ogerpon|Power Whip|p1a: Kingambit
|-resisted|p1a: Kingambit
|-damage|p1a: Kingambit|40/100
|
|-heal|p1a: Kingambit|46/100|[from] item: Leftovers
|upkeep
|turn|14
|
|t:|1757859548
|move|p1a: Kingambit|Sucker Punch|p2a: Ogerpon
|-damage|p2a: Ogerpon|0 fnt
|faint|p2a: Ogerpon
|
|-heal|p1a: Kingambit|52/100|[from] item: Leftovers
|upkeep
|
|t:|1757859550
|switch|p2a: Ribombee|Ribombee, F|30/100
|-damage|p2a: Ribombee|5/100|[from] Stealth Rock
|-status|p2a: Ribombee|psn
|turn|15
|j| biryanilover
|
|t:|1757859561
|-end|p1a: Kingambit|fallen2|[silent]
|switch|p1a: Blaziken|Blaziken, M, shiny|100/100
|move|p2a: Ribombee|Sticky Web|p1a: Blaziken
|-sidestart|p1: Lucid Coffee|move: Sticky Web
|
|-damage|p2a: Ribombee|0 fnt|[from] psn
|faint|p2a: Ribombee
|upkeep
|
|t:|1757859563
|switch|p2a: Ceruledge|Ceruledge, F|100/100
|turn|16
|
|t:|1757859570
|move|p2a: Ceruledge|Swords Dance|p2a: Ceruledge
|-boost|p2a: Ceruledge|atk|2
|move|p1a: Blaziken|Knock Off|p2a: Ceruledge
|-supereffective|p2a: Ceruledge
|-damage|p2a: Ceruledge|0 fnt
|-enditem|p2a: Ceruledge|Heavy-Duty Boots|[from] move: Knock Off|[of] p1a: Blaziken
|faint|p2a: Ceruledge
|-damage|p1a: Blaziken|91/100|[from] item: Life Orb
|
|-ability|p1a: Blaziken|Speed Boost|boost
|-boost|p1a: Blaziken|spe|1
|upkeep
|-message|clail forfeited.
|
|win|Lucid Coffee
|raw|Lucid Coffee's rating: 1684 &rarr; <strong>1705</strong><br />(+21 for winning)
|raw|clail's rating: 1710 &rarr; <strong>1689</strong><br />(-21 for losing)
|l|☆clail
|player|p2|
|l|‽Lucid Coffee
|player|p1|
|l| lanarey
|j| TrueBananaman41
|l| TrueBananaman41
|l| Disscratch
|l| biryanilover
