|j|☆jpkeeks
|j|☆flygonisdragon
|t:|1757832436
|gametype|singles
|player|p1|jpkeeks|2|1517
|player|p2|flygonisdragon|serena-masters|1509
|gen|9
|tier|[Gen 9] OU
|rated|
|rule|HP Percentage Mod: HP is shown in percentages
|rule|Endless Battle Clause: Forcing endless battles is banned
|rule|Species Clause: Limit one of each Pokémon
|rule|OHKO Clause: OHKO moves are banned
|rule|Evasion Items Clause: Evasion items are banned
|rule|Evasion Moves Clause: Evasion moves are banned
|rule|Evasion Abilities Clause: Evasion abilities are banned
|rule|Sleep Moves Clause: Sleep-inducing moves are banned
|clearpoke
|poke|p1|Meowscarada, M|
|poke|p1|Cinderace, F|
|poke|p1|Great Tusk|
|poke|p1|Ting-Lu|
|poke|p1|Latios, M|
|poke|p1|Pecharunt|
|poke|p2|Volcanion|
|poke|p2|Metagross|
|poke|p2|Zamazenta-*|
|poke|p2|Rillaboom, M|
|poke|p2|Fezandipiti, M|
|poke|p2|Regidrago|
|teampreview
|
|t:|1757832465
|teamsize|p1|6
|teamsize|p2|6
|start
|switch|p1a: Meowscarada|Meowscarada, M|100/100
|switch|p2a: Volcanion|Volcanion|100/100
|turn|1
|inactive|Battle timer is ON: inactive players will automatically lose when time's up. (requested by jpkeeks)
|
|t:|1757832471
|move|p1a: Meowscarada|Knock Off|p2a: Volcanion
|-start|p1a: Meowscarada|typechange|Dark|[from] ability: Protean
|-crit|p2a: Volcanion
|-damage|p2a: Volcanion|35/100
|-enditem|p2a: Volcanion|Choice Specs|[from] move: Knock Off|[of] p1a: Meowscarada
|move|p2a: Volcanion|Flamethrower|p1a: Meowscarada
|-damage|p1a: Meowscarada|17/100
|
|upkeep
|turn|2
|
|t:|1757832478
|switch|p1a: Ting-Lu|Ting-Lu|100/100
|-ability|p1a: Ting-Lu|Vessel of Ruin
|move|p2a: Volcanion|Flamethrower|p1a: Ting-Lu
|-damage|p1a: Ting-Lu|79/100
|
|-heal|p1a: Ting-Lu|85/100|[from] item: Leftovers
|upkeep
|turn|3
|
|t:|1757832480
|move|p2a: Volcanion|Steam Eruption|p1a: Ting-Lu
|-supereffective|p1a: Ting-Lu
|-crit|p1a: Ting-Lu
|-damage|p1a: Ting-Lu|5/100
|move|p1a: Ting-Lu|Stealth Rock|p2a: Volcanion
|-sidestart|p2: flygonisdragon|move: Stealth Rock
|
|-heal|p1a: Ting-Lu|12/100|[from] item: Leftovers
|upkeep
|turn|4
|
|t:|1757832486
|move|p2a: Volcanion|Steam Eruption|p1a: Ting-Lu
|-supereffective|p1a: Ting-Lu
|-damage|p1a: Ting-Lu|0 fnt
|faint|p1a: Ting-Lu
|
|upkeep
|
|t:|1757832491
|switch|p1a: Latios|Latios, M|100/100
|turn|5
|inactive|flygonisdragon has 120 seconds left.
|
|t:|1757832547
|switch|p2a: Fezandipiti|Fezandipiti, M|100/100
|move|p1a: Latios|Luster Purge|p2a: Fezandipiti
|-supereffective|p2a: Fezandipiti
|-damage|p2a: Fezandipiti|25/100
|
|upkeep
|turn|6
|
|t:|1757832557
|switch|p1a: Great Tusk|Great Tusk|100/100
|switch|p2a: Metagross|Metagross|100/100
|-damage|p2a: Metagross|95/100|[from] Stealth Rock
|
|upkeep
|turn|7
|
|t:|1757832564
|switch|p2a: Rillaboom|Rillaboom, M|100/100
|-damage|p2a: Rillaboom|88/100|[from] Stealth Rock
|-fieldstart|move: Grassy Terrain|[from] ability: Grassy Surge|[of] p2a: Rillaboom
|move|p1a: Great Tusk|Headlong Rush|p2a: Rillaboom
|-resisted|p2a: Rillaboom
|-damage|p2a: Rillaboom|57/100
|-unboost|p1a: Great Tusk|def|1
|-unboost|p1a: Great Tusk|spd|1
|
|-heal|p2a: Rillaboom|63/100|[from] Grassy Terrain
|upkeep
|turn|8
|
|t:|1757832571
|-end|p1a: Great Tusk|Protosynthesis|[silent]
|switch|p1a: Meowscarada|Meowscarada, M|17/100
|move|p2a: Rillaboom|U-turn|p1a: Meowscarada
|-supereffective|p1a: Meowscarada
|-damage|p1a: Meowscarada|0 fnt
|faint|p1a: Meowscarada
|
|t:|1757832574
|switch|p2a: Metagross|Metagross|95/100|[from] U-turn
|-damage|p2a: Metagross|89/100|[from] Stealth Rock
|
|-heal|p2a: Metagross|95/100|[from] Grassy Terrain
|upkeep
|
|t:|1757832577
|switch|p1a: Cinderace|Cinderace, F|100/100
|turn|9
|
|t:|1757832584
|switch|p2a: Volcanion|Volcanion|35/100
|-damage|p2a: Volcanion|10/100|[from] Stealth Rock
|move|p1a: Cinderace|Pyro Ball|p2a: Volcanion
|-resisted|p2a: Volcanion
|-damage|p2a: Volcanion|0 fnt
|faint|p2a: Volcanion
|
|upkeep
|
|t:|1757832591
|switch|p2a: Regidrago|Regidrago|100/100
|-damage|p2a: Regidrago|88/100|[from] Stealth Rock
|turn|10
|
|t:|1757832595
|move|p1a: Cinderace|Pyro Ball|p2a: Regidrago
|-resisted|p2a: Regidrago
|-damage|p2a: Regidrago|37/100
|move|p2a: Regidrago|Draco Meteor|p1a: Cinderace
|-damage|p1a: Cinderace|0 fnt
|-unboost|p2a: Regidrago|spa|2
|faint|p1a: Cinderace
|
|-heal|p2a: Regidrago|43/100|[from] Grassy Terrain
|upkeep
|
|t:|1757832597
|switch|p1a: Latios|Latios, M|100/100
|turn|11
|
|t:|1757832603
|move|p1a: Latios|Luster Purge|p2a: Regidrago
|-damage|p2a: Regidrago|0 fnt
|faint|p2a: Regidrago
|
|-fieldend|move: Grassy Terrain
|upkeep
|inactive|flygonisdragon has 120 seconds left.
|
|t:|1757832639
|switch|p2a: Metagross|Metagross|95/100
|-damage|p2a: Metagross|89/100|[from] Stealth Rock
|turn|12
|
|t:|1757832643
|switch|p1a: Great Tusk|Great Tusk|100/100
|move|p2a: Metagross|Meteor Mash|p1a: Great Tusk
|-damage|p1a: Great Tusk|51/100
|-damage|p2a: Metagross|72/100|[from] item: Rocky Helmet|[of] p1a: Great Tusk
|-damage|p2a: Metagross|62/100|[from] item: Life Orb
|
|upkeep
|turn|13
|j| heatraniac
|l| heatraniac
|inactive|flygonisdragon has 120 seconds left.
|
|t:|1757832661
|switch|p2a: Zamazenta|Zamazenta|100/100
|-damage|p2a: Zamazenta|94/100|[from] Stealth Rock
|-ability|p2a: Zamazenta|Dauntless Shield|boost
|-boost|p2a: Zamazenta|def|1
|move|p1a: Great Tusk|Close Combat|p2a: Zamazenta
|-damage|p2a: Zamazenta|63/100
|-unboost|p1a: Great Tusk|def|1
|-unboost|p1a: Great Tusk|spd|1
|
|-heal|p2a: Zamazenta|70/100|[from] item: Leftovers
|upkeep
|turn|14
|
|t:|1757832665
|-end|p1a: Great Tusk|Protosynthesis|[silent]
|switch|p1a: Pecharunt|Pecharunt|100/100
|-item|p1a: Pecharunt|Air Balloon
|move|p2a: Zamazenta|Substitute|p2a: Zamazenta
|-start|p2a: Zamazenta|Substitute
|-damage|p2a: Zamazenta|45/100
|
|-heal|p2a: Zamazenta|51/100|[from] item: Leftovers
|upkeep
|turn|15
|
|t:|1757832671
|move|p2a: Zamazenta|Crunch|p1a: Pecharunt
|-supereffective|p1a: Pecharunt
|-damage|p1a: Pecharunt|77/100
|-unboost|p1a: Pecharunt|def|1
|-enditem|p1a: Pecharunt|Air Balloon
|move|p1a: Pecharunt|Shadow Ball|p2a: Zamazenta
|-activate|p2a: Zamazenta|move: Substitute|[damage]
|
|-heal|p2a: Zamazenta|57/100|[from] item: Leftovers
|upkeep
|turn|16
|
|t:|1757832678
|move|p2a: Zamazenta|Crunch|p1a: Pecharunt
|-supereffective|p1a: Pecharunt
|-damage|p1a: Pecharunt|38/100
|move|p1a: Pecharunt|Malignant Chain|p2a: Zamazenta
|-end|p2a: Zamazenta|Substitute
|
|-heal|p2a: Zamazenta|63/100|[from] item: Leftovers
|upkeep
|turn|17
|
|t:|1757832682
|switch|p1a: Great Tusk|Great Tusk|51/100
|move|p2a: Zamazenta|Substitute|p2a: Zamazenta
|-start|p2a: Zamazenta|Substitute
|-damage|p2a: Zamazenta|38/100
|
|-heal|p2a: Zamazenta|44/100|[from] item: Leftovers
|upkeep
|turn|18
|
|t:|1757832685
|move|p2a: Zamazenta|Iron Defense|p2a: Zamazenta
|-boost|p2a: Zamazenta|def|2
|move|p1a: Great Tusk|Headlong Rush|p2a: Zamazenta
|-activate|p2a: Zamazenta|move: Substitute|[damage]
|-unboost|p1a: Great Tusk|def|1
|-unboost|p1a: Great Tusk|spd|1
|
|-heal|p2a: Zamazenta|50/100|[from] item: Leftovers
|upkeep
|turn|19
|
|t:|1757832688
|move|p2a: Zamazenta|Iron Defense|p2a: Zamazenta
|-boost|p2a: Zamazenta|def|2
|move|p1a: Great Tusk|Headlong Rush|p2a: Zamazenta
|-end|p2a: Zamazenta|Substitute
|-unboost|p1a: Great Tusk|def|1
|-unboost|p1a: Great Tusk|spd|1
|
|-heal|p2a: Zamazenta|57/100|[from] item: Leftovers
|upkeep
|turn|20
|c|☆jpkeeks|gg unlucky insta def drop
|-message|jpkeeks forfeited.
|
|win|flygonisdragon
|raw|jpkeeks's rating: 1517 &rarr; <strong>1497</strong><br />(-20 for losing)
|raw|flygonisdragon's rating: 1509 &rarr; <strong>1529</strong><br />(+20 for winning)
|l|☆jpkeeks
|player|p1|
|l|☆flygonisdragon
|player|p2|
