|j|☆flygonisdragon
|j|☆jeet999
|t:|1757830453
|gametype|singles
|player|p1|flygonisdragon|serena-masters|1473
|player|p2|jeet999|cynthia-masters|1554
|gen|9
|tier|[Gen 9] OU
|rated|
|rule|HP Percentage Mod: HP is shown in percentages
|rule|Endless Battle Clause: Forcing endless battles is banned
|rule|Species Clause: Limit one of each Pokémon
|rule|OHKO Clause: OHKO moves are banned
|rule|Evasion Items Clause: Evasion items are banned
|rule|Evasion Moves Clause: Evasion moves are banned
|rule|Evasion Abilities Clause: Evasion abilities are banned
|rule|Sleep Moves Clause: Sleep-inducing moves are banned
|clearpoke
|poke|p1|Volcanion|
|poke|p1|Metagross|
|poke|p1|Zamazenta-*|
|poke|p1|Rillaboom, F|
|poke|p1|Fezandipiti, M|
|poke|p1|Regidrago|
|poke|p2|Indeedee, M|
|poke|p2|Hatterene, F|
|poke|p2|Ursaluna, F|
|poke|p2|Iron Hands|
|poke|p2|Hoopa-Unbound|
|poke|p2|Mimikyu, F|
|teampreview
|inactive|Battle timer is ON: inactive players will automatically lose when time's up. (requested by jeet999)
|
|t:|1757830481
|teamsize|p1|6
|teamsize|p2|6
|start
|switch|p1a: Metagross|Metagross|100/100
|switch|p2a: Subaru|Indeedee, M, shiny|100/100
|-fieldstart|move: Psychic Terrain|[from] ability: Psychic Surge|[of] p2a: Subaru
|turn|1
|
|t:|1757830495
|move|p1a: Metagross|Stealth Rock|p2a: Subaru
|-sidestart|p2: jeet999|move: Stealth Rock
|move|p2a: Subaru|Trick Room|p2a: Subaru
|-fieldstart|move: Trick Room|[of] p2a: Subaru
|
|upkeep
|turn|2
|
|t:|1757830501
|switch|p2a: Crashout YN|Ursaluna, F, shiny|100/100
|-damage|p2a: Crashout YN|94/100|[from] Stealth Rock
|move|p1a: Metagross|Meteor Mash|p2a: Crashout YN
|-damage|p2a: Crashout YN|42/100
|-damage|p1a: Metagross|91/100|[from] item: Life Orb
|
|-status|p2a: Crashout YN|brn|[from] item: Flame Orb
|upkeep
|turn|3
|
|t:|1757830512
|switch|p1a: Rillaboom|Rillaboom, F|100/100
|-fieldstart|move: Grassy Terrain|[from] ability: Grassy Surge|[of] p1a: Rillaboom
|move|p2a: Crashout YN|Headlong Rush|p1a: Rillaboom
|-resisted|p1a: Rillaboom
|-damage|p1a: Rillaboom|43/100
|-unboost|p2a: Crashout YN|def|1
|-unboost|p2a: Crashout YN|spd|1
|
|-heal|p2a: Crashout YN|48/100 brn|[from] Grassy Terrain
|-heal|p1a: Rillaboom|49/100|[from] Grassy Terrain
|-damage|p2a: Crashout YN|42/100 brn|[from] brn
|upkeep
|turn|4
|
|t:|1757830524
|switch|p2a: Subaru|Indeedee, M, shiny|100/100
|-damage|p2a: Subaru|88/100|[from] Stealth Rock
|-fieldstart|move: Psychic Terrain|[from] ability: Psychic Surge|[of] p2a: Subaru
|move|p1a: Rillaboom|Grassy Glide|p2a: Subaru
|-damage|p2a: Subaru|42/100
|
|upkeep
|turn|5
|
|t:|1757830535
|move|p2a: Subaru|Expanding Force|p1a: Rillaboom
|-damage|p1a: Rillaboom|0 fnt
|faint|p1a: Rillaboom
|
|-fieldend|move: Trick Room
|upkeep
|
|t:|1757830539
|switch|p1a: Metagross|Metagross|91/100
|turn|6
|
|t:|1757830544
|move|p1a: Metagross|Meteor Mash|p2a: Subaru|[miss]
|-miss|p1a: Metagross|p2a: Subaru
|move|p2a: Subaru|Trick Room|p2a: Subaru
|-fieldstart|move: Trick Room|[of] p2a: Subaru
|
|upkeep
|turn|7
|
|t:|1757830550
|move|p2a: Subaru|Healing Wish|p2a: Subaru
|faint|p2a: Subaru
|move|p1a: Metagross|Meteor Mash|p2: Subaru|[notarget]
|-fail|p1a: Metagross
|
|upkeep
|
|t:|1757830554
|switch|p2a: Crashout YN|Ursaluna, F, shiny|42/100 brn
|-heal|p2a: Crashout YN|100/100|[from] move: Healing Wish
|-damage|p2a: Crashout YN|94/100|[from] Stealth Rock
|turn|8
|inactive|flygonisdragon has 120 seconds left.
|
|t:|1757830590
|switch|p1a: Regidrago|Regidrago|100/100
|move|p2a: Crashout YN|Headlong Rush|p1a: Regidrago
|-damage|p1a: Regidrago|23/100
|-unboost|p2a: Crashout YN|def|1
|-unboost|p2a: Crashout YN|spd|1
|
|-status|p2a: Crashout YN|brn|[from] item: Flame Orb
|upkeep
|turn|9
|inactive|flygonisdragon has 120 seconds left.
|
|t:|1757830600
|move|p2a: Crashout YN|Headlong Rush|p1a: Regidrago
|-damage|p1a: Regidrago|0 fnt
|-unboost|p2a: Crashout YN|def|1
|-unboost|p2a: Crashout YN|spd|1
|faint|p1a: Regidrago
|
|-damage|p2a: Crashout YN|88/100 brn|[from] brn
|upkeep
|
|t:|1757830604
|switch|p1a: Zamazenta|Zamazenta|100/100
|-ability|p1a: Zamazenta|Dauntless Shield|boost
|-boost|p1a: Zamazenta|def|1
|turn|10
|
|t:|1757830611
|switch|p2a: Mimi|Mimikyu, F, shiny|100/100
|-damage|p2a: Mimi|88/100|[from] Stealth Rock
|move|p1a: Zamazenta|Body Press|p2a: Mimi
|-immune|p2a: Mimi
|
|-fieldend|move: Trick Room
|upkeep
|turn|11
|
|t:|1757830620
|move|p1a: Zamazenta|Crunch|p2a: Mimi
|-activate|p2a: Mimi|ability: Disguise
|-damage|p2a: Mimi|88/100
|-unboost|p2a: Mimi|def|1
|detailschange|p2a: Mimi|Mimikyu-Busted, F, shiny
|-damage|p2a: Mimi|76/100|[from] pokemon: Mimikyu-Busted
|-enditem|p2a: Mimi|Red Card|[of] p1a: Zamazenta
|drag|p1a: Fezandipiti|Fezandipiti, M|100/100
|move|p2a: Mimi|Trick Room|p2a: Mimi
|-fieldstart|move: Trick Room|[of] p2a: Mimi
|
|-fieldend|move: Psychic Terrain
|upkeep
|turn|12
|
|t:|1757830632
|switch|p2a: King Von|Hoopa-Unbound|100/100
|-damage|p2a: King Von|88/100|[from] Stealth Rock
|move|p1a: Fezandipiti|Moonblast|p2a: King Von
|-supereffective|p2a: King Von
|-crit|p2a: King Von
|-damage|p2a: King Von|30/100
|-status|p2a: King Von|tox|[from] ability: Toxic Chain|[of] p1a: Fezandipiti
|
|-damage|p2a: King Von|24/100 tox|[from] psn
|upkeep
|turn|13
|
|t:|1757830643
|move|p2a: King Von|Expanding Force|p1a: Fezandipiti
|-supereffective|p1a: Fezandipiti
|-damage|p1a: Fezandipiti|42/100
|move|p1a: Fezandipiti|Moonblast|p2a: King Von
|-supereffective|p2a: King Von
|-damage|p2a: King Von|0 fnt
|faint|p2a: King Von
|
|upkeep
|
|t:|1757830657
|switch|p2a: Crashout YN|Ursaluna, F, shiny|88/100 brn
|-damage|p2a: Crashout YN|82/100 brn|[from] Stealth Rock
|turn|14
|
|t:|1757830661
|move|p2a: Crashout YN|Facade|p1a: Fezandipiti
|-damage|p1a: Fezandipiti|0 fnt
|faint|p1a: Fezandipiti
|
|-damage|p2a: Crashout YN|76/100 brn|[from] brn
|upkeep
|
|t:|1757830664
|switch|p1a: Zamazenta|Zamazenta|100/100
|turn|15
|
|t:|1757830670
|-terastallize|p2a: Crashout YN|Normal
|move|p2a: Crashout YN|Facade|p1a: Zamazenta
|-damage|p1a: Zamazenta|0 fnt
|faint|p1a: Zamazenta
|
|-damage|p2a: Crashout YN|70/100 brn|[from] brn
|-fieldend|move: Trick Room
|upkeep
|
|t:|1757830679
|switch|p1a: Volcanion|Volcanion|100/100
|turn|16
|
|t:|1757830686
|switch|p2a: Mimi|Mimikyu-Busted, F, shiny|76/100
|-damage|p2a: Mimi|63/100|[from] Stealth Rock
|move|p1a: Volcanion|Steam Eruption|p2a: Mimi
|-damage|p2a: Mimi|0 fnt
|faint|p2a: Mimi
|
|upkeep
|
|t:|1757830693
|switch|p2a: LEBRON|Iron Hands, shiny|100/100
|-damage|p2a: LEBRON|94/100|[from] Stealth Rock
|-enditem|p2a: LEBRON|Booster Energy
|-activate|p2a: LEBRON|ability: Quark Drive|[fromitem]
|-start|p2a: LEBRON|quarkdriveatk
|turn|17
|
|t:|1757830705
|-terastallize|p1a: Volcanion|Fairy
|move|p1a: Volcanion|Steam Eruption|p2a: LEBRON
|-damage|p2a: LEBRON|18/100
|-status|p2a: LEBRON|brn
|move|p2a: LEBRON|Supercell Slam|p1a: Volcanion
|-damage|p1a: Volcanion|62/100
|
|-damage|p2a: LEBRON|12/100 brn|[from] brn
|upkeep
|turn|18
|
|t:|1757830714
|move|p1a: Volcanion|Steam Eruption|p2a: LEBRON
|-damage|p2a: LEBRON|0 fnt
|faint|p2a: LEBRON
|-end|p2a: LEBRON|Quark Drive|[silent]
|
|upkeep
|
|t:|1757830724
|switch|p2a: Satella|Hatterene, F, shiny|100/100
|-damage|p2a: Satella|88/100|[from] Stealth Rock
|turn|19
|
|t:|1757830729
|move|p1a: Volcanion|Steam Eruption|p2a: Satella
|-damage|p2a: Satella|0 fnt
|faint|p2a: Satella
|
|upkeep
|-message|jeet999 forfeited.
|
|win|flygonisdragon
|raw|flygonisdragon's rating: 1473 &rarr; <strong>1498</strong><br />(+25 for winning)
|raw|jeet999's rating: 1554 &rarr; <strong>1529</strong><br />(-25 for losing)
|l|☆jeet999
|player|p2|
|l|☆flygonisdragon
|player|p1|
