|j|☆Dor.Zf
|j|☆Crocodile E
|t:|1757867041
|gametype|singles
|player|p1|Dor.Zf|cynthia-gen7|1362
|player|p2|Crocodile E|pokemaniac|1377
|gen|9
|tier|[Gen 9] OU
|rated|
|rule|HP Percentage Mod: HP is shown in percentages
|rule|Endless Battle Clause: Forcing endless battles is banned
|rule|Species Clause: Limit one of each Pokémon
|rule|OHKO Clause: OHKO moves are banned
|rule|Evasion Items Clause: Evasion items are banned
|rule|Evasion Moves Clause: Evasion moves are banned
|rule|Evasion Abilities Clause: Evasion abilities are banned
|rule|Sleep Moves Clause: Sleep-inducing moves are banned
|clearpoke
|poke|p1|Indeedee, M|
|poke|p1|Hatterene, F|
|poke|p1|Ursaluna, F|
|poke|p1|Iron Hands|
|poke|p1|Hoopa-Unbound|
|poke|p1|Mimikyu, F|
|poke|p2|Weavile, F|
|poke|p2|Iron Valiant|
|poke|p2|Landorus-Therian, M|
|poke|p2|Alomomola, M|
|poke|p2|Hydrapple, F|
|poke|p2|Cinderace, M|
|teampreview
|inactive|Battle timer is ON: inactive players will automatically lose when time's up. (requested by Dor.Zf)
|
|t:|1757867054
|teamsize|p1|6
|teamsize|p2|6
|start
|switch|p1a: Mimi|Mimikyu, F, shiny|100/100
|switch|p2a: Weavile|Weavile, F|100/100
|-ability|p2a: Weavile|Pressure
|turn|1
|
|t:|1757867064
|switch|p2a: Alomomola|Alomomola, M|100/100
|move|p1a: Mimi|Trick Room|p1a: Mimi
|-fieldstart|move: Trick Room|[of] p1a: Mimi
|
|upkeep
|turn|2
|
|t:|1757867074
|switch|p1a: Crashout YN|Ursaluna, F, shiny|100/100
|move|p2a: Alomomola|Aqua Jet|p1a: Crashout YN
|-supereffective|p1a: Crashout YN
|-damage|p1a: Crashout YN|85/100
|
|-status|p1a: Crashout YN|brn|[from] item: Flame Orb
|upkeep
|turn|3
|
|t:|1757867083
|-terastallize|p1a: Crashout YN|Normal
|move|p1a: Crashout YN|Facade|p2a: Alomomola
|-damage|p2a: Alomomola|0 fnt
|faint|p2a: Alomomola
|
|-damage|p1a: Crashout YN|78/100 brn|[from] brn
|upkeep
|
|t:|1757867096
|switch|p2a: Landorus|Landorus-Therian, M|100/100
|-ability|p2a: Landorus|Intimidate|boost
|-unboost|p1a: Crashout YN|atk|1
|turn|4
|
|t:|1757867099
|move|p1a: Crashout YN|Facade|p2a: Landorus
|-damage|p2a: Landorus|0 fnt
|faint|p2a: Landorus
|
|-damage|p1a: Crashout YN|72/100 brn|[from] brn
|upkeep
|
|t:|1757867103
|switch|p2a: Weavile|Weavile, F|100/100
|-ability|p2a: Weavile|Pressure
|turn|5
|
|t:|1757867105
|-terastallize|p2a: Weavile|Ghost
|move|p1a: Crashout YN|Facade|p2a: Weavile
|-immune|p2a: Weavile
|move|p2a: Weavile|Swords Dance|p2a: Weavile
|-boost|p2a: Weavile|atk|2
|
|-damage|p1a: Crashout YN|66/100 brn|[from] brn
|-fieldend|move: Trick Room
|upkeep
|turn|6
|
|t:|1757867112
|switch|p1a: Mimi|Mimikyu, F, shiny|100/100
|move|p2a: Weavile|Knock Off|p1a: Mimi
|-activate|p1a: Mimi|ability: Disguise
|-damage|p1a: Mimi|100/100
|-enditem|p1a: Mimi|Red Card|[from] move: Knock Off|[of] p2a: Weavile
|detailschange|p1a: Mimi|Mimikyu-Busted, F, shiny
|-damage|p1a: Mimi|88/100|[from] pokemon: Mimikyu-Busted
|
|upkeep
|turn|7
|
|t:|1757867117
|move|p2a: Weavile|Knock Off|p1a: Mimi
|-damage|p1a: Mimi|34/100
|move|p1a: Mimi|Trick Room|p1a: Mimi
|-fieldstart|move: Trick Room|[of] p1a: Mimi
|
|upkeep
|turn|8
|
|t:|1757867122
|move|p2a: Weavile|Ice Shard|p1a: Mimi
|-damage|p1a: Mimi|0 fnt
|faint|p1a: Mimi
|
|upkeep
|
|t:|1757867134
|switch|p1a: Crashout YN|Ursaluna, F, shiny, tera:Normal|66/100 brn
|turn|9
|
|t:|1757867137
|move|p2a: Weavile|Ice Shard|p1a: Crashout YN
|-damage|p1a: Crashout YN|39/100 brn
|move|p1a: Crashout YN|Headlong Rush|p2a: Weavile
|-enditem|p2a: Weavile|Focus Sash
|-damage|p2a: Weavile|1/100
|-unboost|p1a: Crashout YN|def|1
|-unboost|p1a: Crashout YN|spd|1
|
|-damage|p1a: Crashout YN|33/100 brn|[from] brn
|upkeep
|turn|10
|
|t:|1757867143
|switch|p1a: Subaru|Indeedee, M, shiny|100/100
|-fieldstart|move: Psychic Terrain|[from] ability: Psychic Surge|[of] p1a: Subaru
|move|p2a: Weavile|Ice Shard|p1a: Subaru
|-activate|p1a: Subaru|move: Psychic Terrain
|
|upkeep
|turn|11
|
|t:|1757867151
|move|p1a: Subaru|Encore|p2a: Weavile
|-start|p2a: Weavile|Encore
|move|p2a: Weavile|Ice Shard|p1a: Subaru
|-damage|p1a: Subaru|60/100
|
|-fieldend|move: Trick Room
|upkeep
|turn|12
|
|t:|1757867167
|move|p2a: Weavile|Ice Shard|p1a: Subaru
|-activate|p1a: Subaru|move: Psychic Terrain
|move|p1a: Subaru|Trick Room|p1a: Subaru
|-fieldstart|move: Trick Room|[of] p1a: Subaru
|
|upkeep
|turn|13
|-message|Crocodile E forfeited.
|
|win|Dor.Zf
|raw|Dor.Zf's rating: 1362 &rarr; <strong>1383</strong><br />(+21 for winning)
|raw|Crocodile E's rating: 1377 &rarr; <strong>1356</strong><br />(-21 for losing)
|l|☆Crocodile E
|player|p2|
