|j|☆Hazerinello
|j|☆JustJjb
|t:|1757928252
|gametype|singles
|player|p1|Hazerinello|rosa|1438
|player|p2|JustJjb|102|1391
|gen|9
|tier|[Gen 9] OU
|rated|
|rule|HP Percentage Mod: HP is shown in percentages
|rule|Endless Battle Clause: Forcing endless battles is banned
|rule|Species Clause: Limit one of each Pokémon
|rule|OHKO Clause: OHKO moves are banned
|rule|Evasion Items Clause: Evasion items are banned
|rule|Evasion Moves Clause: Evasion moves are banned
|rule|Evasion Abilities Clause: Evasion abilities are banned
|rule|Sleep Moves Clause: Sleep-inducing moves are banned
|clearpoke
|poke|p1|Glimmora, M|
|poke|p1|Dragonite, M|
|poke|p1|Meowscarada, F|
|poke|p1|Iron Moth|
|poke|p1|Gholdengo|
|poke|p1|Iron Valiant|
|poke|p2|Medicham, M|
|poke|p2|Glimmora, M|
|poke|p2|Ogerpon-Wellspring, F|
|poke|p2|Kingambit, M|
|poke|p2|Landorus-Therian, M|
|poke|p2|Raging Bolt|
|teampreview
|inactive|Battle timer is ON: inactive players will automatically lose when time's up. (requested by Hazerinello)
|
|t:|1757928260
|teamsize|p1|6
|teamsize|p2|6
|start
|switch|p1a: Glimmora|Glimmora, M|100/100
|switch|p2a: Glimmora|Glimmora, M|100/100
|turn|1
|
|t:|1757928270
|move|p1a: Glimmora|Earth Power|p2a: Glimmora
|-supereffective|p2a: Glimmora
|-enditem|p2a: Glimmora|Focus Sash
|-damage|p2a: Glimmora|1/100
|move|p2a: Glimmora|Stealth Rock|p1a: Glimmora
|-sidestart|p1: Hazerinello|move: Stealth Rock
|
|upkeep
|turn|2
|
|t:|1757928278
|move|p1a: Glimmora|Mortal Spin|p2a: Glimmora
|-resisted|p2a: Glimmora
|-damage|p2a: Glimmora|0 fnt
|-activate|p2a: Glimmora|ability: Toxic Debris
|-sidestart|p1: Hazerinello|move: Toxic Spikes
|-sideend|p1: Hazerinello|Toxic Spikes|[from] move: Mortal Spin|[of] p1a: Glimmora
|-sideend|p1: Hazerinello|Stealth Rock|[from] move: Mortal Spin|[of] p1a: Glimmora
|faint|p2a: Glimmora
|
|upkeep
|
|t:|1757928291
|switch|p2a: Raging Bolt|Raging Bolt|100/100
|-enditem|p2a: Raging Bolt|Booster Energy
|-activate|p2a: Raging Bolt|ability: Protosynthesis|[fromitem]
|-start|p2a: Raging Bolt|protosynthesisspa
|turn|3
|
|t:|1757928305
|move|p1a: Glimmora|Earth Power|p2a: Raging Bolt
|-supereffective|p2a: Raging Bolt
|-damage|p2a: Raging Bolt|39/100
|move|p2a: Raging Bolt|Thunderbolt|p1a: Glimmora
|-damage|p1a: Glimmora|9/100
|
|upkeep
|turn|4
|
|t:|1757928312
|move|p2a: Raging Bolt|Thunderclap||[still]
|-fail|p2a: Raging Bolt
|move|p1a: Glimmora|Stealth Rock|p2a: Raging Bolt
|-sidestart|p2: JustJjb|move: Stealth Rock
|
|upkeep
|turn|5
|
|t:|1757928317
|switch|p1a: Meowscarada|Meowscarada, F|100/100
|move|p2a: Raging Bolt|Thunderclap||[still]
|-fail|p2a: Raging Bolt
|
|upkeep
|turn|6
|
|t:|1757928331
|-end|p2a: Raging Bolt|Protosynthesis|[silent]
|switch|p2a: Landorus|Landorus-Therian, M|100/100
|-damage|p2a: Landorus|88/100|[from] Stealth Rock
|-ability|p2a: Landorus|Intimidate|boost
|-unboost|p1a: Meowscarada|atk|1
|move|p1a: Meowscarada|Triple Axel|p2a: Landorus|[miss]
|-start|p1a: Meowscarada|typechange|Ice|[from] ability: Protean
|-miss|p1a: Meowscarada|p2a: Landorus
|
|upkeep
|turn|7
|
|t:|1757928349
|switch|p1a: Glimmora|Glimmora, M|9/100
|move|p2a: Landorus|U-turn|p1a: Glimmora
|-resisted|p1a: Glimmora
|-damage|p1a: Glimmora|0 fnt
|-activate|p1a: Glimmora|ability: Toxic Debris
|-sidestart|p2: JustJjb|move: Toxic Spikes
|faint|p1a: Glimmora
|
|t:|1757928363
|switch|p2a: Medicham|Medicham, M|100/100|[from] U-turn
|-damage|p2a: Medicham|94/100|[from] Stealth Rock
|-status|p2a: Medicham|psn
|
|-damage|p2a: Medicham|82/100 psn|[from] psn
|upkeep
|
|t:|1757928377
|switch|p1a: Gholdengo|Gholdengo|100/100
|turn|8
|
|t:|1757928382
|-terastallize|p2a: Medicham|Dark
|move|p1a: Gholdengo|Shadow Ball|p2a: Medicham
|-resisted|p2a: Medicham
|-crit|p2a: Medicham
|-damage|p2a: Medicham|32/100 psn
|move|p2a: Medicham|Tera Blast|p1a: Gholdengo|[anim] Tera Blast Dark
|-supereffective|p1a: Gholdengo
|-damage|p1a: Gholdengo|0 fnt
|faint|p1a: Gholdengo
|
|-damage|p2a: Medicham|20/100 psn|[from] psn
|upkeep
|
|t:|1757928396
|switch|p1a: Meowscarada|Meowscarada, F|100/100
|turn|9
|
|t:|1757928401
|switch|p2a: Raging Bolt|Raging Bolt|39/100
|-damage|p2a: Raging Bolt|26/100|[from] Stealth Rock
|-status|p2a: Raging Bolt|psn
|move|p1a: Meowscarada|U-turn|p2a: Raging Bolt
|-start|p1a: Meowscarada|typechange|Bug|[from] ability: Protean
|-damage|p2a: Raging Bolt|0 fnt
|faint|p2a: Raging Bolt
|-end|p2a: Raging Bolt|Protosynthesis|[silent]
|
|t:|1757928416
|switch|p1a: Dragonite|Dragonite, M|100/100|[from] U-turn
|
|upkeep
|
|t:|1757928425
|switch|p2a: Ogerpon|Ogerpon-Wellspring, F|100/100
|-damage|p2a: Ogerpon|88/100|[from] Stealth Rock
|-status|p2a: Ogerpon|psn
|turn|10
|
|t:|1757928436
|move|p2a: Ogerpon|Play Rough|p1a: Dragonite
|-supereffective|p1a: Dragonite
|-damage|p1a: Dragonite|60/100
|-unboost|p1a: Dragonite|atk|1
|move|p1a: Dragonite|Dragon Dance|p1a: Dragonite
|-boost|p1a: Dragonite|atk|1
|-boost|p1a: Dragonite|spe|1
|
|-damage|p2a: Ogerpon|76/100 psn|[from] psn
|upkeep
|turn|11
|
|t:|1757928452
|move|p1a: Dragonite|Extreme Speed|p2a: Ogerpon
|-damage|p2a: Ogerpon|36/100 psn
|move|p2a: Ogerpon|Play Rough|p1a: Dragonite
|-supereffective|p1a: Dragonite
|-damage|p1a: Dragonite|0 fnt
|faint|p1a: Dragonite
|
|-damage|p2a: Ogerpon|23/100 psn|[from] psn
|upkeep
|
|t:|1757928468
|switch|p1a: Iron Moth|Iron Moth|100/100
|-enditem|p1a: Iron Moth|Booster Energy
|-activate|p1a: Iron Moth|ability: Quark Drive|[fromitem]
|-start|p1a: Iron Moth|quarkdrivespe
|turn|12
|
|t:|1757928474
|move|p1a: Iron Moth|Fiery Dance|p2a: Ogerpon
|-damage|p2a: Ogerpon|0 fnt
|faint|p2a: Ogerpon
|
|upkeep
|
|t:|1757928482
|switch|p2a: Landorus|Landorus-Therian, M|88/100
|-damage|p2a: Landorus|76/100|[from] Stealth Rock
|-ability|p2a: Landorus|Intimidate|boost
|-unboost|p1a: Iron Moth|atk|1
|turn|13
|
|t:|1757928495
|-terastallize|p1a: Iron Moth|Fairy
|move|p1a: Iron Moth|Fiery Dance|p2a: Landorus
|-damage|p2a: Landorus|19/100
|move|p2a: Landorus|Earthquake|p1a: Iron Moth
|-damage|p1a: Iron Moth|22/100
|
|upkeep
|turn|14
|
|t:|1757928504
|move|p1a: Iron Moth|Fiery Dance|p2a: Landorus
|-damage|p2a: Landorus|0 fnt
|-boost|p1a: Iron Moth|spa|1
|faint|p2a: Landorus
|
|upkeep
|
|t:|1757928511
|switch|p2a: Kingambit|Kingambit, M|100/100
|-damage|p2a: Kingambit|94/100|[from] Stealth Rock
|-activate|p2a: Kingambit|ability: Supreme Overlord
|-start|p2a: Kingambit|fallen4|[silent]
|turn|15
|
|t:|1757928519
|move|p2a: Kingambit|Sucker Punch|p1a: Iron Moth
|-resisted|p1a: Iron Moth
|-damage|p1a: Iron Moth|0 fnt
|faint|p1a: Iron Moth
|-end|p1a: Iron Moth|Quark Drive|[silent]
|
|-heal|p2a: Kingambit|100/100|[from] item: Leftovers
|upkeep
|
|t:|1757928525
|switch|p1a: Meowscarada|Meowscarada, F|100/100
|turn|16
|
|t:|1757928528
|move|p1a: Meowscarada|Low Kick|p2a: Kingambit
|-start|p1a: Meowscarada|typechange|Fighting|[from] ability: Protean
|-supereffective|p2a: Kingambit
|-damage|p2a: Kingambit|0 fnt
|faint|p2a: Kingambit
|-end|p2a: Kingambit|fallen4|[silent]
|
|upkeep
|
|t:|1757928536
|switch|p2a: Medicham|Medicham, M, tera:Dark|20/100 psn
|-damage|p2a: Medicham|7/100 psn|[from] Stealth Rock
|turn|17
|
|t:|1757928540
|move|p2a: Medicham|Zen Headbutt|p1a: Meowscarada|[miss]
|-miss|p2a: Medicham|p1a: Meowscarada
|move|p1a: Meowscarada|Low Kick|p2a: Medicham
|-supereffective|p2a: Medicham
|-damage|p2a: Medicham|0 fnt
|faint|p2a: Medicham
|
|win|Hazerinello
|raw|Hazerinello's rating: 1438 &rarr; <strong>1455</strong><br />(+17 for winning)
|raw|JustJjb's rating: 1391 &rarr; <strong>1374</strong><br />(-17 for losing)
|l|☆JustJjb
|player|p2|
|l|☆Hazerinello
|player|p1|
