|j|☆Pig Perfect
|j|☆O Cho Taku
|t:|1757904576
|gametype|singles
|player|p1|Pig Perfect|workerice|1505
|player|p2|O Cho Taku|gambler|1463
|gen|9
|tier|[Gen 9] OU
|rated|
|rule|HP Percentage Mod: HP is shown in percentages
|rule|Endless Battle Clause: Forcing endless battles is banned
|rule|Species Clause: Limit one of each Pokémon
|rule|OHKO Clause: OHKO moves are banned
|rule|Evasion Items Clause: Evasion items are banned
|rule|Evasion Moves Clause: Evasion moves are banned
|rule|Evasion Abilities Clause: Evasion abilities are banned
|rule|Sleep Moves Clause: Sleep-inducing moves are banned
|clearpoke
|poke|p1|Hawlucha, M|
|poke|p1|Iron Hands|
|poke|p1|Iron Treads|
|poke|p1|Kingambit, F|
|poke|p1|Quaquaval, F|
|poke|p1|Weezing-Galar, F|
|poke|p2|Pelipper, F|
|poke|p2|Toxicroak, M|
|poke|p2|Zapdos|
|poke|p2|Barraskewda, M|
|poke|p2|Kingambit, F|
|poke|p2|Iron Treads|
|teampreview
|
|t:|1757904584
|teamsize|p1|6
|teamsize|p2|6
|start
|switch|p1a: Weezing|Weezing-Galar, F|100/100
|switch|p2a: Pelipper|Pelipper, F|100/100
|-weather|RainDance|[from] ability: Drizzle|[of] p2a: Pelipper
|-fieldstart|move: Misty Terrain|[from] ability: Misty Surge|[of] p1a: Weezing
|turn|1
|
|t:|1757904601
|switch|p2a: Iron Treads|Iron Treads|100/100
|switch|p1a: Iron Hands|Iron Hands|100/100
|-enditem|p1a: Iron Hands|Booster Energy
|-activate|p1a: Iron Hands|ability: Quark Drive|[fromitem]
|-start|p1a: Iron Hands|quarkdriveatk
|
|-weather|RainDance|[upkeep]
|upkeep
|turn|2
|
|t:|1757904606
|move|p2a: Iron Treads|Earthquake|p1a: Iron Hands
|-supereffective|p1a: Iron Hands
|-damage|p1a: Iron Hands|44/100
|move|p1a: Iron Hands|Swords Dance|p1a: Iron Hands
|-boost|p1a: Iron Hands|atk|2
|
|-weather|RainDance|[upkeep]
|upkeep
|turn|3
|
|t:|1757904613
|-end|p1a: Iron Hands|Quark Drive|[silent]
|switch|p1a: Hawlucha|Hawlucha, M|100/100
|-enditem|p1a: Hawlucha|Misty Seed
|-boost|p1a: Hawlucha|spd|1|[from] item: Misty Seed
|move|p2a: Iron Treads|Earthquake|p1a: Hawlucha
|-immune|p1a: Hawlucha
|
|-weather|RainDance|[upkeep]
|upkeep
|turn|4
|
|t:|1757904620
|-end|p2a: Iron Treads|Quark Drive|[silent]
|switch|p2a: Zapdos|Zapdos|100/100
|move|p1a: Hawlucha|Encore||[still]
|-fail|p1a: Hawlucha
|
|-weather|RainDance|[upkeep]
|upkeep
|turn|5
|
|t:|1757904626
|switch|p1a: Iron Treads|Iron Treads|100/100
|-item|p1a: Iron Treads|Air Balloon
|move|p2a: Zapdos|Thunder|p1a: Iron Treads
|-immune|p1a: Iron Treads
|
|-weather|RainDance|[upkeep]
|upkeep
|turn|6
|
|t:|1757904629
|move|p2a: Zapdos|Weather Ball|p1a: Iron Treads
|-supereffective|p1a: Iron Treads
|-crit|p1a: Iron Treads
|-damage|p1a: Iron Treads|0 fnt
|-enditem|p1a: Iron Treads|Air Balloon
|faint|p1a: Iron Treads
|-end|p1a: Iron Treads|Quark Drive|[silent]
|
|-weather|RainDance|[upkeep]
|upkeep
|
|t:|1757904637
|switch|p1a: Iron Hands|Iron Hands|44/100
|turn|7
|
|t:|1757904641
|move|p2a: Zapdos|Hurricane|p1a: Iron Hands
|-damage|p1a: Iron Hands|2/100
|move|p1a: Iron Hands|Ice Punch|p2a: Zapdos
|-supereffective|p2a: Zapdos
|-damage|p2a: Zapdos|31/100
|
|-weather|RainDance|[upkeep]
|upkeep
|turn|8
|
|t:|1757904645
|move|p2a: Zapdos|Volt Switch|p1a: Iron Hands
|-resisted|p1a: Iron Hands
|-damage|p1a: Iron Hands|0 fnt
|faint|p1a: Iron Hands
|-end|p1a: Iron Hands|Quark Drive|[silent]
|
|t:|1757904655
|switch|p2a: Barraskewda|Barraskewda, M|100/100|[from] Volt Switch
|
|-weather|none
|-fieldend|Misty Terrain
|upkeep
|
|t:|1757904659
|switch|p1a: Weezing|Weezing-Galar, F|100/100
|-fieldstart|move: Misty Terrain|[from] ability: Misty Surge|[of] p1a: Weezing
|turn|9
|
|t:|1757904664
|move|p2a: Barraskewda|Flip Turn|p1a: Weezing
|-crit|p1a: Weezing
|-damage|p1a: Weezing|40/100
|
|t:|1757904668
|switch|p2a: Pelipper|Pelipper, F|100/100|[from] Flip Turn
|-weather|RainDance|[from] ability: Drizzle|[of] p2a: Pelipper
|move|p1a: Weezing|Strange Steam|p2a: Pelipper
|-damage|p2a: Pelipper|69/100
|
|-weather|RainDance|[upkeep]
|upkeep
|turn|10
|
|t:|1757904686
|switch|p1a: Hawlucha|Hawlucha, M|100/100
|move|p2a: Pelipper|Surf|p1a: Hawlucha
|-damage|p1a: Hawlucha|20/100
|
|-weather|RainDance|[upkeep]
|upkeep
|turn|11
|
|t:|1757904692
|move|p1a: Hawlucha|Encore|p2a: Pelipper
|-start|p2a: Pelipper|Encore
|move|p2a: Pelipper|Surf|p1a: Hawlucha
|-damage|p1a: Hawlucha|0 fnt
|faint|p1a: Hawlucha
|
|-weather|RainDance|[upkeep]
|upkeep
|
|t:|1757904693
|switch|p1a: Quaquaval|Quaquaval, F|100/100
|-enditem|p1a: Quaquaval|Misty Seed
|-boost|p1a: Quaquaval|spd|1|[from] item: Misty Seed
|turn|12
|
|t:|1757904700
|switch|p2a: Toxicroak|Toxicroak, M|100/100
|move|p1a: Quaquaval|Bulk Up|p1a: Quaquaval
|-boost|p1a: Quaquaval|atk|1
|-boost|p1a: Quaquaval|def|1
|
|-weather|RainDance|[upkeep]
|upkeep
|turn|13
|
|t:|1757904706
|-terastallize|p1a: Quaquaval|Steel
|move|p2a: Toxicroak|Gunk Shot|p1a: Quaquaval
|-immune|p1a: Quaquaval
|move|p1a: Quaquaval|Bulk Up|p1a: Quaquaval
|-boost|p1a: Quaquaval|atk|1
|-boost|p1a: Quaquaval|def|1
|
|-weather|RainDance|[upkeep]
|upkeep
|turn|14
|
|t:|1757904711
|move|p2a: Toxicroak|Close Combat|p1a: Quaquaval
|-supereffective|p1a: Quaquaval
|-damage|p1a: Quaquaval|23/100
|-unboost|p2a: Toxicroak|def|1
|-unboost|p2a: Toxicroak|spd|1
|move|p1a: Quaquaval|Bulk Up|p1a: Quaquaval
|-boost|p1a: Quaquaval|atk|1
|-boost|p1a: Quaquaval|def|1
|
|-weather|RainDance|[upkeep]
|upkeep
|turn|15
|
|t:|1757904717
|move|p2a: Toxicroak|Close Combat|p1a: Quaquaval
|-supereffective|p1a: Quaquaval
|-damage|p1a: Quaquaval|0 fnt
|-unboost|p2a: Toxicroak|def|1
|-unboost|p2a: Toxicroak|spd|1
|faint|p1a: Quaquaval
|
|-weather|RainDance|[upkeep]
|upkeep
|
|t:|1757904722
|switch|p1a: Kingambit|Kingambit, F|100/100
|-activate|p1a: Kingambit|ability: Supreme Overlord
|-start|p1a: Kingambit|fallen4|[silent]
|turn|16
|
|t:|1757904728
|switch|p2a: Zapdos|Zapdos|31/100
|move|p1a: Kingambit|Swords Dance|p1a: Kingambit
|-boost|p1a: Kingambit|atk|2
|
|-weather|none
|-fieldend|Misty Terrain
|upkeep
|turn|17
|
|t:|1757904734
|move|p2a: Zapdos|Volt Switch|p1a: Kingambit
|-damage|p1a: Kingambit|58/100
|
|t:|1757904737
|switch|p2a: Pelipper|Pelipper, F|69/100|[from] Volt Switch
|-weather|RainDance|[from] ability: Drizzle|[of] p2a: Pelipper
|move|p1a: Kingambit|Swords Dance|p1a: Kingambit
|-boost|p1a: Kingambit|atk|2
|
|-weather|RainDance|[upkeep]
|-heal|p1a: Kingambit|64/100|[from] item: Leftovers
|upkeep
|turn|18
|
|t:|1757904741
|move|p1a: Kingambit|Kowtow Cleave|p2a: Pelipper
|-damage|p2a: Pelipper|0 fnt
|faint|p2a: Pelipper
|
|-weather|RainDance|[upkeep]
|-heal|p1a: Kingambit|71/100|[from] item: Leftovers
|upkeep
|
|t:|1757904744
|switch|p2a: Toxicroak|Toxicroak, M|100/100
|turn|19
|
|t:|1757904748
|move|p1a: Kingambit|Sucker Punch|p2a: Toxicroak
|-resisted|p2a: Toxicroak
|-damage|p2a: Toxicroak|0 fnt
|faint|p2a: Toxicroak
|
|-weather|RainDance|[upkeep]
|-heal|p1a: Kingambit|77/100|[from] item: Leftovers
|upkeep
|
|t:|1757904752
|switch|p2a: Barraskewda|Barraskewda, M|100/100
|turn|20
|
|t:|1757904755
|-terastallize|p2a: Barraskewda|Water
|move|p2a: Barraskewda|Aqua Jet|p1a: Kingambit
|-damage|p1a: Kingambit|20/100
|move|p1a: Kingambit|Kowtow Cleave|p2a: Barraskewda
|-crit|p2a: Barraskewda
|-damage|p2a: Barraskewda|0 fnt
|faint|p2a: Barraskewda
|
|-weather|RainDance|[upkeep]
|-heal|p1a: Kingambit|26/100|[from] item: Leftovers
|upkeep
|
|t:|1757904766
|switch|p2a: Kingambit|Kingambit, F|100/100
|-activate|p2a: Kingambit|ability: Supreme Overlord
|-start|p2a: Kingambit|fallen3|[silent]
|turn|21
|
|t:|1757904772
|move|p1a: Kingambit|Iron Head|p2a: Kingambit
|-resisted|p2a: Kingambit
|-damage|p2a: Kingambit|35/100
|move|p2a: Kingambit|Kowtow Cleave|p1a: Kingambit
|-resisted|p1a: Kingambit
|-damage|p1a: Kingambit|0 fnt
|faint|p1a: Kingambit
|-end|p1a: Kingambit|fallen4|[silent]
|
|-weather|RainDance|[upkeep]
|upkeep
|
|t:|1757904778
|switch|p1a: Weezing|Weezing-Galar, F|40/100
|-fieldstart|move: Misty Terrain|[from] ability: Misty Surge|[of] p1a: Weezing
|turn|22
|-message|Pig Perfect forfeited.
|
|win|O Cho Taku
|raw|Pig Perfect's rating: 1505 &rarr; <strong>1483</strong><br />(-22 for losing)
|raw|O Cho Taku's rating: 1463 &rarr; <strong>1485</strong><br />(+22 for winning)
|l|☆Pig Perfect
|player|p1|
|l|☆O Cho Taku
|player|p2|
