|j|☆the.ramen.gang
|j|☆mauslaos
|t:|1757874288
|gametype|singles
|player|p1|the.ramen.gang|101|1207
|player|p2|mauslaos|170|1223
|gen|9
|tier|[Gen 9] OU
|rated|
|rule|HP Percentage Mod: HP is shown in percentages
|rule|Endless Battle Clause: Forcing endless battles is banned
|rule|Species Clause: Limit one of each Pokémon
|rule|OHKO Clause: OHKO moves are banned
|rule|Evasion Items Clause: Evasion items are banned
|rule|Evasion Moves Clause: Evasion moves are banned
|rule|Evasion Abilities Clause: Evasion abilities are banned
|rule|Sleep Moves Clause: Sleep-inducing moves are banned
|clearpoke
|poke|p1|Hippowdon, M|
|poke|p1|Furret, F|
|poke|p1|Zoroark-Hisui, M|
|poke|p1|Dachsbun, M|
|poke|p1|Orthworm, F|
|poke|p1|Magnezone|
|poke|p2|Dragonite, F|
|poke|p2|Zamazenta-*|
|poke|p2|Landorus-Therian, M|
|poke|p2|Gholdengo|
|poke|p2|Darkrai|
|poke|p2|Hatterene, F|
|teampreview
|
|t:|1757874295
|teamsize|p1|6
|teamsize|p2|6
|start
|switch|p1a: Furret|Furret, F|100/100
|switch|p2a: Landorus|Landorus-Therian, M|100/100
|-item|p2a: Landorus|Rocky Helmet|[from] ability: Frisk|[of] p1a: Furret
|-ability|p2a: Landorus|Intimidate|boost
|-unboost|p1a: Furret|atk|1
|turn|1
|
|t:|1757874303
|move|p1a: Furret|Trick|p2a: Landorus
|-activate|p1a: Furret|move: Trick|[of] p2a: Landorus
|-item|p2a: Landorus|Choice Scarf|[from] move: Trick
|-item|p1a: Furret|Rocky Helmet|[from] move: Trick
|move|p2a: Landorus|Stealth Rock|p1a: Furret
|-sidestart|p1: the.ramen.gang|move: Stealth Rock
|
|upkeep
|turn|2
|inactive|Battle timer is ON: inactive players will automatically lose when time's up. (requested by the.ramen.gang)
|inactive|mauslaos has 120 seconds left.
|
|t:|1757874368
|switch|p2a: Zamazenta|Zamazenta|100/100
|-ability|p2a: Zamazenta|Dauntless Shield|boost
|-boost|p2a: Zamazenta|def|1
|switch|p1a: Dachsbun|Dachsbun, M|100/100
|-damage|p1a: Dachsbun|88/100|[from] Stealth Rock
|
|upkeep
|turn|3
|
|t:|1757874377
|switch|p2a: Gholdengo|Gholdengo|100/100
|move|p1a: Dachsbun|Trick|p2a: Gholdengo
|-immune|p2a: Gholdengo|[from] ability: Good as Gold
|
|upkeep
|turn|4
|
|t:|1757874390
|switch|p1a: Magnezone|Magnezone|100/100
|-damage|p1a: Magnezone|94/100|[from] Stealth Rock
|move|p2a: Gholdengo|Make It Rain|p1a: Magnezone
|-resisted|p1a: Magnezone
|-damage|p1a: Magnezone|82/100
|-unboost|p2a: Gholdengo|spa|1
|
|upkeep
|turn|5
|
|t:|1757874398
|switch|p2a: Zamazenta|Zamazenta|100/100
|move|p1a: Magnezone|Thunder|p2a: Zamazenta
|-damage|p2a: Zamazenta|32/100
|-status|p2a: Zamazenta|par
|
|-heal|p2a: Zamazenta|38/100 par|[from] item: Leftovers
|upkeep
|turn|6
|
|t:|1757874407
|move|p2a: Zamazenta|Body Press|p1a: Magnezone
|-supereffective|p1a: Magnezone
|-damage|p1a: Magnezone|0 fnt
|faint|p1a: Magnezone
|
|-heal|p2a: Zamazenta|44/100 par|[from] item: Leftovers
|upkeep
|
|t:|1757874413
|switch|p1a: Dachsbun|Dachsbun, M|88/100
|-damage|p1a: Dachsbun|76/100|[from] Stealth Rock
|turn|7
|
|t:|1757874420
|switch|p2a: Gholdengo|Gholdengo|100/100
|move|p1a: Dachsbun|Bitter Malice|p2a: Gholdengo
|-supereffective|p2a: Gholdengo
|-damage|p2a: Gholdengo|0 fnt
|faint|p2a: Gholdengo
|
|upkeep
|
|t:|1757874434
|switch|p2a: Landorus|Landorus-Therian, M|100/100
|-ability|p2a: Landorus|Intimidate|boost
|-unboost|p1a: Dachsbun|atk|1
|turn|8
|
|t:|1757874439
|move|p2a: Landorus|Earthquake|p1a: Dachsbun
|-damage|p1a: Dachsbun|0 fnt
|replace|p1a: Zoroark|Zoroark-Hisui, M
|-end|p1a: Zoroark|Illusion
|faint|p1a: Zoroark
|
|upkeep
|
|t:|1757874450
|switch|p1a: Orthworm|Orthworm, F|100/100
|-damage|p1a: Orthworm|94/100|[from] Stealth Rock
|turn|9
|
|t:|1757874453
|move|p2a: Landorus|Earthquake|p1a: Orthworm
|-heal|p1a: Orthworm|100/100|[from] ability: Earth Eater|[of] p2a: Landorus
|move|p1a: Orthworm|Curse|p1a: Orthworm
|-unboost|p1a: Orthworm|spe|1
|-boost|p1a: Orthworm|atk|1
|-boost|p1a: Orthworm|def|1
|
|upkeep
|turn|10
|
|t:|1757874459
|switch|p2a: Zamazenta|Zamazenta|44/100 par
|move|p1a: Orthworm|Curse|p1a: Orthworm
|-unboost|p1a: Orthworm|spe|1
|-boost|p1a: Orthworm|atk|1
|-boost|p1a: Orthworm|def|1
|
|-heal|p2a: Zamazenta|50/100 par|[from] item: Leftovers
|upkeep
|turn|11
|
|t:|1757874465
|move|p1a: Orthworm|Curse|p1a: Orthworm
|-unboost|p1a: Orthworm|spe|1
|-boost|p1a: Orthworm|atk|1
|-boost|p1a: Orthworm|def|1
|move|p2a: Zamazenta|Roar|p1a: Orthworm
|drag|p1a: Hippowdon|Hippowdon, M|100/100
|-damage|p1a: Hippowdon|94/100|[from] Stealth Rock
|-weather|Sandstorm|[from] ability: Sand Stream|[of] p1a: Hippowdon
|
|-weather|Sandstorm|[upkeep]
|-damage|p2a: Zamazenta|44/100 par|[from] Sandstorm
|-heal|p2a: Zamazenta|50/100 par|[from] item: Leftovers
|-heal|p1a: Hippowdon|100/100|[from] item: Leftovers
|upkeep
|turn|12
|
|t:|1757874477
|move|p2a: Zamazenta|Body Press|p1a: Hippowdon
|-damage|p1a: Hippowdon|73/100
|move|p1a: Hippowdon|Curse|p1a: Hippowdon
|-unboost|p1a: Hippowdon|spe|1
|-boost|p1a: Hippowdon|atk|1
|-boost|p1a: Hippowdon|def|1
|
|-weather|Sandstorm|[upkeep]
|-damage|p2a: Zamazenta|44/100 par|[from] Sandstorm
|-heal|p2a: Zamazenta|50/100 par|[from] item: Leftovers
|-heal|p1a: Hippowdon|79/100|[from] item: Leftovers
|upkeep
|turn|13
|
|t:|1757874482
|move|p1a: Hippowdon|Earthquake|p2a: Zamazenta
|-damage|p2a: Zamazenta|0 fnt
|faint|p2a: Zamazenta
|
|-weather|Sandstorm|[upkeep]
|-heal|p1a: Hippowdon|85/100|[from] item: Leftovers
|upkeep
|
|t:|1757874492
|switch|p2a: Landorus|Landorus-Therian, M|100/100
|-ability|p2a: Landorus|Intimidate|boost
|-unboost|p1a: Hippowdon|atk|1
|turn|14
|
|t:|1757874496
|move|p2a: Landorus|Earthquake|p1a: Hippowdon
|-damage|p1a: Hippowdon|64/100
|move|p1a: Hippowdon|Stone Edge|p2a: Landorus
|-damage|p2a: Landorus|70/100
|
|-weather|Sandstorm|[upkeep]
|-heal|p1a: Hippowdon|70/100|[from] item: Leftovers
|upkeep
|turn|15
|
|t:|1757874502
|move|p2a: Landorus|Earthquake|p1a: Hippowdon
|-damage|p1a: Hippowdon|48/100
|move|p1a: Hippowdon|Stone Edge|p2a: Landorus|[miss]
|-miss|p1a: Hippowdon|p2a: Landorus
|
|-weather|none
|-heal|p1a: Hippowdon|54/100|[from] item: Leftovers
|upkeep
|turn|16
|
|t:|1757874506
|move|p2a: Landorus|Earthquake|p1a: Hippowdon
|-damage|p1a: Hippowdon|31/100
|move|p1a: Hippowdon|Slack Off|p1a: Hippowdon
|-heal|p1a: Hippowdon|81/100
|
|-heal|p1a: Hippowdon|87/100|[from] item: Leftovers
|upkeep
|turn|17
|
|t:|1757874513
|switch|p2a: Darkrai|Darkrai|100/100
|move|p1a: Hippowdon|Curse|p1a: Hippowdon
|-unboost|p1a: Hippowdon|spe|1
|-boost|p1a: Hippowdon|atk|1
|-boost|p1a: Hippowdon|def|1
|
|-heal|p1a: Hippowdon|93/100|[from] item: Leftovers
|upkeep
|turn|18
|
|t:|1757874516
|move|p2a: Darkrai|Ice Beam|p1a: Hippowdon
|-supereffective|p1a: Hippowdon
|-damage|p1a: Hippowdon|32/100
|move|p1a: Hippowdon|Earthquake|p2a: Darkrai
|-damage|p2a: Darkrai|8/100
|
|-heal|p1a: Hippowdon|38/100|[from] item: Leftovers
|upkeep
|turn|19
|
|t:|1757874525
|move|p2a: Darkrai|Dark Pulse|p1a: Hippowdon
|-damage|p1a: Hippowdon|0 fnt
|faint|p1a: Hippowdon
|
|upkeep
|
|t:|1757874532
|switch|p1a: Dachsbun|Dachsbun, M|100/100
|-damage|p1a: Dachsbun|88/100|[from] Stealth Rock
|turn|20
|
|t:|1757874549
|move|p2a: Darkrai|Taunt|p1a: Dachsbun
|-start|p1a: Dachsbun|move: Taunt
|move|p1a: Dachsbun|Play Rough|p2a: Darkrai
|-supereffective|p2a: Darkrai
|-damage|p2a: Darkrai|0 fnt
|faint|p2a: Darkrai
|
|-heal|p1a: Dachsbun|94/100|[from] item: Leftovers
|upkeep
|
|t:|1757874555
|switch|p2a: Landorus|Landorus-Therian, M|70/100
|-ability|p2a: Landorus|Intimidate|boost
|-unboost|p1a: Dachsbun|atk|1
|turn|21
|
|t:|1757874562
|switch|p1a: Orthworm|Orthworm, F|100/100
|-damage|p1a: Orthworm|94/100|[from] Stealth Rock
|move|p2a: Landorus|U-turn|p1a: Orthworm
|-resisted|p1a: Orthworm
|-damage|p1a: Orthworm|88/100
|
|t:|1757874569
|switch|p2a: Hatterene|Hatterene, F|100/100|[from] U-turn
|
|upkeep
|turn|22
|
|t:|1757874575
|move|p1a: Orthworm|Iron Tail|p2a: Hatterene
|-supereffective|p2a: Hatterene
|-damage|p2a: Hatterene|38/100
|move|p2a: Hatterene|Mystical Fire|p1a: Orthworm
|-supereffective|p1a: Orthworm
|-damage|p1a: Orthworm|8/100
|-unboost|p1a: Orthworm|spa|1
|
|upkeep
|turn|23
|
|t:|1757874586
|move|p1a: Orthworm|Rest|p1a: Orthworm
|-status|p1a: Orthworm|slp|[from] move: Rest
|-heal|p1a: Orthworm|100/100 slp|[silent]
|-enditem|p1a: Orthworm|Chesto Berry|[eat]
|-curestatus|p1a: Orthworm|slp|[msg]
|move|p2a: Hatterene|Mystical Fire|p1a: Orthworm
|-supereffective|p1a: Orthworm
|-damage|p1a: Orthworm|13/100
|-unboost|p1a: Orthworm|spa|1
|
|upkeep
|turn|24
|
|t:|1757874595
|move|p1a: Orthworm|Iron Tail|p2a: Hatterene
|-supereffective|p2a: Hatterene
|-damage|p2a: Hatterene|0 fnt
|faint|p2a: Hatterene
|
|upkeep
|
|t:|1757874602
|switch|p2a: Dragonite|Dragonite, F|100/100
|turn|25
|
|t:|1757874608
|move|p2a: Dragonite|Extreme Speed|p1a: Orthworm
|-resisted|p1a: Orthworm
|-damage|p1a: Orthworm|5/100
|move|p1a: Orthworm|Iron Tail|p2a: Dragonite
|-damage|p2a: Dragonite|85/100
|
|upkeep
|turn|26
|
|t:|1757874615
|move|p2a: Dragonite|Tera Blast|p1a: Orthworm
|-resisted|p1a: Orthworm
|-damage|p1a: Orthworm|0 fnt
|faint|p1a: Orthworm
|
|upkeep
|
|t:|1757874620
|switch|p1a: Dachsbun|Dachsbun, M|94/100
|-damage|p1a: Dachsbun|82/100|[from] Stealth Rock
|turn|27
|
|t:|1757874628
|-terastallize|p2a: Dragonite|Flying
|move|p2a: Dragonite|Earthquake|p1a: Dachsbun
|-damage|p1a: Dachsbun|57/100
|move|p1a: Dachsbun|Wish|p1a: Dachsbun
|
|-heal|p1a: Dachsbun|63/100|[from] item: Leftovers
|upkeep
|turn|28
|
|t:|1757874635
|move|p2a: Dragonite|Dragon Dance|p2a: Dragonite
|-boost|p2a: Dragonite|atk|1
|-boost|p2a: Dragonite|spe|1
|move|p1a: Dachsbun|Play Rough|p2a: Dragonite
|-damage|p2a: Dragonite|58/100
|
|-heal|p1a: Dachsbun|100/100|[from] move: Wish|[wisher] Dachsbun
|upkeep
|turn|29
|
|t:|1757874646
|move|p2a: Dragonite|Dragon Dance|p2a: Dragonite
|-boost|p2a: Dragonite|atk|1
|-boost|p2a: Dragonite|spe|1
|move|p1a: Dachsbun|Roar|p2a: Dragonite
|drag|p2a: Landorus|Landorus-Therian, M|70/100
|-ability|p2a: Landorus|Intimidate|boost
|-unboost|p1a: Dachsbun|atk|1
|
|upkeep
|turn|30
|
|t:|1757874651
|move|p2a: Landorus|Earthquake|p1a: Dachsbun
|-damage|p1a: Dachsbun|68/100
|move|p1a: Dachsbun|Wish|p1a: Dachsbun
|
|-heal|p1a: Dachsbun|74/100|[from] item: Leftovers
|upkeep
|turn|31
|
|t:|1757874663
|move|p2a: Landorus|Earthquake|p1a: Dachsbun
|-damage|p1a: Dachsbun|42/100
|move|p1a: Dachsbun|Play Rough|p2a: Landorus
|-damage|p2a: Landorus|54/100
|-unboost|p2a: Landorus|atk|1
|
|-heal|p1a: Dachsbun|92/100|[from] move: Wish|[wisher] Dachsbun
|-heal|p1a: Dachsbun|98/100|[from] item: Leftovers
|upkeep
|turn|32
|
|t:|1757874675
|switch|p2a: Dragonite|Dragonite, F, tera:Flying|58/100
|move|p1a: Dachsbun|Wish|p1a: Dachsbun
|
|-heal|p1a: Dachsbun|100/100|[from] item: Leftovers
|upkeep
|turn|33
|
|t:|1757874681
|switch|p1a: Furret|Furret, F|100/100
|-damage|p1a: Furret|88/100|[from] Stealth Rock
|-item|p2a: Dragonite|Lum Berry|[from] ability: Frisk|[of] p1a: Furret
|move|p2a: Dragonite|Tera Blast|p1a: Furret|[anim] Tera Blast Flying
|-damage|p1a: Furret|0 fnt
|faint|p1a: Furret
|
|upkeep
|
|t:|1757874685
|switch|p1a: Dachsbun|Dachsbun, M|100/100
|-damage|p1a: Dachsbun|88/100|[from] Stealth Rock
|turn|34
|-message|mauslaos forfeited.
|
|win|the.ramen.gang
|raw|the.ramen.gang's rating: 1207 &rarr; <strong>1233</strong><br />(+26 for winning)
|raw|mauslaos's rating: 1223 &rarr; <strong>1197</strong><br />(-26 for losing)
|l|☆mauslaos
|player|p2|
|l|☆the.ramen.gang
|player|p1|
