|j|☆Femb0yserperior<3
|j|☆GCSFDATG
|t:|1757959526
|gametype|singles
|player|p1|Femb0yserperior<3|elesa|1130
|player|p2|GCSFDATG|scientist-gen4dp|1071
|gen|9
|tier|[Gen 9] OU
|rated|
|rule|HP Percentage Mod: HP is shown in percentages
|rule|Endless Battle Clause: Forcing endless battles is banned
|rule|Species Clause: Limit one of each Pokémon
|rule|OHKO Clause: OHKO moves are banned
|rule|Evasion Items Clause: Evasion items are banned
|rule|Evasion Moves Clause: Evasion moves are banned
|rule|Evasion Abilities Clause: Evasion abilities are banned
|rule|Sleep Moves Clause: Sleep-inducing moves are banned
|clearpoke
|poke|p1|Deoxys-Speed|
|poke|p1|Blaziken, M|
|poke|p1|Dondozo, F|
|poke|p1|Porygon-Z|
|poke|p1|Rillaboom, F|
|poke|p1|Polteageist-Antique|
|poke|p2|Zapdos-Galar|
|poke|p2|Landorus-Therian, M|
|poke|p2|Dragapult, M|
|poke|p2|Slowking-Galar, F|
|poke|p2|Great Tusk|
|poke|p2|Alomomola, M|
|teampreview
|inactive|Battle timer is ON: inactive players will automatically lose when time's up. (requested by Femb0yserperior<3)
|
|t:|1757959531
|teamsize|p1|6
|teamsize|p2|6
|start
|switch|p1a: Blaziken|Blaziken, M, shiny|100/100
|switch|p2a: Dragapult|Dragapult, M|100/100
|turn|1
|
|t:|1757959540
|switch|p2a: Landorus|Landorus-Therian, M|100/100
|-ability|p2a: Landorus|Intimidate|boost
|-unboost|p1a: Blaziken|atk|1
|move|p1a: Blaziken|Protect||[still]
|-fail|p1a: Blaziken
|
|-ability|p1a: Blaziken|Speed Boost|boost
|-boost|p1a: Blaziken|spe|1
|upkeep
|turn|2
|
|t:|1757959550
|move|p1a: Blaziken|Fire Punch|p2a: Landorus
|-damage|p2a: Landorus|82/100
|-damage|p1a: Blaziken|84/100|[from] item: Rocky Helmet|[of] p2a: Landorus
|move|p2a: Landorus|Earthquake|p1a: Blaziken
|-supereffective|p1a: Blaziken
|-damage|p1a: Blaziken|0 fnt
|faint|p1a: Blaziken
|
|upkeep
|
|t:|1757959557
|switch|p1a: Rillaboom|Rillaboom, F, shiny|100/100
|-fieldstart|move: Grassy Terrain|[from] ability: Grassy Surge|[of] p1a: Rillaboom
|turn|3
|
|t:|1757959564
|move|p1a: Rillaboom|U-turn|p2a: Landorus
|-resisted|p2a: Landorus
|-damage|p2a: Landorus|74/100
|-damage|p1a: Rillaboom|84/100|[from] item: Rocky Helmet|[of] p2a: Landorus
|
|t:|1757959569
|switch|p1a: Dondozo|Dondozo, F, shiny|100/100|[from] U-turn
|move|p2a: Landorus|Stealth Rock|p1a: Dondozo
|-sidestart|p1: Femb0yserperior<3|move: Stealth Rock
|
|upkeep
|turn|4
|
|t:|1757959577
|switch|p2a: Dragapult|Dragapult, M|100/100
|move|p1a: Dondozo|Avalanche|p2a: Dragapult
|-supereffective|p2a: Dragapult
|-damage|p2a: Dragapult|34/100
|-damage|p1a: Dondozo|91/100|[from] item: Life Orb
|
|-heal|p2a: Dragapult|40/100|[from] Grassy Terrain
|-heal|p1a: Dondozo|97/100|[from] Grassy Terrain
|upkeep
|turn|5
|
|t:|1757959591
|switch|p2a: Alomomola|Alomomola, M|100/100
|move|p1a: Dondozo|Avalanche|p2a: Alomomola
|-resisted|p2a: Alomomola
|-damage|p2a: Alomomola|93/100
|-damage|p1a: Dondozo|87/100|[from] item: Life Orb
|
|-heal|p2a: Alomomola|99/100|[from] Grassy Terrain
|-heal|p1a: Dondozo|93/100|[from] Grassy Terrain
|upkeep
|turn|6
|
|t:|1757959602
|move|p2a: Alomomola|Scald|p1a: Dondozo
|-resisted|p1a: Dondozo
|-damage|p1a: Dondozo|86/100
|move|p1a: Dondozo|Curse|p1a: Dondozo
|-unboost|p1a: Dondozo|spe|1
|-boost|p1a: Dondozo|atk|1
|-boost|p1a: Dondozo|def|1
|
|-heal|p2a: Alomomola|100/100|[from] Grassy Terrain
|-heal|p1a: Dondozo|93/100|[from] Grassy Terrain
|upkeep
|turn|7
|
|t:|1757959612
|move|p2a: Alomomola|Scald|p1a: Dondozo
|-resisted|p1a: Dondozo
|-damage|p1a: Dondozo|86/100
|move|p1a: Dondozo|Curse|p1a: Dondozo
|-unboost|p1a: Dondozo|spe|1
|-boost|p1a: Dondozo|atk|1
|-boost|p1a: Dondozo|def|1
|
|-heal|p1a: Dondozo|92/100|[from] Grassy Terrain
|-fieldend|move: Grassy Terrain
|upkeep
|turn|8
|
|t:|1757959622
|move|p2a: Alomomola|Scald|p1a: Dondozo
|-resisted|p1a: Dondozo
|-damage|p1a: Dondozo|85/100
|-status|p1a: Dondozo|brn
|move|p1a: Dondozo|Liquidation|p2a: Alomomola
|-resisted|p2a: Alomomola
|-damage|p2a: Alomomola|87/100
|-damage|p1a: Dondozo|75/100 brn|[from] item: Life Orb
|
|-damage|p1a: Dondozo|69/100 brn|[from] brn
|upkeep
|turn|9
|-message|Femb0yserperior<3 forfeited.
|
|win|GCSFDATG
|raw|Femb0yserperior&lt;3's rating: 1130 &rarr; <strong>1101</strong><br />(-29 for losing)
|raw|GCSFDATG's rating: 1071 &rarr; <strong>1105</strong><br />(+34 for winning)
|l|☆Femb0yserperior<3
|player|p1|
