|j|‽20jav04
|j|☆CCL0611
|t:|1757962266
|gametype|singles
|player|p1|20jav04|102|1111
|player|p2|CCL0611|266|1079
|gen|9
|tier|[Gen 9] OU
|rated|
|rule|HP Percentage Mod: HP is shown in percentages
|rule|Endless Battle Clause: Forcing endless battles is banned
|rule|Species Clause: Limit one of each Pokémon
|rule|OHKO Clause: OHKO moves are banned
|rule|Evasion Items Clause: Evasion items are banned
|rule|Evasion Moves Clause: Evasion moves are banned
|rule|Evasion Abilities Clause: Evasion abilities are banned
|rule|Sleep Moves Clause: Sleep-inducing moves are banned
|clearpoke
|poke|p1|Chandelure, M|
|poke|p1|Corviknight, M|
|poke|p1|Great Tusk|
|poke|p1|Hatterene, F|
|poke|p1|Walking Wake|
|poke|p1|Venusaur, M|
|poke|p2|Gholdengo|
|poke|p2|Kingdra, F|
|poke|p2|Rhyperior, M|
|poke|p2|Jolteon, F|
|poke|p2|Rotom-Wash|
|poke|p2|Tornadus, M|
|teampreview
|
|t:|1757962284
|teamsize|p1|6
|teamsize|p2|6
|start
|switch|p1a: Hatterene|Hatterene, F|100/100
|switch|p2a: Gholdengo|Gholdengo|100/100
|turn|1
|
|t:|1757962299
|switch|p1a: Chandelure|Chandelure, M|100/100
|-item|p1a: Chandelure|Air Balloon
|move|p2a: Gholdengo|Light Screen|p2a: Gholdengo
|-sidestart|p2: CCL0611|move: Light Screen
|
|upkeep
|turn|2
|
|t:|1757962306
|move|p2a: Gholdengo|Reflect|p2a: Gholdengo
|-sidestart|p2: CCL0611|Reflect
|move|p1a: Chandelure|Flamethrower|p2a: Gholdengo
|-supereffective|p2a: Gholdengo
|-damage|p2a: Gholdengo|63/100
|
|upkeep
|turn|3
|
|t:|1757962312
|switch|p2a: Kingdra|Kingdra, F|100/100
|move|p1a: Chandelure|Flamethrower|p2a: Kingdra
|-resisted|p2a: Kingdra
|-crit|p2a: Kingdra
|-damage|p2a: Kingdra|76/100
|
|upkeep
|turn|4
|
|t:|1757962319
|switch|p1a: Walking Wake|Walking Wake|100/100
|-enditem|p1a: Walking Wake|Booster Energy
|-activate|p1a: Walking Wake|ability: Protosynthesis|[fromitem]
|-start|p1a: Walking Wake|protosynthesisspa
|move|p2a: Kingdra|Focus Energy|p2a: Kingdra
|-start|p2a: Kingdra|move: Focus Energy
|
|upkeep
|turn|5
|
|t:|1757962330
|move|p1a: Walking Wake|Dragon Pulse|p2a: Kingdra
|-supereffective|p2a: Kingdra
|-damage|p2a: Kingdra|2/100
|move|p2a: Kingdra|Agility|p2a: Kingdra
|-boost|p2a: Kingdra|spe|2
|
|upkeep
|turn|6
|
|t:|1757962337
|move|p2a: Kingdra|Draco Meteor|p1a: Walking Wake
|-supereffective|p1a: Walking Wake
|-crit|p1a: Walking Wake
|-damage|p1a: Walking Wake|0 fnt
|-unboost|p2a: Kingdra|spa|2
|faint|p1a: Walking Wake
|-end|p1a: Walking Wake|Protosynthesis|[silent]
|
|upkeep
|
|t:|1757962344
|switch|p1a: Hatterene|Hatterene, F|100/100
|turn|7
|
|t:|1757962348
|move|p2a: Kingdra|Surf|p1a: Hatterene
|-crit|p1a: Hatterene
|-damage|p1a: Hatterene|0 fnt
|faint|p1a: Hatterene
|
|upkeep
|
|t:|1757962351
|switch|p1a: Corviknight|Corviknight, M|100/100
|turn|8
|
|t:|1757962355
|move|p2a: Kingdra|Surf|p1a: Corviknight
|-crit|p1a: Corviknight
|-damage|p1a: Corviknight|0 fnt
|faint|p1a: Corviknight
|
|-sideend|p2: CCL0611|move: Light Screen
|upkeep
|
|t:|1757962360
|switch|p1a: Venusaur|Venusaur, M|100/100
|turn|9
|
|t:|1757962363
|move|p2a: Kingdra|Draco Meteor|p1a: Venusaur
|-crit|p1a: Venusaur
|-damage|p1a: Venusaur|0 fnt
|-unboost|p2a: Kingdra|spa|2
|faint|p1a: Venusaur
|
|-sideend|p2: CCL0611|Reflect
|upkeep
|
|t:|1757962366
|switch|p1a: Great Tusk|Great Tusk|100/100
|-enditem|p1a: Great Tusk|Booster Energy
|-activate|p1a: Great Tusk|ability: Protosynthesis|[fromitem]
|-start|p1a: Great Tusk|protosynthesisatk
|turn|10
|
|t:|1757962375
|move|p2a: Kingdra|Surf|p1a: Great Tusk
|-supereffective|p1a: Great Tusk
|-crit|p1a: Great Tusk
|-damage|p1a: Great Tusk|0 fnt
|faint|p1a: Great Tusk
|-end|p1a: Great Tusk|Protosynthesis|[silent]
|
|upkeep
|
|t:|1757962377
|switch|p1a: Chandelure|Chandelure, M|100/100
|-item|p1a: Chandelure|Air Balloon
|turn|11
|
|t:|1757962383
|move|p2a: Kingdra|Surf|p1a: Chandelure
|-supereffective|p1a: Chandelure
|-crit|p1a: Chandelure
|-damage|p1a: Chandelure|0 fnt
|-enditem|p1a: Chandelure|Air Balloon
|faint|p1a: Chandelure
|
|win|CCL0611
|raw|20jav04's rating: 1111 &rarr; <strong>1084</strong><br />(-27 for losing)
|raw|CCL0611's rating: 1079 &rarr; <strong>1110</strong><br />(+31 for winning)
|l|‽20jav04
|player|p1|
