|j|☆langa hasegawa
|j|☆bellaisbad
|t:|1757909807
|gametype|singles
|player|p1|langa hasegawa|169|1637
|player|p2|bellaisbad|miku-fairy|1694
|gen|9
|tier|[Gen 9] OU
|rated|
|rule|HP Percentage Mod: HP is shown in percentages
|rule|Endless Battle Clause: Forcing endless battles is banned
|rule|Species Clause: Limit one of each Pokémon
|rule|OHKO Clause: OHKO moves are banned
|rule|Evasion Items Clause: Evasion items are banned
|rule|Evasion Moves Clause: Evasion moves are banned
|rule|Evasion Abilities Clause: Evasion abilities are banned
|rule|Sleep Moves Clause: Sleep-inducing moves are banned
|clearpoke
|poke|p1|Zamazenta-*|
|poke|p1|Landorus-Therian, M|
|poke|p1|Weezing-Galar, M|
|poke|p1|Kyurem|
|poke|p1|Garganacl, F|
|poke|p1|Gholdengo|
|poke|p2|Kyurem|
|poke|p2|Corviknight, M|
|poke|p2|Ting-Lu|
|poke|p2|Suicune|
|poke|p2|Slowking-Galar, M|
|poke|p2|Cinderace, F|
|teampreview
|c|☆langa hasegawa|hf
|c|☆bellaisbad|u2 and gl
|
|t:|1757909858
|teamsize|p1|6
|teamsize|p2|6
|start
|switch|p1a: Weezing|Weezing-Galar, M|100/100
|switch|p2a: Suicune|Suicune|100/100
|-ability|p1a: Weezing|Neutralizing Gas
|turn|1
|
|t:|1757909864
|-end|p1a: Weezing|ability: Neutralizing Gas
|-ability|p2a: Suicune|Pressure
|switch|p1a: Kyurem|Kyurem|100/100
|-ability|p1a: Kyurem|Pressure
|move|p2a: Suicune|Substitute|p2a: Suicune
|-start|p2a: Suicune|Substitute
|-damage|p2a: Suicune|75/100
|
|-heal|p2a: Suicune|82/100|[from] item: Leftovers
|upkeep
|turn|2
|inactive|Battle timer is ON: inactive players will automatically lose when time's up. (requested by langa hasegawa)
|
|t:|1757909872
|move|p1a: Kyurem|Substitute|p1a: Kyurem
|-start|p1a: Kyurem|Substitute
|-damage|p1a: Kyurem|76/100
|move|p2a: Suicune|Calm Mind|p2a: Suicune
|-boost|p2a: Suicune|spa|1
|-boost|p2a: Suicune|spd|1
|
|-heal|p1a: Kyurem|82/100|[from] item: Leftovers
|-heal|p2a: Suicune|88/100|[from] item: Leftovers
|upkeep
|turn|3
|
|t:|1757909877
|move|p1a: Kyurem|Freeze-Dry|p2a: Suicune
|-supereffective|p2a: Suicune
|-end|p2a: Suicune|Substitute
|move|p2a: Suicune|Calm Mind|p2a: Suicune
|-boost|p2a: Suicune|spa|1
|-boost|p2a: Suicune|spd|1
|
|-heal|p1a: Kyurem|88/100|[from] item: Leftovers
|-heal|p2a: Suicune|94/100|[from] item: Leftovers
|upkeep
|turn|4
|
|t:|1757909881
|move|p2a: Suicune|Protect|p2a: Suicune
|-singleturn|p2a: Suicune|Protect
|move|p1a: Kyurem|Freeze-Dry|p2a: Suicune
|-activate|p2a: Suicune|move: Protect
|
|-heal|p1a: Kyurem|94/100|[from] item: Leftovers
|-heal|p2a: Suicune|99/100|[from] item: Leftovers
|upkeep
|turn|5
|
|t:|1757909888
|move|p1a: Kyurem|Freeze-Dry|p2a: Suicune
|-supereffective|p2a: Suicune
|-damage|p2a: Suicune|75/100
|move|p2a: Suicune|Calm Mind|p2a: Suicune
|-boost|p2a: Suicune|spa|1
|-boost|p2a: Suicune|spd|1
|
|-heal|p1a: Kyurem|99/100|[from] item: Leftovers
|-heal|p2a: Suicune|81/100|[from] item: Leftovers
|upkeep
|turn|6
|
|t:|1757909894
|switch|p1a: Gholdengo|Gholdengo|100/100
|move|p2a: Suicune|Protect||[still]
|-fail|p2a: Suicune
|
|-heal|p2a: Suicune|87/100|[from] item: Leftovers
|upkeep
|turn|7
|
|t:|1757909897
|move|p2a: Suicune|Protect|p2a: Suicune
|-singleturn|p2a: Suicune|Protect
|move|p1a: Gholdengo|Nasty Plot|p1a: Gholdengo
|-boost|p1a: Gholdengo|spa|2
|
|-heal|p2a: Suicune|94/100|[from] item: Leftovers
|upkeep
|turn|8
|
|t:|1757909904
|move|p1a: Gholdengo|Thunderbolt|p2a: Suicune
|-supereffective|p2a: Suicune
|-damage|p2a: Suicune|51/100
|move|p2a: Suicune|Scald|p1a: Gholdengo
|-damage|p1a: Gholdengo|34/100
|
|-heal|p2a: Suicune|58/100|[from] item: Leftovers
|upkeep
|turn|9
|
|t:|1757909912
|-terastallize|p2a: Suicune|Fairy
|move|p1a: Gholdengo|Nasty Plot|p1a: Gholdengo
|-boost|p1a: Gholdengo|spa|2
|move|p2a: Suicune|Scald|p1a: Gholdengo
|-damage|p1a: Gholdengo|0 fnt
|faint|p1a: Gholdengo
|
|-heal|p2a: Suicune|64/100|[from] item: Leftovers
|upkeep
|
|t:|1757909922
|switch|p1a: Zamazenta|Zamazenta|100/100
|-ability|p1a: Zamazenta|Dauntless Shield|boost
|-boost|p1a: Zamazenta|def|1
|turn|10
|j| Dionysos
|
|t:|1757909925
|move|p2a: Suicune|Scald|p1a: Zamazenta
|-damage|p1a: Zamazenta|58/100
|move|p1a: Zamazenta|Roar|p2a: Suicune
|drag|p2a: Slowking|Slowking-Galar, M|100/100
|
|-heal|p1a: Zamazenta|64/100|[from] item: Leftovers
|upkeep
|turn|11
|l| Dionysos
|
|t:|1757909932
|switch|p1a: Garganacl|Garganacl, F|100/100
|move|p2a: Slowking|Psychic Noise|p1a: Garganacl
|-damage|p1a: Garganacl|79/100
|-start|p1a: Garganacl|move: Heal Block
|
|upkeep
|turn|12
|
|t:|1757909935
|move|p1a: Garganacl|Stealth Rock|p2a: Slowking
|-sidestart|p2: bellaisbad|move: Stealth Rock
|-prepare|p2a: Slowking|Chilly Reception|[premajor]
|move|p2a: Slowking|Chilly Reception|p2a: Slowking
|-weather|Snowscape
|
|t:|1757909944
|switch|p2a: Suicune|Suicune, tera:Fairy|64/100|[from] Chilly Reception
|-damage|p2a: Suicune|51/100|[from] Stealth Rock
|-ability|p2a: Suicune|Pressure
|
|-weather|Snowscape|[upkeep]
|-heal|p2a: Suicune|58/100|[from] item: Leftovers
|-end|p1a: Garganacl|move: Heal Block
|upkeep
|turn|13
|
|t:|1757909950
|switch|p1a: Zamazenta|Zamazenta|64/100
|move|p2a: Suicune|Substitute|p2a: Suicune
|-start|p2a: Suicune|Substitute
|-damage|p2a: Suicune|33/100
|
|-weather|Snowscape|[upkeep]
|-heal|p1a: Zamazenta|70/100|[from] item: Leftovers
|-heal|p2a: Suicune|39/100|[from] item: Leftovers
|upkeep
|turn|14
|
|t:|1757909956
|move|p2a: Suicune|Scald|p1a: Zamazenta
|-damage|p1a: Zamazenta|52/100
|-status|p1a: Zamazenta|brn
|move|p1a: Zamazenta|Roar|p2a: Suicune
|drag|p2a: Kyurem|Kyurem|100/100
|-damage|p2a: Kyurem|75/100|[from] Stealth Rock
|-ability|p2a: Kyurem|Pressure
|
|-weather|Snowscape|[upkeep]
|-heal|p1a: Zamazenta|58/100 brn|[from] item: Leftovers
|-heal|p2a: Kyurem|82/100|[from] item: Leftovers
|-damage|p1a: Zamazenta|52/100 brn|[from] brn
|upkeep
|turn|15
|
|t:|1757909961
|move|p2a: Kyurem|Protect|p2a: Kyurem
|-singleturn|p2a: Kyurem|Protect
|move|p1a: Zamazenta|Roar|p2a: Kyurem
|drag|p2a: Suicune|Suicune, tera:Fairy|39/100
|-damage|p2a: Suicune|26/100|[from] Stealth Rock
|-ability|p2a: Suicune|Pressure
|
|-weather|Snowscape|[upkeep]
|-heal|p1a: Zamazenta|58/100 brn|[from] item: Leftovers
|-heal|p2a: Suicune|33/100|[from] item: Leftovers
|-damage|p1a: Zamazenta|52/100 brn|[from] brn
|upkeep
|turn|16
|
|t:|1757909965
|switch|p2a: Corviknight|Corviknight, M|100/100
|-damage|p2a: Corviknight|88/100|[from] Stealth Rock
|-ability|p2a: Corviknight|Pressure
|move|p1a: Zamazenta|Roar|p2a: Corviknight
|drag|p2a: Suicune|Suicune, tera:Fairy|33/100
|-damage|p2a: Suicune|20/100|[from] Stealth Rock
|-ability|p2a: Suicune|Pressure
|
|-weather|none
|-heal|p1a: Zamazenta|58/100 brn|[from] item: Leftovers
|-heal|p2a: Suicune|26/100|[from] item: Leftovers
|-damage|p1a: Zamazenta|52/100 brn|[from] brn
|upkeep
|turn|17
|
|t:|1757909971
|move|p2a: Suicune|Scald|p1a: Zamazenta
|-damage|p1a: Zamazenta|33/100 brn
|move|p1a: Zamazenta|Roar|p2a: Suicune
|drag|p2a: Cinderace|Cinderace, F|100/100
|
|-heal|p1a: Zamazenta|39/100 brn|[from] item: Leftovers
|-damage|p1a: Zamazenta|33/100 brn|[from] brn
|upkeep
|turn|18
|
|t:|1757909975
|move|p2a: Cinderace|Court Change|p2a: Cinderace
|-swapsideconditions
|-activate|p2a: Cinderace|move: Court Change
|move|p1a: Zamazenta|Roar|p2a: Cinderace
|drag|p2a: Corviknight|Corviknight, M|88/100
|-ability|p2a: Corviknight|Pressure
|
|-heal|p1a: Zamazenta|39/100 brn|[from] item: Leftovers
|-damage|p1a: Zamazenta|33/100 brn|[from] brn
|upkeep
|turn|19
|
|t:|1757909981
|switch|p1a: Weezing|Weezing-Galar, M|100/100
|-ability|p1a: Weezing|Neutralizing Gas
|switch|p2a: Kyurem|Kyurem|82/100
|
|-heal|p2a: Kyurem|88/100|[from] item: Leftovers
|upkeep
|turn|20
|
|t:|1757909986
|-end|p1a: Weezing|ability: Neutralizing Gas
|-ability|p2a: Kyurem|Pressure
|switch|p1a: Zamazenta|Zamazenta|33/100 brn
|-damage|p1a: Zamazenta|27/100 brn|[from] Stealth Rock
|move|p2a: Kyurem|Earth Power|p1a: Zamazenta
|-damage|p1a: Zamazenta|4/100 brn
|-unboost|p1a: Zamazenta|spd|1
|
|-heal|p1a: Zamazenta|10/100 brn|[from] item: Leftovers
|-heal|p2a: Kyurem|94/100|[from] item: Leftovers
|-damage|p1a: Zamazenta|4/100 brn|[from] brn
|upkeep
|turn|21
|
|t:|1757909991
|move|p1a: Zamazenta|Body Press|p2a: Kyurem
|-supereffective|p2a: Kyurem
|-damage|p2a: Kyurem|63/100
|move|p2a: Kyurem|Freeze-Dry|p1a: Zamazenta
|-damage|p1a: Zamazenta|0 fnt
|faint|p1a: Zamazenta
|
|-heal|p2a: Kyurem|69/100|[from] item: Leftovers
|upkeep
|
|t:|1757910001
|switch|p1a: Landorus|Landorus-Therian, M|100/100
|-damage|p1a: Landorus|88/100|[from] Stealth Rock
|-ability|p1a: Landorus|Intimidate|boost
|-unboost|p2a: Kyurem|atk|1
|turn|22
|
|t:|1757910005
|move|p1a: Landorus|Stone Edge|p2a: Kyurem
|-supereffective|p2a: Kyurem
|-damage|p2a: Kyurem|4/100
|move|p2a: Kyurem|Freeze-Dry|p1a: Landorus
|-supereffective|p1a: Landorus
|-damage|p1a: Landorus|0 fnt
|faint|p1a: Landorus
|
|-heal|p2a: Kyurem|10/100|[from] item: Leftovers
|upkeep
|
|t:|1757910013
|switch|p1a: Garganacl|Garganacl, F|79/100
|-damage|p1a: Garganacl|66/100|[from] Stealth Rock
|turn|23
|
|t:|1757910017
|move|p2a: Kyurem|Earth Power|p1a: Garganacl
|-supereffective|p1a: Garganacl
|-damage|p1a: Garganacl|25/100
|move|p1a: Garganacl|Stealth Rock|p2a: Kyurem
|-sidestart|p2: bellaisbad|move: Stealth Rock
|
|-heal|p2a: Kyurem|17/100|[from] item: Leftovers
|-heal|p1a: Garganacl|31/100|[from] item: Leftovers
|upkeep
|turn|24
|
|t:|1757910024
|move|p2a: Kyurem|Freeze-Dry|p1a: Garganacl
|-damage|p1a: Garganacl|5/100
|move|p1a: Garganacl|Salt Cure|p2a: Kyurem
|-supereffective|p2a: Kyurem
|-damage|p2a: Kyurem|0 fnt
|faint|p2a: Kyurem
|
|-heal|p1a: Garganacl|11/100|[from] item: Leftovers
|upkeep
|j| heatraniac
|
|t:|1757910032
|switch|p2a: Ting-Lu|Ting-Lu|100/100
|-damage|p2a: Ting-Lu|94/100|[from] Stealth Rock
|-ability|p2a: Ting-Lu|Vessel of Ruin
|turn|25
|
|t:|1757910037
|move|p2a: Ting-Lu|Earthquake|p1a: Garganacl
|-supereffective|p1a: Garganacl
|-damage|p1a: Garganacl|0 fnt
|faint|p1a: Garganacl
|
|-heal|p2a: Ting-Lu|100/100|[from] item: Leftovers
|upkeep
|
|t:|1757910039
|switch|p1a: Weezing|Weezing-Galar, M|100/100
|-ability|p1a: Weezing|Neutralizing Gas
|turn|26
|
|t:|1757910047
|switch|p2a: Slowking|Slowking-Galar, M|100/100
|move|p1a: Weezing|Sludge Bomb|p2a: Slowking
|-resisted|p2a: Slowking
|-damage|p2a: Slowking|93/100
|
|upkeep
|turn|27
|
|t:|1757910049
|move|p1a: Weezing|Will-O-Wisp|p2a: Slowking
|-status|p2a: Slowking|brn
|move|p2a: Slowking|Psychic Noise|p1a: Weezing
|-supereffective|p1a: Weezing
|-damage|p1a: Weezing|28/100
|-start|p1a: Weezing|move: Heal Block
|
|-damage|p2a: Slowking|87/100 brn|[from] brn
|upkeep
|turn|28
|
|t:|1757910057
|move|p1a: Weezing|Pain Split|p2a: Slowking
|-sethp|p2a: Slowking|55/100 brn|[from] move: Pain Split|[silent]
|-sethp|p1a: Weezing|65/100|[from] move: Pain Split
|-prepare|p2a: Slowking|Chilly Reception|[premajor]
|move|p2a: Slowking|Chilly Reception|p2a: Slowking
|-weather|Snowscape
|
|t:|1757910062
|switch|p2a: Cinderace|Cinderace, F|100/100|[from] Chilly Reception
|
|-weather|Snowscape|[upkeep]
|-end|p1a: Weezing|move: Heal Block
|upkeep
|turn|29
|
|t:|1757910065
|move|p2a: Cinderace|U-turn|p1a: Weezing
|-resisted|p1a: Weezing
|-damage|p1a: Weezing|62/100
|
|t:|1757910066
|switch|p2a: Slowking|Slowking-Galar, M|55/100 brn|[from] U-turn
|move|p1a: Weezing|Sludge Bomb|p2a: Slowking
|-resisted|p2a: Slowking
|-damage|p2a: Slowking|48/100 brn
|
|-weather|Snowscape|[upkeep]
|-damage|p2a: Slowking|42/100 brn|[from] brn
|upkeep
|turn|30
|
|t:|1757910074
|move|p1a: Weezing|Sludge Bomb|p2a: Slowking
|-resisted|p2a: Slowking
|-damage|p2a: Slowking|34/100 brn
|-prepare|p2a: Slowking|Chilly Reception|[premajor]
|move|p2a: Slowking|Chilly Reception|p2a: Slowking
|
|t:|1757910077
|switch|p2a: Cinderace|Cinderace, F|100/100|[from] Chilly Reception
|
|-weather|Snowscape|[upkeep]
|upkeep
|turn|31
|
|t:|1757910083
|move|p2a: Cinderace|U-turn|p1a: Weezing
|-resisted|p1a: Weezing
|-damage|p1a: Weezing|59/100
|
|t:|1757910084
|switch|p2a: Slowking|Slowking-Galar, M|34/100 brn|[from] U-turn
|move|p1a: Weezing|Pain Split|p2a: Slowking
|-sethp|p2a: Slowking|42/100 brn|[from] move: Pain Split|[silent]
|-sethp|p1a: Weezing|50/100|[from] move: Pain Split
|
|-weather|Snowscape|[upkeep]
|-damage|p2a: Slowking|36/100 brn|[from] brn
|upkeep
|turn|32
|
|t:|1757910089
|move|p1a: Weezing|Sludge Bomb|p2a: Slowking
|-resisted|p2a: Slowking
|-damage|p2a: Slowking|28/100 brn
|move|p2a: Slowking|Psychic Noise|p1a: Weezing
|-supereffective|p1a: Weezing
|-damage|p1a: Weezing|0 fnt
|faint|p1a: Weezing
|-end|p1a: Weezing|ability: Neutralizing Gas
|
|-weather|none
|-damage|p2a: Slowking|22/100 brn|[from] brn
|upkeep
|
|t:|1757910094
|switch|p1a: Kyurem|Kyurem|99/100
|-damage|p1a: Kyurem|75/100|[from] Stealth Rock
|-ability|p1a: Kyurem|Pressure
|turn|33
|
|t:|1757910105
|move|p1a: Kyurem|Earth Power|p2a: Slowking
|-supereffective|p2a: Slowking
|-damage|p2a: Slowking|0 fnt
|faint|p2a: Slowking
|
|-heal|p1a: Kyurem|81/100|[from] item: Leftovers
|upkeep
|
|t:|1757910108
|switch|p2a: Cinderace|Cinderace, F|100/100
|turn|34
|
|t:|1757910112
|move|p2a: Cinderace|Will-O-Wisp|p1a: Kyurem
|-status|p1a: Kyurem|brn
|move|p1a: Kyurem|Earth Power|p2a: Cinderace
|-supereffective|p2a: Cinderace
|-damage|p2a: Cinderace|30/100
|
|-heal|p1a: Kyurem|88/100 brn|[from] item: Leftovers
|-damage|p1a: Kyurem|81/100 brn|[from] brn
|upkeep
|turn|35
|c|☆langa hasegawa|gg
|
|t:|1757910118
|move|p2a: Cinderace|Pyro Ball|p1a: Kyurem
|-damage|p1a: Kyurem|9/100 brn
|move|p1a: Kyurem|Earth Power|p2a: Cinderace
|-supereffective|p2a: Cinderace
|-crit|p2a: Cinderace
|-damage|p2a: Cinderace|0 fnt
|faint|p2a: Cinderace
|
|-heal|p1a: Kyurem|16/100 brn|[from] item: Leftovers
|-damage|p1a: Kyurem|9/100 brn|[from] brn
|upkeep
|c|☆bellaisbad|ggs wp
|
|t:|1757910124
|switch|p2a: Ting-Lu|Ting-Lu|100/100
|-damage|p2a: Ting-Lu|94/100|[from] Stealth Rock
|-ability|p2a: Ting-Lu|Vessel of Ruin
|turn|36
|
|t:|1757910126
|move|p1a: Kyurem|Freeze-Dry|p2a: Ting-Lu
|-supereffective|p2a: Ting-Lu
|-damage|p2a: Ting-Lu|62/100
|move|p2a: Ting-Lu|Earthquake|p1a: Kyurem
|-damage|p1a: Kyurem|0 fnt
|faint|p1a: Kyurem
|
|win|bellaisbad
|raw|langa hasegawa's rating: 1637 &rarr; <strong>1620</strong><br />(-17 for losing)
|raw|bellaisbad's rating: 1694 &rarr; <strong>1711</strong><br />(+17 for winning)
|l|☆langa hasegawa
|player|p1|
|l| heatraniac
