|j|☆TREMBLEB4BAST
|j|☆loneslopeman
|t:|1757913719
|gametype|singles
|player|p1|TREMBLEB4BAST|geeta|1249
|player|p2|loneslopeman|1|1237
|gen|9
|tier|[Gen 9] OU
|rated|
|rule|HP Percentage Mod: HP is shown in percentages
|rule|Endless Battle Clause: Forcing endless battles is banned
|rule|Species Clause: Limit one of each Pokémon
|rule|OHKO Clause: OHKO moves are banned
|rule|Evasion Items Clause: Evasion items are banned
|rule|Evasion Moves Clause: Evasion moves are banned
|rule|Evasion Abilities Clause: Evasion abilities are banned
|rule|Sleep Moves Clause: Sleep-inducing moves are banned
|clearpoke
|poke|p1|Deoxys-Speed|
|poke|p1|Indeedee, M|
|poke|p1|Meowscarada, M|
|poke|p1|Araquanid, F|
|poke|p1|Hitmonlee, M|
|poke|p1|Scream Tail|
|poke|p2|Zarude-Dada|
|poke|p2|Torkoal, F|
|poke|p2|Scream Tail|
|poke|p2|Great Tusk|
|poke|p2|Zamazenta-*|
|poke|p2|Walking Wake|
|teampreview
|inactive|Battle timer is ON: inactive players will automatically lose when time's up. (requested by loneslopeman)
|
|t:|1757913798
|teamsize|p1|6
|teamsize|p2|6
|start
|switch|p1a: Puss in Boots|Meowscarada, M|100/100
|switch|p2a: Torkoal|Torkoal, F|100/100
|-weather|SunnyDay|[from] ability: Drought|[of] p2a: Torkoal
|turn|1
|
|t:|1757913804
|move|p1a: Puss in Boots|U-turn|p2a: Torkoal
|-start|p1a: Puss in Boots|typechange|Bug|[from] ability: Protean
|-resisted|p2a: Torkoal
|-damage|p2a: Torkoal|91/100
|
|t:|1757913807
|switch|p1a: Alakadam|Deoxys-Speed, shiny|100/100|[from] U-turn
|-ability|p1a: Alakadam|Pressure
|move|p2a: Torkoal|Lava Plume|p1a: Alakadam
|-damage|p1a: Alakadam|43/100
|
|-weather|SunnyDay|[upkeep]
|upkeep
|turn|2
|
|t:|1757913816
|switch|p2a: Scream Tail|Scream Tail|100/100
|-activate|p2a: Scream Tail|ability: Protosynthesis
|-start|p2a: Scream Tail|protosynthesisspd
|move|p1a: Alakadam|Expanding Force|p2a: Scream Tail
|-resisted|p2a: Scream Tail
|-damage|p2a: Scream Tail|89/100
|
|-weather|SunnyDay|[upkeep]
|upkeep
|turn|3
|inactive|TREMBLEB4BAST has 120 seconds left.
|
|t:|1757913862
|switch|p1a: Bubble07|Araquanid, F, shiny|100/100
|move|p2a: Scream Tail|Reflect|p2a: Scream Tail
|-sidestart|p2: loneslopeman|Reflect
|
|-weather|SunnyDay|[upkeep]
|upkeep
|turn|4
|
|t:|1757913869
|move|p2a: Scream Tail|Thunder Wave|p1a: Bubble07
|-status|p1a: Bubble07|par
|move|p1a: Bubble07|Sticky Web|p2a: Scream Tail
|-sidestart|p2: loneslopeman|move: Sticky Web
|
|-weather|SunnyDay|[upkeep]
|upkeep
|turn|5
|inactive|TREMBLEB4BAST has 120 seconds left.
|
|t:|1757913876
|-end|p2a: Scream Tail|Protosynthesis|[silent]
|switch|p2a: Torkoal|Torkoal, F|91/100
|-activate|p2a: Torkoal|move: Sticky Web
|-unboost|p2a: Torkoal|spe|1
|cant|p1a: Bubble07|par
|
|-weather|SunnyDay|[upkeep]
|upkeep
|turn|6
|
|t:|1757913882
|move|p1a: Bubble07|Liquidation|p2a: Torkoal
|-supereffective|p2a: Torkoal
|-damage|p2a: Torkoal|74/100
|-unboost|p2a: Torkoal|def|1
|move|p2a: Torkoal|Lava Plume|p1a: Bubble07
|-damage|p1a: Bubble07|85/100 par
|
|-weather|SunnyDay|[upkeep]
|upkeep
|turn|7
|
|t:|1757913893
|cant|p1a: Bubble07|par
|move|p2a: Torkoal|Stealth Rock|p1a: Bubble07
|-sidestart|p1: TREMBLEB4BAST|move: Stealth Rock
|
|-weather|SunnyDay|[upkeep]
|upkeep
|turn|8
|
|t:|1757913896
|move|p1a: Bubble07|Liquidation|p2a: Torkoal
|-supereffective|p2a: Torkoal
|-damage|p2a: Torkoal|47/100
|move|p2a: Torkoal|Lava Plume|p1a: Bubble07
|-damage|p1a: Bubble07|69/100 par
|
|-weather|none
|upkeep
|turn|9
|
|t:|1757913905
|cant|p1a: Bubble07|par
|move|p2a: Torkoal|Rest|p2a: Torkoal
|-status|p2a: Torkoal|slp|[from] move: Rest
|-heal|p2a: Torkoal|100/100 slp|[silent]
|
|upkeep
|turn|10
|
|t:|1757913909
|move|p1a: Bubble07|Liquidation|p2a: Torkoal
|-supereffective|p2a: Torkoal
|-damage|p2a: Torkoal|43/100 slp
|cant|p2a: Torkoal|slp
|
|-sideend|p2: loneslopeman|Reflect
|upkeep
|turn|11
|
|t:|1757913919
|switch|p2a: Walking Wake|Walking Wake|100/100
|-activate|p2a: Walking Wake|move: Sticky Web
|-unboost|p2a: Walking Wake|spe|1
|cant|p1a: Bubble07|par
|
|upkeep
|turn|12
|
|t:|1757913928
|switch|p1a: Golliad|Scream Tail, shiny|100/100
|-damage|p1a: Golliad|88/100|[from] Stealth Rock
|-enditem|p1a: Golliad|Booster Energy
|-activate|p1a: Golliad|ability: Protosynthesis|[fromitem]
|-start|p1a: Golliad|protosynthesisspe
|move|p2a: Walking Wake|Draco Meteor|p1a: Golliad
|-immune|p1a: Golliad
|
|upkeep
|turn|13
|inactive|loneslopeman has 120 seconds left.
|inactive|loneslopeman has 90 seconds left.
|inactive|loneslopeman has 60 seconds left.
|inactive|loneslopeman has 30 seconds left.
|c|☆TREMBLEB4BAST|Don’t time out
|inactive|loneslopeman has 20 seconds left.
|c|☆TREMBLEB4BAST|Wanna see how this ends
|inactive|loneslopeman has 15 seconds left.
|inactive|loneslopeman has 10 seconds left.
|inactive|loneslopeman has 5 seconds left.
|c|☆TREMBLEB4BAST|You still have a chance
|-message|loneslopeman lost due to inactivity.
|
|win|TREMBLEB4BAST
|raw|TREMBLEB4BAST's rating: 1275 &rarr; <strong>1297</strong><br />(+22 for winning)
|raw|loneslopeman's rating: 1237 &rarr; <strong>1215</strong><br />(-22 for losing)
|l|☆TREMBLEB4BAST
|player|p1|
|l|☆loneslopeman
|player|p2|
