|j|☆hawker_mk5
|j|☆tim and moby
|t:|1757855978
|gametype|singles
|player|p1|hawker_mk5|volkner|1512
|player|p2|tim and moby|smasher|1570
|gen|9
|tier|[Gen 9] OU
|rated|
|rule|HP Percentage Mod: HP is shown in percentages
|rule|Endless Battle Clause: Forcing endless battles is banned
|rule|Species Clause: Limit one of each Pokémon
|rule|OHKO Clause: OHKO moves are banned
|rule|Evasion Items Clause: Evasion items are banned
|rule|Evasion Moves Clause: Evasion moves are banned
|rule|Evasion Abilities Clause: Evasion abilities are banned
|rule|Sleep Moves Clause: Sleep-inducing moves are banned
|clearpoke
|poke|p1|Scizor, M|
|poke|p1|Great Tusk|
|poke|p1|Primarina, M|
|poke|p1|Kyurem|
|poke|p1|Zapdos|
|poke|p1|Gengar, F|
|poke|p2|Zapdos|
|poke|p2|Azumarill, M|
|poke|p2|Hydrapple, M|
|poke|p2|Excadrill, F|
|poke|p2|Tyranitar, M|
|poke|p2|Slowking-Galar, F|
|teampreview
|inactive|Battle timer is ON: inactive players will automatically lose when time's up. (requested by hawker_mk5)
|inactive|tim and moby has 120 seconds left.
|
|t:|1757856028
|teamsize|p1|6
|teamsize|p2|6
|start
|switch|p1a: Great Tusk|Great Tusk|100/100
|switch|p2a: Slowking|Slowking-Galar, F|100/100
|turn|1
|
|t:|1757856053
|switch|p2a: Zapdos|Zapdos|100/100
|move|p1a: Great Tusk|Stealth Rock|p2a: Zapdos
|-sidestart|p2: tim and moby|move: Stealth Rock
|
|upkeep
|turn|2
|
|t:|1757856063
|-end|p1a: Great Tusk|Protosynthesis|[silent]
|switch|p1a: Gengar|Gengar, F|100/100
|move|p2a: Zapdos|Heat Wave|p1a: Gengar
|-damage|p1a: Gengar|41/100
|
|upkeep
|turn|3
|
|t:|1757856071
|switch|p2a: Tyranitar|Tyranitar, M|100/100
|-damage|p2a: Tyranitar|88/100|[from] Stealth Rock
|-weather|Sandstorm|[from] ability: Sand Stream|[of] p2a: Tyranitar
|move|p1a: Gengar|Destiny Bond|p1a: Gengar
|-singlemove|p1a: Gengar|Destiny Bond
|
|-weather|Sandstorm|[upkeep]
|-damage|p1a: Gengar|35/100|[from] Sandstorm
|-heal|p2a: Tyranitar|94/100|[from] item: Leftovers
|upkeep
|turn|4
|
|t:|1757856082
|switch|p1a: Scizor|Scizor, M|100/100
|move|p2a: Tyranitar|Knock Off|p1a: Scizor
|-damage|p1a: Scizor|56/100
|-enditem|p1a: Scizor|Choice Band|[from] move: Knock Off|[of] p2a: Tyranitar
|
|-weather|Sandstorm|[upkeep]
|-heal|p2a: Tyranitar|100/100|[from] item: Leftovers
|upkeep
|turn|5
|
|t:|1757856090
|switch|p2a: Zapdos|Zapdos|100/100
|move|p1a: Scizor|Knock Off|p2a: Zapdos
|-damage|p2a: Zapdos|62/100
|-enditem|p2a: Zapdos|Heavy-Duty Boots|[from] move: Knock Off|[of] p1a: Scizor
|
|-weather|Sandstorm|[upkeep]
|-damage|p2a: Zapdos|56/100|[from] Sandstorm
|upkeep
|turn|6
|
|t:|1757856108
|move|p2a: Zapdos|Weather Ball|p1a: Scizor
|-damage|p1a: Scizor|15/100
|move|p1a: Scizor|U-turn|p2a: Zapdos
|-resisted|p2a: Zapdos
|-damage|p2a: Zapdos|37/100
|
|t:|1757856120
|switch|p1a: Gengar|Gengar, F|35/100|[from] U-turn
|
|-weather|Sandstorm|[upkeep]
|-damage|p1a: Gengar|29/100|[from] Sandstorm
|-damage|p2a: Zapdos|31/100|[from] Sandstorm
|upkeep
|turn|7
|
|t:|1757856127
|switch|p2a: Slowking|Slowking-Galar, F|100/100
|move|p1a: Gengar|Shadow Ball|p2a: Slowking
|-supereffective|p2a: Slowking
|-damage|p2a: Slowking|55/100
|
|-weather|none
|upkeep
|turn|8
|
|t:|1757856138
|move|p1a: Gengar|Shadow Ball|p2a: Slowking
|-supereffective|p2a: Slowking
|-crit|p2a: Slowking
|-damage|p2a: Slowking|0 fnt
|faint|p2a: Slowking
|
|upkeep
|
|t:|1757856143
|switch|p2a: Tyranitar|Tyranitar, M|100/100
|-damage|p2a: Tyranitar|88/100|[from] Stealth Rock
|-weather|Sandstorm|[from] ability: Sand Stream|[of] p2a: Tyranitar
|turn|9
|
|t:|1757856150
|switch|p1a: Great Tusk|Great Tusk|100/100
|move|p2a: Tyranitar|Stealth Rock|p1a: Great Tusk
|-sidestart|p1: hawker_mk5|move: Stealth Rock
|
|-weather|Sandstorm|[upkeep]
|-heal|p2a: Tyranitar|94/100|[from] item: Leftovers
|upkeep
|turn|10
|
|t:|1757856156
|move|p1a: Great Tusk|Rapid Spin|p2a: Tyranitar
|-resisted|p2a: Tyranitar
|-damage|p2a: Tyranitar|87/100
|-boost|p1a: Great Tusk|spe|1
|-sideend|p1: hawker_mk5|Stealth Rock|[from] move: Rapid Spin|[of] p1a: Great Tusk
|move|p2a: Tyranitar|Ice Beam|p1a: Great Tusk
|-supereffective|p1a: Great Tusk
|-damage|p1a: Great Tusk|44/100
|
|-weather|Sandstorm|[upkeep]
|-heal|p1a: Great Tusk|51/100|[from] item: Leftovers
|-heal|p2a: Tyranitar|94/100|[from] item: Leftovers
|upkeep
|turn|11
|
|t:|1757856168
|-terastallize|p2a: Tyranitar|Flying
|move|p1a: Great Tusk|Headlong Rush|p2a: Tyranitar
|-immune|p2a: Tyranitar
|move|p2a: Tyranitar|Ice Beam|p1a: Great Tusk
|-supereffective|p1a: Great Tusk
|-damage|p1a: Great Tusk|0 fnt
|faint|p1a: Great Tusk
|-end|p1a: Great Tusk|Protosynthesis|[silent]
|
|-weather|Sandstorm|[upkeep]
|-damage|p2a: Tyranitar|87/100|[from] Sandstorm
|-heal|p2a: Tyranitar|94/100|[from] item: Leftovers
|upkeep
|
|t:|1757856183
|switch|p1a: Kyurem|Kyurem|100/100
|-ability|p1a: Kyurem|Pressure
|turn|12
|
|t:|1757856194
|switch|p2a: Zapdos|Zapdos|31/100
|-damage|p2a: Zapdos|6/100|[from] Stealth Rock
|move|p1a: Kyurem|Dragon Dance|p1a: Kyurem
|-boost|p1a: Kyurem|atk|1
|-boost|p1a: Kyurem|spe|1
|
|-weather|Sandstorm|[upkeep]
|-damage|p1a: Kyurem|94/100|[from] Sandstorm
|-damage|p2a: Zapdos|0 fnt|[from] Sandstorm
|faint|p2a: Zapdos
|upkeep
|
|t:|1757856204
|switch|p2a: Excadrill|Excadrill, F|100/100
|-damage|p2a: Excadrill|97/100|[from] Stealth Rock
|-item|p2a: Excadrill|Air Balloon
|turn|13
|
|t:|1757856218
|move|p2a: Excadrill|Iron Head|p1a: Kyurem
|-supereffective|p1a: Kyurem
|-damage|p1a: Kyurem|5/100
|cant|p1a: Kyurem|flinch
|
|-weather|none
|upkeep
|turn|14
|
|t:|1757856233
|switch|p2a: Azumarill|Azumarill, M|100/100
|-damage|p2a: Azumarill|88/100|[from] Stealth Rock
|move|p1a: Kyurem|Icicle Spear|p2a: Azumarill
|-resisted|p2a: Azumarill
|-damage|p2a: Azumarill|76/100
|-resisted|p2a: Azumarill
|-damage|p2a: Azumarill|65/100
|-resisted|p2a: Azumarill
|-damage|p2a: Azumarill|53/100
|-resisted|p2a: Azumarill
|-damage|p2a: Azumarill|42/100
|-resisted|p2a: Azumarill
|-damage|p2a: Azumarill|30/100
|-hitcount|p2a: Azumarill|5
|
|upkeep
|turn|15
|
|t:|1757856251
|switch|p1a: Zapdos|Zapdos|100/100
|move|p2a: Azumarill|Aqua Jet|p1a: Zapdos
|-damage|p1a: Zapdos|73/100
|-status|p2a: Azumarill|par|[from] ability: Static|[of] p1a: Zapdos
|
|upkeep
|turn|16
|
|t:|1757856261
|cant|p2a: Azumarill|par
|move|p1a: Zapdos|Volt Switch|p2a: Azumarill
|-supereffective|p2a: Azumarill
|-damage|p2a: Azumarill|0 fnt
|faint|p2a: Azumarill
|
|t:|1757856268
|switch|p1a: Kyurem|Kyurem|5/100|[from] Volt Switch
|-ability|p1a: Kyurem|Pressure
|
|upkeep
|
|t:|1757856274
|switch|p2a: Excadrill|Excadrill, F|97/100
|-damage|p2a: Excadrill|94/100|[from] Stealth Rock
|-item|p2a: Excadrill|Air Balloon
|turn|17
|
|t:|1757856280
|switch|p1a: Gengar|Gengar, F|29/100
|move|p2a: Excadrill|Rapid Spin|p1a: Gengar
|-immune|p1a: Gengar
|
|upkeep
|turn|18
|
|t:|1757856293
|switch|p2a: Tyranitar|Tyranitar, M, tera:Flying|94/100
|-damage|p2a: Tyranitar|69/100|[from] Stealth Rock
|-weather|Sandstorm|[from] ability: Sand Stream|[of] p2a: Tyranitar
|move|p1a: Gengar|Shadow Ball|p2a: Tyranitar
|-damage|p2a: Tyranitar|44/100
|
|-weather|Sandstorm|[upkeep]
|-damage|p1a: Gengar|23/100|[from] Sandstorm
|-damage|p2a: Tyranitar|38/100|[from] Sandstorm
|-heal|p2a: Tyranitar|44/100|[from] item: Leftovers
|upkeep
|turn|19
|
|t:|1757856304
|move|p1a: Gengar|Shadow Ball|p2a: Tyranitar
|-damage|p2a: Tyranitar|20/100
|move|p2a: Tyranitar|Stealth Rock|p1a: Gengar
|-sidestart|p1: hawker_mk5|move: Stealth Rock
|
|-weather|Sandstorm|[upkeep]
|-damage|p1a: Gengar|17/100|[from] Sandstorm
|-damage|p2a: Tyranitar|14/100|[from] Sandstorm
|-heal|p2a: Tyranitar|20/100|[from] item: Leftovers
|upkeep
|turn|20
|
|t:|1757856326
|switch|p1a: Zapdos|Zapdos|73/100
|switch|p2a: Excadrill|Excadrill, F|94/100
|-damage|p2a: Excadrill|91/100|[from] Stealth Rock
|-item|p2a: Excadrill|Air Balloon
|
|-weather|Sandstorm|[upkeep]
|-damage|p1a: Zapdos|67/100|[from] Sandstorm
|upkeep
|turn|21
|
|t:|1757856334
|move|p2a: Excadrill|Rapid Spin|p1a: Zapdos
|-damage|p1a: Zapdos|45/100
|-boost|p2a: Excadrill|spe|1
|-sideend|p2: tim and moby|Stealth Rock|[from] move: Rapid Spin|[of] p2a: Excadrill
|move|p1a: Zapdos|Hurricane|p2a: Excadrill
|-resisted|p2a: Excadrill
|-damage|p2a: Excadrill|49/100
|-start|p2a: Excadrill|confusion
|-enditem|p2a: Excadrill|Air Balloon
|
|-weather|Sandstorm|[upkeep]
|-damage|p1a: Zapdos|39/100|[from] Sandstorm
|upkeep
|turn|22
|
|t:|1757856349
|-activate|p2a: Excadrill|confusion
|move|p2a: Excadrill|Swords Dance|p2a: Excadrill
|-boost|p2a: Excadrill|atk|2
|move|p1a: Zapdos|Roost|p1a: Zapdos
|-heal|p1a: Zapdos|89/100
|-singleturn|p1a: Zapdos|move: Roost
|
|-weather|none
|upkeep
|turn|23
|
|t:|1757856365
|switch|p1a: Kyurem|Kyurem|5/100
|-damage|p1a: Kyurem|0 fnt|[from] Stealth Rock
|faint|p1a: Kyurem
|-activate|p2a: Excadrill|confusion
|move|p2a: Excadrill|Iron Head|p1: Kyurem|[notarget]
|-fail|p2a: Excadrill
|
|upkeep
|
|t:|1757856373
|switch|p1a: Gengar|Gengar, F|17/100
|-damage|p1a: Gengar|4/100|[from] Stealth Rock
|turn|24
|
|t:|1757856383
|move|p1a: Gengar|Shadow Ball|p2a: Excadrill
|-damage|p2a: Excadrill|0 fnt
|faint|p2a: Excadrill
|
|upkeep
|
|t:|1757856390
|switch|p2a: Tyranitar|Tyranitar, M, tera:Flying|20/100
|-weather|Sandstorm|[from] ability: Sand Stream|[of] p2a: Tyranitar
|turn|25
|
|t:|1757856403
|move|p1a: Gengar|Shadow Ball|p2a: Tyranitar
|-damage|p2a: Tyranitar|0 fnt
|faint|p2a: Tyranitar
|
|-weather|Sandstorm|[upkeep]
|-damage|p1a: Gengar|0 fnt|[from] Sandstorm
|faint|p1a: Gengar
|upkeep
|
|t:|1757856413
|switch|p1a: Primarina|Primarina, M|100/100
|switch|p2a: Hydrapple|Hydrapple, M|100/100
|-damage|p1a: Primarina|88/100|[from] Stealth Rock
|turn|26
|
|t:|1757856418
|-terastallize|p1a: Primarina|Steel
|move|p1a: Primarina|Moonblast|p2a: Hydrapple
|-supereffective|p2a: Hydrapple
|-damage|p2a: Hydrapple|0 fnt
|faint|p2a: Hydrapple
|
|win|hawker_mk5
|raw|hawker_mk5's rating: 1512 &rarr; <strong>1535</strong><br />(+23 for winning)
|raw|tim and moby's rating: 1570 &rarr; <strong>1547</strong><br />(-23 for losing)
|l|☆tim and moby
|player|p2|
|l|☆hawker_mk5
|player|p1|
