|j|☆Charle_phate
|j|☆Eyefull
|t:|1757908711
|gametype|singles
|player|p1|Charle_phate|blue|1424
|player|p2|Eyefull|265|1408
|gen|9
|tier|[Gen 9] OU
|rated|
|rule|HP Percentage Mod: HP is shown in percentages
|rule|Endless Battle Clause: Forcing endless battles is banned
|rule|Species Clause: Limit one of each Pokémon
|rule|OHKO Clause: OHKO moves are banned
|rule|Evasion Items Clause: Evasion items are banned
|rule|Evasion Moves Clause: Evasion moves are banned
|rule|Evasion Abilities Clause: Evasion abilities are banned
|rule|Sleep Moves Clause: Sleep-inducing moves are banned
|clearpoke
|poke|p1|Serperior, M|
|poke|p1|Rotom-Wash|
|poke|p1|Zapdos|
|poke|p1|Heatran, F|
|poke|p1|Clefable, M|
|poke|p1|Landorus-Therian, M|
|poke|p2|Landorus-Therian, M|
|poke|p2|Samurott-Hisui, M|
|poke|p2|Pecharunt|
|poke|p2|Scizor, M|
|poke|p2|Latios, M|
|poke|p2|Zamazenta-*|
|teampreview
|inactive|Battle timer is ON: inactive players will automatically lose when time's up. (requested by Charle_phate)
|
|t:|1757908728
|teamsize|p1|6
|teamsize|p2|6
|start
|switch|p1a: Rotom|Rotom-Wash|100/100
|switch|p2a: Samurott|Samurott-Hisui, M|100/100
|turn|1
|
|t:|1757908731
|move|p2a: Samurott|Ceaseless Edge|p1a: Rotom|[miss]
|-miss|p2a: Samurott|p1a: Rotom
|move|p1a: Rotom|Thunder Wave|p2a: Samurott|[miss]
|-miss|p1a: Rotom|p2a: Samurott
|
|upkeep
|turn|2
|
|t:|1757908736
|move|p2a: Samurott|Ceaseless Edge|p1a: Rotom
|-damage|p1a: Rotom|49/100
|-sidestart|p1: Charle_phate|Spikes
|move|p1a: Rotom|Thunder Wave|p2a: Samurott
|-status|p2a: Samurott|par
|
|-heal|p1a: Rotom|56/100|[from] item: Leftovers
|upkeep
|turn|3
|
|t:|1757908751
|move|p1a: Rotom|Charge Beam|p2a: Samurott
|-supereffective|p2a: Samurott
|-damage|p2a: Samurott|60/100 par
|-boost|p1a: Rotom|spa|1
|move|p2a: Samurott|Ceaseless Edge|p1a: Rotom
|-damage|p1a: Rotom|0 fnt
|-sidestart|p1: Charle_phate|Spikes
|faint|p1a: Rotom
|
|upkeep
|
|t:|1757908762
|switch|p1a: Serperior|Serperior, M|100/100
|-damage|p1a: Serperior|84/100|[from] Spikes
|turn|4
|
|t:|1757908776
|switch|p2a: Pecharunt|Pecharunt|100/100
|move|p1a: Serperior|Substitute|p1a: Serperior
|-start|p1a: Serperior|Substitute
|-damage|p1a: Serperior|59/100
|
|-heal|p1a: Serperior|65/100|[from] item: Leftovers
|upkeep
|turn|5
|
|t:|1757908788
|move|p1a: Serperior|Glare|p2a: Pecharunt
|-status|p2a: Pecharunt|par
|move|p2a: Pecharunt|Malignant Chain|p1a: Serperior
|-supereffective|p1a: Serperior
|-end|p1a: Serperior|Substitute
|
|-heal|p1a: Serperior|71/100|[from] item: Leftovers
|upkeep
|turn|6
|
|t:|1757908794
|move|p1a: Serperior|Substitute|p1a: Serperior
|-start|p1a: Serperior|Substitute
|-damage|p1a: Serperior|46/100
|move|p2a: Pecharunt|Malignant Chain|p1a: Serperior
|-supereffective|p1a: Serperior
|-end|p1a: Serperior|Substitute
|
|-heal|p1a: Serperior|53/100|[from] item: Leftovers
|upkeep
|turn|7
|
|t:|1757908797
|move|p1a: Serperior|Substitute|p1a: Serperior
|-start|p1a: Serperior|Substitute
|-damage|p1a: Serperior|28/100
|move|p2a: Pecharunt|Malignant Chain|p1a: Serperior
|-supereffective|p1a: Serperior
|-end|p1a: Serperior|Substitute
|
|-heal|p1a: Serperior|34/100|[from] item: Leftovers
|upkeep
|turn|8
|
|t:|1757908809
|move|p1a: Serperior|Substitute|p1a: Serperior
|-start|p1a: Serperior|Substitute
|-damage|p1a: Serperior|9/100
|move|p2a: Pecharunt|Malignant Chain|p1a: Serperior
|-supereffective|p1a: Serperior
|-end|p1a: Serperior|Substitute
|
|-heal|p1a: Serperior|15/100|[from] item: Leftovers
|upkeep
|turn|9
|
|t:|1757908813
|switch|p1a: Heatran|Heatran, F|100/100
|-damage|p1a: Heatran|84/100|[from] Spikes
|cant|p2a: Pecharunt|par
|
|-heal|p1a: Heatran|90/100|[from] item: Leftovers
|upkeep
|turn|10
|
|t:|1757908823
|move|p1a: Heatran|Substitute|p1a: Heatran
|-start|p1a: Heatran|Substitute
|-damage|p1a: Heatran|65/100
|move|p2a: Pecharunt|Parting Shot|p1a: Heatran
|-unboost|p1a: Heatran|atk|1
|-unboost|p1a: Heatran|spa|1
|
|t:|1757908836
|switch|p2a: Samurott|Samurott-Hisui, M|60/100 par|[from] Parting Shot
|
|-heal|p1a: Heatran|71/100|[from] item: Leftovers
|upkeep
|turn|11
|
|t:|1757908841
|move|p1a: Heatran|Ancient Power|p2a: Samurott
|-damage|p2a: Samurott|49/100 par
|move|p2a: Samurott|Ceaseless Edge|p1a: Heatran
|-end|p1a: Heatran|Substitute
|-sidestart|p1: Charle_phate|Spikes
|
|-heal|p1a: Heatran|78/100|[from] item: Leftovers
|upkeep
|turn|12
|inactive|Charle_phate has 120 seconds left.
|
|t:|1757908877
|move|p1a: Heatran|Substitute|p1a: Heatran
|-start|p1a: Heatran|Substitute
|-damage|p1a: Heatran|53/100
|move|p2a: Samurott|Razor Shell|p1a: Heatran
|-supereffective|p1a: Heatran
|-end|p1a: Heatran|Substitute
|
|-heal|p1a: Heatran|59/100|[from] item: Leftovers
|upkeep
|turn|13
|inactive|Charle_phate has 120 seconds left.
|
|t:|1757908883
|move|p1a: Heatran|Ancient Power|p2a: Samurott
|-damage|p2a: Samurott|38/100 par
|move|p2a: Samurott|Razor Shell|p1a: Heatran
|-supereffective|p1a: Heatran
|-damage|p1a: Heatran|0 fnt
|faint|p1a: Heatran
|
|upkeep
|
|t:|1757908887
|switch|p1a: Zapdos|Zapdos|100/100
|turn|14
|
|t:|1757908894
|move|p1a: Zapdos|Ancient Power|p2a: Samurott
|-damage|p2a: Samurott|20/100 par
|move|p2a: Samurott|Knock Off|p1a: Zapdos
|-damage|p1a: Zapdos|56/100
|-enditem|p1a: Zapdos|Leftovers|[from] move: Knock Off|[of] p2a: Samurott
|
|upkeep
|turn|15
|
|t:|1757908900
|move|p2a: Samurott|Aqua Jet|p1a: Zapdos
|-damage|p1a: Zapdos|37/100
|move|p1a: Zapdos|Ancient Power|p2a: Samurott
|-damage|p2a: Samurott|3/100 par
|-boost|p1a: Zapdos|atk|1
|-boost|p1a: Zapdos|def|1
|-boost|p1a: Zapdos|spa|1
|-boost|p1a: Zapdos|spd|1
|-boost|p1a: Zapdos|spe|1
|
|upkeep
|turn|16
|
|t:|1757908923
|move|p1a: Zapdos|Roost|p1a: Zapdos
|-heal|p1a: Zapdos|87/100
|-singleturn|p1a: Zapdos|move: Roost
|move|p2a: Samurott|Ceaseless Edge|p1a: Zapdos
|-crit|p1a: Zapdos
|-damage|p1a: Zapdos|23/100
|
|upkeep
|turn|17
|
|t:|1757908939
|move|p1a: Zapdos|Roost|p1a: Zapdos
|-heal|p1a: Zapdos|73/100
|-singleturn|p1a: Zapdos|move: Roost
|move|p2a: Samurott|Ceaseless Edge|p1a: Zapdos
|-damage|p1a: Zapdos|45/100
|
|upkeep
|turn|18
|inactive|Charle_phate has 120 seconds left.
|
|t:|1757908987
|switch|p2a: Pecharunt|Pecharunt|100/100 par
|move|p1a: Zapdos|Roost|p1a: Zapdos
|-heal|p1a: Zapdos|95/100
|-singleturn|p1a: Zapdos|move: Roost
|
|upkeep
|turn|19
|
|t:|1757908996
|-terastallize|p1a: Zapdos|Poison
|move|p1a: Zapdos|Ancient Power|p2a: Pecharunt
|-damage|p2a: Pecharunt|72/100 par
|move|p2a: Pecharunt|Malignant Chain|p1a: Zapdos
|-resisted|p1a: Zapdos
|-damage|p1a: Zapdos|86/100
|
|upkeep
|turn|20
|
|t:|1757909008
|move|p1a: Zapdos|Ancient Power|p2a: Pecharunt
|-damage|p2a: Pecharunt|44/100 par
|move|p2a: Pecharunt|Parting Shot|p1a: Zapdos
|-unboost|p1a: Zapdos|atk|1
|-unboost|p1a: Zapdos|spa|1
|
|t:|1757909014
|switch|p2a: Latios|Latios, M|100/100|[from] Parting Shot
|
|upkeep
|turn|21
|inactive|Charle_phate has 120 seconds left.
|
|t:|1757909034
|move|p1a: Zapdos|Discharge|p2a: Latios
|-resisted|p2a: Latios
|-crit|p2a: Latios
|-damage|p2a: Latios|74/100
|-status|p2a: Latios|par
|move|p2a: Latios|Calm Mind|p2a: Latios
|-boost|p2a: Latios|spa|1
|-boost|p2a: Latios|spd|1
|
|upkeep
|turn|22
|
|t:|1757909045
|move|p1a: Zapdos|Ancient Power|p2a: Latios
|-damage|p2a: Latios|60/100 par
|move|p2a: Latios|Calm Mind|p2a: Latios
|-boost|p2a: Latios|spa|1
|-boost|p2a: Latios|spd|1
|
|upkeep
|turn|23
|
|t:|1757909051
|move|p1a: Zapdos|Ancient Power|p2a: Latios
|-damage|p2a: Latios|51/100 par
|move|p2a: Latios|Calm Mind|p2a: Latios
|-boost|p2a: Latios|spa|1
|-boost|p2a: Latios|spd|1
|
|upkeep
|turn|24
|
|t:|1757909056
|move|p1a: Zapdos|Ancient Power|p2a: Latios
|-damage|p2a: Latios|43/100 par
|cant|p2a: Latios|par
|
|upkeep
|turn|25
|
|t:|1757909064
|move|p1a: Zapdos|Ancient Power|p2a: Latios
|-damage|p2a: Latios|35/100 par
|move|p2a: Latios|Recover|p2a: Latios
|-heal|p2a: Latios|86/100 par
|
|upkeep
|turn|26
|
|t:|1757909076
|move|p1a: Zapdos|Discharge|p2a: Latios
|-resisted|p2a: Latios
|-damage|p2a: Latios|78/100 par
|move|p2a: Latios|Psychic Noise|p1a: Zapdos
|-supereffective|p1a: Zapdos
|-damage|p1a: Zapdos|0 fnt
|faint|p1a: Zapdos
|
|upkeep
|
|t:|1757909090
|switch|p1a: Landorus|Landorus-Therian, M|100/100
|-ability|p1a: Landorus|Intimidate|boost
|-unboost|p2a: Latios|atk|1
|turn|27
|inactive|Charle_phate has 120 seconds left.
|
|t:|1757909110
|move|p1a: Landorus|Outrage|p2a: Latios
|-supereffective|p2a: Latios
|-damage|p2a: Latios|0 fnt
|faint|p2a: Latios
|-damage|p1a: Landorus|90/100|[from] item: Life Orb
|
|upkeep
|
|t:|1757909126
|switch|p2a: Zamazenta|Zamazenta|100/100
|-ability|p2a: Zamazenta|Dauntless Shield|boost
|-boost|p2a: Zamazenta|def|1
|turn|28
|inactive|Charle_phate has 120 seconds left.
|
|t:|1757909151
|move|p2a: Zamazenta|Crunch|p1a: Landorus
|-damage|p1a: Landorus|63/100
|-unboost|p1a: Landorus|def|1
|move|p1a: Landorus|Outrage|p2a: Zamazenta|[from] lockedmove
|-damage|p2a: Zamazenta|73/100
|-damage|p1a: Landorus|53/100|[from] item: Life Orb
|
|-heal|p2a: Zamazenta|79/100|[from] item: Leftovers
|upkeep
|turn|29
|
|t:|1757909157
|move|p2a: Zamazenta|Crunch|p1a: Landorus
|-damage|p1a: Landorus|15/100
|move|p1a: Landorus|Outrage|p2a: Zamazenta|[from] lockedmove
|-damage|p2a: Zamazenta|51/100
|-damage|p1a: Landorus|5/100|[from] item: Life Orb
|-start|p1a: Landorus|confusion|[fatigue]
|
|-heal|p2a: Zamazenta|57/100|[from] item: Leftovers
|upkeep
|turn|30
|
|t:|1757909163
|move|p2a: Zamazenta|Crunch|p1a: Landorus
|-damage|p1a: Landorus|0 fnt
|faint|p1a: Landorus
|
|-heal|p2a: Zamazenta|64/100|[from] item: Leftovers
|upkeep
|inactive|Charle_phate has 120 seconds left.
|
|t:|1757909177
|switch|p1a: Serperior|Serperior, M|15/100
|-damage|p1a: Serperior|0 fnt|[from] Spikes
|faint|p1a: Serperior
|
|t:|1757909179
|switch|p1a: Clefable|Clefable, M|100/100
|turn|31
|
|t:|1757909183
|switch|p2a: Pecharunt|Pecharunt|44/100 par
|move|p1a: Clefable|Cosmic Power|p1a: Clefable
|-boost|p1a: Clefable|def|1
|-boost|p1a: Clefable|spd|1
|
|upkeep
|turn|32
|
|t:|1757909190
|move|p1a: Clefable|Cosmic Power|p1a: Clefable
|-boost|p1a: Clefable|def|1
|-boost|p1a: Clefable|spd|1
|move|p2a: Pecharunt|Malignant Chain|p1a: Clefable
|-supereffective|p1a: Clefable
|-damage|p1a: Clefable|75/100
|-status|p1a: Clefable|tox
|-start|p1a: Clefable|confusion|[from] ability: Poison Puppeteer|[of] p2a: Pecharunt
|
|-heal|p1a: Clefable|81/100 tox|[from] item: Leftovers
|upkeep
|turn|33
|
|t:|1757909201
|switch|p2a: Scizor|Scizor, M|100/100
|-activate|p1a: Clefable|confusion
|move|p1a: Clefable|Cosmic Power|p1a: Clefable
|-boost|p1a: Clefable|def|1
|-boost|p1a: Clefable|spd|1
|
|-heal|p1a: Clefable|87/100 tox|[from] item: Leftovers
|upkeep
|turn|34
|
|t:|1757909206
|move|p2a: Scizor|Swords Dance|p2a: Scizor
|-boost|p2a: Scizor|atk|2
|-activate|p1a: Clefable|confusion
|move|p1a: Clefable|Cosmic Power|p1a: Clefable
|-boost|p1a: Clefable|def|1
|-boost|p1a: Clefable|spd|1
|
|-heal|p1a: Clefable|93/100 tox|[from] item: Leftovers
|upkeep
|turn|35
|
|t:|1757909211
|move|p2a: Scizor|Swords Dance|p2a: Scizor
|-boost|p2a: Scizor|atk|2
|-end|p1a: Clefable|confusion
|move|p1a: Clefable|Cosmic Power|p1a: Clefable
|-boost|p1a: Clefable|def|1
|-boost|p1a: Clefable|spd|1
|
|-heal|p1a: Clefable|99/100 tox|[from] item: Leftovers
|upkeep
|turn|36
|
|t:|1757909216
|move|p2a: Scizor|Bullet Punch|p1a: Clefable
|-supereffective|p1a: Clefable
|-damage|p1a: Clefable|46/100 tox
|move|p1a: Clefable|Cosmic Power|p1a: Clefable
|-boost|p1a: Clefable|def|1
|-boost|p1a: Clefable|spd|1
|
|-heal|p1a: Clefable|52/100 tox|[from] item: Leftovers
|upkeep
|turn|37
|
|t:|1757909221
|move|p2a: Scizor|Bullet Punch|p1a: Clefable
|-supereffective|p1a: Clefable
|-damage|p1a: Clefable|10/100 tox
|move|p1a: Clefable|Stored Power|p2a: Scizor
|-resisted|p2a: Scizor
|-damage|p2a: Scizor|56/100
|
|-heal|p1a: Clefable|16/100 tox|[from] item: Leftovers
|upkeep
|turn|38
|-message|Charle_phate forfeited.
|
|win|Eyefull
|raw|Charle_phate's rating: 1424 &rarr; <strong>1403</strong><br />(-21 for losing)
|raw|Eyefull's rating: 1408 &rarr; <strong>1429</strong><br />(+21 for winning)
|l|☆Charle_phate
|player|p1|
|l|☆Eyefull
|player|p2|
