|j|☆ZeNiN_K1
|j|☆DarkOneZ
|t:|1757957150
|gametype|singles
|player|p1|ZeNiN_K1|acetrainer-gen4|1225
|player|p2|DarkOneZ|169|1186
|gen|9
|tier|[Gen 9] OU
|rated|
|rule|HP Percentage Mod: HP is shown in percentages
|rule|Endless Battle Clause: Forcing endless battles is banned
|rule|Species Clause: Limit one of each Pokémon
|rule|OHKO Clause: OHKO moves are banned
|rule|Evasion Items Clause: Evasion items are banned
|rule|Evasion Moves Clause: Evasion moves are banned
|rule|Evasion Abilities Clause: Evasion abilities are banned
|rule|Sleep Moves Clause: Sleep-inducing moves are banned
|clearpoke
|poke|p1|Zamazenta-*|
|poke|p1|Ninetales-Alola, M|
|poke|p1|Darkrai|
|poke|p1|Ceruledge, M|
|poke|p1|Gliscor, M|
|poke|p1|Hatterene, F|
|poke|p2|Serperior, M|
|poke|p2|Skeledirge, F|
|poke|p2|Gliscor, F|
|poke|p2|Heatran, F|
|poke|p2|Toxapex, M|
|poke|p2|Corviknight, M|
|teampreview
|inactive|Battle timer is ON: inactive players will automatically lose when time's up. (requested by DarkOneZ)
|
|t:|1757957170
|teamsize|p1|6
|teamsize|p2|6
|start
|switch|p1a: Ninetales|Ninetales-Alola, M|100/100
|switch|p2a: Lava Lamp|Heatran, F|100/100
|-weather|Snowscape|[from] ability: Snow Warning|[of] p1a: Ninetales
|turn|1
|inactive|ZeNiN_K1 has 120 seconds left.
|
|t:|1757957206
|switch|p1a: Ceruledge|Ceruledge, M|100/100
|move|p2a: Lava Lamp|Magma Storm|p1a: Ceruledge
|-start|p1a: Ceruledge|ability: Flash Fire
|
|-weather|Snowscape|[upkeep]
|upkeep
|turn|2
|inactive|ZeNiN_K1 has 120 seconds left.
|
|t:|1757957217
|move|p2a: Lava Lamp|Stealth Rock|p1a: Ceruledge
|-sidestart|p1: ZeNiN_K1|move: Stealth Rock
|move|p1a: Ceruledge|Taunt|p2a: Lava Lamp
|-start|p2a: Lava Lamp|move: Taunt
|
|-weather|Snowscape|[upkeep]
|upkeep
|turn|3
|
|t:|1757957228
|switch|p2a: Toxic Avenger|Gliscor, F, shiny|100/100
|move|p1a: Ceruledge|Bulk Up|p1a: Ceruledge
|-boost|p1a: Ceruledge|atk|1
|-boost|p1a: Ceruledge|def|1
|
|-weather|Snowscape|[upkeep]
|-status|p2a: Toxic Avenger|tox|[from] item: Toxic Orb
|upkeep
|turn|4
|
|t:|1757957241
|-terastallize|p1a: Ceruledge|Bug
|move|p1a: Ceruledge|Bulk Up|p1a: Ceruledge
|-boost|p1a: Ceruledge|atk|1
|-boost|p1a: Ceruledge|def|1
|move|p2a: Toxic Avenger|Toxic|p1a: Ceruledge
|-status|p1a: Ceruledge|tox
|
|-weather|Snowscape|[upkeep]
|-damage|p1a: Ceruledge|94/100 tox|[from] psn
|upkeep
|turn|5
|
|t:|1757957253
|switch|p2a: My Ex|Toxapex, M, shiny|100/100
|move|p1a: Ceruledge|Shadow Sneak|p2a: My Ex
|-damage|p2a: My Ex|77/100
|
|-weather|none
|-heal|p2a: My Ex|84/100|[from] item: Black Sludge
|-damage|p1a: Ceruledge|82/100 tox|[from] psn
|upkeep
|turn|6
|
|t:|1757957260
|move|p1a: Ceruledge|Taunt|p2a: My Ex
|-start|p2a: My Ex|move: Taunt
|cant|p2a: My Ex|move: Taunt|Haze
|
|-heal|p2a: My Ex|90/100|[from] item: Black Sludge
|-damage|p1a: Ceruledge|63/100 tox|[from] psn
|upkeep
|turn|7
|
|t:|1757957275
|switch|p2a: Toxic Avenger|Gliscor, F, shiny|100/100 tox
|move|p1a: Ceruledge|Bitter Blade|p2a: Toxic Avenger
|-damage|p2a: Toxic Avenger|35/100 tox
|-heal|p1a: Ceruledge|96/100 tox|[from] drain|[of] p2a: Toxic Avenger
|
|-damage|p1a: Ceruledge|71/100 tox|[from] psn
|-heal|p2a: Toxic Avenger|48/100 tox|[from] ability: Poison Heal
|upkeep
|turn|8
|
|t:|1757957286
|switch|p2a: My Ex|Toxapex, M, shiny|100/100
|move|p1a: Ceruledge|Bitter Blade|p2a: My Ex
|-resisted|p2a: My Ex
|-damage|p2a: My Ex|67/100
|-heal|p1a: Ceruledge|85/100 tox|[from] drain|[of] p2a: My Ex
|
|-heal|p2a: My Ex|73/100|[from] item: Black Sludge
|-damage|p1a: Ceruledge|54/100 tox|[from] psn
|upkeep
|turn|9
|
|t:|1757957295
|move|p2a: My Ex|Baneful Bunker|p2a: My Ex
|-singleturn|p2a: My Ex|move: Protect
|move|p1a: Ceruledge|Taunt|p2a: My Ex
|-activate|p2a: My Ex|move: Protect
|
|-heal|p2a: My Ex|79/100|[from] item: Black Sludge
|-damage|p1a: Ceruledge|17/100 tox|[from] psn
|upkeep
|turn|10
|
|t:|1757957304
|move|p1a: Ceruledge|Shadow Sneak|p2a: My Ex
|-crit|p2a: My Ex
|-damage|p2a: My Ex|50/100
|move|p2a: My Ex|Haze|p2a: My Ex
|-clearallboost
|
|-heal|p2a: My Ex|56/100|[from] item: Black Sludge
|-damage|p1a: Ceruledge|0 fnt|[from] psn
|faint|p1a: Ceruledge
|upkeep
|
|t:|1757957309
|switch|p1a: Ninetales|Ninetales-Alola, M|100/100
|-damage|p1a: Ninetales|76/100|[from] Stealth Rock
|-weather|Snowscape|[from] ability: Snow Warning|[of] p1a: Ninetales
|turn|11
|
|t:|1757957324
|switch|p2a: Lava Lamp|Heatran, F|100/100
|move|p1a: Ninetales|Aurora Veil|p1a: Ninetales
|-sidestart|p1: ZeNiN_K1|move: Aurora Veil
|
|-weather|Snowscape|[upkeep]
|upkeep
|turn|12
|
|t:|1757957353
|switch|p1a: Gliscor|Gliscor, M|100/100
|-damage|p1a: Gliscor|88/100|[from] Stealth Rock
|move|p2a: Lava Lamp|Magma Storm|p1a: Gliscor
|-damage|p1a: Gliscor|62/100
|-activate|p1a: Gliscor|move: Magma Storm|[of] p2a: Lava Lamp
|
|-weather|Snowscape|[upkeep]
|-damage|p1a: Gliscor|50/100|[from] move: Magma Storm|[partiallytrapped]
|-status|p1a: Gliscor|tox|[from] item: Toxic Orb
|upkeep
|turn|13
|
|t:|1757957368
|switch|p2a: Harold|Corviknight, M, shiny|100/100
|move|p1a: Gliscor|Agility|p1a: Gliscor
|-boost|p1a: Gliscor|spe|2
|
|-weather|Snowscape|[upkeep]
|-heal|p1a: Gliscor|62/100 tox|[from] ability: Poison Heal
|-end|p1a: Gliscor|Magma Storm|[partiallytrapped]|[silent]
|upkeep
|turn|14
|
|t:|1757957376
|move|p1a: Gliscor|Swords Dance|p1a: Gliscor
|-boost|p1a: Gliscor|atk|2
|move|p2a: Harold|U-turn|p1a: Gliscor
|-resisted|p1a: Gliscor
|-damage|p1a: Gliscor|60/100 tox
|
|t:|1757957382
|switch|p2a: AussieRulez|Skeledirge, F|100/100|[from] U-turn
|
|-weather|Snowscape|[upkeep]
|-heal|p1a: Gliscor|72/100 tox|[from] ability: Poison Heal
|upkeep
|turn|15
|
|t:|1757957388
|-terastallize|p2a: AussieRulez|Fairy
|move|p1a: Gliscor|Earthquake|p2a: AussieRulez
|-damage|p2a: AussieRulez|74/100
|move|p2a: AussieRulez|Torch Song|p1a: Gliscor
|-damage|p1a: Gliscor|57/100 tox
|-boost|p2a: AussieRulez|spa|1
|
|-weather|none
|-heal|p2a: AussieRulez|80/100|[from] item: Leftovers
|-heal|p1a: Gliscor|69/100 tox|[from] ability: Poison Heal
|upkeep
|turn|16
|
|t:|1757957399
|move|p1a: Gliscor|Facade|p2a: AussieRulez
|-damage|p2a: AussieRulez|55/100
|move|p2a: AussieRulez|Torch Song|p1a: Gliscor
|-damage|p1a: Gliscor|45/100 tox
|-boost|p2a: AussieRulez|spa|1
|
|-heal|p2a: AussieRulez|61/100|[from] item: Leftovers
|-heal|p1a: Gliscor|57/100 tox|[from] ability: Poison Heal
|upkeep
|turn|17
|
|t:|1757957409
|move|p1a: Gliscor|Facade|p2a: AussieRulez
|-damage|p2a: AussieRulez|33/100
|move|p2a: AussieRulez|Hex|p1a: Gliscor
|-damage|p1a: Gliscor|2/100 tox
|
|-heal|p2a: AussieRulez|39/100|[from] item: Leftovers
|-heal|p1a: Gliscor|14/100 tox|[from] ability: Poison Heal
|upkeep
|turn|18
|
|t:|1757957418
|move|p1a: Gliscor|Facade|p2a: AussieRulez
|-damage|p2a: AussieRulez|14/100
|move|p2a: AussieRulez|Hex|p1a: Gliscor
|-damage|p1a: Gliscor|0 fnt
|faint|p1a: Gliscor
|
|-heal|p2a: AussieRulez|20/100|[from] item: Leftovers
|-sideend|p1: ZeNiN_K1|move: Aurora Veil
|upkeep
|
|t:|1757957424
|switch|p1a: Darkrai|Darkrai|100/100
|-damage|p1a: Darkrai|88/100|[from] Stealth Rock
|turn|19
|
|t:|1757957435
|move|p1a: Darkrai|Sludge Bomb|p2a: AussieRulez
|-supereffective|p2a: AussieRulez
|-damage|p2a: AussieRulez|0 fnt
|faint|p2a: AussieRulez
|
|-heal|p1a: Darkrai|94/100|[from] item: Leftovers
|upkeep
|
|t:|1757957441
|switch|p2a: Lava Lamp|Heatran, F|100/100
|turn|20
|
|t:|1757957444
|move|p1a: Darkrai|Nasty Plot|p1a: Darkrai
|-boost|p1a: Darkrai|spa|2
|move|p2a: Lava Lamp|Magma Storm|p1a: Darkrai
|-damage|p1a: Darkrai|30/100
|-activate|p1a: Darkrai|move: Magma Storm|[of] p2a: Lava Lamp
|
|-heal|p1a: Darkrai|36/100|[from] item: Leftovers
|-damage|p1a: Darkrai|23/100|[from] move: Magma Storm|[partiallytrapped]
|upkeep
|turn|21
|
|t:|1757957456
|move|p1a: Darkrai|Dark Pulse|p2a: Lava Lamp
|-damage|p2a: Lava Lamp|7/100
|move|p2a: Lava Lamp|Earth Power|p1a: Darkrai
|-damage|p1a: Darkrai|0 fnt
|faint|p1a: Darkrai
|
|-heal|p2a: Lava Lamp|14/100|[from] item: Leftovers
|upkeep
|
|t:|1757957481
|switch|p1a: Zamazenta|Zamazenta|100/100
|-damage|p1a: Zamazenta|94/100|[from] Stealth Rock
|-ability|p1a: Zamazenta|Dauntless Shield|boost
|-boost|p1a: Zamazenta|def|1
|turn|22
|
|t:|1757957489
|switch|p2a: Toxic Avenger|Gliscor, F, shiny|48/100 tox
|move|p1a: Zamazenta|Body Press|p2a: Toxic Avenger
|-resisted|p2a: Toxic Avenger
|-damage|p2a: Toxic Avenger|31/100 tox
|
|-heal|p2a: Toxic Avenger|44/100 tox|[from] ability: Poison Heal
|upkeep
|turn|23
|
|t:|1757957496
|switch|p1a: Hatterene|Hatterene, F|100/100
|-damage|p1a: Hatterene|88/100|[from] Stealth Rock
|move|p2a: Toxic Avenger|Toxic|p1a: Hatterene
|move|p1a: Hatterene|Toxic|p2a: Toxic Avenger|[from] ability: Magic Bounce
|-fail|p2a: Toxic Avenger|tox
|
|-heal|p2a: Toxic Avenger|56/100 tox|[from] ability: Poison Heal
|upkeep
|turn|24
|
|t:|1757957516
|move|p2a: Toxic Avenger|Earthquake|p1a: Hatterene
|-damage|p1a: Hatterene|49/100
|move|p1a: Hatterene|Draining Kiss|p2a: Toxic Avenger
|-damage|p2a: Toxic Avenger|25/100 tox
|-heal|p1a: Hatterene|75/100|[from] drain|[of] p2a: Toxic Avenger
|
|-heal|p2a: Toxic Avenger|38/100 tox|[from] ability: Poison Heal
|upkeep
|turn|25
|
|t:|1757957524
|move|p2a: Toxic Avenger|Knock Off|p1a: Hatterene
|-damage|p1a: Hatterene|50/100
|-enditem|p1a: Hatterene|Assault Vest|[from] move: Knock Off|[of] p2a: Toxic Avenger
|move|p1a: Hatterene|Draining Kiss|p2a: Toxic Avenger
|-damage|p2a: Toxic Avenger|5/100 tox
|-heal|p1a: Hatterene|77/100|[from] drain|[of] p2a: Toxic Avenger
|
|-heal|p2a: Toxic Avenger|18/100 tox|[from] ability: Poison Heal
|upkeep
|turn|26
|
|t:|1757957537
|switch|p2a: Harold|Corviknight, M, shiny|100/100
|move|p1a: Hatterene|Draining Kiss|p2a: Harold
|-resisted|p2a: Harold
|-damage|p2a: Harold|88/100
|-heal|p1a: Hatterene|89/100|[from] drain|[of] p2a: Harold
|-damage|p1a: Hatterene|73/100|[from] item: Rocky Helmet|[of] p2a: Harold
|
|upkeep
|turn|27
|
|t:|1757957547
|move|p2a: Harold|U-turn|p1a: Hatterene
|-damage|p1a: Hatterene|57/100
|
|t:|1757957552
|switch|p2a: Lava Lamp|Heatran, F|14/100|[from] U-turn
|move|p1a: Hatterene|Nuzzle|p2a: Lava Lamp
|-damage|p2a: Lava Lamp|10/100
|-status|p2a: Lava Lamp|par
|
|-heal|p2a: Lava Lamp|16/100 par|[from] item: Leftovers
|upkeep
|turn|28
|
|t:|1757957560
|move|p2a: Lava Lamp|Magma Storm|p1a: Hatterene
|-damage|p1a: Hatterene|7/100
|-activate|p1a: Hatterene|move: Magma Storm|[of] p2a: Lava Lamp
|move|p1a: Hatterene|Psyshock|p2a: Lava Lamp
|-resisted|p2a: Lava Lamp
|-damage|p2a: Lava Lamp|0 fnt
|faint|p2a: Lava Lamp
|
|-end|p1a: Hatterene|Magma Storm|[partiallytrapped]|[silent]
|upkeep
|
|t:|1757957572
|switch|p2a: Harold|Corviknight, M, shiny|88/100
|turn|29
|
|t:|1757957576
|move|p2a: Harold|U-turn|p1a: Hatterene
|-damage|p1a: Hatterene|0 fnt
|faint|p1a: Hatterene
|
|t:|1757957584
|switch|p2a: Complex|Serperior, M, shiny|100/100|[from] U-turn
|
|upkeep
|
|t:|1757957587
|switch|p1a: Ninetales|Ninetales-Alola, M|76/100
|-damage|p1a: Ninetales|51/100|[from] Stealth Rock
|-weather|Snowscape|[from] ability: Snow Warning|[of] p1a: Ninetales
|turn|30
|
|t:|1757957596
|move|p2a: Complex|Leaf Storm|p1a: Ninetales
|-damage|p1a: Ninetales|4/100
|-boost|p2a: Complex|spa|2
|move|p1a: Ninetales|Aurora Veil|p1a: Ninetales
|-sidestart|p1: ZeNiN_K1|move: Aurora Veil
|
|-weather|Snowscape|[upkeep]
|upkeep
|turn|31
|
|t:|1757957603
|move|p2a: Complex|Tera Blast|p1a: Ninetales
|-damage|p1a: Ninetales|0 fnt
|faint|p1a: Ninetales
|
|-weather|Snowscape|[upkeep]
|upkeep
|
|t:|1757957606
|switch|p1a: Zamazenta|Zamazenta|94/100
|-damage|p1a: Zamazenta|88/100|[from] Stealth Rock
|turn|32
|
|t:|1757957614
|move|p1a: Zamazenta|Iron Defense|p1a: Zamazenta
|-boost|p1a: Zamazenta|def|2
|move|p2a: Complex|Leech Seed|p1a: Zamazenta
|-start|p1a: Zamazenta|move: Leech Seed
|
|-weather|Snowscape|[upkeep]
|-damage|p1a: Zamazenta|76/100|[from] Leech Seed|[of] p2a: Complex
|upkeep
|turn|33
|
|t:|1757957623
|move|p1a: Zamazenta|Iron Defense|p1a: Zamazenta
|-boost|p1a: Zamazenta|def|2
|move|p2a: Complex|Leaf Storm|p1a: Zamazenta
|-damage|p1a: Zamazenta|32/100
|-boost|p2a: Complex|spa|2
|
|-weather|Snowscape|[upkeep]
|-damage|p1a: Zamazenta|20/100|[from] Leech Seed|[of] p2a: Complex
|upkeep
|turn|34
|
|t:|1757957631
|move|p1a: Zamazenta|Rest|p1a: Zamazenta
|-status|p1a: Zamazenta|slp|[from] move: Rest
|-heal|p1a: Zamazenta|100/100 slp|[silent]
|-enditem|p1a: Zamazenta|Chesto Berry|[eat]
|-curestatus|p1a: Zamazenta|slp|[msg]
|move|p2a: Complex|Leaf Storm|p1a: Zamazenta
|-damage|p1a: Zamazenta|32/100
|-boost|p2a: Complex|spa|2
|
|-weather|none
|-damage|p1a: Zamazenta|20/100|[from] Leech Seed|[of] p2a: Complex
|upkeep
|turn|35
|
|t:|1757957643
|move|p1a: Zamazenta|Body Press|p2a: Complex
|-damage|p2a: Complex|0 fnt
|faint|p2a: Complex
|
|upkeep
|
|t:|1757957648
|switch|p2a: Toxic Avenger|Gliscor, F, shiny|18/100 tox
|turn|36
|
|t:|1757957653
|move|p1a: Zamazenta|Body Press|p2a: Toxic Avenger
|-resisted|p2a: Toxic Avenger
|-damage|p2a: Toxic Avenger|0 fnt
|faint|p2a: Toxic Avenger
|
|upkeep
|
|t:|1757957662
|switch|p2a: My Ex|Toxapex, M, shiny|89/100
|turn|37
|
|t:|1757957674
|move|p1a: Zamazenta|Body Press|p2a: My Ex
|-resisted|p2a: My Ex
|-damage|p2a: My Ex|54/100
|move|p2a: My Ex|Haze|p2a: My Ex
|-clearallboost
|
|-heal|p2a: My Ex|61/100|[from] item: Black Sludge
|-damage|p1a: Zamazenta|8/100|[from] Leech Seed|[of] p2a: My Ex
|-heal|p2a: My Ex|74/100|[silent]
|-sideend|p1: ZeNiN_K1|move: Aurora Veil
|upkeep
|turn|38
|
|t:|1757957684
|move|p1a: Zamazenta|Rest|p1a: Zamazenta
|-status|p1a: Zamazenta|slp|[from] move: Rest
|-heal|p1a: Zamazenta|100/100 slp|[silent]
|move|p2a: My Ex|Chilling Water|p1a: Zamazenta
|-damage|p1a: Zamazenta|90/100 slp
|-unboost|p1a: Zamazenta|atk|1
|
|-heal|p2a: My Ex|80/100|[from] item: Black Sludge
|-damage|p1a: Zamazenta|78/100 slp|[from] Leech Seed|[of] p2a: My Ex
|-heal|p2a: My Ex|93/100|[silent]
|upkeep
|turn|39
|
|t:|1757957694
|cant|p1a: Zamazenta|slp
|move|p2a: My Ex|Chilling Water|p1a: Zamazenta
|-damage|p1a: Zamazenta|67/100 slp
|-unboost|p1a: Zamazenta|atk|1
|
|-heal|p2a: My Ex|99/100|[from] item: Black Sludge
|-damage|p1a: Zamazenta|55/100 slp|[from] Leech Seed|[of] p2a: My Ex
|-heal|p2a: My Ex|100/100|[silent]
|upkeep
|turn|40
|
|t:|1757957703
|cant|p1a: Zamazenta|slp
|move|p2a: My Ex|Chilling Water|p1a: Zamazenta
|-crit|p1a: Zamazenta
|-damage|p1a: Zamazenta|39/100 slp
|-unboost|p1a: Zamazenta|atk|1
|
|-damage|p1a: Zamazenta|27/100 slp|[from] Leech Seed|[of] p2a: My Ex
|upkeep
|turn|41
|
|t:|1757957711
|-curestatus|p1a: Zamazenta|slp|[msg]
|move|p1a: Zamazenta|Iron Defense|p1a: Zamazenta
|-boost|p1a: Zamazenta|def|2
|move|p2a: My Ex|Chilling Water|p1a: Zamazenta
|-damage|p1a: Zamazenta|17/100
|-unboost|p1a: Zamazenta|atk|1
|
|-damage|p1a: Zamazenta|5/100|[from] Leech Seed|[of] p2a: My Ex
|upkeep
|turn|42
|
|t:|1757957721
|move|p1a: Zamazenta|Rest|p1a: Zamazenta
|-status|p1a: Zamazenta|slp|[from] move: Rest
|-heal|p1a: Zamazenta|100/100 slp|[silent]
|move|p2a: My Ex|Chilling Water|p1a: Zamazenta
|-damage|p1a: Zamazenta|90/100 slp
|-unboost|p1a: Zamazenta|atk|1
|
|-damage|p1a: Zamazenta|78/100 slp|[from] Leech Seed|[of] p2a: My Ex
|upkeep
|turn|43
|
|t:|1757957731
|cant|p1a: Zamazenta|slp
|move|p2a: My Ex|Chilling Water|p1a: Zamazenta
|-damage|p1a: Zamazenta|67/100 slp
|-unboost|p1a: Zamazenta|atk|1
|
|-damage|p1a: Zamazenta|55/100 slp|[from] Leech Seed|[of] p2a: My Ex
|upkeep
|turn|44
|
|t:|1757957744
|cant|p1a: Zamazenta|slp
|move|p2a: My Ex|Chilling Water|p1a: Zamazenta
|-damage|p1a: Zamazenta|45/100 slp
|
|-damage|p1a: Zamazenta|33/100 slp|[from] Leech Seed|[of] p2a: My Ex
|upkeep
|turn|45
|
|t:|1757957751
|-curestatus|p1a: Zamazenta|slp|[msg]
|move|p1a: Zamazenta|Body Press|p2a: My Ex
|-resisted|p2a: My Ex
|-damage|p2a: My Ex|77/100
|move|p2a: My Ex|Chilling Water|p1a: Zamazenta
|-damage|p1a: Zamazenta|23/100
|
|-heal|p2a: My Ex|83/100|[from] item: Black Sludge
|-damage|p1a: Zamazenta|10/100|[from] Leech Seed|[of] p2a: My Ex
|-heal|p2a: My Ex|96/100|[silent]
|upkeep
|turn|46
|-message|ZeNiN_K1 forfeited.
|
|win|DarkOneZ
|raw|ZeNiN_K1's rating: 1225 &rarr; <strong>1197</strong><br />(-28 for losing)
|raw|DarkOneZ's rating: 1186 &rarr; <strong>1214</strong><br />(+28 for winning)
