|j|☆Yoinkaloink
|j|☆Gulptubus
|t:|1757909307
|gametype|singles
|player|p1|Yoinkaloink|drayden|1473
|player|p2|Gulptubus|pokemonranger-gen4|1501
|gen|9
|tier|[Gen 9] OU
|rated|
|rule|HP Percentage Mod: HP is shown in percentages
|rule|Endless Battle Clause: Forcing endless battles is banned
|rule|Species Clause: Limit one of each Pokémon
|rule|OHKO Clause: OHKO moves are banned
|rule|Evasion Items Clause: Evasion items are banned
|rule|Evasion Moves Clause: Evasion moves are banned
|rule|Evasion Abilities Clause: Evasion abilities are banned
|rule|Sleep Moves Clause: Sleep-inducing moves are banned
|clearpoke
|poke|p1|Dragapult, M|
|poke|p1|Glimmora, M|
|poke|p1|Comfey, M|
|poke|p1|Kingambit, M|
|poke|p1|Ogerpon-Wellspring, F|
|poke|p1|Blaziken, M|
|poke|p2|Indeedee, M|
|poke|p2|Hatterene, F|
|poke|p2|Hawlucha, M|
|poke|p2|Deoxys-Speed|
|poke|p2|Ceruledge, F|
|poke|p2|Maushold|
|teampreview
|inactive|Battle timer is ON: inactive players will automatically lose when time's up. (requested by Yoinkaloink)
|
|t:|1757909336
|teamsize|p1|6
|teamsize|p2|6
|start
|switch|p1a: Dragapult|Dragapult, M, shiny|100/100
|switch|p2a: Indeedee|Indeedee, M|100/100
|-fieldstart|move: Psychic Terrain|[from] ability: Psychic Surge|[of] p2a: Indeedee
|turn|1
|
|t:|1757909348
|switch|p2a: Hatterene|Hatterene, F|100/100
|move|p1a: Dragapult|Draco Meteor|p2a: Hatterene
|-immune|p2a: Hatterene
|
|upkeep
|turn|2
|
|t:|1757909352
|switch|p1a: Kingambit|Kingambit, M, shiny|100/100
|move|p2a: Hatterene|Nuzzle|p1a: Kingambit
|-damage|p1a: Kingambit|98/100
|-status|p1a: Kingambit|par
|
|-heal|p1a: Kingambit|100/100 par|[from] item: Leftovers
|upkeep
|turn|3
|
|t:|1757909364
|move|p2a: Hatterene|Dazzling Gleam|p1a: Kingambit
|-damage|p1a: Kingambit|64/100 par
|move|p1a: Kingambit|Iron Head|p2a: Hatterene
|-supereffective|p2a: Hatterene
|-damage|p2a: Hatterene|8/100
|-enditem|p2a: Hatterene|Eject Button
|
|t:|1757909371
|switch|p2a: Hawlucha|Hawlucha, M|100/100
|-enditem|p2a: Hawlucha|Psychic Seed
|-boost|p2a: Hawlucha|spd|1|[from] item: Psychic Seed
|
|-heal|p1a: Kingambit|70/100 par|[from] item: Leftovers
|upkeep
|turn|4
|
|t:|1757909374
|-end|p1a: Kingambit|fallenundefined|[silent]
|switch|p1a: Glimmora|Glimmora, M, shiny|100/100
|move|p2a: Hawlucha|Swords Dance|p2a: Hawlucha
|-boost|p2a: Hawlucha|atk|2
|
|upkeep
|turn|5
|
|t:|1757909377
|move|p2a: Hawlucha|Close Combat|p1a: Glimmora
|-damage|p1a: Glimmora|25/100
|-unboost|p2a: Hawlucha|def|1
|-unboost|p2a: Hawlucha|spd|1
|-activate|p1a: Glimmora|ability: Toxic Debris
|-sidestart|p2: Gulptubus|move: Toxic Spikes
|-enditem|p1a: Glimmora|Red Card|[of] p2a: Hawlucha
|drag|p2a: Hatterene|Hatterene, F|8/100
|-status|p2a: Hatterene|psn
|move|p1a: Glimmora|Mortal Spin|p2a: Hatterene
|-supereffective|p2a: Hatterene
|-damage|p2a: Hatterene|0 fnt
|faint|p2a: Hatterene
|
|upkeep
|
|t:|1757909387
|switch|p2a: Maushold|Maushold|100/100
|-status|p2a: Maushold|psn
|turn|6
|
|t:|1757909395
|switch|p1a: Blaziken|Blaziken, M, shiny|100/100
|move|p2a: Maushold|Tidy Up|p2a: Maushold
|-sideend|p2: Gulptubus|Toxic Spikes
|-activate|p2a: Maushold|move: Tidy Up
|-boost|p2a: Maushold|atk|1
|-boost|p2a: Maushold|spe|1
|
|-damage|p2a: Maushold|88/100 psn|[from] psn
|upkeep
|turn|7
|
|t:|1757909399
|move|p2a: Maushold|Population Bomb|p1a: Blaziken
|-damage|p1a: Blaziken|75/100
|-damage|p1a: Blaziken|48/100
|-damage|p1a: Blaziken|25/100
|-damage|p1a: Blaziken|2/100
|-damage|p1a: Blaziken|0 fnt
|faint|p1a: Blaziken
|-hitcount|p1: Blaziken|5
|
|-damage|p2a: Maushold|76/100 psn|[from] psn
|upkeep
|
|t:|1757909407
|switch|p1a: Dragapult|Dragapult, M, shiny|100/100
|turn|8
|
|t:|1757909410
|switch|p1a: Glimmora|Glimmora, M, shiny|25/100
|move|p2a: Maushold|Bite|p1a: Glimmora
|-damage|p1a: Glimmora|0 fnt
|-activate|p1a: Glimmora|ability: Toxic Debris
|-sidestart|p2: Gulptubus|move: Toxic Spikes
|faint|p1a: Glimmora
|
|-damage|p2a: Maushold|63/100 psn|[from] psn
|-fieldend|move: Psychic Terrain
|upkeep
|
|t:|1757909416
|switch|p1a: Kingambit|Kingambit, M, shiny|70/100 par
|-activate|p1a: Kingambit|ability: Supreme Overlord
|-start|p1a: Kingambit|fallen2|[silent]
|turn|9
|
|t:|1757909418
|move|p2a: Maushold|Tidy Up|p2a: Maushold
|-sideend|p2: Gulptubus|Toxic Spikes
|-activate|p2a: Maushold|move: Tidy Up
|-boost|p2a: Maushold|atk|1
|-boost|p2a: Maushold|spe|1
|move|p1a: Kingambit|Kowtow Cleave|p2a: Maushold
|-damage|p2a: Maushold|0 fnt
|faint|p2a: Maushold
|
|-heal|p1a: Kingambit|76/100 par|[from] item: Leftovers
|upkeep
|
|t:|1757909423
|switch|p2a: Indeedee|Indeedee, M|100/100
|-fieldstart|move: Psychic Terrain|[from] ability: Psychic Surge|[of] p2a: Indeedee
|turn|10
|
|t:|1757909430
|switch|p2a: Hawlucha|Hawlucha, M|100/100
|move|p1a: Kingambit|Kowtow Cleave|p2a: Hawlucha
|-resisted|p2a: Hawlucha
|-damage|p2a: Hawlucha|61/100
|
|-heal|p1a: Kingambit|82/100 par|[from] item: Leftovers
|upkeep
|turn|11
|
|t:|1757909437
|-end|p1a: Kingambit|fallen2|[silent]
|switch|p1a: Dragapult|Dragapult, M, shiny|100/100
|move|p2a: Hawlucha|Close Combat|p1a: Dragapult
|-immune|p1a: Dragapult
|
|upkeep
|turn|12
|
|t:|1757909443
|move|p1a: Dragapult|Draco Meteor|p2a: Hawlucha
|-damage|p2a: Hawlucha|0 fnt
|-unboost|p1a: Dragapult|spa|2
|faint|p2a: Hawlucha
|-damage|p1a: Dragapult|91/100|[from] item: Life Orb
|
|upkeep
|
|t:|1757909449
|switch|p2a: Deoxys|Deoxys-Speed|100/100
|-ability|p2a: Deoxys|Pressure
|turn|13
|
|t:|1757909452
|switch|p1a: Comfey|Comfey, M, shiny|100/100
|move|p2a: Deoxys|Expanding Force|p1a: Comfey
|-damage|p1a: Comfey|12/100
|
|upkeep
|turn|14
|
|t:|1757909457
|move|p2a: Deoxys|Expanding Force|p1a: Comfey
|-damage|p1a: Comfey|0 fnt
|faint|p1a: Comfey
|
|upkeep
|
|t:|1757909459
|switch|p1a: Kingambit|Kingambit, M, shiny|82/100 par
|-activate|p1a: Kingambit|ability: Supreme Overlord
|-start|p1a: Kingambit|fallen3|[silent]
|turn|15
|
|t:|1757909462
|move|p2a: Deoxys|Focus Blast|p1a: Kingambit
|-supereffective|p1a: Kingambit
|-damage|p1a: Kingambit|0 fnt
|faint|p1a: Kingambit
|-end|p1a: Kingambit|fallen3|[silent]
|
|upkeep
|
|t:|1757909465
|switch|p1a: Ogerpon|Ogerpon-Wellspring, F|100/100
|turn|16
|
|t:|1757909470
|-terastallize|p1a: Ogerpon|Water
|detailschange|p1a: Ogerpon|Ogerpon-Wellspring-Tera, F, tera:Water
|-ability|p1a: Ogerpon|Embody Aspect (Wellspring)|boost
|-boost|p1a: Ogerpon|spd|1
|move|p2a: Deoxys|Expanding Force|p1a: Ogerpon
|-damage|p1a: Ogerpon|38/100
|move|p1a: Ogerpon|Ivy Cudgel|p2a: Deoxys|[anim] Ivy Cudgel Water
|-damage|p2a: Deoxys|0 fnt
|faint|p2a: Deoxys
|
|upkeep
|
|t:|1757909472
|switch|p2a: Indeedee|Indeedee, M|100/100
|turn|17
|
|t:|1757909478
|move|p1a: Ogerpon|Ivy Cudgel|p2a: Indeedee|[anim] Ivy Cudgel Water
|-damage|p2a: Indeedee|0 fnt
|faint|p2a: Indeedee
|
|-fieldend|move: Psychic Terrain
|upkeep
|
|t:|1757909481
|switch|p2a: Ceruledge|Ceruledge, F|100/100
|turn|18
|
|t:|1757909483
|move|p1a: Ogerpon|Ivy Cudgel|p2a: Ceruledge|[anim] Ivy Cudgel Water
|-supereffective|p2a: Ceruledge
|-enditem|p2a: Ceruledge|Focus Sash
|-damage|p2a: Ceruledge|1/100
|-ability|p2a: Ceruledge|Weak Armor|boost
|-unboost|p2a: Ceruledge|def|1
|-boost|p2a: Ceruledge|spe|2
|move|p2a: Ceruledge|Swords Dance|p2a: Ceruledge
|-boost|p2a: Ceruledge|atk|2
|
|upkeep
|turn|19
|
|t:|1757909488
|move|p2a: Ceruledge|Bitter Blade|p1a: Ogerpon
|-resisted|p1a: Ogerpon
|-damage|p1a: Ogerpon|0 fnt
|-heal|p2a: Ceruledge|20/100|[from] drain|[of] p1a: Ogerpon
|faint|p1a: Ogerpon
|detailschange|p1: Ogerpon|Ogerpon-Wellspring, F|[silent]
|
|upkeep
|
|t:|1757909490
|switch|p1a: Dragapult|Dragapult, M, shiny|91/100
|turn|20
|
|t:|1757909492
|move|p2a: Ceruledge|Poltergeist|p1a: Dragapult|[miss]
|-miss|p2a: Ceruledge|p1a: Dragapult
|move|p1a: Dragapult|Shadow Ball|p2a: Ceruledge
|-supereffective|p2a: Ceruledge
|-damage|p2a: Ceruledge|0 fnt
|faint|p2a: Ceruledge
|-damage|p1a: Dragapult|81/100|[from] item: Life Orb
|
|win|Yoinkaloink
|raw|Yoinkaloink's rating: 1473 &rarr; <strong>1495</strong><br />(+22 for winning)
|raw|Gulptubus's rating: 1501 &rarr; <strong>1479</strong><br />(-22 for losing)
|c|☆Yoinkaloink|Lmao
|l|☆Gulptubus
|player|p2|
|c|☆Yoinkaloink|gg
|l|☆Yoinkaloink
|player|p1|
