|j|☆sir locke
|j|☆vitos86
|t:|1757871192
|gametype|singles
|player|p1|sir locke|lance|1133
|player|p2|vitos86|biker|1080
|gen|9
|tier|[Gen 9] OU
|rated|
|rule|HP Percentage Mod: HP is shown in percentages
|rule|Endless Battle Clause: Forcing endless battles is banned
|rule|Species Clause: Limit one of each Pokémon
|rule|OHKO Clause: OHKO moves are banned
|rule|Evasion Items Clause: Evasion items are banned
|rule|Evasion Moves Clause: Evasion moves are banned
|rule|Evasion Abilities Clause: Evasion abilities are banned
|rule|Sleep Moves Clause: Sleep-inducing moves are banned
|clearpoke
|poke|p1|Primeape, M|
|poke|p1|Mamoswine, M|
|poke|p1|Dragonite, M|
|poke|p1|Braviary-Hisui, M|
|poke|p1|Latios, M|
|poke|p1|Iron Moth|
|poke|p2|Mightyena, M|
|poke|p2|Jolteon, M|
|poke|p2|Honchkrow, M|
|poke|p2|Feraligatr, M|
|poke|p2|Donphan, M|
|poke|p2|Blastoise, M|
|teampreview
|inactive|Battle timer is ON: inactive players will automatically lose when time's up. (requested by sir locke)
|
|t:|1757871201
|teamsize|p1|6
|teamsize|p2|6
|start
|switch|p1a: Mamoswine|Mamoswine, M|100/100
|switch|p2a: Honchkrow|Honchkrow, M|100/100
|turn|1
|c|☆sir locke|Love the team
|
|t:|1757871211
|move|p2a: Honchkrow|U-turn|p1a: Mamoswine
|-crit|p1a: Mamoswine
|-damage|p1a: Mamoswine|57/100
|
|t:|1757871218
|switch|p2a: Feraligatr|Feraligatr, M|100/100|[from] U-turn
|move|p1a: Mamoswine|Icicle Spear|p2a: Feraligatr
|-resisted|p2a: Feraligatr
|-damage|p2a: Feraligatr|93/100
|-resisted|p2a: Feraligatr
|-damage|p2a: Feraligatr|86/100
|-resisted|p2a: Feraligatr
|-damage|p2a: Feraligatr|78/100
|-resisted|p2a: Feraligatr
|-damage|p2a: Feraligatr|71/100
|-resisted|p2a: Feraligatr
|-damage|p2a: Feraligatr|64/100
|-hitcount|p2a: Feraligatr|5
|
|upkeep
|turn|2
|
|t:|1757871236
|switch|p1a: Braviary|Braviary-Hisui, M, shiny|100/100
|move|p2a: Feraligatr|Dragon Dance|p2a: Feraligatr
|-boost|p2a: Feraligatr|atk|1
|-boost|p2a: Feraligatr|spe|1
|
|upkeep
|turn|3
|
|t:|1757871245
|move|p2a: Feraligatr|Ice Punch|p1a: Braviary
|-supereffective|p1a: Braviary
|-damage|p1a: Braviary|0 fnt
|faint|p1a: Braviary
|
|upkeep
|
|t:|1757871252
|switch|p1a: Iron Moth|Iron Moth|100/100
|-enditem|p1a: Iron Moth|Booster Energy
|-activate|p1a: Iron Moth|ability: Quark Drive|[fromitem]
|-start|p1a: Iron Moth|quarkdrivespe
|turn|4
|
|t:|1757871258
|move|p1a: Iron Moth|Sludge Wave|p2a: Feraligatr
|-damage|p2a: Feraligatr|6/100
|move|p2a: Feraligatr|Earthquake|p1a: Iron Moth
|-supereffective|p1a: Iron Moth
|-damage|p1a: Iron Moth|0 fnt
|faint|p1a: Iron Moth
|-end|p1a: Iron Moth|Quark Drive|[silent]
|-damage|p2a: Feraligatr|0 fnt|[from] item: Life Orb
|faint|p2a: Feraligatr
|
|upkeep
|
|t:|1757871284
|switch|p1a: Mamoswine|Mamoswine, M|57/100
|switch|p2a: Honchkrow|Honchkrow, M|100/100
|turn|5
|
|t:|1757871299
|move|p2a: Honchkrow|Brave Bird|p1a: Mamoswine
|-damage|p1a: Mamoswine|0 fnt
|faint|p1a: Mamoswine
|-damage|p2a: Honchkrow|81/100|[from] Recoil
|
|upkeep
|
|t:|1757871306
|switch|p1a: Dragonite|Dragonite, M|100/100
|turn|6
|
|t:|1757871310
|move|p2a: Honchkrow|Brave Bird|p1a: Dragonite
|-damage|p1a: Dragonite|68/100
|-damage|p2a: Honchkrow|71/100|[from] Recoil
|move|p1a: Dragonite|Dragon Dance|p1a: Dragonite
|-boost|p1a: Dragonite|atk|1
|-boost|p1a: Dragonite|spe|1
|
|upkeep
|turn|7
|
|t:|1757871321
|move|p1a: Dragonite|Outrage|p2a: Honchkrow
|-crit|p2a: Honchkrow
|-damage|p2a: Honchkrow|0 fnt
|faint|p2a: Honchkrow
|
|upkeep
|
|t:|1757871329
|switch|p2a: Donphan|Donphan, M|100/100
|turn|8
|
|t:|1757871333
|move|p1a: Dragonite|Outrage|p2a: Donphan|[from] lockedmove
|-damage|p2a: Donphan|28/100
|move|p2a: Donphan|Ice Spinner|p1a: Dragonite
|-supereffective|p1a: Dragonite
|-damage|p1a: Dragonite|0 fnt
|faint|p1a: Dragonite
|
|upkeep
|
|t:|1757871341
|switch|p1a: Primeape|Primeape, M|100/100
|turn|9
|
|t:|1757871353
|-terastallize|p1a: Primeape|Ghost
|move|p1a: Primeape|Rage Fist|p2a: Donphan
|-damage|p2a: Donphan|0 fnt
|faint|p2a: Donphan
|
|upkeep
|
|t:|1757871361
|switch|p2a: Jolteon|Jolteon, M|100/100
|turn|10
|
|t:|1757871367
|move|p2a: Jolteon|Shadow Ball|p1a: Primeape
|-supereffective|p1a: Primeape
|-damage|p1a: Primeape|0 fnt
|faint|p1a: Primeape
|
|upkeep
|
|t:|1757871372
|switch|p1a: Latios|Latios, M|100/100
|turn|11
|
|t:|1757871377
|move|p2a: Jolteon|Shadow Ball|p1a: Latios
|-supereffective|p1a: Latios
|-damage|p1a: Latios|16/100
|move|p1a: Latios|Dragon Dance|p1a: Latios
|-boost|p1a: Latios|atk|1
|-boost|p1a: Latios|spe|1
|
|upkeep
|turn|12
|
|t:|1757871386
|move|p1a: Latios|Dragon Claw|p2a: Jolteon
|-damage|p2a: Jolteon|0 fnt
|faint|p2a: Jolteon
|
|upkeep
|
|t:|1757871391
|switch|p2a: Mightyena|Mightyena, M|100/100
|turn|13
|
|t:|1757871396
|-terastallize|p2a: Mightyena|Dark
|move|p2a: Mightyena|Sucker Punch|p1a: Latios
|-supereffective|p1a: Latios
|-damage|p1a: Latios|0 fnt
|faint|p1a: Latios
|
|win|vitos86
|raw|sir locke's rating: 1133 &rarr; <strong>1104</strong><br />(-29 for losing)
|raw|vitos86's rating: 1080 &rarr; <strong>1112</strong><br />(+32 for winning)
|l|☆sir locke
|player|p1|
|l|☆vitos86
|player|p2|
