|j|☆mayuhara
|j|☆go b3yond
|t:|1757940404
|gametype|singles
|player|p1|mayuhara|ghetsis|1524
|player|p2|go b3yond|bruno|1476
|gen|9
|tier|[Gen 9] OU
|rated|
|rule|HP Percentage Mod: HP is shown in percentages
|rule|Endless Battle Clause: Forcing endless battles is banned
|rule|Species Clause: Limit one of each Pokémon
|rule|OHKO Clause: OHKO moves are banned
|rule|Evasion Items Clause: Evasion items are banned
|rule|Evasion Moves Clause: Evasion moves are banned
|rule|Evasion Abilities Clause: Evasion abilities are banned
|rule|Sleep Moves Clause: Sleep-inducing moves are banned
|clearpoke
|poke|p1|Arcanine-Hisui, M|
|poke|p1|Ogerpon-Wellspring, F|
|poke|p1|Pecharunt|
|poke|p1|Scizor, F|
|poke|p1|Gliscor, F|
|poke|p1|Darkrai|
|poke|p2|Torkoal, M|
|poke|p2|Brute Bonnet|
|poke|p2|Hatterene, F|
|poke|p2|Walking Wake|
|poke|p2|Thundurus-Therian, M|
|poke|p2|Ceruledge, F|
|teampreview
|inactive|Battle timer is ON: inactive players will automatically lose when time's up. (requested by mayuhara)
|
|t:|1757940408
|teamsize|p1|6
|teamsize|p2|6
|start
|switch|p1a: Arcanine|Arcanine-Hisui, M|100/100
|switch|p2a: GREAT Bait|Torkoal, M, shiny|100/100
|-weather|SunnyDay|[from] ability: Drought|[of] p2a: GREAT Bait
|turn|1
|
|t:|1757940411
|switch|p2a: Hatterene|Hatterene, F|100/100
|move|p1a: Arcanine|Head Smash|p2a: Hatterene|[miss]
|-miss|p1a: Arcanine|p2a: Hatterene
|
|-weather|SunnyDay|[upkeep]
|upkeep
|turn|2
|
|t:|1757940416
|move|p1a: Arcanine|Flare Blitz|p2a: Hatterene
|-crit|p2a: Hatterene
|-damage|p2a: Hatterene|0 fnt
|faint|p2a: Hatterene
|
|-weather|SunnyDay|[upkeep]
|upkeep
|
|t:|1757940421
|switch|p2a: Walking Wake|Walking Wake|100/100
|-activate|p2a: Walking Wake|ability: Protosynthesis
|-start|p2a: Walking Wake|protosynthesisspe
|turn|3
|
|t:|1757940429
|move|p2a: Walking Wake|Draco Meteor|p1a: Arcanine
|-damage|p1a: Arcanine|23/100
|-unboost|p2a: Walking Wake|spa|2
|move|p1a: Arcanine|Head Smash|p2a: Walking Wake
|-damage|p2a: Walking Wake|27/100
|
|-weather|SunnyDay|[upkeep]
|upkeep
|turn|4
|
|t:|1757940436
|move|p1a: Arcanine|Extreme Speed|p2a: Walking Wake
|-damage|p2a: Walking Wake|0 fnt
|faint|p2a: Walking Wake
|-end|p2a: Walking Wake|Protosynthesis|[silent]
|
|-weather|SunnyDay|[upkeep]
|upkeep
|
|t:|1757940440
|switch|p2a: Ceruledge|Ceruledge, F|100/100
|turn|5
|
|t:|1757940443
|move|p1a: Arcanine|Head Smash|p2a: Ceruledge
|-supereffective|p2a: Ceruledge
|-enditem|p2a: Ceruledge|Focus Sash
|-damage|p2a: Ceruledge|1/100
|-ability|p2a: Ceruledge|Weak Armor|boost
|-unboost|p2a: Ceruledge|def|1
|-boost|p2a: Ceruledge|spe|2
|move|p2a: Ceruledge|Swords Dance|p2a: Ceruledge
|-boost|p2a: Ceruledge|atk|2
|
|-weather|SunnyDay|[upkeep]
|upkeep
|turn|6
|
|t:|1757940453
|move|p2a: Ceruledge|Shadow Sneak|p1a: Arcanine
|-damage|p1a: Arcanine|0 fnt
|faint|p1a: Arcanine
|
|-weather|SunnyDay|[upkeep]
|upkeep
|
|t:|1757940456
|switch|p1a: Scizor|Scizor, F|100/100
|turn|7
|
|t:|1757940460
|move|p2a: Ceruledge|Shadow Sneak|p1a: Scizor
|-damage|p1a: Scizor|63/100
|move|p1a: Scizor|Bullet Punch|p2a: Ceruledge
|-resisted|p2a: Ceruledge
|-damage|p2a: Ceruledge|0 fnt
|faint|p2a: Ceruledge
|
|-weather|SunnyDay|[upkeep]
|upkeep
|
|t:|1757940467
|switch|p2a: Thundurus|Thundurus-Therian, M|100/100
|turn|8
|
|t:|1757940471
|move|p2a: Thundurus|Weather Ball|p1a: Scizor
|-supereffective|p1a: Scizor
|-damage|p1a: Scizor|0 fnt
|faint|p1a: Scizor
|
|-weather|none
|upkeep
|
|t:|1757940478
|switch|p1a: Ogerpon|Ogerpon-Wellspring, F|100/100
|turn|9
|
|t:|1757940480
|switch|p2a: GREAT Bait|Torkoal, M, shiny|100/100
|-weather|SunnyDay|[from] ability: Drought|[of] p2a: GREAT Bait
|move|p1a: Ogerpon|Ivy Cudgel|p2a: GREAT Bait|[anim] Ivy Cudgel Water
|-supereffective|p2a: GREAT Bait
|-damage|p2a: GREAT Bait|54/100
|
|-weather|SunnyDay|[upkeep]
|upkeep
|turn|10
|
|t:|1757940494
|switch|p1a: Pecharunt|Pecharunt|100/100
|move|p2a: GREAT Bait|Overheat|p1a: Pecharunt
|-damage|p1a: Pecharunt|23/100
|-unboost|p2a: GREAT Bait|spa|2
|
|-weather|SunnyDay|[upkeep]
|upkeep
|turn|11
|
|t:|1757940501
|move|p1a: Pecharunt|Recover|p1a: Pecharunt
|-heal|p1a: Pecharunt|73/100
|move|p2a: GREAT Bait|Earthquake|p1a: Pecharunt
|-supereffective|p1a: Pecharunt
|-damage|p1a: Pecharunt|53/100
|
|-weather|SunnyDay|[upkeep]
|upkeep
|turn|12
|
|t:|1757940506
|switch|p2a: Thundurus|Thundurus-Therian, M|100/100
|move|p1a: Pecharunt|Recover|p1a: Pecharunt
|-heal|p1a: Pecharunt|100/100
|
|-weather|SunnyDay|[upkeep]
|upkeep
|turn|13
|
|t:|1757940525
|move|p2a: Thundurus|Weather Ball|p1a: Pecharunt
|-damage|p1a: Pecharunt|19/100
|move|p1a: Pecharunt|Parting Shot|p2a: Thundurus
|-unboost|p2a: Thundurus|atk|1
|-unboost|p2a: Thundurus|spa|1
|
|t:|1757940536
|switch|p1a: Ogerpon|Ogerpon-Wellspring, F|100/100|[from] Parting Shot
|
|-weather|SunnyDay|[upkeep]
|upkeep
|turn|14
|
|t:|1757940547
|move|p1a: Ogerpon|Ivy Cudgel|p2a: Thundurus|[anim] Ivy Cudgel Water
|-damage|p2a: Thundurus|52/100
|move|p2a: Thundurus|Weather Ball|p1a: Ogerpon
|-damage|p1a: Ogerpon|32/100
|
|-weather|SunnyDay|[upkeep]
|upkeep
|turn|15
|
|t:|1757940553
|-terastallize|p1a: Ogerpon|Water
|detailschange|p1a: Ogerpon|Ogerpon-Wellspring-Tera, F, tera:Water
|-ability|p1a: Ogerpon|Embody Aspect (Wellspring)|boost
|-boost|p1a: Ogerpon|spd|1
|move|p1a: Ogerpon|Ivy Cudgel|p2a: Thundurus|[anim] Ivy Cudgel Water
|-damage|p2a: Thundurus|0 fnt
|faint|p2a: Thundurus
|
|-weather|SunnyDay|[upkeep]
|upkeep
|
|t:|1757940566
|switch|p2a: Brute Bonnet|Brute Bonnet|100/100
|-activate|p2a: Brute Bonnet|ability: Protosynthesis
|-start|p2a: Brute Bonnet|protosynthesisatk
|turn|16
|
|t:|1757940572
|switch|p1a: Pecharunt|Pecharunt|19/100
|move|p2a: Brute Bonnet|Sucker Punch||[still]
|-fail|p2a: Brute Bonnet
|
|-weather|none
|-end|p2a: Brute Bonnet|Protosynthesis
|upkeep
|turn|17
|
|t:|1757940577
|-terastallize|p2a: Brute Bonnet|Fire
|move|p1a: Pecharunt|Recover|p1a: Pecharunt
|-heal|p1a: Pecharunt|69/100
|move|p2a: Brute Bonnet|Tera Blast|p1a: Pecharunt|[anim] Tera Blast Fire
|-crit|p1a: Pecharunt
|-damage|p1a: Pecharunt|36/100
|
|upkeep
|turn|18
|
|t:|1757940583
|-end|p2a: Brute Bonnet|Protosynthesis|[silent]
|switch|p2a: GREAT Bait|Torkoal, M, shiny|54/100
|-weather|SunnyDay|[from] ability: Drought|[of] p2a: GREAT Bait
|move|p1a: Pecharunt|Recover|p1a: Pecharunt
|-heal|p1a: Pecharunt|86/100
|
|-weather|SunnyDay|[upkeep]
|upkeep
|turn|19
|
|t:|1757940587
|move|p1a: Pecharunt|Malignant Chain|p2a: GREAT Bait
|-damage|p2a: GREAT Bait|13/100
|-status|p2a: GREAT Bait|tox
|-start|p2a: GREAT Bait|confusion|[from] ability: Poison Puppeteer|[of] p1a: Pecharunt
|-activate|p2a: GREAT Bait|confusion
|move|p2a: GREAT Bait|Overheat|p1a: Pecharunt
|-damage|p1a: Pecharunt|0 fnt
|-unboost|p2a: GREAT Bait|spa|2
|faint|p1a: Pecharunt
|
|-weather|SunnyDay|[upkeep]
|-damage|p2a: GREAT Bait|7/100 tox|[from] psn
|upkeep
|
|t:|1757940593
|switch|p1a: Darkrai|Darkrai|100/100
|turn|20
|
|t:|1757940595
|move|p1a: Darkrai|Sludge Bomb|p2a: GREAT Bait
|-damage|p2a: GREAT Bait|0 fnt
|faint|p2a: GREAT Bait
|
|-weather|SunnyDay|[upkeep]
|upkeep
|
|t:|1757940597
|switch|p2a: Brute Bonnet|Brute Bonnet, tera:Fire|100/100
|-activate|p2a: Brute Bonnet|ability: Protosynthesis
|-start|p2a: Brute Bonnet|protosynthesisatk
|turn|21
|
|t:|1757940602
|switch|p1a: Ogerpon|Ogerpon-Wellspring-Tera, F, tera:Water|32/100
|-ability|p1a: Ogerpon|Embody Aspect (Wellspring)|boost
|-boost|p1a: Ogerpon|spd|1
|move|p2a: Brute Bonnet|Growth|p2a: Brute Bonnet
|-boost|p2a: Brute Bonnet|atk|2
|-boost|p2a: Brute Bonnet|spa|2
|
|-weather|SunnyDay|[upkeep]
|upkeep
|turn|22
|
|t:|1757940606
|move|p2a: Brute Bonnet|Sucker Punch|p1a: Ogerpon
|-damage|p1a: Ogerpon|0 fnt
|faint|p1a: Ogerpon
|detailschange|p1: Ogerpon|Ogerpon-Wellspring, F|[silent]
|
|-weather|SunnyDay|[upkeep]
|upkeep
|
|t:|1757940609
|switch|p1a: Gliscor|Gliscor, F|100/100
|turn|23
|
|t:|1757940617
|move|p1a: Gliscor|Earthquake|p2a: Brute Bonnet
|-supereffective|p2a: Brute Bonnet
|-damage|p2a: Brute Bonnet|41/100
|move|p2a: Brute Bonnet|Tera Blast|p1a: Gliscor|[anim] Tera Blast Fire
|-damage|p1a: Gliscor|0 fnt
|faint|p1a: Gliscor
|
|-weather|SunnyDay|[upkeep]
|upkeep
|
|t:|1757940622
|switch|p1a: Darkrai|Darkrai|100/100
|turn|24
|
|t:|1757940624
|move|p1a: Darkrai|Dark Pulse|p2a: Brute Bonnet
|-damage|p2a: Brute Bonnet|3/100
|move|p2a: Brute Bonnet|Bullet Seed|p1a: Darkrai
|-damage|p1a: Darkrai|49/100
|-damage|p1a: Darkrai|4/100
|-damage|p1a: Darkrai|0 fnt
|faint|p1a: Darkrai
|-hitcount|p1: Darkrai|3
|
|win|go b3yond
|raw|mayuhara's rating: 1524 &rarr; <strong>1501</strong><br />(-23 for losing)
|raw|go b3yond's rating: 1476 &rarr; <strong>1499</strong><br />(+23 for winning)
|c|☆go b3yond|Gg
|l|☆mayuhara
|player|p1|
|c|☆go b3yond|The goat brute bonnet clutches yet again
|l|☆go b3yond
|player|p2|
