|j|☆halaman95
|j|☆2011 jonah hill
|t:|1757826352
|gametype|singles
|player|p1|halaman95|266|1536
|player|p2|2011 jonah hill|101|1492
|gen|9
|tier|[Gen 9] OU
|rated|
|rule|HP Percentage Mod: HP is shown in percentages
|rule|Endless Battle Clause: Forcing endless battles is banned
|rule|Species Clause: Limit one of each Pokémon
|rule|OHKO Clause: OHKO moves are banned
|rule|Evasion Items Clause: Evasion items are banned
|rule|Evasion Moves Clause: Evasion moves are banned
|rule|Evasion Abilities Clause: Evasion abilities are banned
|rule|Sleep Moves Clause: Sleep-inducing moves are banned
|clearpoke
|poke|p1|Darkrai|
|poke|p1|Kingambit, M|
|poke|p1|Ogerpon-Wellspring, F|
|poke|p1|Raging Bolt|
|poke|p1|Gliscor, M|
|poke|p1|Corviknight, M|
|poke|p2|Weezing-Galar, F|
|poke|p2|Gliscor, F|
|poke|p2|Slowking, F|
|poke|p2|Kingambit, F|
|poke|p2|Zamazenta-*|
|poke|p2|Garganacl, F|
|teampreview
|inactive|Battle timer is ON: inactive players will automatically lose when time's up. (requested by halaman95)
|
|t:|1757826369
|teamsize|p1|6
|teamsize|p2|6
|start
|switch|p1a: Gliscor|Gliscor, M, shiny|100/100
|switch|p2a: Gliscor|Gliscor, F|100/100
|turn|1
|
|t:|1757826381
|move|p2a: Gliscor|Protect|p2a: Gliscor
|-singleturn|p2a: Gliscor|Protect
|move|p1a: Gliscor|Protect||[still]
|-fail|p1a: Gliscor
|
|-status|p2a: Gliscor|tox|[from] item: Toxic Orb
|-status|p1a: Gliscor|tox|[from] item: Toxic Orb
|upkeep
|turn|2
|
|t:|1757826387
|move|p2a: Gliscor|Swords Dance|p2a: Gliscor
|-boost|p2a: Gliscor|atk|2
|move|p1a: Gliscor|Stealth Rock|p2a: Gliscor
|-sidestart|p2: 2011 jonah hill|move: Stealth Rock
|
|upkeep
|turn|3
|
|t:|1757826393
|move|p2a: Gliscor|Swords Dance|p2a: Gliscor
|-boost|p2a: Gliscor|atk|2
|move|p1a: Gliscor|U-turn|p2a: Gliscor
|-resisted|p2a: Gliscor
|-damage|p2a: Gliscor|95/100 tox
|
|t:|1757826398
|switch|p1a: Corviknight|Corviknight, M, shiny|100/100|[from] U-turn
|-ability|p1a: Corviknight|Pressure
|
|-heal|p2a: Gliscor|100/100 tox|[from] ability: Poison Heal
|upkeep
|turn|4
|
|t:|1757826402
|move|p2a: Gliscor|Swords Dance|p2a: Gliscor
|-boost|p2a: Gliscor|atk|2
|move|p1a: Corviknight|Iron Defense|p1a: Corviknight
|-boost|p1a: Corviknight|def|2
|
|upkeep
|turn|5
|
|t:|1757826406
|move|p2a: Gliscor|Knock Off|p1a: Corviknight
|-damage|p1a: Corviknight|75/100
|-damage|p2a: Gliscor|84/100 tox|[from] item: Rocky Helmet|[of] p1a: Corviknight
|-enditem|p1a: Corviknight|Rocky Helmet|[from] move: Knock Off|[of] p2a: Gliscor
|move|p1a: Corviknight|Iron Defense|p1a: Corviknight
|-boost|p1a: Corviknight|def|2
|
|-heal|p2a: Gliscor|97/100 tox|[from] ability: Poison Heal
|upkeep
|turn|6
|
|t:|1757826412
|switch|p2a: Weezing|Weezing-Galar, F|100/100
|-ability|p2a: Weezing|Neutralizing Gas
|move|p1a: Corviknight|Body Press|p2a: Weezing
|-resisted|p2a: Weezing
|-damage|p2a: Weezing|87/100
|
|upkeep
|turn|7
|
|t:|1757826420
|switch|p1a: Gliscor|Gliscor, M, shiny|100/100 tox
|move|p2a: Weezing|Will-O-Wisp||[still]
|-fail|p2a: Weezing
|
|-damage|p1a: Gliscor|94/100 tox|[from] psn
|upkeep
|turn|8
|
|t:|1757826427
|move|p1a: Gliscor|Knock Off|p2a: Weezing
|-resisted|p2a: Weezing
|-damage|p2a: Weezing|79/100
|-enditem|p2a: Weezing|Heavy-Duty Boots|[from] move: Knock Off|[of] p1a: Gliscor
|move|p2a: Weezing|Defog|p1a: Gliscor
|-unboost|p1a: Gliscor|evasion|1
|-sideend|p2: 2011 jonah hill|Stealth Rock|[from] move: Defog|[of] p2a: Weezing
|
|-damage|p1a: Gliscor|82/100 tox|[from] psn
|upkeep
|turn|9
|
|t:|1757826436
|-end|p2a: Weezing|ability: Neutralizing Gas
|switch|p2a: Slowking|Slowking, F|100/100
|move|p1a: Gliscor|U-turn|p2a: Slowking
|-supereffective|p2a: Slowking
|-damage|p2a: Slowking|67/100
|
|t:|1757826448
|switch|p1a: Darkrai|Darkrai, shiny|100/100|[from] U-turn
|
|upkeep
|turn|10
|
|t:|1757826455
|switch|p2a: Weezing|Weezing-Galar, F|79/100
|-ability|p2a: Weezing|Neutralizing Gas
|move|p1a: Darkrai|Dark Pulse|p2a: Weezing
|-resisted|p2a: Weezing
|-damage|p2a: Weezing|35/100
|
|upkeep
|turn|11
|
|t:|1757826463
|-end|p2a: Weezing|ability: Neutralizing Gas
|switch|p2a: Kingambit|Kingambit, F|100/100
|-item|p2a: Kingambit|Air Balloon
|move|p1a: Darkrai|Dark Pulse|p2a: Kingambit
|-resisted|p2a: Kingambit
|-damage|p2a: Kingambit|66/100
|-enditem|p2a: Kingambit|Air Balloon
|
|upkeep
|turn|12
|
|t:|1757826473
|switch|p1a: Corviknight|Corviknight, M, shiny|75/100
|-ability|p1a: Corviknight|Pressure
|move|p2a: Kingambit|Kowtow Cleave|p1a: Corviknight
|-damage|p1a: Corviknight|43/100
|
|upkeep
|turn|13
|
|t:|1757826481
|-end|p2a: Kingambit|fallenundefined|[silent]
|switch|p2a: Garganacl|Garganacl, F|100/100
|move|p1a: Corviknight|Roost|p1a: Corviknight
|-heal|p1a: Corviknight|93/100
|-singleturn|p1a: Corviknight|move: Roost
|
|upkeep
|turn|14
|
|t:|1757826498
|switch|p1a: Gliscor|Gliscor, M, shiny|82/100 tox
|move|p2a: Garganacl|Salt Cure|p1a: Gliscor
|-damage|p1a: Gliscor|71/100 tox
|-start|p1a: Gliscor|Salt Cure
|
|-heal|p1a: Gliscor|83/100 tox|[from] ability: Poison Heal
|-damage|p1a: Gliscor|71/100 tox|[from] Salt Cure
|upkeep
|turn|15
|
|t:|1757826504
|move|p1a: Gliscor|Stealth Rock|p2a: Garganacl
|-sidestart|p2: 2011 jonah hill|move: Stealth Rock
|move|p2a: Garganacl|Stealth Rock|p1a: Gliscor
|-sidestart|p1: halaman95|move: Stealth Rock
|
|-heal|p1a: Gliscor|83/100 tox|[from] ability: Poison Heal
|-damage|p1a: Gliscor|71/100 tox|[from] Salt Cure
|upkeep
|turn|16
|
|t:|1757826511
|switch|p2a: Slowking|Slowking, F|99/100
|move|p1a: Gliscor|Knock Off|p2a: Slowking
|-supereffective|p2a: Slowking
|-crit|p2a: Slowking
|-damage|p2a: Slowking|31/100
|-enditem|p2a: Slowking|Heavy-Duty Boots|[from] move: Knock Off|[of] p1a: Gliscor
|
|-heal|p1a: Gliscor|83/100 tox|[from] ability: Poison Heal
|-damage|p1a: Gliscor|71/100 tox|[from] Salt Cure
|upkeep
|turn|17
|-message|2011 jonah hill forfeited.
|
|win|halaman95
|raw|halaman95's rating: 1536 &rarr; <strong>1553</strong><br />(+17 for winning)
|raw|2011 jonah hill's rating: 1492 &rarr; <strong>1475</strong><br />(-17 for losing)
|l|☆2011 jonah hill
|player|p2|
|l|☆halaman95
|player|p1|
