|j|☆a hyperpop luver!!
|j|☆PokemonGT7
|inactive|Battle timer is ON: inactive players will automatically lose when time's up.
|t:|1757876108
|gametype|singles
|player|p1|a hyperpop luver!!|roxie|
|player|p2|PokemonGT7|youngcouple|
|gen|9
|tier|[Gen 9] OU
|rated|Tournament battle
|rule|HP Percentage Mod: HP is shown in percentages
|rule|Endless Battle Clause: Forcing endless battles is banned
|rule|Species Clause: Limit one of each Pokémon
|rule|OHKO Clause: OHKO moves are banned
|rule|Evasion Items Clause: Evasion items are banned
|rule|Evasion Moves Clause: Evasion moves are banned
|rule|Evasion Abilities Clause: Evasion abilities are banned
|rule|Sleep Moves Clause: Sleep-inducing moves are banned
|raw|<div class="infobox"><details class="readmore" open><summary><strong>3 custom rules:</strong></summary> -blissey, -wailord, -wobbuffet</details></div>
|clearpoke
|poke|p1|Diancie|
|poke|p1|Falinks|
|poke|p1|Dusknoir, M|
|poke|p1|Flapple, F|
|poke|p1|Klefki, F|
|poke|p1|Tropius, M|
|poke|p2|Diancie|
|poke|p2|Falinks|
|poke|p2|Dusknoir, M|
|poke|p2|Flapple, M|
|poke|p2|Klefki, F|
|poke|p2|Tropius, M|
|teampreview
|j|*Lady Monita ☀
|c|☆PokemonGT7|glhf
|
|t:|1757876116
|teamsize|p1|6
|teamsize|p2|6
|start
|switch|p1a: Falinks|Falinks, shiny|100/100
|switch|p2a: Klefki|Klefki, F|100/100
|-item|p1a: Falinks|Air Balloon
|turn|1
|
|t:|1757876125
|move|p2a: Klefki|Thunder Wave|p1a: Falinks
|-status|p1a: Falinks|par
|cant|p1a: Falinks|par
|
|upkeep
|turn|2
|
|t:|1757876132
|move|p2a: Klefki|Iron Defense|p2a: Klefki
|-boost|p2a: Klefki|def|2
|move|p1a: Falinks|Iron Head|p2a: Klefki
|-crit|p2a: Klefki
|-damage|p2a: Klefki|60/100
|
|-heal|p2a: Klefki|66/100|[from] item: Leftovers
|upkeep
|turn|3
|
|t:|1757876136
|move|p2a: Klefki|Iron Defense|p2a: Klefki
|-boost|p2a: Klefki|def|2
|move|p1a: Falinks|Iron Head|p2a: Klefki
|-damage|p2a: Klefki|56/100
|
|-heal|p2a: Klefki|62/100|[from] item: Leftovers
|upkeep
|turn|4
|
|t:|1757876139
|move|p2a: Klefki|Iron Defense|p2a: Klefki
|-boost|p2a: Klefki|def|2
|move|p1a: Falinks|Iron Head|p2a: Klefki
|-damage|p2a: Klefki|54/100
|
|-heal|p2a: Klefki|60/100|[from] item: Leftovers
|upkeep
|turn|5
|
|t:|1757876143
|move|p2a: Klefki|Calm Mind|p2a: Klefki
|-boost|p2a: Klefki|spa|1
|-boost|p2a: Klefki|spd|1
|move|p1a: Falinks|No Retreat|p1a: Falinks
|-boost|p1a: Falinks|atk|1
|-boost|p1a: Falinks|def|1
|-boost|p1a: Falinks|spa|1
|-boost|p1a: Falinks|spd|1
|-boost|p1a: Falinks|spe|1
|-start|p1a: Falinks|move: No Retreat
|
|-heal|p2a: Klefki|66/100|[from] item: Leftovers
|upkeep
|turn|6
|
|t:|1757876152
|move|p2a: Klefki|Calm Mind|p2a: Klefki
|-boost|p2a: Klefki|spa|1
|-boost|p2a: Klefki|spd|1
|cant|p1a: Falinks|par
|
|-heal|p2a: Klefki|72/100|[from] item: Leftovers
|upkeep
|turn|7
|
|t:|1757876156
|move|p2a: Klefki|Calm Mind|p2a: Klefki
|-boost|p2a: Klefki|spa|1
|-boost|p2a: Klefki|spd|1
|cant|p1a: Falinks|par
|
|-heal|p2a: Klefki|78/100|[from] item: Leftovers
|upkeep
|turn|8
|
|t:|1757876161
|move|p2a: Klefki|Calm Mind|p2a: Klefki
|-boost|p2a: Klefki|spa|1
|-boost|p2a: Klefki|spd|1
|move|p1a: Falinks|Body Press|p2a: Klefki
|-damage|p2a: Klefki|66/100
|
|-heal|p2a: Klefki|72/100|[from] item: Leftovers
|upkeep
|turn|9
|
|t:|1757876166
|move|p2a: Klefki|Calm Mind|p2a: Klefki
|-boost|p2a: Klefki|spa|1
|-boost|p2a: Klefki|spd|1
|cant|p1a: Falinks|par
|
|-heal|p2a: Klefki|78/100|[from] item: Leftovers
|upkeep
|turn|10
|
|t:|1757876168
|move|p2a: Klefki|Calm Mind|p2a: Klefki
|-boost|p2a: Klefki|spa|1
|-boost|p2a: Klefki|spd|1
|move|p1a: Falinks|Body Press|p2a: Klefki
|-damage|p2a: Klefki|67/100
|
|-heal|p2a: Klefki|73/100|[from] item: Leftovers
|upkeep
|turn|11
|
|t:|1757876172
|move|p2a: Klefki|Stored Power|p1a: Falinks
|-supereffective|p1a: Falinks
|-damage|p1a: Falinks|0 fnt
|-enditem|p1a: Falinks|Air Balloon
|faint|p1a: Falinks
|
|-heal|p2a: Klefki|78/100|[from] item: Leftovers
|upkeep
|
|t:|1757876184
|switch|p1a: Tropius|Tropius, M|100/100
|turn|12
|
|t:|1757876187
|move|p2a: Klefki|Thunder Wave|p1a: Tropius
|-status|p1a: Tropius|par
|cant|p1a: Tropius|par
|
|-heal|p2a: Klefki|84/100|[from] item: Leftovers
|upkeep
|turn|13
|
|t:|1757876191
|move|p2a: Klefki|Stored Power|p1a: Tropius
|-damage|p1a: Tropius|0 fnt
|faint|p1a: Tropius
|
|-heal|p2a: Klefki|90/100|[from] item: Leftovers
|upkeep
|
|t:|1757876194
|switch|p1a: Diancie|Diancie|100/100
|-item|p1a: Diancie|Air Balloon
|turn|14
|c|☆PokemonGT7|gg
|
|t:|1757876196
|move|p2a: Klefki|Thunder Wave|p1a: Diancie
|-status|p1a: Diancie|par
|cant|p1a: Diancie|par
|
|-heal|p2a: Klefki|96/100|[from] item: Leftovers
|upkeep
|turn|15
|
|t:|1757876203
|move|p2a: Klefki|Stored Power|p1a: Diancie
|-damage|p1a: Diancie|0 fnt
|-enditem|p1a: Diancie|Air Balloon
|faint|p1a: Diancie
|
|-heal|p2a: Klefki|100/100|[from] item: Leftovers
|upkeep
|
|t:|1757876206
|switch|p1a: Dusknoir|Dusknoir, M|100/100
|-ability|p1a: Dusknoir|Pressure
|turn|16
|
|t:|1757876208
|move|p2a: Klefki|Thunder Wave|p1a: Dusknoir
|-status|p1a: Dusknoir|par
|move|p1a: Dusknoir|Earthquake|p2a: Klefki
|-supereffective|p2a: Klefki
|-damage|p2a: Klefki|72/100
|
|-heal|p2a: Klefki|78/100|[from] item: Leftovers
|upkeep
|turn|17
|
|t:|1757876211
|move|p2a: Klefki|Stored Power|p1a: Dusknoir
|-damage|p1a: Dusknoir|0 fnt
|faint|p1a: Dusknoir
|
|-heal|p2a: Klefki|84/100|[from] item: Leftovers
|upkeep
|
|t:|1757876214
|switch|p1a: Flapple|Flapple, F|100/100
|turn|18
|
|t:|1757876218
|move|p2a: Klefki|Thunder Wave|p1a: Flapple
|-status|p1a: Flapple|par
|move|p1a: Flapple|Grav Apple|p2a: Klefki
|-resisted|p2a: Klefki
|-damage|p2a: Klefki|78/100
|-unboost|p2a: Klefki|def|1
|
|-heal|p2a: Klefki|84/100|[from] item: Leftovers
|upkeep
|turn|19
|
|t:|1757876223
|move|p2a: Klefki|Stored Power|p1a: Flapple
|-damage|p1a: Flapple|0 fnt
|faint|p1a: Flapple
|
|-heal|p2a: Klefki|90/100|[from] item: Leftovers
|upkeep
|
|t:|1757876226
|switch|p1a: Klefki|Klefki, F|100/100
|turn|20
|
|t:|1757876228
|move|p1a: Klefki|Light Screen|p1a: Klefki
|-sidestart|p1: a hyperpop luver!!|move: Light Screen
|move|p2a: Klefki|Thunder Wave|p1a: Klefki
|-status|p1a: Klefki|par
|
|-heal|p2a: Klefki|96/100|[from] item: Leftovers
|upkeep
|turn|21
|
|t:|1757876232
|move|p2a: Klefki|Iron Defense|p2a: Klefki
|-boost|p2a: Klefki|def|1
|move|p1a: Klefki|Draining Kiss|p2a: Klefki
|-resisted|p2a: Klefki
|-damage|p2a: Klefki|95/100
|
|-heal|p2a: Klefki|100/100|[from] item: Leftovers
|upkeep
|turn|22
|
|t:|1757876234
|-terastallize|p2a: Klefki|Psychic
|move|p2a: Klefki|Stored Power|p1a: Klefki
|-resisted|p1a: Klefki
|-damage|p1a: Klefki|0 fnt
|faint|p1a: Klefki
|
|win|PokemonGT7
|n|☆a hyperpop luver!!|ahyperpopluver
|n|☆PokemonGT7|pokemongt7
|n|*Lady Monita ☀|ladymonita
