|j|☆tea chai
|j|☆aidanspants
|t:|1757955767
|gametype|singles
|player|p1|tea chai|iris|1301
|player|p2|aidanspants|266|1310
|gen|9
|tier|[Gen 9] OU
|rated|
|rule|HP Percentage Mod: HP is shown in percentages
|rule|Endless Battle Clause: Forcing endless battles is banned
|rule|Species Clause: Limit one of each Pokémon
|rule|OHKO Clause: OHKO moves are banned
|rule|Evasion Items Clause: Evasion items are banned
|rule|Evasion Moves Clause: Evasion moves are banned
|rule|Evasion Abilities Clause: Evasion abilities are banned
|rule|Sleep Moves Clause: Sleep-inducing moves are banned
|clearpoke
|poke|p1|Lycanroc, F|
|poke|p1|Excadrill, M|
|poke|p1|Tyranitar, M|
|poke|p1|Thundurus-Therian, M|
|poke|p1|Iron Boulder|
|poke|p1|Glimmora, M|
|poke|p2|Mandibuzz, F|
|poke|p2|Ting-Lu|
|poke|p2|Toxtricity, M|
|poke|p2|Great Tusk|
|poke|p2|Thundurus-Therian, M|
|poke|p2|Ogerpon-Wellspring, F|
|teampreview
|inactive|Battle timer is ON: inactive players will automatically lose when time's up. (requested by aidanspants)
|
|t:|1757955777
|teamsize|p1|6
|teamsize|p2|6
|start
|switch|p1a: Thundurus|Thundurus-Therian, M|100/100
|switch|p2a: Great Tusk|Great Tusk|100/100
|turn|1
|
|t:|1757955788
|switch|p1a: Glimmora|Glimmora, M|100/100
|-end|p2a: Great Tusk|Protosynthesis|[silent]
|switch|p2a: Toxtricity|Toxtricity, M|100/100
|-item|p2a: Toxtricity|Air Balloon
|
|upkeep
|turn|2
|
|t:|1757955796
|move|p1a: Glimmora|Meteor Beam||[still]
|-prepare|p1a: Glimmora|Meteor Beam
|-boost|p1a: Glimmora|spa|1
|-enditem|p1a: Glimmora|Power Herb
|-anim|p1a: Glimmora|Meteor Beam|p2a: Toxtricity
|-damage|p2a: Toxtricity|0 fnt
|-enditem|p2a: Toxtricity|Air Balloon
|faint|p2a: Toxtricity
|
|upkeep
|
|t:|1757955800
|switch|p2a: Great Tusk|Great Tusk|100/100
|turn|3
|
|t:|1757955819
|move|p2a: Great Tusk|Headlong Rush|p1a: Glimmora
|-supereffective|p1a: Glimmora
|-damage|p1a: Glimmora|0 fnt
|-unboost|p2a: Great Tusk|def|1
|-unboost|p2a: Great Tusk|spd|1
|-activate|p1a: Glimmora|ability: Toxic Debris
|-sidestart|p2: aidanspants|move: Toxic Spikes
|faint|p1a: Glimmora
|
|upkeep
|
|t:|1757955831
|switch|p1a: Thundurus|Thundurus-Therian, M|100/100
|turn|4
|
|t:|1757955842
|-end|p2a: Great Tusk|Protosynthesis|[silent]
|switch|p2a: Thundurus|Thundurus-Therian, M|100/100
|move|p1a: Thundurus|Nasty Plot|p1a: Thundurus
|-boost|p1a: Thundurus|spa|2
|
|upkeep
|turn|5
|
|t:|1757955846
|-terastallize|p2a: Thundurus|Ice
|move|p1a: Thundurus|Tera Blast|p2a: Thundurus
|-damage|p2a: Thundurus|25/100
|move|p2a: Thundurus|Tera Blast|p1a: Thundurus|[anim] Tera Blast Ice
|-supereffective|p1a: Thundurus
|-damage|p1a: Thundurus|0 fnt
|faint|p1a: Thundurus
|
|upkeep
|
|t:|1757955853
|switch|p1a: Lycanroc|Lycanroc, F, shiny|100/100
|turn|6
|
|t:|1757955858
|switch|p2a: Great Tusk|Great Tusk|100/100
|move|p1a: Lycanroc|Accelerock|p2a: Great Tusk
|-resisted|p2a: Great Tusk
|-damage|p2a: Great Tusk|96/100
|
|upkeep
|turn|7
|
|t:|1757955865
|move|p1a: Lycanroc|Endeavor|p2a: Great Tusk
|-damage|p2a: Great Tusk|79/100
|move|p2a: Great Tusk|Rapid Spin|p1a: Lycanroc
|-resisted|p1a: Lycanroc
|-damage|p1a: Lycanroc|85/100
|-boost|p2a: Great Tusk|spe|1
|-sideend|p2: aidanspants|Toxic Spikes|[from] move: Rapid Spin|[of] p2a: Great Tusk
|
|upkeep
|turn|8
|
|t:|1757955870
|move|p2a: Great Tusk|Close Combat|p1a: Lycanroc
|-supereffective|p1a: Lycanroc
|-damage|p1a: Lycanroc|0 fnt
|-unboost|p2a: Great Tusk|def|1
|-unboost|p2a: Great Tusk|spd|1
|faint|p1a: Lycanroc
|
|upkeep
|
|t:|1757955878
|switch|p1a: Iron Boulder|Iron Boulder|100/100
|-item|p1a: Iron Boulder|Air Balloon
|turn|9
|
|t:|1757955885
|-end|p2a: Great Tusk|Protosynthesis|[silent]
|switch|p2a: Mandibuzz|Mandibuzz, F|100/100
|move|p1a: Iron Boulder|Psycho Cut|p2a: Mandibuzz
|-immune|p2a: Mandibuzz
|
|upkeep
|turn|10
|
|t:|1757955890
|-end|p1a: Iron Boulder|Quark Drive|[silent]
|switch|p1a: Tyranitar|Tyranitar, M, shiny|100/100
|-weather|Sandstorm|[from] ability: Sand Stream|[of] p1a: Tyranitar
|move|p2a: Mandibuzz|Foul Play|p1a: Tyranitar
|-resisted|p1a: Tyranitar
|-damage|p1a: Tyranitar|88/100
|
|-weather|Sandstorm|[upkeep]
|upkeep
|turn|11
|
|t:|1757955898
|move|p2a: Mandibuzz|U-turn|p1a: Tyranitar
|-supereffective|p1a: Tyranitar
|-damage|p1a: Tyranitar|74/100
|-enditem|p1a: Tyranitar|Weakness Policy
|-boost|p1a: Tyranitar|atk|2|[from] item: Weakness Policy
|-boost|p1a: Tyranitar|spa|2|[from] item: Weakness Policy
|
|t:|1757955900
|switch|p2a: Ogerpon|Ogerpon-Wellspring, F|100/100|[from] U-turn
|move|p1a: Tyranitar|Ice Beam|p2a: Ogerpon
|-damage|p2a: Ogerpon|53/100
|
|-weather|Sandstorm|[upkeep]
|-damage|p2a: Ogerpon|47/100|[from] Sandstorm
|upkeep
|turn|12
|
|t:|1757955906
|move|p2a: Ogerpon|Ivy Cudgel|p1a: Tyranitar|[anim] Ivy Cudgel Water
|-supereffective|p1a: Tyranitar
|-damage|p1a: Tyranitar|4/100
|move|p1a: Tyranitar|Ice Beam|p2a: Ogerpon
|-damage|p2a: Ogerpon|0 fnt
|faint|p2a: Ogerpon
|
|-weather|Sandstorm|[upkeep]
|upkeep
|
|t:|1757955909
|switch|p2a: Great Tusk|Great Tusk|79/100
|turn|13
|
|t:|1757955912
|move|p2a: Great Tusk|Rapid Spin|p1a: Tyranitar
|-resisted|p1a: Tyranitar
|-damage|p1a: Tyranitar|0 fnt
|-boost|p2a: Great Tusk|spe|1
|faint|p1a: Tyranitar
|
|-weather|Sandstorm|[upkeep]
|upkeep
|
|t:|1757955914
|switch|p1a: Excadrill|Excadrill, M|100/100
|-item|p1a: Excadrill|Air Balloon
|turn|14
|
|t:|1757955920
|move|p1a: Excadrill|Swords Dance|p1a: Excadrill
|-boost|p1a: Excadrill|atk|2
|move|p2a: Great Tusk|Close Combat|p1a: Excadrill
|-supereffective|p1a: Excadrill
|-damage|p1a: Excadrill|0 fnt
|-unboost|p2a: Great Tusk|def|1
|-unboost|p2a: Great Tusk|spd|1
|-enditem|p1a: Excadrill|Air Balloon
|faint|p1a: Excadrill
|
|-weather|none
|upkeep
|
|t:|1757955925
|switch|p1a: Iron Boulder|Iron Boulder|100/100
|-item|p1a: Iron Boulder|Air Balloon
|turn|15
|
|t:|1757955930
|move|p2a: Great Tusk|Knock Off|p1a: Iron Boulder
|-supereffective|p1a: Iron Boulder
|-damage|p1a: Iron Boulder|8/100
|-enditem|p1a: Iron Boulder|Air Balloon
|move|p1a: Iron Boulder|Swords Dance|p1a: Iron Boulder
|-boost|p1a: Iron Boulder|atk|2
|
|upkeep
|turn|16
|-message|tea chai forfeited.
|
|win|aidanspants
|raw|tea chai's rating: 1301 &rarr; <strong>1283</strong><br />(-18 for losing)
|raw|aidanspants's rating: 1330 &rarr; <strong>1348</strong><br />(+18 for winning)
|l|☆tea chai
|player|p1|
|l|☆aidanspants
|player|p2|
