|j|☆DEADPOOL2937
|j|☆shshshsvvsh
|t:|1757848575
|gametype|singles
|player|p1|DEADPOOL2937|1|1134
|player|p2|shshshsvvsh|102|1111
|gen|9
|tier|[Gen 9] OU
|rated|
|rule|HP Percentage Mod: HP is shown in percentages
|rule|Endless Battle Clause: Forcing endless battles is banned
|rule|Species Clause: Limit one of each Pokémon
|rule|OHKO Clause: OHKO moves are banned
|rule|Evasion Items Clause: Evasion items are banned
|rule|Evasion Moves Clause: Evasion moves are banned
|rule|Evasion Abilities Clause: Evasion abilities are banned
|rule|Sleep Moves Clause: Sleep-inducing moves are banned
|clearpoke
|poke|p1|Dragapult, F|
|poke|p1|Kingambit, M|
|poke|p1|Ceruledge, M|
|poke|p1|Dondozo, F|
|poke|p1|Enamorus, F|
|poke|p1|Corviknight, M|
|poke|p2|Dondozo, F|
|poke|p2|Kingambit, M|
|poke|p2|Dragonite, M|
|poke|p2|Dragapult, F|
|poke|p2|Gholdengo|
|poke|p2|Rotom-Heat|
|teampreview
|inactive|Battle timer is ON: inactive players will automatically lose when time's up. (requested by DEADPOOL2937)
|
|t:|1757848599
|teamsize|p1|6
|teamsize|p2|6
|start
|switch|p1a: Dragapult|Dragapult, F, shiny|100/100
|switch|p2a: Rotom|Rotom-Heat|100/100
|turn|1
|
|t:|1757848608
|move|p1a: Dragapult|Dragon Darts|p2a: Rotom
|-damage|p2a: Rotom|63/100
|-anim|p1a: Dragapult|Dragon Darts|p2a: Rotom
|-damage|p2a: Rotom|27/100
|move|p2a: Rotom|Volt Switch|p1a: Dragapult
|-resisted|p1a: Dragapult
|-damage|p1a: Dragapult|80/100
|
|t:|1757848617
|switch|p2a: Kingambit|Kingambit, M|100/100|[from] Volt Switch
|
|upkeep
|turn|2
|
|t:|1757848626
|switch|p1a: Ceruledge|Ceruledge, M|100/100
|move|p2a: Kingambit|Kowtow Cleave|p1a: Ceruledge
|-supereffective|p1a: Ceruledge
|-damage|p1a: Ceruledge|0 fnt
|faint|p1a: Ceruledge
|
|upkeep
|
|t:|1757848634
|switch|p1a: Corviknight|Corviknight, M|100/100
|turn|3
|
|t:|1757848643
|switch|p2a: Dragonite|Dragonite, M|100/100
|move|p1a: Corviknight|Iron Defense|p1a: Corviknight
|-boost|p1a: Corviknight|def|2
|
|upkeep
|turn|4
|
|t:|1757848652
|move|p2a: Dragonite|Dragon Dance|p2a: Dragonite
|-boost|p2a: Dragonite|atk|1
|-boost|p2a: Dragonite|spe|1
|move|p1a: Corviknight|Iron Defense|p1a: Corviknight
|-boost|p1a: Corviknight|def|2
|
|upkeep
|turn|5
|
|t:|1757848659
|move|p2a: Dragonite|Dragon Dance|p2a: Dragonite
|-boost|p2a: Dragonite|atk|1
|-boost|p2a: Dragonite|spe|1
|move|p1a: Corviknight|Iron Defense|p1a: Corviknight
|-boost|p1a: Corviknight|def|2
|
|upkeep
|turn|6
|
|t:|1757848665
|move|p2a: Dragonite|Dragon Dance|p2a: Dragonite
|-boost|p2a: Dragonite|atk|1
|-boost|p2a: Dragonite|spe|1
|move|p1a: Corviknight|Body Press|p2a: Dragonite
|-resisted|p2a: Dragonite
|-damage|p2a: Dragonite|77/100
|
|-heal|p2a: Dragonite|83/100|[from] item: Leftovers
|upkeep
|turn|7
|
|t:|1757848675
|move|p2a: Dragonite|Dragon Dance|p2a: Dragonite
|-boost|p2a: Dragonite|atk|1
|-boost|p2a: Dragonite|spe|1
|move|p1a: Corviknight|Iron Head|p2a: Dragonite
|-damage|p2a: Dragonite|59/100
|
|-heal|p2a: Dragonite|65/100|[from] item: Leftovers
|upkeep
|turn|8
|
|t:|1757848684
|move|p2a: Dragonite|Roost|p2a: Dragonite
|-heal|p2a: Dragonite|100/100
|-singleturn|p2a: Dragonite|move: Roost
|move|p1a: Corviknight|Body Press|p2a: Dragonite
|-damage|p2a: Dragonite|57/100
|
|-heal|p2a: Dragonite|63/100|[from] item: Leftovers
|upkeep
|turn|9
|
|t:|1757848695
|move|p2a: Dragonite|Dragon Dance|p2a: Dragonite
|-boost|p2a: Dragonite|atk|1
|-boost|p2a: Dragonite|spe|1
|move|p1a: Corviknight|Body Press|p2a: Dragonite
|-resisted|p2a: Dragonite
|-damage|p2a: Dragonite|19/100
|
|-heal|p2a: Dragonite|25/100|[from] item: Leftovers
|upkeep
|turn|10
|
|t:|1757848706
|move|p2a: Dragonite|Roost|p2a: Dragonite
|-heal|p2a: Dragonite|75/100
|-singleturn|p2a: Dragonite|move: Roost
|move|p1a: Corviknight|Body Press|p2a: Dragonite
|-damage|p2a: Dragonite|0 fnt
|faint|p2a: Dragonite
|
|upkeep
|
|t:|1757848716
|switch|p2a: Rotom|Rotom-Heat|27/100
|turn|11
|
|t:|1757848722
|move|p2a: Rotom|Overheat|p1a: Corviknight|[miss]
|-miss|p2a: Rotom|p1a: Corviknight
|move|p1a: Corviknight|Body Press|p2a: Rotom
|-damage|p2a: Rotom|0 fnt
|faint|p2a: Rotom
|
|upkeep
|
|t:|1757848733
|switch|p2a: Gholdengo|Gholdengo|100/100
|turn|12
|
|t:|1757848739
|move|p2a: Gholdengo|Trick|p1a: Corviknight
|-activate|p2a: Gholdengo|move: Trick|[of] p1a: Corviknight
|-item|p1a: Corviknight|Choice Scarf|[from] move: Trick
|-item|p2a: Gholdengo|Leftovers|[from] move: Trick
|move|p1a: Corviknight|Iron Head|p2a: Gholdengo
|-resisted|p2a: Gholdengo
|-damage|p2a: Gholdengo|85/100
|
|-heal|p2a: Gholdengo|92/100|[from] item: Leftovers
|upkeep
|turn|13
|inactive|DEADPOOL2937 has 120 seconds left.
|
|t:|1757848770
|switch|p1a: Enamorus|Enamorus, F|100/100
|move|p2a: Gholdengo|Shadow Ball|p1a: Enamorus
|-damage|p1a: Enamorus|25/100
|
|-heal|p2a: Gholdengo|98/100|[from] item: Leftovers
|upkeep
|turn|14
|
|t:|1757848781
|move|p1a: Enamorus|Tailwind|p1a: Enamorus
|-sidestart|p1: DEADPOOL2937|move: Tailwind
|move|p2a: Gholdengo|Shadow Ball|p1a: Enamorus
|-damage|p1a: Enamorus|0 fnt
|faint|p1a: Enamorus
|
|-heal|p2a: Gholdengo|100/100|[from] item: Leftovers
|upkeep
|inactive|DEADPOOL2937 has 120 seconds left.
|
|t:|1757848795
|switch|p1a: Dragapult|Dragapult, F, shiny|80/100
|turn|15
|
|t:|1757848799
|switch|p2a: Kingambit|Kingambit, M|100/100
|move|p1a: Dragapult|Dragon Darts|p2a: Kingambit
|-resisted|p2a: Kingambit
|-damage|p2a: Kingambit|86/100
|-anim|p1a: Dragapult|Dragon Darts|p2a: Kingambit
|-resisted|p2a: Kingambit
|-damage|p2a: Kingambit|70/100
|
|upkeep
|turn|16
|
|t:|1757848813
|switch|p1a: Corviknight|Corviknight, M|100/100
|move|p2a: Kingambit|Kowtow Cleave|p1a: Corviknight
|-damage|p1a: Corviknight|68/100
|
|upkeep
|turn|17
|
|t:|1757848829
|switch|p2a: Gholdengo|Gholdengo|100/100
|move|p1a: Corviknight|Body Press|p2a: Gholdengo
|-immune|p2a: Gholdengo
|
|-sideend|p1: DEADPOOL2937|move: Tailwind
|upkeep
|turn|18
|
|t:|1757848840
|switch|p1a: Dragapult|Dragapult, F, shiny|80/100
|move|p2a: Gholdengo|Shadow Ball|p1a: Dragapult
|-supereffective|p1a: Dragapult
|-damage|p1a: Dragapult|0 fnt
|faint|p1a: Dragapult
|
|upkeep
|
|t:|1757848851
|switch|p1a: Corviknight|Corviknight, M|68/100
|turn|19
|
|t:|1757848855
|move|p2a: Gholdengo|Shadow Ball|p1a: Corviknight
|-damage|p1a: Corviknight|23/100
|-ability|p1a: Corviknight|Mirror Armor
|-unboost|p2a: Gholdengo|spd|1
|move|p1a: Corviknight|Iron Head|p2a: Gholdengo
|-resisted|p2a: Gholdengo
|-damage|p2a: Gholdengo|87/100
|
|-heal|p2a: Gholdengo|93/100|[from] item: Leftovers
|upkeep
|turn|20
|
|t:|1757848867
|move|p2a: Gholdengo|Shadow Ball|p1a: Corviknight
|-damage|p1a: Corviknight|0 fnt
|faint|p1a: Corviknight
|
|-heal|p2a: Gholdengo|99/100|[from] item: Leftovers
|upkeep
|
|t:|1757848873
|switch|p1a: Dondozo|Dondozo, F, shiny|100/100
|turn|21
|
|t:|1757848878
|move|p2a: Gholdengo|Shadow Ball|p1a: Dondozo
|-damage|p1a: Dondozo|59/100
|move|p1a: Dondozo|Earthquake|p2a: Gholdengo
|-supereffective|p2a: Gholdengo
|-damage|p2a: Gholdengo|46/100
|
|-heal|p2a: Gholdengo|52/100|[from] item: Leftovers
|-heal|p1a: Dondozo|65/100|[from] item: Leftovers
|upkeep
|turn|22
|
|t:|1757848891
|move|p2a: Gholdengo|Shadow Ball|p1a: Dondozo
|-damage|p1a: Dondozo|23/100
|move|p1a: Dondozo|Earthquake|p2a: Gholdengo
|-supereffective|p2a: Gholdengo
|-damage|p2a: Gholdengo|1/100
|
|-heal|p2a: Gholdengo|8/100|[from] item: Leftovers
|-heal|p1a: Dondozo|29/100|[from] item: Leftovers
|upkeep
|turn|23
|
|t:|1757848900
|move|p2a: Gholdengo|Shadow Ball|p1a: Dondozo
|-damage|p1a: Dondozo|0 fnt
|faint|p1a: Dondozo
|
|-heal|p2a: Gholdengo|14/100|[from] item: Leftovers
|upkeep
|
|t:|1757848906
|switch|p1a: Kingambit|Kingambit, M, shiny|100/100
|-activate|p1a: Kingambit|ability: Supreme Overlord
|-start|p1a: Kingambit|fallen5|[silent]
|turn|24
|
|t:|1757848915
|switch|p2a: Kingambit|Kingambit, M|70/100
|move|p1a: Kingambit|Sucker Punch||[still]
|-fail|p1a: Kingambit
|
|upkeep
|turn|25
|
|t:|1757848926
|move|p1a: Kingambit|Sucker Punch|p2a: Kingambit
|-resisted|p2a: Kingambit
|-damage|p2a: Kingambit|51/100
|move|p2a: Kingambit|Brick Break|p1a: Kingambit
|-supereffective|p1a: Kingambit
|-damage|p1a: Kingambit|29/100
|
|-heal|p1a: Kingambit|35/100|[from] item: Leftovers
|upkeep
|turn|26
|
|t:|1757848936
|-terastallize|p1a: Kingambit|Ghost
|move|p2a: Kingambit|Brick Break|p1a: Kingambit
|-immune|p1a: Kingambit
|move|p1a: Kingambit|Shadow Claw|p2a: Kingambit
|-resisted|p2a: Kingambit
|-damage|p2a: Kingambit|31/100
|
|-heal|p1a: Kingambit|42/100|[from] item: Leftovers
|upkeep
|turn|27
|
|t:|1757848949
|-terastallize|p2a: Kingambit|Dark
|move|p1a: Kingambit|Rest|p1a: Kingambit
|-status|p1a: Kingambit|slp|[from] move: Rest
|-heal|p1a: Kingambit|100/100 slp|[silent]
|move|p2a: Kingambit|Kowtow Cleave|p1a: Kingambit
|-supereffective|p1a: Kingambit
|-damage|p1a: Kingambit|7/100 slp
|
|-heal|p1a: Kingambit|14/100 slp|[from] item: Leftovers
|upkeep
|turn|28
|
|t:|1757848962
|cant|p1a: Kingambit|slp
|move|p2a: Kingambit|Kowtow Cleave|p1a: Kingambit
|-supereffective|p1a: Kingambit
|-damage|p1a: Kingambit|0 fnt
|faint|p1a: Kingambit
|-end|p1a: Kingambit|fallen5|[silent]
|
|win|shshshsvvsh
|raw|DEADPOOL2937's rating: 1134 &rarr; <strong>1107</strong><br />(-27 for losing)
|raw|shshshsvvsh's rating: 1111 &rarr; <strong>1138</strong><br />(+27 for winning)
|c|☆DEADPOOL2937|gg
