|j|☆A random breaker
|j|☆klaraNo1Fan
|t:|1757852266
|gametype|singles
|player|p1|A random breaker|juan|1208
|player|p2|klaraNo1Fan|klara|1217
|gen|9
|tier|[Gen 9] OU
|rated|
|rule|HP Percentage Mod: HP is shown in percentages
|rule|Endless Battle Clause: Forcing endless battles is banned
|rule|Species Clause: Limit one of each Pokémon
|rule|OHKO Clause: OHKO moves are banned
|rule|Evasion Items Clause: Evasion items are banned
|rule|Evasion Moves Clause: Evasion moves are banned
|rule|Evasion Abilities Clause: Evasion abilities are banned
|rule|Sleep Moves Clause: Sleep-inducing moves are banned
|clearpoke
|poke|p1|Iron Crown|
|poke|p1|Raging Bolt|
|poke|p1|Gliscor, M|
|poke|p1|Iron Treads|
|poke|p1|Samurott-Hisui, M|
|poke|p1|Scizor, M|
|poke|p2|Garganacl, F|
|poke|p2|Hatterene, F|
|poke|p2|Tsareena, F|
|poke|p2|Magnezone|
|poke|p2|Tauros-Paldea-Blaze, M|
|poke|p2|Latias, F|
|teampreview
|inactive|Battle timer is ON: inactive players will automatically lose when time's up. (requested by A random breaker)
|
|t:|1757852275
|teamsize|p1|6
|teamsize|p2|6
|start
|switch|p1a: Gliscor|Gliscor, M|100/100
|switch|p2a: Tsareena|Tsareena, F|100/100
|turn|1
|
|t:|1757852280
|move|p1a: Gliscor|Protect|p1a: Gliscor
|-singleturn|p1a: Gliscor|Protect
|move|p2a: Tsareena|Knock Off|p1a: Gliscor
|-activate|p1a: Gliscor|move: Protect
|
|-status|p1a: Gliscor|tox|[from] item: Toxic Orb
|upkeep
|turn|2
|
|t:|1757852293
|move|p1a: Gliscor|U-turn|p2a: Tsareena
|-supereffective|p2a: Tsareena
|-damage|p2a: Tsareena|67/100
|
|t:|1757852301
|switch|p1a: Iron Treads|Iron Treads|100/100|[from] U-turn
|move|p2a: Tsareena|Triple Axel|p1a: Iron Treads
|-damage|p1a: Iron Treads|94/100
|-hitcount|p1a: Iron Treads|1
|
|upkeep
|turn|3
|
|t:|1757852314
|switch|p2a: Hatterene|Hatterene, F|100/100
|move|p1a: Iron Treads|Ice Spinner|p2a: Hatterene
|-damage|p2a: Hatterene|76/100
|
|-heal|p2a: Hatterene|82/100|[from] item: Leftovers
|upkeep
|turn|4
|
|t:|1757852324
|move|p1a: Iron Treads|Knock Off|p2a: Hatterene
|-damage|p2a: Hatterene|55/100
|-enditem|p2a: Hatterene|Leftovers|[from] move: Knock Off|[of] p1a: Iron Treads
|move|p2a: Hatterene|Mystical Fire|p1a: Iron Treads
|-supereffective|p1a: Iron Treads
|-damage|p1a: Iron Treads|26/100
|
|upkeep
|turn|5
|
|t:|1757852337
|-end|p1a: Iron Treads|Quark Drive|[silent]
|switch|p1a: Samurott|Samurott-Hisui, M|100/100
|move|p2a: Hatterene|Draining Kiss|p1a: Samurott
|-supereffective|p1a: Samurott
|-damage|p1a: Samurott|24/100
|-heal|p2a: Hatterene|100/100|[from] drain|[of] p1a: Samurott
|
|upkeep
|turn|6
|
|t:|1757852345
|move|p1a: Samurott|Ceaseless Edge|p2a: Hatterene|[miss]
|-miss|p1a: Samurott|p2a: Hatterene
|move|p2a: Hatterene|Draining Kiss|p1a: Samurott
|-supereffective|p1a: Samurott
|-damage|p1a: Samurott|0 fnt
|faint|p1a: Samurott
|
|upkeep
|
|t:|1757852351
|switch|p1a: Iron Crown|Iron Crown|100/100
|turn|7
|
|t:|1757852369
|-terastallize|p2a: Hatterene|Fire
|move|p1a: Iron Crown|Volt Switch|p2a: Hatterene
|-damage|p2a: Hatterene|63/100
|
|t:|1757852377
|-end|p1a: Iron Crown|Quark Drive|[silent]
|switch|p1a: Gliscor|Gliscor, M|100/100 tox|[from] Volt Switch
|move|p2a: Hatterene|Calm Mind|p2a: Hatterene
|-boost|p2a: Hatterene|spa|1
|-boost|p2a: Hatterene|spd|1
|
|upkeep
|turn|8
|
|t:|1757852387
|switch|p2a: Latias|Latias, F|100/100
|move|p1a: Gliscor|Earthquake|p2a: Latias
|-immune|p2a: Latias|[from] ability: Levitate
|
|upkeep
|turn|9
|
|t:|1757852395
|move|p2a: Latias|Agility|p2a: Latias
|-boost|p2a: Latias|spe|2
|move|p1a: Gliscor|Toxic|p2a: Latias|[miss]
|-miss|p1a: Gliscor|p2a: Latias
|
|upkeep
|turn|10
|
|t:|1757852407
|move|p1a: Gliscor|Protect|p1a: Gliscor
|-singleturn|p1a: Gliscor|Protect
|move|p2a: Latias|Ice Beam|p1a: Gliscor
|-activate|p1a: Gliscor|move: Protect
|
|upkeep
|turn|11
|
|t:|1757852425
|switch|p1a: Iron Crown|Iron Crown|100/100
|move|p2a: Latias|Ice Beam|p1a: Iron Crown
|-resisted|p1a: Iron Crown
|-damage|p1a: Iron Crown|88/100
|
|upkeep
|turn|12
|
|t:|1757852438
|switch|p2a: Hatterene|Hatterene, F, tera:Fire|63/100
|move|p1a: Iron Crown|Volt Switch|p2a: Hatterene
|-damage|p2a: Hatterene|25/100
|
|t:|1757852451
|-end|p1a: Iron Crown|Quark Drive|[silent]
|switch|p1a: Gliscor|Gliscor, M|100/100 tox|[from] Volt Switch
|
|upkeep
|turn|13
|
|t:|1757852459
|move|p1a: Gliscor|Earthquake|p2a: Hatterene
|-supereffective|p2a: Hatterene
|-damage|p2a: Hatterene|0 fnt
|faint|p2a: Hatterene
|
|upkeep
|inactive|klaraNo1Fan has 120 seconds left.
|
|t:|1757852510
|switch|p2a: Tsareena|Tsareena, F|67/100
|turn|14
|
|t:|1757852520
|move|p1a: Gliscor|U-turn|p2a: Tsareena
|-supereffective|p2a: Tsareena
|-damage|p2a: Tsareena|36/100
|
|t:|1757852526
|switch|p1a: Iron Treads|Iron Treads|26/100|[from] U-turn
|move|p2a: Tsareena|Knock Off|p1a: Iron Treads
|-damage|p1a: Iron Treads|0 fnt
|-enditem|p1a: Iron Treads|Covert Cloak|[from] move: Knock Off|[of] p2a: Tsareena
|faint|p1a: Iron Treads
|-end|p1a: Iron Treads|Quark Drive|[silent]
|
|upkeep
|
|t:|1757852543
|switch|p1a: Gliscor|Gliscor, M|100/100 tox
|turn|15
|
|t:|1757852548
|move|p1a: Gliscor|U-turn|p2a: Tsareena
|-supereffective|p2a: Tsareena
|-damage|p2a: Tsareena|1/100
|
|t:|1757852555
|switch|p1a: Scizor|Scizor, M|100/100|[from] U-turn
|move|p2a: Tsareena|Knock Off|p1a: Scizor
|-damage|p1a: Scizor|66/100
|-enditem|p1a: Scizor|Covert Cloak|[from] move: Knock Off|[of] p2a: Tsareena
|
|upkeep
|turn|16
|c|☆klaraNo1Fan|why so many covert cloaks?
|
|t:|1757852572
|switch|p2a: Tauros|Tauros-Paldea-Blaze, M|100/100
|-ability|p2a: Tauros|Intimidate|boost
|-unboost|p1a: Scizor|atk|1
|move|p1a: Scizor|Swords Dance|p1a: Scizor
|-boost|p1a: Scizor|atk|2
|
|upkeep
|turn|17
|
|t:|1757852584
|-terastallize|p1a: Scizor|Fire
|move|p2a: Tauros|Flare Blitz|p1a: Scizor
|-resisted|p1a: Scizor
|-damage|p1a: Scizor|24/100
|-damage|p2a: Tauros|84/100|[from] Recoil
|move|p1a: Scizor|Dual Wingbeat|p2a: Tauros
|-supereffective|p2a: Tauros
|-damage|p2a: Tauros|10/100
|-supereffective|p2a: Tauros
|-crit|p2a: Tauros
|-damage|p2a: Tauros|0 fnt
|faint|p2a: Tauros
|-hitcount|p2: Tauros|2
|
|upkeep
|
|t:|1757852587
|switch|p2a: Garganacl|Garganacl, F|100/100
|turn|18
|
|t:|1757852605
|move|p1a: Scizor|Bullet Punch|p2a: Garganacl
|-supereffective|p2a: Garganacl
|-damage|p2a: Garganacl|31/100
|move|p2a: Garganacl|Salt Cure|p1a: Scizor
|-supereffective|p1a: Scizor
|-damage|p1a: Scizor|0 fnt
|faint|p1a: Scizor
|
|-heal|p2a: Garganacl|37/100|[from] item: Leftovers
|upkeep
|
|t:|1757852619
|switch|p1a: Iron Crown|Iron Crown|88/100
|turn|19
|
|t:|1757852626
|move|p1a: Iron Crown|Focus Blast|p2a: Garganacl|[miss]
|-miss|p1a: Iron Crown|p2a: Garganacl
|move|p2a: Garganacl|Recover|p2a: Garganacl
|-heal|p2a: Garganacl|87/100
|
|-heal|p2a: Garganacl|93/100|[from] item: Leftovers
|upkeep
|turn|20
|
|t:|1757852631
|move|p1a: Iron Crown|Focus Blast|p2a: Garganacl|[miss]
|-miss|p1a: Iron Crown|p2a: Garganacl
|move|p2a: Garganacl|Salt Cure|p1a: Iron Crown
|-resisted|p1a: Iron Crown
|-damage|p1a: Iron Crown|81/100
|-start|p1a: Iron Crown|Salt Cure
|
|-heal|p2a: Garganacl|99/100|[from] item: Leftovers
|-damage|p1a: Iron Crown|56/100|[from] Salt Cure
|upkeep
|turn|21
|
|t:|1757852635
|-end|p1a: Iron Crown|Quark Drive|[silent]
|switch|p1a: Gliscor|Gliscor, M|100/100 tox
|move|p2a: Garganacl|Stealth Rock|p1a: Gliscor
|-sidestart|p1: A random breaker|move: Stealth Rock
|
|-heal|p2a: Garganacl|100/100|[from] item: Leftovers
|upkeep
|turn|22
|
|t:|1757852641
|move|p1a: Gliscor|Earthquake|p2a: Garganacl
|-supereffective|p2a: Garganacl
|-damage|p2a: Garganacl|57/100
|move|p2a: Garganacl|Iron Defense|p2a: Garganacl
|-boost|p2a: Garganacl|def|2
|
|-heal|p2a: Garganacl|63/100|[from] item: Leftovers
|upkeep
|turn|23
|
|t:|1757852650
|move|p1a: Gliscor|U-turn|p2a: Garganacl
|-damage|p2a: Garganacl|57/100
|
|t:|1757852653
|switch|p1a: Iron Crown|Iron Crown|56/100|[from] U-turn
|-damage|p1a: Iron Crown|50/100|[from] Stealth Rock
|move|p2a: Garganacl|Salt Cure|p1a: Iron Crown
|-resisted|p1a: Iron Crown
|-damage|p1a: Iron Crown|43/100
|-start|p1a: Iron Crown|Salt Cure
|
|-heal|p2a: Garganacl|64/100|[from] item: Leftovers
|-damage|p1a: Iron Crown|18/100|[from] Salt Cure
|upkeep
|turn|24
|
|t:|1757852661
|switch|p2a: Latias|Latias, F|100/100
|move|p1a: Iron Crown|Tachyon Cutter|p2a: Latias
|-damage|p2a: Latias|70/100
|-damage|p2a: Latias|43/100
|-hitcount|p2a: Latias|2
|
|-damage|p1a: Iron Crown|0 fnt|[from] Salt Cure
|faint|p1a: Iron Crown
|-end|p1a: Iron Crown|Quark Drive|[silent]
|upkeep
|-message|A random breaker forfeited.
|
|win|klaraNo1Fan
|raw|A random breaker's rating: 1208 &rarr; <strong>1184</strong><br />(-24 for losing)
|raw|klaraNo1Fan's rating: 1217 &rarr; <strong>1241</strong><br />(+24 for winning)
|l|☆A random breaker
|player|p1|
|l|☆klaraNo1Fan
|player|p2|
