|j|☆cynicalgiraffe17
|j|☆Nark19
|t:|1757896866
|gametype|singles
|player|p1|cynicalgiraffe17|li|
|player|p2|Nark19|hoopster|
|gen|9
|tier|[Gen 9] OU
|rule|HP Percentage Mod: HP is shown in percentages
|rule|Endless Battle Clause: Forcing endless battles is banned
|rule|Species Clause: Limit one of each Pokémon
|rule|OHKO Clause: OHKO moves are banned
|rule|Evasion Items Clause: Evasion items are banned
|rule|Evasion Moves Clause: Evasion moves are banned
|rule|Evasion Abilities Clause: Evasion abilities are banned
|rule|Sleep Moves Clause: Sleep-inducing moves are banned
|rule|Tier Shift Mod: Pokémon get stat buffs depending on their tier, excluding HP.
|raw|<div class="infobox"><details class="readmore" open><summary><strong>1 custom rule:</strong></summary> tier shift mod</details></div>
|clearpoke
|poke|p1|Vaporeon, M|
|poke|p1|Rotom-Wash|
|poke|p1|Muk-Alola, M|
|poke|p1|Goodra-Hisui, M|
|poke|p1|Jolteon, F|
|poke|p1|Torterra, F|
|poke|p2|Weezing-Galar, M|
|poke|p2|Raikou|
|poke|p2|Umbreon, M|
|poke|p2|Gholdengo|
|poke|p2|Infernape, M|
|poke|p2|Dragonite, M|
|teampreview
|
|t:|1757896915
|teamsize|p1|6
|teamsize|p2|6
|start
|switch|p1a: Jolteon|Jolteon, F|100/100
|switch|p2a: buukes is ugly|Raikou, shiny|100/100
|turn|1
|
|t:|1757896935
|move|p1a: Jolteon|Volt Switch|p2a: buukes is ugly
|-resisted|p2a: buukes is ugly
|-damage|p2a: buukes is ugly|78/100
|
|t:|1757896947
|switch|p1a: Muk|Muk-Alola, M|100/100|[from] Volt Switch
|move|p2a: buukes is ugly|Shadow Ball|p1a: Muk
|-resisted|p1a: Muk
|-damage|p1a: Muk|94/100
|-unboost|p1a: Muk|spd|1
|
|upkeep
|turn|2
|
|t:|1757896973
|move|p2a: buukes is ugly|Thunderbolt|p1a: Muk
|-damage|p1a: Muk|64/100
|move|p1a: Muk|Knock Off|p2a: buukes is ugly
|-damage|p2a: buukes is ugly|21/100
|-status|p2a: buukes is ugly|psn|[from] ability: Poison Touch|[of] p1a: Muk
|-enditem|p2a: buukes is ugly|Heavy-Duty Boots|[from] move: Knock Off|[of] p1a: Muk
|
|-damage|p2a: buukes is ugly|9/100 psn|[from] psn
|upkeep
|turn|3
|
|t:|1757896982
|move|p1a: Muk|Shadow Sneak|p2a: buukes is ugly
|-damage|p2a: buukes is ugly|0 fnt
|faint|p2a: buukes is ugly
|
|upkeep
|
|t:|1757896994
|switch|p2a: buukes owes me $80|Dragonite, M, shiny|100/100
|turn|4
|
|t:|1757897007
|switch|p1a: Rotom|Rotom-Wash|100/100
|move|p2a: buukes owes me $80|Earthquake|p1a: Rotom
|-immune|p1a: Rotom|[from] ability: Levitate
|
|upkeep
|turn|5
|
|t:|1757897019
|move|p2a: buukes owes me $80|Dragon Dance|p2a: buukes owes me $80
|-boost|p2a: buukes owes me $80|atk|1
|-boost|p2a: buukes owes me $80|spe|1
|move|p1a: Rotom|Charge|p1a: Rotom
|-boost|p1a: Rotom|spd|1
|-start|p1a: Rotom|Charge
|
|upkeep
|turn|6
|
|t:|1757897033
|move|p2a: buukes owes me $80|Dragon Claw|p1a: Rotom
|-damage|p1a: Rotom|48/100
|-damage|p2a: buukes owes me $80|84/100|[from] item: Rocky Helmet|[of] p1a: Rotom
|move|p1a: Rotom|Discharge|p2a: buukes owes me $80
|-damage|p2a: buukes owes me $80|14/100
|-end|p1a: Rotom|Charge|[silent]
|
|upkeep
|turn|7
|
|t:|1757897047
|move|p2a: buukes owes me $80|Dragon Claw|p1a: Rotom
|-damage|p1a: Rotom|0 fnt
|-damage|p2a: buukes owes me $80|0 fnt|[from] item: Rocky Helmet|[of] p1a: Rotom
|faint|p1a: Rotom
|faint|p2a: buukes owes me $80
|
|upkeep
|
|t:|1757897056
|switch|p2a: buukes smells|Weezing-Galar, M|100/100
|switch|p1a: Goodra|Goodra-Hisui, M|100/100
|turn|8
|
|t:|1757897078
|move|p1a: Goodra|Flash Cannon|p2a: buukes smells
|-supereffective|p2a: buukes smells
|-damage|p2a: buukes smells|0 fnt
|faint|p2a: buukes smells
|
|upkeep
|
|t:|1757897084
|switch|p2a: fuck buukes fr|Infernape, M|100/100
|turn|9
|
|t:|1757897098
|move|p2a: fuck buukes fr|Close Combat|p1a: Goodra
|-supereffective|p1a: Goodra
|-damage|p1a: Goodra|16/100
|-unboost|p2a: fuck buukes fr|def|1
|-unboost|p2a: fuck buukes fr|spd|1
|-ability|p1a: Goodra|Gooey
|-unboost|p2a: fuck buukes fr|spe|1
|move|p1a: Goodra|Earthquake|p2a: fuck buukes fr
|-supereffective|p2a: fuck buukes fr
|-damage|p2a: fuck buukes fr|2/100
|
|upkeep
|turn|10
|
|t:|1757897119
|move|p2a: fuck buukes fr|Close Combat|p1a: Goodra
|-supereffective|p1a: Goodra
|-damage|p1a: Goodra|0 fnt
|-unboost|p2a: fuck buukes fr|def|1
|-unboost|p2a: fuck buukes fr|spd|1
|-ability|p1a: Goodra|Gooey
|-unboost|p2a: fuck buukes fr|spe|1
|faint|p1a: Goodra
|
|upkeep
|
|t:|1757897131
|switch|p1a: Muk|Muk-Alola, M|64/100
|turn|11
|
|t:|1757897135
|move|p1a: Muk|Shadow Sneak|p2a: fuck buukes fr
|-damage|p2a: fuck buukes fr|0 fnt
|faint|p2a: fuck buukes fr
|
|upkeep
|
|t:|1757897143
|switch|p2a: buukes hella weird|Gholdengo|100/100
|-item|p2a: buukes hella weird|Air Balloon
|turn|12
|
|t:|1757897154
|move|p2a: buukes hella weird|Nasty Plot|p2a: buukes hella weird
|-boost|p2a: buukes hella weird|spa|2
|move|p1a: Muk|Knock Off|p2a: buukes hella weird
|-supereffective|p2a: buukes hella weird
|-damage|p2a: buukes hella weird|0 fnt
|-enditem|p2a: buukes hella weird|Air Balloon
|faint|p2a: buukes hella weird
|
|upkeep
|
|t:|1757897161
|switch|p2a: buukes moron?|Umbreon, M, shiny|100/100
|turn|13
|
|t:|1757897166
|move|p2a: buukes moron?|Foul Play|p1a: Muk
|-resisted|p1a: Muk
|-damage|p1a: Muk|41/100
|move|p1a: Muk|Drain Punch|p2a: buukes moron?
|-supereffective|p2a: buukes moron?
|-damage|p2a: buukes moron?|73/100
|-heal|p1a: Muk|54/100|[from] drain|[of] p2a: buukes moron?
|-status|p2a: buukes moron?|psn|[from] ability: Poison Touch|[of] p1a: Muk
|-activate|p2a: buukes moron?|ability: Synchronize
|-immune|p1a: Muk
|
|-heal|p2a: buukes moron?|79/100 psn|[from] item: Leftovers
|-damage|p2a: buukes moron?|66/100 psn|[from] psn
|upkeep
|turn|14
|
|t:|1757897180
|move|p2a: buukes moron?|Foul Play|p1a: Muk
|-resisted|p1a: Muk
|-damage|p1a: Muk|33/100
|move|p1a: Muk|Knock Off|p2a: buukes moron?
|-resisted|p2a: buukes moron?
|-damage|p2a: buukes moron?|54/100 psn
|-enditem|p2a: buukes moron?|Leftovers|[from] move: Knock Off|[of] p1a: Muk
|
|-damage|p2a: buukes moron?|42/100 psn|[from] psn
|upkeep
|turn|15
|
|t:|1757897190
|move|p2a: buukes moron?|Foul Play|p1a: Muk
|-resisted|p1a: Muk
|-crit|p1a: Muk
|-damage|p1a: Muk|1/100
|move|p1a: Muk|Drain Punch|p2a: buukes moron?
|-supereffective|p2a: buukes moron?
|-damage|p2a: buukes moron?|15/100 psn
|-heal|p1a: Muk|14/100|[from] drain|[of] p2a: buukes moron?
|
|-damage|p2a: buukes moron?|3/100 psn|[from] psn
|upkeep
|turn|16
|
|t:|1757897199
|move|p1a: Muk|Shadow Sneak|p2a: buukes moron?
|-resisted|p2a: buukes moron?
|-damage|p2a: buukes moron?|0 fnt
|faint|p2a: buukes moron?
|
|win|cynicalgiraffe17
|l|☆Nark19
|player|p2|
