|j|☆upover
|j|☆YourFriendSanti
|t:|1757915288
|gametype|singles
|player|p1|upover|cowgirl|1106
|player|p2|YourFriendSanti|hilbert-wonderlauncher|1127
|gen|9
|tier|[Gen 9] OU
|rated|
|rule|HP Percentage Mod: HP is shown in percentages
|rule|Endless Battle Clause: Forcing endless battles is banned
|rule|Species Clause: Limit one of each Pokémon
|rule|OHKO Clause: OHKO moves are banned
|rule|Evasion Items Clause: Evasion items are banned
|rule|Evasion Moves Clause: Evasion moves are banned
|rule|Evasion Abilities Clause: Evasion abilities are banned
|rule|Sleep Moves Clause: Sleep-inducing moves are banned
|clearpoke
|poke|p1|Lokix, F|
|poke|p1|Great Tusk|
|poke|p1|Samurott-Hisui, F|
|poke|p1|Slowbro, M|
|poke|p1|Mismagius, F|
|poke|p1|Goodra-Hisui, M|
|poke|p2|Lilligant, F|
|poke|p2|Pawmot, F|
|poke|p2|Hatterene, F|
|poke|p2|Rillaboom, F|
|poke|p2|Torkoal, M|
|poke|p2|Corviknight, F|
|teampreview
|
|t:|1757915299
|teamsize|p1|6
|teamsize|p2|6
|start
|switch|p1a: Samurott|Samurott-Hisui, F|100/100
|switch|p2a: Temuchu|Pawmot, F|100/100
|turn|1
|
|t:|1757915306
|switch|p1a: Great Tusk|Great Tusk|100/100
|move|p2a: Temuchu|Mach Punch|p1a: Great Tusk
|-damage|p1a: Great Tusk|79/100
|-damage|p2a: Temuchu|91/100|[from] item: Life Orb
|
|upkeep
|turn|2
|
|t:|1757915314
|move|p2a: Temuchu|Ice Punch|p1a: Great Tusk
|-supereffective|p1a: Great Tusk
|-damage|p1a: Great Tusk|29/100
|-damage|p2a: Temuchu|81/100|[from] item: Life Orb
|move|p1a: Great Tusk|Stealth Rock|p2a: Temuchu
|-sidestart|p2: YourFriendSanti|move: Stealth Rock
|
|upkeep
|turn|3
|
|t:|1757915321
|-end|p1a: Great Tusk|Protosynthesis|[silent]
|switch|p1a: Slowbro|Slowbro, M|100/100
|move|p2a: Temuchu|Ice Punch|p1a: Slowbro
|-resisted|p1a: Slowbro
|-damage|p1a: Slowbro|90/100
|-damage|p2a: Temuchu|64/100|[from] item: Rocky Helmet|[of] p1a: Slowbro
|-damage|p2a: Temuchu|54/100|[from] item: Life Orb
|
|upkeep
|turn|4
|
|t:|1757915331
|-terastallize|p2a: Temuchu|Electric
|move|p2a: Temuchu|Double Shock|p1a: Slowbro
|-supereffective|p1a: Slowbro
|-crit|p1a: Slowbro
|-damage|p1a: Slowbro|0 fnt
|-start|p2a: Temuchu|typechange|Electric|[from] move: Double Shock
|-damage|p2a: Temuchu|38/100|[from] item: Rocky Helmet|[of] p1a: Slowbro
|faint|p1a: Slowbro
|-damage|p2a: Temuchu|28/100|[from] item: Life Orb
|
|upkeep
|
|t:|1757915336
|switch|p1a: Lokix|Lokix, F|100/100
|turn|5
|
|t:|1757915342
|move|p1a: Lokix|First Impression|p2a: Temuchu
|-damage|p2a: Temuchu|0 fnt
|faint|p2a: Temuchu
|
|upkeep
|
|t:|1757915347
|switch|p2a: UMPH|Torkoal, M|100/100
|-damage|p2a: UMPH|76/100|[from] Stealth Rock
|-weather|SunnyDay|[from] ability: Drought|[of] p2a: UMPH
|turn|6
|
|t:|1757915356
|switch|p1a: Samurott|Samurott-Hisui, F|100/100
|move|p2a: UMPH|Rapid Spin|p1a: Samurott
|-damage|p1a: Samurott|88/100
|-boost|p2a: UMPH|spe|1
|-sideend|p2: YourFriendSanti|Stealth Rock|[from] move: Rapid Spin|[of] p2a: UMPH
|
|-weather|SunnyDay|[upkeep]
|upkeep
|turn|7
|
|t:|1757915366
|switch|p2a: Oo oo aa aa|Rillaboom, F|100/100
|-fieldstart|move: Grassy Terrain|[from] ability: Grassy Surge|[of] p2a: Oo oo aa aa
|move|p1a: Samurott|Taunt|p2a: Oo oo aa aa
|-start|p2a: Oo oo aa aa|move: Taunt
|
|-weather|SunnyDay|[upkeep]
|-heal|p1a: Samurott|95/100|[from] Grassy Terrain
|upkeep
|turn|8
|
|t:|1757915375
|switch|p1a: Lokix|Lokix, F|100/100
|switch|p2a: Fineshyt|Lilligant, F|100/100
|
|-weather|SunnyDay|[upkeep]
|upkeep
|turn|9
|
|t:|1757915383
|switch|p2a: Uber Driver|Corviknight, F|100/100
|-ability|p2a: Uber Driver|Pressure
|move|p1a: Lokix|First Impression|p2a: Uber Driver
|-resisted|p2a: Uber Driver
|-damage|p2a: Uber Driver|80/100
|-damage|p1a: Lokix|84/100|[from] item: Rocky Helmet|[of] p2a: Uber Driver
|
|-weather|SunnyDay|[upkeep]
|-heal|p1a: Lokix|90/100|[from] Grassy Terrain
|upkeep
|turn|10
|
|t:|1757915392
|switch|p1a: Mismagius|Mismagius, F|100/100
|move|p2a: Uber Driver|Iron Defense|p2a: Uber Driver
|-boost|p2a: Uber Driver|def|2
|
|-weather|SunnyDay|[upkeep]
|upkeep
|turn|11
|
|t:|1757915401
|switch|p2a: Fineshyt|Lilligant, F|100/100
|move|p1a: Mismagius|Trick|p2a: Fineshyt
|-activate|p1a: Mismagius|move: Trick|[of] p2a: Fineshyt
|-item|p2a: Fineshyt|Choice Scarf|[from] move: Trick
|-item|p1a: Mismagius|Life Orb|[from] move: Trick
|
|-weather|SunnyDay|[upkeep]
|upkeep
|turn|12
|
|t:|1757915413
|switch|p1a: Goodra|Goodra-Hisui, M|100/100
|move|p2a: Fineshyt|Solar Beam||[still]
|-prepare|p2a: Fineshyt|Solar Beam
|-anim|p2a: Fineshyt|Solar Beam|p1a: Goodra
|-ability|p1a: Goodra|Sap Sipper|boost
|-boost|p1a: Goodra|atk|1
|
|-weather|SunnyDay|[upkeep]
|upkeep
|turn|13
|
|t:|1757915427
|switch|p2a: Hatterina|Hatterene, F|100/100
|-enditem|p2a: Hatterina|Grassy Seed
|-boost|p2a: Hatterina|def|1|[from] item: Grassy Seed
|move|p1a: Goodra|Flamethrower|p2a: Hatterina
|-damage|p2a: Hatterina|63/100
|-status|p2a: Hatterina|brn
|
|-weather|none
|-heal|p2a: Hatterina|69/100 brn|[from] Grassy Terrain
|-damage|p2a: Hatterina|63/100 brn|[from] brn
|upkeep
|turn|14
|
|t:|1757915438
|move|p1a: Goodra|Flash Cannon|p2a: Hatterina
|-supereffective|p2a: Hatterina
|-damage|p2a: Hatterina|1/100 brn
|-unboost|p2a: Hatterina|spd|1
|move|p2a: Hatterina|Calm Mind|p2a: Hatterina
|-boost|p2a: Hatterina|spa|1
|-boost|p2a: Hatterina|spd|1
|
|-heal|p2a: Hatterina|7/100 brn|[from] Grassy Terrain
|-damage|p2a: Hatterina|1/100 brn|[from] brn
|-fieldend|move: Grassy Terrain
|upkeep
|turn|15
|-message|YourFriendSanti forfeited.
|
|win|upover
|raw|upover's rating: 1106 &rarr; <strong>1133</strong><br />(+27 for winning)
|raw|YourFriendSanti's rating: 1127 &rarr; <strong>1100</strong><br />(-27 for losing)
|l|☆YourFriendSanti
|player|p2|
|l|☆upover
|player|p1|
