|j|☆Kasey D
|j|☆Astrous
|t:|1757863096
|gametype|singles
|player|p1|Kasey D|102|1137
|player|p2|Astrous|170|1175
|gen|9
|tier|[Gen 9] OU
|rated|
|rule|HP Percentage Mod: HP is shown in percentages
|rule|Endless Battle Clause: Forcing endless battles is banned
|rule|Species Clause: Limit one of each Pokémon
|rule|OHKO Clause: OHKO moves are banned
|rule|Evasion Items Clause: Evasion items are banned
|rule|Evasion Moves Clause: Evasion moves are banned
|rule|Evasion Abilities Clause: Evasion abilities are banned
|rule|Sleep Moves Clause: Sleep-inducing moves are banned
|clearpoke
|poke|p1|Wigglytuff, M|
|poke|p1|Hatterene, F|
|poke|p1|Malamar, M|
|poke|p1|Farigiraf, F|
|poke|p1|Kingambit, M|
|poke|p1|Oricorio-Sensu, F|
|poke|p2|Pecharunt|
|poke|p2|Slowking, M|
|poke|p2|Moltres|
|poke|p2|Mamoswine, M|
|poke|p2|Chesnaught, F|
|poke|p2|Goodra-Hisui, M|
|teampreview
|
|t:|1757863116
|teamsize|p1|6
|teamsize|p2|6
|start
|switch|p1a: Hatterene|Hatterene, F|100/100
|switch|p2a: Chesnaught|Chesnaught, F|100/100
|turn|1
|
|t:|1757863129
|move|p2a: Chesnaught|Knock Off|p1a: Hatterene
|-damage|p1a: Hatterene|76/100
|-enditem|p1a: Hatterene|Focus Sash|[from] move: Knock Off|[of] p2a: Chesnaught
|move|p1a: Hatterene|Trick Room|p1a: Hatterene
|-fieldstart|move: Trick Room|[of] p1a: Hatterene
|
|upkeep
|turn|2
|
|t:|1757863140
|switch|p2a: Goodra|Goodra-Hisui, M|100/100
|move|p1a: Hatterene|Psychic Noise|p2a: Goodra
|-resisted|p2a: Goodra
|-damage|p2a: Goodra|91/100
|-start|p2a: Goodra|move: Heal Block
|
|upkeep
|turn|3
|
|t:|1757863150
|move|p1a: Hatterene|Misty Explosion|p2a: Goodra
|-damage|p2a: Goodra|65/100
|faint|p1a: Hatterene
|move|p2a: Goodra|Flash Cannon|p1: Hatterene|[notarget]
|-fail|p2a: Goodra
|
|-end|p2a: Goodra|move: Heal Block
|upkeep
|
|t:|1757863158
|switch|p1a: Malamar|Malamar, M|100/100
|turn|4
|
|t:|1757863163
|switch|p2a: Moltres|Moltres|100/100
|move|p1a: Malamar|Superpower|p2a: Moltres
|-resisted|p2a: Moltres
|-crit|p2a: Moltres
|-damage|p2a: Moltres|83/100
|-boost|p1a: Malamar|atk|1
|-boost|p1a: Malamar|def|1
|
|upkeep
|turn|5
|
|t:|1757863179
|move|p1a: Malamar|Superpower|p2a: Moltres
|-resisted|p2a: Moltres
|-damage|p2a: Moltres|67/100
|-boost|p1a: Malamar|atk|1
|-boost|p1a: Malamar|def|1
|-status|p1a: Malamar|brn|[from] ability: Flame Body|[of] p2a: Moltres
|move|p2a: Moltres|Will-O-Wisp|p1a: Malamar
|-fail|p1a: Malamar|brn
|
|-damage|p1a: Malamar|94/100 brn|[from] brn
|-fieldend|move: Trick Room
|upkeep
|turn|6
|
|t:|1757863197
|move|p2a: Moltres|Roost|p2a: Moltres
|-heal|p2a: Moltres|100/100
|-singleturn|p2a: Moltres|move: Roost
|move|p1a: Malamar|Superpower|p2a: Moltres
|-damage|p2a: Moltres|78/100
|-boost|p1a: Malamar|atk|1
|-boost|p1a: Malamar|def|1
|
|-heal|p1a: Malamar|100/100 brn|[from] item: Leftovers
|-damage|p1a: Malamar|94/100 brn|[from] brn
|upkeep
|turn|7
|
|t:|1757863209
|switch|p2a: Pecharunt|Pecharunt|100/100
|move|p1a: Malamar|Superpower|p2a: Pecharunt
|-immune|p2a: Pecharunt
|
|-heal|p1a: Malamar|100/100 brn|[from] item: Leftovers
|-damage|p1a: Malamar|94/100 brn|[from] brn
|upkeep
|turn|8
|
|t:|1757863219
|move|p2a: Pecharunt|Hex|p1a: Malamar
|-damage|p1a: Malamar|56/100 brn
|move|p1a: Malamar|Knock Off|p2a: Pecharunt
|-supereffective|p2a: Pecharunt
|-damage|p2a: Pecharunt|54/100
|-enditem|p2a: Pecharunt|Red Card|[from] move: Knock Off|[of] p1a: Malamar
|
|-heal|p1a: Malamar|62/100 brn|[from] item: Leftovers
|-damage|p1a: Malamar|56/100 brn|[from] brn
|upkeep
|turn|9
|
|t:|1757863246
|move|p2a: Pecharunt|Hex|p1a: Malamar
|-damage|p1a: Malamar|17/100 brn
|move|p1a: Malamar|Psycho Cut|p2a: Pecharunt
|-supereffective|p2a: Pecharunt
|-damage|p2a: Pecharunt|23/100
|
|-heal|p1a: Malamar|23/100 brn|[from] item: Leftovers
|-damage|p1a: Malamar|17/100 brn|[from] brn
|upkeep
|turn|10
|
|t:|1757863258
|move|p2a: Pecharunt|Recover|p2a: Pecharunt
|-heal|p2a: Pecharunt|73/100
|move|p1a: Malamar|Psycho Cut|p2a: Pecharunt
|-supereffective|p2a: Pecharunt
|-damage|p2a: Pecharunt|38/100
|
|-heal|p1a: Malamar|23/100 brn|[from] item: Leftovers
|-damage|p1a: Malamar|17/100 brn|[from] brn
|upkeep
|turn|11
|
|t:|1757863267
|move|p2a: Pecharunt|Hex|p1a: Malamar
|-damage|p1a: Malamar|0 fnt
|faint|p1a: Malamar
|
|upkeep
|
|t:|1757863275
|switch|p1a: Oricorio|Oricorio-Sensu, F|100/100
|turn|12
|
|t:|1757863296
|switch|p2a: Chesnaught|Chesnaught, F|100/100
|move|p1a: Oricorio|Quiver Dance|p1a: Oricorio
|-boost|p1a: Oricorio|spa|1
|-boost|p1a: Oricorio|spd|1
|-boost|p1a: Oricorio|spe|1
|
|upkeep
|turn|13
|
|t:|1757863307
|switch|p2a: Goodra|Goodra-Hisui, M|65/100
|move|p1a: Oricorio|Air Slash|p2a: Goodra
|-resisted|p2a: Goodra
|-damage|p2a: Goodra|52/100
|
|upkeep
|turn|14
|
|t:|1757863325
|move|p1a: Oricorio|Revelation Dance|p2a: Goodra
|-damage|p2a: Goodra|25/100
|move|p2a: Goodra|Thunderbolt|p1a: Oricorio
|-supereffective|p1a: Oricorio
|-damage|p1a: Oricorio|44/100
|
|upkeep
|turn|15
|
|t:|1757863335
|move|p1a: Oricorio|Revelation Dance|p2a: Goodra
|-damage|p2a: Goodra|0 fnt
|faint|p2a: Goodra
|
|upkeep
|
|t:|1757863338
|switch|p2a: Chesnaught|Chesnaught, F|100/100
|turn|16
|
|t:|1757863349
|switch|p2a: Pecharunt|Pecharunt|38/100
|move|p1a: Oricorio|Air Slash|p2a: Pecharunt
|-damage|p2a: Pecharunt|0 fnt
|faint|p2a: Pecharunt
|
|upkeep
|
|t:|1757863352
|switch|p2a: Mamoswine|Mamoswine, M|100/100
|turn|17
|
|t:|1757863368
|-terastallize|p1a: Oricorio|Fighting
|move|p2a: Mamoswine|Ice Shard|p1a: Oricorio
|-damage|p1a: Oricorio|8/100
|move|p1a: Oricorio|Revelation Dance|p2a: Mamoswine
|-supereffective|p2a: Mamoswine
|-damage|p2a: Mamoswine|0 fnt
|faint|p2a: Mamoswine
|
|upkeep
|
|t:|1757863372
|switch|p2a: Slowking|Slowking, M|100/100
|turn|18
|
|t:|1757863383
|move|p1a: Oricorio|Air Slash|p2a: Slowking
|-damage|p2a: Slowking|68/100
|move|p2a: Slowking|Scald|p1a: Oricorio
|-damage|p1a: Oricorio|0 fnt
|faint|p1a: Oricorio
|
|upkeep
|
|t:|1757863396
|switch|p1a: Wigglytuff|Wigglytuff, M|100/100
|turn|19
|
|t:|1757863400
|move|p1a: Wigglytuff|Hyper Voice|p2a: Slowking
|-damage|p2a: Slowking|44/100
|-enditem|p1a: Wigglytuff|Throat Spray
|-boost|p1a: Wigglytuff|spa|1|[from] item: Throat Spray
|move|p2a: Slowking|Future Sight|p1a: Wigglytuff
|-start|p2a: Slowking|move: Future Sight
|
|upkeep
|turn|20
|
|t:|1757863411
|move|p1a: Wigglytuff|Hyper Voice|p2a: Slowking
|-damage|p2a: Slowking|5/100
|move|p2a: Slowking|Rock Tomb|p1a: Wigglytuff
|-damage|p1a: Wigglytuff|85/100
|-unboost|p1a: Wigglytuff|spe|1
|-ability|p1a: Wigglytuff|Competitive|boost
|-boost|p1a: Wigglytuff|spa|2
|
|upkeep
|turn|21
|
|t:|1757863421
|move|p2a: Slowking|Scald|p1a: Wigglytuff
|-damage|p1a: Wigglytuff|50/100
|-status|p1a: Wigglytuff|brn
|move|p1a: Wigglytuff|Hyper Voice|p2a: Slowking
|-damage|p2a: Slowking|0 fnt
|faint|p2a: Slowking
|
|-end|p1a: Wigglytuff|move: Future Sight
|-damage|p1a: Wigglytuff|1/100 brn
|-damage|p1a: Wigglytuff|0 fnt|[from] brn
|faint|p1a: Wigglytuff
|upkeep
|
|t:|1757863435
|switch|p1a: Farigiraf|Farigiraf, F|100/100
|switch|p2a: Moltres|Moltres|78/100
|turn|22
|
|t:|1757863445
|move|p2a: Moltres|Will-O-Wisp|p1a: Farigiraf
|-status|p1a: Farigiraf|brn
|move|p1a: Farigiraf|Trick Room|p1a: Farigiraf
|-fieldstart|move: Trick Room|[of] p1a: Farigiraf
|
|-damage|p1a: Farigiraf|94/100 brn|[from] brn
|upkeep
|turn|23
|
|t:|1757863453
|move|p1a: Farigiraf|Thunderbolt|p2a: Moltres
|-supereffective|p2a: Moltres
|-damage|p2a: Moltres|0 fnt
|faint|p2a: Moltres
|-damage|p1a: Farigiraf|85/100 brn|[from] item: Life Orb
|
|-damage|p1a: Farigiraf|78/100 brn|[from] brn
|upkeep
|
|t:|1757863456
|switch|p2a: Chesnaught|Chesnaught, F|100/100
|turn|24
|
|t:|1757863465
|move|p1a: Farigiraf|Psychic|p2a: Chesnaught
|-supereffective|p2a: Chesnaught
|-damage|p2a: Chesnaught|0 fnt
|faint|p2a: Chesnaught
|-damage|p1a: Farigiraf|69/100 brn|[from] item: Life Orb
|
|win|Kasey D
|raw|Kasey D's rating: 1137 &rarr; <strong>1165</strong><br />(+28 for winning)
|raw|Astrous's rating: 1175 &rarr; <strong>1147</strong><br />(-28 for losing)
|l|☆Astrous
|player|p2|
|l|☆Kasey D
|player|p1|
