|j|☆dragoknight1113
|j|☆benjikong14
|t:|1757918369
|gametype|singles
|player|p1|dragoknight1113|102|1171
|player|p2|benjikong14|dancer|1217
|gen|9
|tier|[Gen 9] OU
|rated|
|rule|HP Percentage Mod: HP is shown in percentages
|rule|Endless Battle Clause: Forcing endless battles is banned
|rule|Species Clause: Limit one of each Pokémon
|rule|OHKO Clause: OHKO moves are banned
|rule|Evasion Items Clause: Evasion items are banned
|rule|Evasion Moves Clause: Evasion moves are banned
|rule|Evasion Abilities Clause: Evasion abilities are banned
|rule|Sleep Moves Clause: Sleep-inducing moves are banned
|clearpoke
|poke|p1|Alomomola, M|
|poke|p1|Ting-Lu|
|poke|p1|Kingambit, F|
|poke|p1|Gholdengo|
|poke|p1|Great Tusk|
|poke|p1|Raging Bolt|
|poke|p2|Cobalion|
|poke|p2|Basculegion-F, F|
|poke|p2|Delphox, F|
|poke|p2|Tsareena, F|
|poke|p2|Sandy Shocks|
|poke|p2|Mandibuzz, F|
|teampreview
|inactive|Battle timer is ON: inactive players will automatically lose when time's up. (requested by benjikong14)
|inactive|benjikong14 has 120 seconds left.
|
|t:|1757918405
|teamsize|p1|6
|teamsize|p2|6
|start
|switch|p1a: Great Tusk|Great Tusk, shiny|100/100
|switch|p2a: Sandy Shocks|Sandy Shocks|100/100
|turn|1
|
|t:|1757918420
|move|p2a: Sandy Shocks|Stealth Rock|p1a: Great Tusk
|-sidestart|p1: dragoknight1113|move: Stealth Rock
|move|p1a: Great Tusk|Stealth Rock|p2a: Sandy Shocks
|-sidestart|p2: benjikong14|move: Stealth Rock
|
|upkeep
|turn|2
|
|t:|1757918448
|move|p2a: Sandy Shocks|Scorching Sands|p1a: Great Tusk
|-damage|p1a: Great Tusk|43/100
|-status|p1a: Great Tusk|brn
|move|p1a: Great Tusk|Rapid Spin|p2a: Sandy Shocks
|-crit|p2a: Sandy Shocks
|-damage|p2a: Sandy Shocks|86/100
|-boost|p1a: Great Tusk|spe|1
|-sideend|p1: dragoknight1113|Stealth Rock|[from] move: Rapid Spin|[of] p1a: Great Tusk
|
|-damage|p1a: Great Tusk|37/100 brn|[from] brn
|upkeep
|turn|3
|
|t:|1757918460
|move|p1a: Great Tusk|Headlong Rush|p2a: Sandy Shocks
|-supereffective|p2a: Sandy Shocks
|-damage|p2a: Sandy Shocks|19/100
|-unboost|p1a: Great Tusk|def|1
|-unboost|p1a: Great Tusk|spd|1
|move|p2a: Sandy Shocks|Stealth Rock|p1a: Great Tusk
|-sidestart|p1: dragoknight1113|move: Stealth Rock
|
|-damage|p1a: Great Tusk|30/100 brn|[from] brn
|upkeep
|turn|4
|
|t:|1757918470
|move|p1a: Great Tusk|Rapid Spin|p2a: Sandy Shocks
|-damage|p2a: Sandy Shocks|9/100
|-boost|p1a: Great Tusk|spe|1
|-sideend|p1: dragoknight1113|Stealth Rock|[from] move: Rapid Spin|[of] p1a: Great Tusk
|move|p2a: Sandy Shocks|Scorching Sands|p1a: Great Tusk
|-damage|p1a: Great Tusk|0 fnt
|faint|p1a: Great Tusk
|-end|p1a: Great Tusk|Protosynthesis|[silent]
|
|upkeep
|
|t:|1757918488
|switch|p1a: Raging Bolt|Raging Bolt|100/100
|-enditem|p1a: Raging Bolt|Booster Energy
|-activate|p1a: Raging Bolt|ability: Protosynthesis|[fromitem]
|-start|p1a: Raging Bolt|protosynthesisspa
|turn|5
|
|t:|1757918498
|-terastallize|p1a: Raging Bolt|Fairy
|move|p2a: Sandy Shocks|Stealth Rock|p1a: Raging Bolt
|-sidestart|p1: dragoknight1113|move: Stealth Rock
|move|p1a: Raging Bolt|Calm Mind|p1a: Raging Bolt
|-boost|p1a: Raging Bolt|spa|1
|-boost|p1a: Raging Bolt|spd|1
|
|upkeep
|turn|6
|
|t:|1757918507
|move|p2a: Sandy Shocks|Volt Switch|p1a: Raging Bolt
|-damage|p1a: Raging Bolt|77/100
|inactive|benjikong14 has 120 seconds left.
|
|t:|1757918538
|-end|p2a: Sandy Shocks|Protosynthesis|[silent]
|switch|p2a: Mandibuzz|Mandibuzz, F|100/100|[from] Volt Switch
|move|p1a: Raging Bolt|Calm Mind|p1a: Raging Bolt
|-boost|p1a: Raging Bolt|spa|1
|-boost|p1a: Raging Bolt|spd|1
|
|upkeep
|turn|7
|inactive|benjikong14 has 120 seconds left.
|
|t:|1757918548
|move|p1a: Raging Bolt|Thunderbolt|p2a: Mandibuzz
|-supereffective|p2a: Mandibuzz
|-damage|p2a: Mandibuzz|0 fnt
|faint|p2a: Mandibuzz
|
|upkeep
|inactive|benjikong14 has 120 seconds left.
|
|t:|1757918557
|switch|p2a: Tsareena|Tsareena, F, shiny|100/100
|turn|8
|
|t:|1757918575
|move|p1a: Raging Bolt|Draco Meteor|p2a: Tsareena|[miss]
|-miss|p1a: Raging Bolt|p2a: Tsareena
|move|p2a: Tsareena|Rapid Spin|p1a: Raging Bolt
|-damage|p1a: Raging Bolt|60/100
|-boost|p2a: Tsareena|spe|1
|-sideend|p2: benjikong14|Stealth Rock|[from] move: Rapid Spin|[of] p2a: Tsareena
|
|upkeep
|turn|9
|
|t:|1757918584
|move|p2a: Tsareena|Power Whip|p1a: Raging Bolt
|-damage|p1a: Raging Bolt|2/100
|move|p1a: Raging Bolt|Draco Meteor|p2a: Tsareena
|-damage|p2a: Tsareena|0 fnt
|-unboost|p1a: Raging Bolt|spa|2
|faint|p2a: Tsareena
|
|upkeep
|
|t:|1757918598
|switch|p2a: Cobalion|Cobalion|100/100
|turn|10
|
|t:|1757918612
|move|p1a: Raging Bolt|Thunderclap|p2a: Cobalion
|-damage|p2a: Cobalion|41/100
|move|p2a: Cobalion|Heavy Slam|p1a: Raging Bolt
|-supereffective|p1a: Raging Bolt
|-damage|p1a: Raging Bolt|0 fnt
|faint|p1a: Raging Bolt
|-end|p1a: Raging Bolt|Protosynthesis|[silent]
|
|upkeep
|
|t:|1757918636
|switch|p1a: Alomomola|Alomomola, M|100/100
|turn|11
|
|t:|1757918644
|move|p2a: Cobalion|Iron Defense|p2a: Cobalion
|-boost|p2a: Cobalion|def|2
|move|p1a: Alomomola|Scald|p2a: Cobalion
|-damage|p2a: Cobalion|25/100
|
|upkeep
|turn|12
|
|t:|1757918659
|move|p2a: Cobalion|Iron Defense|p2a: Cobalion
|-boost|p2a: Cobalion|def|2
|move|p1a: Alomomola|Scald|p2a: Cobalion
|-damage|p2a: Cobalion|10/100
|
|upkeep
|turn|13
|
|t:|1757918667
|move|p2a: Cobalion|Rest|p2a: Cobalion
|-status|p2a: Cobalion|slp|[from] move: Rest
|-heal|p2a: Cobalion|100/100 slp|[silent]
|-enditem|p2a: Cobalion|Chesto Berry|[eat]
|-curestatus|p2a: Cobalion|slp|[msg]
|move|p1a: Alomomola|Scald|p2a: Cobalion
|-damage|p2a: Cobalion|83/100
|
|upkeep
|turn|14
|
|t:|1757918680
|move|p2a: Cobalion|Body Press|p1a: Alomomola
|-damage|p1a: Alomomola|44/100
|move|p1a: Alomomola|Scald|p2a: Cobalion
|-damage|p2a: Cobalion|67/100
|
|upkeep
|turn|15
|
|t:|1757918687
|switch|p1a: Gholdengo|Gholdengo|100/100
|-damage|p1a: Gholdengo|94/100|[from] Stealth Rock
|-item|p1a: Gholdengo|Air Balloon
|move|p2a: Cobalion|Body Press|p1a: Gholdengo
|-immune|p1a: Gholdengo
|
|upkeep
|turn|16
|
|t:|1757918696
|move|p2a: Cobalion|Heavy Slam|p1a: Gholdengo
|-resisted|p1a: Gholdengo
|-damage|p1a: Gholdengo|81/100
|-enditem|p1a: Gholdengo|Air Balloon
|move|p1a: Gholdengo|Nasty Plot|p1a: Gholdengo
|-boost|p1a: Gholdengo|spa|2
|
|upkeep
|turn|17
|
|t:|1757918708
|move|p2a: Cobalion|Heavy Slam|p1a: Gholdengo
|-resisted|p1a: Gholdengo
|-damage|p1a: Gholdengo|67/100
|move|p1a: Gholdengo|Shadow Ball|p2a: Cobalion
|-damage|p2a: Cobalion|0 fnt
|faint|p2a: Cobalion
|
|upkeep
|
|t:|1757918718
|switch|p2a: Sandy Shocks|Sandy Shocks|9/100
|turn|18
|
|t:|1757918723
|switch|p1a: Ting-Lu|Ting-Lu|100/100
|-damage|p1a: Ting-Lu|94/100|[from] Stealth Rock
|-ability|p1a: Ting-Lu|Vessel of Ruin
|move|p2a: Sandy Shocks|Scorching Sands|p1a: Ting-Lu
|-damage|p1a: Ting-Lu|80/100
|
|-heal|p1a: Ting-Lu|86/100|[from] item: Leftovers
|upkeep
|turn|19
|
|t:|1757918739
|move|p2a: Sandy Shocks|Scorching Sands|p1a: Ting-Lu
|-damage|p1a: Ting-Lu|70/100
|move|p1a: Ting-Lu|Spikes|p2a: Sandy Shocks
|-sidestart|p2: benjikong14|Spikes
|
|-heal|p1a: Ting-Lu|76/100|[from] item: Leftovers
|upkeep
|turn|20
|
|t:|1757918747
|-end|p2a: Sandy Shocks|Protosynthesis|[silent]
|switch|p2a: Delphox|Delphox, F, shiny|100/100
|-damage|p2a: Delphox|88/100|[from] Spikes
|move|p1a: Ting-Lu|Spikes|p2a: Delphox
|-sidestart|p2: benjikong14|Spikes
|
|-heal|p1a: Ting-Lu|82/100|[from] item: Leftovers
|upkeep
|turn|21
|
|t:|1757918765
|move|p2a: Delphox|Calm Mind|p2a: Delphox
|-boost|p2a: Delphox|spa|1
|-boost|p2a: Delphox|spd|1
|move|p1a: Ting-Lu|Ruination|p2a: Delphox
|-damage|p2a: Delphox|44/100
|
|-heal|p1a: Ting-Lu|89/100|[from] item: Leftovers
|upkeep
|turn|22
|
|t:|1757918777
|move|p2a: Delphox|Fire Blast|p1a: Ting-Lu
|-damage|p1a: Ting-Lu|56/100
|move|p1a: Ting-Lu|Whirlwind|p2a: Delphox
|drag|p2a: Sandy Shocks|Sandy Shocks|9/100
|-damage|p2a: Sandy Shocks|0 fnt|[from] Spikes
|faint|p2a: Sandy Shocks
|-end|p2a: Sandy Shocks|Protosynthesis|[silent]
|
|-heal|p1a: Ting-Lu|63/100|[from] item: Leftovers
|upkeep
|
|t:|1757918788
|switch|p2a: Basculegion|Basculegion-F, F|100/100
|-damage|p2a: Basculegion|84/100|[from] Spikes
|turn|23
|
|t:|1757918798
|-terastallize|p2a: Basculegion|Water
|move|p2a: Basculegion|Surf|p1a: Ting-Lu
|-supereffective|p1a: Ting-Lu
|-damage|p1a: Ting-Lu|7/100
|move|p1a: Ting-Lu|Earthquake|p2a: Basculegion
|-damage|p2a: Basculegion|44/100
|
|-heal|p1a: Ting-Lu|14/100|[from] item: Leftovers
|upkeep
|turn|24
|
|t:|1757918808
|switch|p1a: Alomomola|Alomomola, M|77/100
|move|p2a: Basculegion|Surf|p1a: Alomomola
|-resisted|p1a: Alomomola
|-damage|p1a: Alomomola|37/100
|
|upkeep
|turn|25
|
|t:|1757918823
|move|p1a: Alomomola|Protect|p1a: Alomomola
|-singleturn|p1a: Alomomola|Protect
|move|p2a: Basculegion|Surf|p1a: Alomomola
|-activate|p1a: Alomomola|move: Protect
|
|upkeep
|turn|26
|
|t:|1757918848
|move|p2a: Basculegion|Surf|p1a: Alomomola
|-resisted|p1a: Alomomola
|-damage|p1a: Alomomola|0 fnt
|faint|p1a: Alomomola
|
|upkeep
|
|t:|1757918857
|switch|p1a: Ting-Lu|Ting-Lu|14/100
|-damage|p1a: Ting-Lu|7/100|[from] Stealth Rock
|-ability|p1a: Ting-Lu|Vessel of Ruin
|turn|27
|
|t:|1757918866
|move|p2a: Basculegion|Surf|p1a: Ting-Lu
|-supereffective|p1a: Ting-Lu
|-damage|p1a: Ting-Lu|0 fnt
|faint|p1a: Ting-Lu
|
|upkeep
|
|t:|1757918880
|switch|p1a: Gholdengo|Gholdengo|67/100
|-damage|p1a: Gholdengo|61/100|[from] Stealth Rock
|turn|28
|
|t:|1757918892
|move|p1a: Gholdengo|Shadow Ball|p2a: Basculegion
|-damage|p2a: Basculegion|22/100
|-unboost|p2a: Basculegion|spd|1
|move|p2a: Basculegion|Shadow Ball|p1a: Gholdengo
|-supereffective|p1a: Gholdengo
|-damage|p1a: Gholdengo|0 fnt
|faint|p1a: Gholdengo
|
|upkeep
|
|t:|1757918902
|switch|p1a: Kingambit|Kingambit, F|100/100
|-damage|p1a: Kingambit|94/100|[from] Stealth Rock
|-activate|p1a: Kingambit|ability: Supreme Overlord
|-start|p1a: Kingambit|fallen5|[silent]
|turn|29
|
|t:|1757918908
|move|p1a: Kingambit|Sucker Punch|p2a: Basculegion
|-damage|p2a: Basculegion|0 fnt
|faint|p2a: Basculegion
|
|-heal|p1a: Kingambit|100/100|[from] item: Leftovers
|upkeep
|
|t:|1757918915
|switch|p2a: Delphox|Delphox, F, shiny|44/100
|-damage|p2a: Delphox|28/100|[from] Spikes
|turn|30
|
|t:|1757918940
|move|p1a: Kingambit|Sucker Punch||[still]
|-fail|p1a: Kingambit
|move|p2a: Delphox|Calm Mind|p2a: Delphox
|-boost|p2a: Delphox|spa|1
|-boost|p2a: Delphox|spd|1
|
|upkeep
|turn|31
|
|t:|1757918947
|move|p2a: Delphox|Calm Mind|p2a: Delphox
|-boost|p2a: Delphox|spa|1
|-boost|p2a: Delphox|spd|1
|move|p1a: Kingambit|Kowtow Cleave|p2a: Delphox
|-supereffective|p2a: Delphox
|-damage|p2a: Delphox|0 fnt
|faint|p2a: Delphox
|
|win|dragoknight1113
|raw|dragoknight1113's rating: 1171 &rarr; <strong>1199</strong><br />(+28 for winning)
|raw|benjikong14's rating: 1217 &rarr; <strong>1189</strong><br />(-28 for losing)
|l|☆benjikong14
|player|p2|
|l|☆dragoknight1113
|player|p1|
