|j|☆guoqiushi
|j|☆thejay1224
|t:|1757829731
|gametype|singles
|player|p1|guoqiushi|n|1509
|player|p2|thejay1224|266|1435
|gen|9
|tier|[Gen 9] OU
|rated|
|rule|HP Percentage Mod: HP is shown in percentages
|rule|Endless Battle Clause: Forcing endless battles is banned
|rule|Species Clause: Limit one of each Pokémon
|rule|OHKO Clause: OHKO moves are banned
|rule|Evasion Items Clause: Evasion items are banned
|rule|Evasion Moves Clause: Evasion moves are banned
|rule|Evasion Abilities Clause: Evasion abilities are banned
|rule|Sleep Moves Clause: Sleep-inducing moves are banned
|clearpoke
|poke|p1|Moltres|
|poke|p1|Araquanid, M|
|poke|p1|Iron Treads|
|poke|p1|Gholdengo|
|poke|p1|Zamazenta-*|
|poke|p1|Hydreigon, M|
|poke|p2|Torkoal, F|
|poke|p2|Serperior, M|
|poke|p2|Okidogi, M|
|poke|p2|Hatterene, F|
|poke|p2|Dragapult, M|
|poke|p2|Dragonite, F|
|teampreview
|inactive|Battle timer is ON: inactive players will automatically lose when time's up. (requested by guoqiushi)
|
|t:|1757829759
|teamsize|p1|6
|teamsize|p2|6
|start
|switch|p1a: Hydreigon|Hydreigon, M|100/100
|switch|p2a: Okidogi|Okidogi, M|100/100
|turn|1
|
|t:|1757829769
|switch|p1a: Gholdengo|Gholdengo|100/100
|-item|p1a: Gholdengo|Air Balloon
|move|p2a: Okidogi|Knock Off|p1a: Gholdengo
|-supereffective|p1a: Gholdengo
|-damage|p1a: Gholdengo|47/100
|-enditem|p1a: Gholdengo|Air Balloon
|
|upkeep
|turn|2
|
|t:|1757829798
|switch|p2a: Serperior|Serperior, M|100/100
|move|p1a: Gholdengo|Recover|p1a: Gholdengo
|-heal|p1a: Gholdengo|97/100
|
|upkeep
|turn|3
|
|t:|1757829805
|move|p2a: Serperior|Leaf Storm|p1a: Gholdengo
|-resisted|p1a: Gholdengo
|-damage|p1a: Gholdengo|76/100
|-boost|p2a: Serperior|spa|2
|move|p1a: Gholdengo|Hex|p2a: Serperior
|-damage|p2a: Serperior|71/100
|
|upkeep
|turn|4
|
|t:|1757829815
|move|p2a: Serperior|Leaf Storm|p1a: Gholdengo
|-resisted|p1a: Gholdengo
|-damage|p1a: Gholdengo|37/100
|-boost|p2a: Serperior|spa|2
|move|p1a: Gholdengo|Thunder Wave|p2a: Serperior
|-status|p2a: Serperior|par
|
|upkeep
|turn|5
|
|t:|1757829821
|move|p1a: Gholdengo|Recover|p1a: Gholdengo
|-heal|p1a: Gholdengo|87/100
|move|p2a: Serperior|Leaf Storm|p1a: Gholdengo
|-resisted|p1a: Gholdengo
|-damage|p1a: Gholdengo|31/100
|-boost|p2a: Serperior|spa|2
|
|upkeep
|turn|6
|
|t:|1757829831
|move|p1a: Gholdengo|Recover|p1a: Gholdengo
|-heal|p1a: Gholdengo|81/100
|move|p2a: Serperior|Dragon Pulse|p1a: Gholdengo
|-resisted|p1a: Gholdengo
|-damage|p1a: Gholdengo|43/100
|
|upkeep
|turn|7
|
|t:|1757829835
|move|p1a: Gholdengo|Hex|p2a: Serperior
|-damage|p2a: Serperior|6/100 par
|move|p2a: Serperior|Leaf Storm|p1a: Gholdengo
|-resisted|p1a: Gholdengo
|-damage|p1a: Gholdengo|0 fnt
|faint|p1a: Gholdengo
|
|upkeep
|
|t:|1757829840
|switch|p1a: Hydreigon|Hydreigon, M|100/100
|turn|8
|
|t:|1757829846
|switch|p2a: Hatterene|Hatterene, F|100/100
|move|p1a: Hydreigon|Substitute|p1a: Hydreigon
|-start|p1a: Hydreigon|Substitute
|-damage|p1a: Hydreigon|75/100
|
|-heal|p1a: Hydreigon|82/100|[from] item: Leftovers
|upkeep
|turn|9
|
|t:|1757829855
|move|p1a: Hydreigon|Nasty Plot|p1a: Hydreigon
|-boost|p1a: Hydreigon|spa|2
|move|p2a: Hatterene|Trick Room|p2a: Hatterene
|-fieldstart|move: Trick Room|[of] p2a: Hatterene
|
|-heal|p1a: Hydreigon|88/100|[from] item: Leftovers
|upkeep
|turn|10
|inactive|thejay1224 has 120 seconds left.
|
|t:|1757829886
|move|p2a: Hatterene|Misty Explosion|p1a: Hydreigon
|-supereffective|p1a: Hydreigon
|-end|p1a: Hydreigon|Substitute
|faint|p2a: Hatterene
|move|p1a: Hydreigon|Dark Pulse|p2: Hatterene|[notarget]
|-fail|p1a: Hydreigon
|
|-heal|p1a: Hydreigon|94/100|[from] item: Leftovers
|upkeep
|inactive|thejay1224 has 120 seconds left.
|
|t:|1757829903
|switch|p2a: Serperior|Serperior, M|6/100 par
|-enditem|p2a: Serperior|Room Service
|-boost|p2a: Serperior|spe|1|[from] item: Room Service
|turn|11
|
|t:|1757829909
|-terastallize|p1a: Hydreigon|Fairy
|cant|p2a: Serperior|par
|move|p1a: Hydreigon|Substitute|p1a: Hydreigon
|-start|p1a: Hydreigon|Substitute
|-damage|p1a: Hydreigon|69/100
|
|-heal|p1a: Hydreigon|75/100|[from] item: Leftovers
|upkeep
|turn|12
|
|t:|1757829915
|move|p2a: Serperior|Leaf Storm|p1a: Hydreigon
|-end|p1a: Hydreigon|Substitute
|-boost|p2a: Serperior|spa|2
|move|p1a: Hydreigon|Nasty Plot|p1a: Hydreigon
|-boost|p1a: Hydreigon|spa|2
|
|-heal|p1a: Hydreigon|81/100|[from] item: Leftovers
|upkeep
|turn|13
|
|t:|1757829920
|cant|p2a: Serperior|par
|move|p1a: Hydreigon|Dark Pulse|p2a: Serperior
|-damage|p2a: Serperior|0 fnt
|faint|p2a: Serperior
|
|-heal|p1a: Hydreigon|88/100|[from] item: Leftovers
|-fieldend|move: Trick Room
|upkeep
|
|t:|1757829923
|switch|p2a: Okidogi|Okidogi, M|100/100
|turn|14
|
|t:|1757829925
|move|p2a: Okidogi|Gunk Shot|p1a: Hydreigon
|-supereffective|p1a: Hydreigon
|-damage|p1a: Hydreigon|0 fnt
|faint|p1a: Hydreigon
|
|upkeep
|
|t:|1757829930
|switch|p1a: Iron Treads|Iron Treads|100/100
|turn|15
|
|t:|1757829936
|switch|p2a: Dragapult|Dragapult, M|100/100
|move|p1a: Iron Treads|Stealth Rock|p2a: Dragapult
|-sidestart|p2: thejay1224|move: Stealth Rock
|
|upkeep
|turn|16
|
|t:|1757829940
|-end|p1a: Iron Treads|Quark Drive|[silent]
|switch|p1a: Araquanid|Araquanid, M|100/100
|move|p2a: Dragapult|Will-O-Wisp|p1a: Araquanid
|-immune|p1a: Araquanid|[from] ability: Water Bubble
|
|upkeep
|turn|17
|
|t:|1757829955
|move|p2a: Dragapult|Dragon Darts|p1a: Araquanid
|-damage|p1a: Araquanid|72/100
|-anim|p2a: Dragapult|Dragon Darts|p1a: Araquanid
|-damage|p1a: Araquanid|44/100
|-damage|p2a: Dragapult|91/100|[from] item: Life Orb
|move|p1a: Araquanid|Sticky Web|p2a: Dragapult
|-sidestart|p2: thejay1224|move: Sticky Web
|
|upkeep
|turn|18
|
|t:|1757829964
|switch|p1a: Zamazenta|Zamazenta|100/100
|-ability|p1a: Zamazenta|Dauntless Shield|boost
|-boost|p1a: Zamazenta|def|1
|move|p2a: Dragapult|Dragon Darts|p1a: Zamazenta
|-damage|p1a: Zamazenta|87/100
|-anim|p2a: Dragapult|Dragon Darts|p1a: Zamazenta
|-damage|p1a: Zamazenta|73/100
|-damage|p2a: Dragapult|81/100|[from] item: Life Orb
|
|-heal|p1a: Zamazenta|79/100|[from] item: Leftovers
|upkeep
|turn|19
|
|t:|1757829976
|move|p2a: Dragapult|Will-O-Wisp|p1a: Zamazenta
|-status|p1a: Zamazenta|brn
|move|p1a: Zamazenta|Crunch|p2a: Dragapult
|-supereffective|p2a: Dragapult
|-damage|p2a: Dragapult|51/100
|
|-heal|p1a: Zamazenta|85/100 brn|[from] item: Leftovers
|-damage|p1a: Zamazenta|79/100 brn|[from] brn
|upkeep
|turn|20
|
|t:|1757829982
|switch|p1a: Araquanid|Araquanid, M|44/100
|move|p2a: Dragapult|Shadow Ball|p1a: Araquanid
|-damage|p1a: Araquanid|16/100
|-damage|p2a: Dragapult|41/100|[from] item: Life Orb
|
|upkeep
|turn|21
|-enditem|p1a: Araquanid|Custap Berry|[eat]
|-activate|p1a: Araquanid|item: Custap Berry|[consumed]
|
|t:|1757829988
|move|p1a: Araquanid|Liquidation|p2a: Dragapult
|-resisted|p2a: Dragapult
|-damage|p2a: Dragapult|13/100
|move|p2a: Dragapult|Shadow Ball|p1a: Araquanid
|-damage|p1a: Araquanid|0 fnt
|faint|p1a: Araquanid
|-damage|p2a: Dragapult|3/100|[from] item: Life Orb
|
|upkeep
|
|t:|1757829995
|switch|p1a: Iron Treads|Iron Treads|100/100
|turn|22
|
|t:|1757830001
|-end|p1a: Iron Treads|Quark Drive|[silent]
|switch|p1a: Moltres|Moltres|100/100
|move|p2a: Dragapult|Will-O-Wisp|p1a: Moltres
|-immune|p1a: Moltres
|
|upkeep
|turn|23
|
|t:|1757830006
|move|p2a: Dragapult|Draco Meteor|p1a: Moltres
|-damage|p1a: Moltres|31/100
|-unboost|p2a: Dragapult|spa|2
|-damage|p2a: Dragapult|0 fnt|[from] item: Life Orb
|faint|p2a: Dragapult
|move|p1a: Moltres|U-turn|p2: Dragapult|[notarget]
|-fail|p1a: Moltres
|
|upkeep
|
|t:|1757830027
|switch|p2a: Dragonite|Dragonite, F|100/100
|turn|24
|
|t:|1757830031
|-terastallize|p2a: Dragonite|Fire
|move|p2a: Dragonite|Dragon Dance|p2a: Dragonite
|-boost|p2a: Dragonite|atk|1
|-boost|p2a: Dragonite|spe|1
|move|p1a: Moltres|Will-O-Wisp|p2a: Dragonite
|-immune|p2a: Dragonite
|
|upkeep
|turn|25
|
|t:|1757830037
|move|p2a: Dragonite|Encore|p1a: Moltres
|-start|p1a: Moltres|Encore
|move|p1a: Moltres|Will-O-Wisp|p2a: Dragonite
|-immune|p2a: Dragonite
|
|upkeep
|turn|26
|
|t:|1757830039
|switch|p1a: Zamazenta|Zamazenta|79/100 brn
|move|p2a: Dragonite|Dragon Dance|p2a: Dragonite
|-boost|p2a: Dragonite|atk|1
|-boost|p2a: Dragonite|spe|1
|
|-heal|p1a: Zamazenta|85/100 brn|[from] item: Leftovers
|-damage|p1a: Zamazenta|79/100 brn|[from] brn
|upkeep
|turn|27
|
|t:|1757830049
|move|p2a: Dragonite|Earthquake|p1a: Zamazenta
|-damage|p1a: Zamazenta|21/100 brn
|move|p1a: Zamazenta|Iron Defense|p1a: Zamazenta
|-boost|p1a: Zamazenta|def|2
|
|-heal|p1a: Zamazenta|27/100 brn|[from] item: Leftovers
|-damage|p1a: Zamazenta|21/100 brn|[from] brn
|upkeep
|turn|28
|
|t:|1757830053
|move|p2a: Dragonite|Earthquake|p1a: Zamazenta
|-damage|p1a: Zamazenta|0 fnt
|faint|p1a: Zamazenta
|
|upkeep
|
|t:|1757830056
|switch|p1a: Iron Treads|Iron Treads|100/100
|turn|29
|-message|guoqiushi forfeited.
|
|win|thejay1224
|raw|guoqiushi's rating: 1509 &rarr; <strong>1485</strong><br />(-24 for losing)
|raw|thejay1224's rating: 1435 &rarr; <strong>1459</strong><br />(+24 for winning)
|l|☆guoqiushi
|player|p1|
|l|☆thejay1224
|player|p2|
