|j|☆bucooo
|j|☆vChickenNugget
|t:|1757909015
|gametype|singles
|player|p1|bucooo|ingo|1362
|player|p2|vChickenNugget|erika|1330
|gen|9
|tier|[Gen 9] OU
|rated|
|rule|HP Percentage Mod: HP is shown in percentages
|rule|Endless Battle Clause: Forcing endless battles is banned
|rule|Species Clause: Limit one of each Pokémon
|rule|OHKO Clause: OHKO moves are banned
|rule|Evasion Items Clause: Evasion items are banned
|rule|Evasion Moves Clause: Evasion moves are banned
|rule|Evasion Abilities Clause: Evasion abilities are banned
|rule|Sleep Moves Clause: Sleep-inducing moves are banned
|clearpoke
|poke|p1|Slowbro, F|
|poke|p1|Fezandipiti, M|
|poke|p1|Krookodile, F|
|poke|p1|Talonflame, M|
|poke|p1|Zapdos-Galar|
|poke|p1|Porygon-Z|
|poke|p2|Cinderace, M|
|poke|p2|Landorus-Therian, M|
|poke|p2|Hatterene, F|
|poke|p2|Darkrai|
|poke|p2|Kyurem|
|poke|p2|Iron Valiant|
|teampreview
|inactive|Battle timer is ON: inactive players will automatically lose when time's up. (requested by bucooo)
|
|t:|1757909034
|teamsize|p1|6
|teamsize|p2|6
|start
|switch|p1a: Zapdos|Zapdos-Galar|100/100
|switch|p2a: Landorus|Landorus-Therian, M|100/100
|-ability|p2a: Landorus|Intimidate|boost
|-unboost|p1a: Zapdos|atk|1
|-ability|p1a: Zapdos|Defiant|boost
|-boost|p1a: Zapdos|atk|2
|turn|1
|
|t:|1757909042
|move|p1a: Zapdos|Brave Bird|p2a: Landorus
|-damage|p2a: Landorus|5/100
|-damage|p1a: Zapdos|84/100|[from] item: Rocky Helmet|[of] p2a: Landorus
|-damage|p1a: Zapdos|47/100|[from] Recoil
|move|p2a: Landorus|Stealth Rock|p1a: Zapdos
|-sidestart|p1: bucooo|move: Stealth Rock
|
|upkeep
|turn|2
|
|t:|1757909047
|move|p1a: Zapdos|Brave Bird|p2a: Landorus
|-damage|p2a: Landorus|0 fnt
|-damage|p1a: Zapdos|30/100|[from] item: Rocky Helmet|[of] p2a: Landorus
|faint|p2a: Landorus
|-damage|p1a: Zapdos|29/100|[from] Recoil
|
|upkeep
|
|t:|1757909056
|switch|p2a: Darkrai|Darkrai|100/100
|turn|3
|
|t:|1757909059
|move|p1a: Zapdos|Brave Bird|p2a: Darkrai
|-damage|p2a: Darkrai|0 fnt
|faint|p2a: Darkrai
|-damage|p1a: Zapdos|0 fnt|[from] Recoil
|faint|p1a: Zapdos
|
|upkeep
|
|t:|1757909070
|switch|p2a: Iron Valiant|Iron Valiant|100/100
|switch|p1a: Talonflame|Talonflame, M|100/100
|-enditem|p2a: Iron Valiant|Booster Energy
|-activate|p2a: Iron Valiant|ability: Quark Drive|[fromitem]
|-start|p2a: Iron Valiant|quarkdrivespe
|turn|4
|
|t:|1757909078
|move|p2a: Iron Valiant|Destiny Bond|p2a: Iron Valiant
|-singlemove|p2a: Iron Valiant|Destiny Bond
|move|p1a: Talonflame|Defog|p2a: Iron Valiant
|-unboost|p2a: Iron Valiant|evasion|1
|-sideend|p1: bucooo|Stealth Rock|[from] move: Defog|[of] p1a: Talonflame
|
|upkeep
|turn|5
|
|t:|1757909083
|move|p2a: Iron Valiant|Knock Off|p1a: Talonflame
|-damage|p1a: Talonflame|71/100
|-enditem|p1a: Talonflame|Heavy-Duty Boots|[from] move: Knock Off|[of] p2a: Iron Valiant
|move|p1a: Talonflame|U-turn|p2a: Iron Valiant
|-resisted|p2a: Iron Valiant
|-damage|p2a: Iron Valiant|96/100
|
|t:|1757909096
|switch|p1a: Krookodile|Krookodile, F|100/100|[from] U-turn
|-ability|p1a: Krookodile|Intimidate|boost
|-unboost|p2a: Iron Valiant|atk|1
|
|upkeep
|turn|6
|
|t:|1757909099
|switch|p1a: Talonflame|Talonflame, M|71/100
|move|p2a: Iron Valiant|Moonblast|p1a: Talonflame
|-resisted|p1a: Talonflame
|-damage|p1a: Talonflame|41/100
|
|upkeep
|turn|7
|
|t:|1757909105
|move|p2a: Iron Valiant|Destiny Bond|p2a: Iron Valiant
|-singlemove|p2a: Iron Valiant|Destiny Bond
|move|p1a: Talonflame|Roost|p1a: Talonflame
|-heal|p1a: Talonflame|91/100
|-singleturn|p1a: Talonflame|move: Roost
|
|upkeep
|turn|8
|
|t:|1757909112
|move|p2a: Iron Valiant|Knock Off|p1a: Talonflame
|-damage|p1a: Talonflame|76/100
|-status|p2a: Iron Valiant|brn|[from] ability: Flame Body|[of] p1a: Talonflame
|move|p1a: Talonflame|Fire Blast|p2a: Iron Valiant
|-damage|p2a: Iron Valiant|37/100 brn
|
|-damage|p2a: Iron Valiant|31/100 brn|[from] brn
|upkeep
|turn|9
|
|t:|1757909123
|-end|p2a: Iron Valiant|Quark Drive|[silent]
|switch|p2a: Kyurem|Kyurem|100/100
|-ability|p2a: Kyurem|Pressure
|move|p1a: Talonflame|U-turn|p2a: Kyurem
|-damage|p2a: Kyurem|90/100
|
|t:|1757909142
|switch|p1a: Krookodile|Krookodile, F|100/100|[from] U-turn
|-ability|p1a: Krookodile|Intimidate|boost
|-unboost|p2a: Kyurem|atk|1
|
|upkeep
|turn|10
|
|t:|1757909148
|switch|p2a: Hatterene|Hatterene, F|100/100
|-terastallize|p1a: Krookodile|Poison
|move|p1a: Krookodile|Stone Edge|p2a: Hatterene
|-crit|p2a: Hatterene
|-damage|p2a: Hatterene|31/100
|
|upkeep
|turn|11
|
|t:|1757909154
|move|p1a: Krookodile|Stone Edge|p2a: Hatterene|[miss]
|-miss|p1a: Krookodile|p2a: Hatterene
|move|p2a: Hatterene|Healing Wish|p2a: Hatterene
|faint|p2a: Hatterene
|
|upkeep
|
|t:|1757909168
|switch|p2a: Cinderace|Cinderace, M|100/100
|turn|12
|
|t:|1757909173
|move|p2a: Cinderace|Swords Dance|p2a: Cinderace
|-boost|p2a: Cinderace|atk|2
|move|p1a: Krookodile|Stone Edge|p2a: Cinderace
|-supereffective|p2a: Cinderace
|-enditem|p2a: Cinderace|Focus Sash
|-damage|p2a: Cinderace|1/100
|
|upkeep
|turn|13
|
|t:|1757909178
|move|p2a: Cinderace|Pyro Ball|p1a: Krookodile
|-damage|p1a: Krookodile|0 fnt
|faint|p1a: Krookodile
|
|upkeep
|
|t:|1757909188
|switch|p1a: Slowbro|Slowbro, F|100/100
|turn|14
|
|t:|1757909194
|move|p2a: Cinderace|Sucker Punch|p1a: Slowbro
|-supereffective|p1a: Slowbro
|-enditem|p1a: Slowbro|Colbur Berry|[eat]
|-enditem|p1a: Slowbro|Colbur Berry|[weaken]
|-damage|p1a: Slowbro|73/100
|move|p1a: Slowbro|Scald|p2a: Cinderace
|-supereffective|p2a: Cinderace
|-damage|p2a: Cinderace|0 fnt
|faint|p2a: Cinderace
|
|upkeep
|
|t:|1757909200
|switch|p2a: Kyurem|Kyurem|90/100
|-heal|p2a: Kyurem|100/100|[from] move: Healing Wish
|-ability|p2a: Kyurem|Pressure
|turn|15
|
|t:|1757909203
|move|p2a: Kyurem|Substitute|p2a: Kyurem
|-start|p2a: Kyurem|Substitute
|-damage|p2a: Kyurem|76/100
|move|p1a: Slowbro|Body Press|p2a: Kyurem
|-supereffective|p2a: Kyurem
|-end|p2a: Kyurem|Substitute
|
|upkeep
|turn|16
|
|t:|1757909214
|-terastallize|p2a: Kyurem|Electric
|move|p2a: Kyurem|Dragon Dance|p2a: Kyurem
|-boost|p2a: Kyurem|atk|1
|-boost|p2a: Kyurem|spe|1
|move|p1a: Slowbro|Body Press|p2a: Kyurem
|-damage|p2a: Kyurem|51/100
|
|upkeep
|turn|17
|
|t:|1757909220
|move|p2a: Kyurem|Dragon Dance|p2a: Kyurem
|-boost|p2a: Kyurem|atk|1
|-boost|p2a: Kyurem|spe|1
|move|p1a: Slowbro|Future Sight|p2a: Kyurem
|-start|p1a: Slowbro|move: Future Sight
|
|upkeep
|turn|18
|
|t:|1757909225
|move|p2a: Kyurem|Tera Blast|p1a: Slowbro|[anim] Tera Blast Electric
|-supereffective|p1a: Slowbro
|-damage|p1a: Slowbro|0 fnt
|faint|p1a: Slowbro
|
|upkeep
|
|t:|1757909229
|switch|p1a: Fezandipiti|Fezandipiti, M|100/100
|turn|19
|
|t:|1757909235
|switch|p1a: Talonflame|Talonflame, M|76/100
|move|p2a: Kyurem|Icicle Spear|p1a: Talonflame
|-damage|p1a: Talonflame|49/100
|-damage|p1a: Talonflame|23/100
|-damage|p1a: Talonflame|0 fnt
|faint|p1a: Talonflame
|-hitcount|p1: Talonflame|3
|
|-end|p2a: Kyurem|move: Future Sight
|-crit|p2a: Kyurem
|-damage|p2a: Kyurem|0 fnt
|faint|p2a: Kyurem
|upkeep
|-message|vChickenNugget forfeited.
|
|win|bucooo
|raw|bucooo's rating: 1362 &rarr; <strong>1380</strong><br />(+18 for winning)
|raw|vChickenNugget's rating: 1330 &rarr; <strong>1312</strong><br />(-18 for losing)
|l|☆vChickenNugget
|player|p2|
|l|☆bucooo
|player|p1|
