|j|☆itslefty
|j|☆SpicccyTM
|t:|1757825551
|gametype|singles
|player|p1|itslefty|clown|
|player|p2|SpicccyTM|artist-gen4|
|gen|9
|tier|[Gen 9] OU
|rule|HP Percentage Mod: HP is shown in percentages
|rule|Endless Battle Clause: Forcing endless battles is banned
|rule|Species Clause: Limit one of each Pokémon
|rule|OHKO Clause: OHKO moves are banned
|rule|Evasion Items Clause: Evasion items are banned
|rule|Evasion Moves Clause: Evasion moves are banned
|rule|Evasion Abilities Clause: Evasion abilities are banned
|rule|Sleep Moves Clause: Sleep-inducing moves are banned
|clearpoke
|poke|p1|Ursaluna, F|
|poke|p1|Gengar, F|
|poke|p1|Conkeldurr, F|
|poke|p1|Umbreon, F|
|poke|p1|Munkidori, M|
|poke|p1|Volcanion|
|poke|p2|Garchomp, F|
|poke|p2|Sylveon, F|
|poke|p2|Vikavolt, M|
|poke|p2|Metagross|
|poke|p2|Greninja-*, M|
|poke|p2|Blastoise, F|
|teampreview
|
|t:|1757825577
|teamsize|p1|6
|teamsize|p2|6
|start
|switch|p1a: my2ndbaby|Gengar, F|100/100
|switch|p2a: Vikavolt|Vikavolt, M|100/100
|turn|1
|
|t:|1757825653
|move|p1a: my2ndbaby|Night Shade|p2a: Vikavolt
|-damage|p2a: Vikavolt|73/100
|move|p2a: Vikavolt|Sticky Web|p1a: my2ndbaby
|-sidestart|p1: itslefty|move: Sticky Web
|
|upkeep
|turn|2
|
|t:|1757825660
|move|p1a: my2ndbaby|Toxic Spikes|p2a: Vikavolt
|-sidestart|p2: SpicccyTM|move: Toxic Spikes
|move|p2a: Vikavolt|Thunder Wave|p1a: my2ndbaby
|-status|p1a: my2ndbaby|par
|
|upkeep
|turn|3
|
|t:|1757825682
|move|p1a: my2ndbaby|Toxic Spikes|p2a: Vikavolt
|-sidestart|p2: SpicccyTM|move: Toxic Spikes
|move|p2a: Vikavolt|Thunderbolt|p1a: my2ndbaby
|-damage|p1a: my2ndbaby|14/100 par
|
|-heal|p1a: my2ndbaby|20/100 par|[from] item: Black Sludge
|upkeep
|turn|4
|
|t:|1757825710
|switch|p1a: mybaby|Ursaluna, F|100/100
|-activate|p1a: mybaby|move: Sticky Web
|-unboost|p1a: mybaby|spe|1
|switch|p2a: Metagross|Metagross|100/100
|
|-status|p1a: mybaby|brn|[from] item: Flame Orb
|upkeep
|turn|5
|
|t:|1757825731
|switch|p2a: Vikavolt|Vikavolt, M|73/100
|move|p1a: mybaby|Facade|p2a: Vikavolt
|-damage|p2a: Vikavolt|0 fnt
|faint|p2a: Vikavolt
|
|-damage|p1a: mybaby|94/100 brn|[from] brn
|upkeep
|
|t:|1757825762
|switch|p2a: Greninja|Greninja, M|100/100
|-status|p2a: Greninja|tox
|turn|6
|
|t:|1757825791
|switch|p1a: myhunky|Volcanion|100/100
|-activate|p1a: myhunky|move: Sticky Web
|-unboost|p1a: myhunky|spe|1
|move|p2a: Greninja|Ice Beam|p1a: myhunky
|-resisted|p1a: myhunky
|-damage|p1a: myhunky|93/100
|
|-heal|p1a: myhunky|99/100|[from] item: Leftovers
|-damage|p2a: Greninja|95/100 tox|[from] psn
|upkeep
|turn|7
|
|t:|1757825825
|move|p2a: Greninja|Dark Pulse|p1a: myhunky
|-damage|p1a: myhunky|61/100
|cant|p1a: myhunky|flinch
|
|-heal|p2a: Greninja|100/100 tox|[from] item: Leftovers
|-heal|p1a: myhunky|67/100|[from] item: Leftovers
|-damage|p2a: Greninja|89/100 tox|[from] psn
|upkeep
|turn|8
|inactive|Battle timer is ON: inactive players will automatically lose when time's up. (requested by SpicccyTM)
|
|t:|1757825865
|move|p2a: Greninja|Dark Pulse|p1a: myhunky
|-damage|p1a: myhunky|26/100
|cant|p1a: myhunky|flinch
|
|-heal|p2a: Greninja|95/100 tox|[from] item: Leftovers
|-heal|p1a: myhunky|32/100|[from] item: Leftovers
|-damage|p2a: Greninja|77/100 tox|[from] psn
|upkeep
|turn|9
|
|t:|1757825881
|switch|p1a: mybigstrongman|Conkeldurr, F|100/100
|-activate|p1a: mybigstrongman|move: Sticky Web
|-unboost|p1a: mybigstrongman|spe|1
|move|p2a: Greninja|Dark Pulse|p1a: mybigstrongman
|-resisted|p1a: mybigstrongman
|-damage|p1a: mybigstrongman|77/100
|
|-heal|p2a: Greninja|83/100 tox|[from] item: Leftovers
|-damage|p2a: Greninja|59/100 tox|[from] psn
|upkeep
|turn|10
|
|t:|1757825902
|switch|p2a: Blastoise|Blastoise, F|100/100
|move|p1a: mybigstrongman|Drain Punch|p2a: Blastoise
|-damage|p2a: Blastoise|36/100
|-heal|p1a: mybigstrongman|100/100|[from] drain|[of] p2a: Blastoise
|-damage|p1a: mybigstrongman|91/100|[from] item: Life Orb
|
|upkeep
|turn|11
|
|t:|1757825919
|move|p1a: mybigstrongman|Detect|p1a: mybigstrongman
|-singleturn|p1a: mybigstrongman|Protect
|move|p2a: Blastoise|Rapid Spin|p1a: mybigstrongman
|-activate|p1a: mybigstrongman|move: Protect
|
|upkeep
|turn|12
|inactive|itslefty has 270 seconds left.
|
|t:|1757825966
|move|p2a: Blastoise|Rapid Spin|p1a: mybigstrongman
|-damage|p1a: mybigstrongman|81/100
|-boost|p2a: Blastoise|spe|1
|-sideend|p2: SpicccyTM|Toxic Spikes|[from] move: Rapid Spin|[of] p2a: Blastoise
|move|p1a: mybigstrongman|Drain Punch|p2a: Blastoise
|-damage|p2a: Blastoise|0 fnt
|-heal|p1a: mybigstrongman|97/100|[from] drain|[of] p2a: Blastoise
|faint|p2a: Blastoise
|-damage|p1a: mybigstrongman|87/100|[from] item: Life Orb
|
|upkeep
|inactive|SpicccyTM has 270 seconds left.
|
|t:|1757825982
|switch|p2a: Garchomp|Garchomp, F|100/100
|turn|13
|
|t:|1757825993
|move|p2a: Garchomp|Swords Dance|p2a: Garchomp
|-boost|p2a: Garchomp|atk|2
|move|p1a: mybigstrongman|Close Combat|p2a: Garchomp
|-damage|p2a: Garchomp|15/100
|-unboost|p1a: mybigstrongman|def|1
|-unboost|p1a: mybigstrongman|spd|1
|-damage|p1a: mybigstrongman|74/100|[from] ability: Rough Skin|[of] p2a: Garchomp
|-damage|p1a: mybigstrongman|64/100|[from] item: Life Orb
|
|upkeep
|turn|14
|inactive|itslefty has 240 seconds left.
|
|t:|1757826016
|move|p2a: Garchomp|Scale Shot|p1a: mybigstrongman
|-damage|p1a: mybigstrongman|34/100
|-damage|p1a: mybigstrongman|0 fnt
|faint|p1a: mybigstrongman
|-hitcount|p1: mybigstrongman|2
|-unboost|p2a: Garchomp|def|1
|-boost|p2a: Garchomp|spe|1
|
|upkeep
|inactive|itslefty has 240 seconds left.
|
|t:|1757826043
|switch|p1a: mydarkskinbaby|Umbreon, F|100/100
|-activate|p1a: mydarkskinbaby|move: Sticky Web
|-unboost|p1a: mydarkskinbaby|spe|1
|turn|15
|
|t:|1757826056
|move|p2a: Garchomp|Scale Shot|p1a: mydarkskinbaby
|-damage|p1a: mydarkskinbaby|81/100
|-damage|p1a: mydarkskinbaby|61/100
|-damage|p1a: mydarkskinbaby|41/100
|-damage|p1a: mydarkskinbaby|21/100
|-hitcount|p1a: mydarkskinbaby|4
|-unboost|p2a: Garchomp|def|1
|-boost|p2a: Garchomp|spe|1
|move|p1a: mydarkskinbaby|Dark Pulse|p2a: Garchomp
|-damage|p2a: Garchomp|0 fnt
|faint|p2a: Garchomp
|
|upkeep
|
|t:|1757826070
|switch|p2a: Metagross|Metagross|100/100
|turn|16
|-enditem|p1a: mydarkskinbaby|Custap Berry|[eat]
|-activate|p1a: mydarkskinbaby|item: Custap Berry|[consumed]
|
|t:|1757826085
|move|p1a: mydarkskinbaby|Protect|p1a: mydarkskinbaby
|-singleturn|p1a: mydarkskinbaby|Protect
|move|p2a: Metagross|Bullet Punch|p1a: mydarkskinbaby
|-activate|p1a: mydarkskinbaby|move: Protect
|
|upkeep
|turn|17
|inactive|itslefty has 210 seconds left.
|
|t:|1757826112
|switch|p1a: myhunky|Volcanion|32/100
|-activate|p1a: myhunky|move: Sticky Web
|-unboost|p1a: myhunky|spe|1
|move|p2a: Metagross|Bullet Punch|p1a: myhunky
|-resisted|p1a: myhunky
|-damage|p1a: myhunky|27/100
|
|-heal|p1a: myhunky|33/100|[from] item: Leftovers
|upkeep
|turn|18
|inactive|itslefty has 210 seconds left.
|
|t:|1757826141
|move|p2a: Metagross|Knock Off|p1a: myhunky
|-damage|p1a: myhunky|2/100
|-enditem|p1a: myhunky|Leftovers|[from] move: Knock Off|[of] p2a: Metagross
|move|p1a: myhunky|Earthquake|p2a: Metagross
|-supereffective|p2a: Metagross
|-damage|p2a: Metagross|67/100
|
|upkeep
|turn|19
|inactive|itslefty has 180 seconds left.
|
|t:|1757826170
|-terastallize|p1a: myhunky|Fire
|move|p2a: Metagross|Knock Off|p1a: myhunky
|-damage|p1a: myhunky|0 fnt
|faint|p1a: myhunky
|
|upkeep
|
|t:|1757826187
|switch|p1a: mybaby|Ursaluna, F|94/100 brn
|-activate|p1a: mybaby|move: Sticky Web
|-unboost|p1a: mybaby|spe|1
|turn|20
|
|t:|1757826215
|move|p2a: Metagross|Zen Headbutt|p1a: mybaby
|-damage|p1a: mybaby|64/100 brn
|cant|p1a: mybaby|flinch
|
|-damage|p1a: mybaby|58/100 brn|[from] brn
|upkeep
|turn|21
|
|t:|1757826225
|move|p2a: Metagross|Zen Headbutt|p1a: mybaby
|-damage|p1a: mybaby|28/100 brn
|move|p1a: mybaby|Facade|p2a: Metagross
|-resisted|p2a: Metagross
|-crit|p2a: Metagross
|-damage|p2a: Metagross|2/100
|
|-damage|p1a: mybaby|21/100 brn|[from] brn
|upkeep
|turn|22
|inactive|SpicccyTM has 270 seconds left.
|inactive|itslefty has 150 seconds left.
|
|t:|1757826262
|move|p2a: Metagross|Zen Headbutt|p1a: mybaby
|-damage|p1a: mybaby|0 fnt
|faint|p1a: mybaby
|
|upkeep
|
|t:|1757826275
|switch|p1a: mymonkey|Munkidori, M|100/100
|-activate|p1a: mymonkey|move: Sticky Web
|-unboost|p1a: mymonkey|spe|1
|turn|23
|inactive|SpicccyTM has 270 seconds left.
|inactive|SpicccyTM has 240 seconds left.
|
|t:|1757826317
|move|p1a: mymonkey|Psychic|p2a: Metagross
|-resisted|p2a: Metagross
|-damage|p2a: Metagross|0 fnt
|faint|p2a: Metagross
|
|upkeep
|inactive|SpicccyTM has 240 seconds left.
|
|t:|1757826323
|switch|p2a: Greninja|Greninja, M|59/100 tox
|turn|24
|
|t:|1757826332
|move|p1a: mymonkey|Protect|p1a: mymonkey
|-singleturn|p1a: mymonkey|Protect
|move|p2a: Greninja|Dark Pulse|p1a: mymonkey
|-activate|p1a: mymonkey|move: Protect
|
|-heal|p2a: Greninja|65/100 tox|[from] item: Leftovers
|-damage|p2a: Greninja|59/100 tox|[from] psn
|upkeep
|turn|25
|inactive|itslefty has 150 seconds left.
|
|t:|1757826359
|switch|p1a: mydarkskinbaby|Umbreon, F|21/100
|-activate|p1a: mydarkskinbaby|move: Sticky Web
|-unboost|p1a: mydarkskinbaby|spe|1
|move|p2a: Greninja|Dark Pulse|p1a: mydarkskinbaby
|-resisted|p1a: mydarkskinbaby
|-damage|p1a: mydarkskinbaby|8/100
|
|-heal|p2a: Greninja|65/100 tox|[from] item: Leftovers
|-damage|p2a: Greninja|53/100 tox|[from] psn
|upkeep
|turn|26
|
|t:|1757826373
|switch|p2a: Sylveon|Sylveon, F|100/100
|move|p1a: mydarkskinbaby|Protect||[still]
|-fail|p1a: mydarkskinbaby
|
|upkeep
|turn|27
|
|t:|1757826392
|move|p2a: Sylveon|Quick Attack|p1a: mydarkskinbaby
|-supereffective|p1a: mydarkskinbaby
|-damage|p1a: mydarkskinbaby|0 fnt
|faint|p1a: mydarkskinbaby
|
|upkeep
|inactive|itslefty has 120 seconds left.
|
|t:|1757826405
|switch|p1a: mymonkey|Munkidori, M|100/100
|-activate|p1a: mymonkey|move: Sticky Web
|-unboost|p1a: mymonkey|spe|1
|turn|28
|inactive|itslefty has 120 seconds left.
|
|t:|1757826439
|switch|p2a: Greninja|Greninja, M|53/100 tox
|move|p1a: mymonkey|Sludge Bomb|p2a: Greninja
|-crit|p2a: Greninja
|-damage|p2a: Greninja|0 fnt
|faint|p2a: Greninja
|
|upkeep
|
|t:|1757826446
|switch|p2a: Sylveon|Sylveon, F|100/100
|turn|29
|inactive|SpicccyTM has 270 seconds left.
|
|t:|1757826454
|move|p2a: Sylveon|Shadow Ball|p1a: mymonkey
|-supereffective|p1a: mymonkey
|-damage|p1a: mymonkey|31/100
|move|p1a: mymonkey|Sludge Bomb|p2a: Sylveon
|-supereffective|p2a: Sylveon
|-damage|p2a: Sylveon|28/100
|-status|p2a: Sylveon|psn
|
|-damage|p2a: Sylveon|15/100 psn|[from] psn
|upkeep
|turn|30
|
|t:|1757826467
|move|p1a: mymonkey|Protect|p1a: mymonkey
|-singleturn|p1a: mymonkey|Protect
|move|p2a: Sylveon|Shadow Ball|p1a: mymonkey
|-activate|p1a: mymonkey|move: Protect
|
|-damage|p2a: Sylveon|3/100 psn|[from] psn
|upkeep
|turn|31
|
|t:|1757826483
|move|p1a: mymonkey|Protect|p1a: mymonkey
|-singleturn|p1a: mymonkey|Protect
|move|p2a: Sylveon|Shadow Ball|p1a: mymonkey
|-activate|p1a: mymonkey|move: Protect
|
|-damage|p2a: Sylveon|0 fnt|[from] psn
|faint|p2a: Sylveon
|
|win|itslefty
