|j|☆goon4
|j|☆XYnotfound
|t:|1757916414
|gametype|singles
|player|p1|goon4|byron|1184
|player|p2|XYnotfound|170|1179
|gen|9
|tier|[Gen 9] OU
|rated|
|rule|HP Percentage Mod: HP is shown in percentages
|rule|Endless Battle Clause: Forcing endless battles is banned
|rule|Species Clause: Limit one of each Pokémon
|rule|OHKO Clause: OHKO moves are banned
|rule|Evasion Items Clause: Evasion items are banned
|rule|Evasion Moves Clause: Evasion moves are banned
|rule|Evasion Abilities Clause: Evasion abilities are banned
|rule|Sleep Moves Clause: Sleep-inducing moves are banned
|clearpoke
|poke|p1|Garganacl, F|
|poke|p1|Dragapult, F|
|poke|p1|Ogerpon-Wellspring, F|
|poke|p1|Moltres|
|poke|p1|Zamazenta-*|
|poke|p1|Iron Treads|
|poke|p2|Mienshao, M|
|poke|p2|Zamazenta-*|
|poke|p2|Iron Valiant|
|poke|p2|Iron Hands|
|poke|p2|Infernape, M|
|poke|p2|Keldeo-Resolute|
|teampreview
|
|t:|1757916420
|teamsize|p1|6
|teamsize|p2|6
|start
|switch|p1a: Garganacl|Garganacl, F|100/100
|switch|p2a: Infernape|Infernape, M|100/100
|turn|1
|inactive|Battle timer is ON: inactive players will automatically lose when time's up. (requested by XYnotfound)
|
|t:|1757916436
|switch|p1a: Dragapult|Dragapult, F|100/100
|move|p2a: Infernape|Fake Out|p1a: Dragapult
|-immune|p1a: Dragapult
|
|upkeep
|turn|2
|
|t:|1757916450
|move|p1a: Dragapult|Draco Meteor|p2a: Infernape
|-damage|p2a: Infernape|11/100
|-unboost|p1a: Dragapult|spa|2
|move|p2a: Infernape|Stealth Rock|p1a: Dragapult
|-sidestart|p1: goon4|move: Stealth Rock
|
|upkeep
|turn|3
|
|t:|1757916460
|move|p2a: Infernape|Mach Punch|p1a: Dragapult
|-immune|p1a: Dragapult
|move|p1a: Dragapult|Hex|p2a: Infernape
|-damage|p2a: Infernape|0 fnt
|faint|p2a: Infernape
|
|upkeep
|l|☆XYnotfound
|inactive|XYnotfound disconnected and has a minute to reconnect!
|player|p2|
|inactive|XYnotfound has 30 seconds to reconnect!
|inactive|XYnotfound has 20 seconds to reconnect!
|inactive|XYnotfound has 15 seconds to reconnect!
|inactive|XYnotfound has 10 seconds to reconnect!
|inactive|XYnotfound has 5 seconds to reconnect!
|j|☆XYnotfound
|inactive|XYnotfound reconnected and has 80 seconds left.
|player|p2|XYnotfound|170|
|l|☆XYnotfound
|inactive|XYnotfound disconnected and has a minute to reconnect!
|player|p2|
|j|☆XYnotfound
|inactive|XYnotfound reconnected and has 75 seconds left.
|player|p2|XYnotfound|170|
|
|t:|1757916539
|switch|p2a: Iron Valiant|Iron Valiant|100/100
|-enditem|p2a: Iron Valiant|Booster Energy
|-activate|p2a: Iron Valiant|ability: Quark Drive|[fromitem]
|-start|p2a: Iron Valiant|quarkdrivespe
|turn|4
|
|t:|1757916553
|move|p2a: Iron Valiant|Aura Sphere|p1a: Dragapult
|-immune|p1a: Dragapult
|move|p1a: Dragapult|Will-O-Wisp|p2a: Iron Valiant
|-status|p2a: Iron Valiant|brn
|
|-damage|p2a: Iron Valiant|94/100 brn|[from] brn
|upkeep
|turn|5
|
|t:|1757916562
|move|p2a: Iron Valiant|Moonblast|p1a: Dragapult
|-supereffective|p1a: Dragapult
|-damage|p1a: Dragapult|0 fnt
|faint|p1a: Dragapult
|
|-damage|p2a: Iron Valiant|88/100 brn|[from] brn
|upkeep
|
|t:|1757916573
|switch|p1a: Garganacl|Garganacl, F|100/100
|-damage|p1a: Garganacl|88/100|[from] Stealth Rock
|turn|6
|inactive|XYnotfound has 90 seconds left.
|
|t:|1757916586
|-terastallize|p1a: Garganacl|Electric
|move|p2a: Iron Valiant|Aura Sphere|p1a: Garganacl
|-damage|p1a: Garganacl|61/100
|move|p1a: Garganacl|Salt Cure|p2a: Iron Valiant
|-resisted|p2a: Iron Valiant
|-damage|p2a: Iron Valiant|80/100 brn
|-start|p2a: Iron Valiant|Salt Cure
|
|-heal|p1a: Garganacl|67/100|[from] item: Leftovers
|-damage|p2a: Iron Valiant|74/100 brn|[from] brn
|-damage|p2a: Iron Valiant|61/100 brn|[from] Salt Cure
|upkeep
|turn|7
|inactive|XYnotfound has 90 seconds left.
|
|t:|1757916597
|move|p2a: Iron Valiant|Moonblast|p1a: Garganacl
|-damage|p1a: Garganacl|38/100
|move|p1a: Garganacl|Iron Defense|p1a: Garganacl
|-boost|p1a: Garganacl|def|2
|
|-heal|p1a: Garganacl|44/100|[from] item: Leftovers
|-damage|p2a: Iron Valiant|55/100 brn|[from] brn
|-damage|p2a: Iron Valiant|42/100 brn|[from] Salt Cure
|upkeep
|turn|8
|
|t:|1757916607
|move|p2a: Iron Valiant|Moonblast|p1a: Garganacl
|-damage|p1a: Garganacl|12/100
|-unboost|p1a: Garganacl|spa|1
|move|p1a: Garganacl|Recover|p1a: Garganacl
|-heal|p1a: Garganacl|63/100
|
|-heal|p1a: Garganacl|69/100|[from] item: Leftovers
|-damage|p2a: Iron Valiant|36/100 brn|[from] brn
|-damage|p2a: Iron Valiant|24/100 brn|[from] Salt Cure
|upkeep
|turn|9
|
|t:|1757916615
|move|p2a: Iron Valiant|Moonblast|p1a: Garganacl
|-damage|p1a: Garganacl|37/100
|move|p1a: Garganacl|Recover|p1a: Garganacl
|-heal|p1a: Garganacl|87/100
|
|-heal|p1a: Garganacl|94/100|[from] item: Leftovers
|-damage|p2a: Iron Valiant|17/100 brn|[from] brn
|-damage|p2a: Iron Valiant|5/100 brn|[from] Salt Cure
|upkeep
|turn|10
|
|t:|1757916625
|move|p2a: Iron Valiant|Destiny Bond|p2a: Iron Valiant
|-singlemove|p2a: Iron Valiant|Destiny Bond
|move|p1a: Garganacl|Iron Defense|p1a: Garganacl
|-boost|p1a: Garganacl|def|2
|
|-heal|p1a: Garganacl|99/100|[from] item: Leftovers
|-damage|p2a: Iron Valiant|0 fnt|[from] brn
|faint|p2a: Iron Valiant
|-end|p2a: Iron Valiant|Quark Drive|[silent]
|upkeep
|
|t:|1757916635
|switch|p2a: Keldeo|Keldeo-Resolute|100/100
|turn|11
|
|t:|1757916645
|move|p2a: Keldeo|Hydro Pump|p1a: Garganacl
|-damage|p1a: Garganacl|43/100
|move|p1a: Garganacl|Body Press|p2a: Keldeo
|-damage|p2a: Keldeo|18/100
|
|-heal|p1a: Garganacl|49/100|[from] item: Leftovers
|upkeep
|turn|12
|inactive|XYnotfound has 120 seconds left.
|
|t:|1757916656
|move|p2a: Keldeo|Hydro Pump|p1a: Garganacl
|-damage|p1a: Garganacl|0 fnt
|faint|p1a: Garganacl
|
|upkeep
|
|t:|1757916660
|switch|p1a: Ogerpon|Ogerpon-Wellspring, F|100/100
|-damage|p1a: Ogerpon|88/100|[from] Stealth Rock
|turn|13
|
|t:|1757916669
|move|p2a: Keldeo|Hydro Pump|p1a: Ogerpon
|-heal|p1a: Ogerpon|100/100|[from] ability: Water Absorb|[of] p2a: Keldeo
|move|p1a: Ogerpon|Trailblaze|p2a: Keldeo
|-supereffective|p2a: Keldeo
|-damage|p2a: Keldeo|0 fnt
|-boost|p1a: Ogerpon|spe|1
|faint|p2a: Keldeo
|
|upkeep
|
|t:|1757916673
|switch|p2a: Mienshao|Mienshao, M|100/100
|turn|14
|
|t:|1757916687
|move|p1a: Ogerpon|Ivy Cudgel|p2a: Mienshao|[anim] Ivy Cudgel Water
|-damage|p2a: Mienshao|0 fnt
|faint|p2a: Mienshao
|
|upkeep
|
|t:|1757916691
|switch|p2a: Zamazenta|Zamazenta|100/100
|-ability|p2a: Zamazenta|Dauntless Shield|boost
|-boost|p2a: Zamazenta|def|1
|turn|15
|
|t:|1757916699
|move|p1a: Ogerpon|Swords Dance|p1a: Ogerpon
|-boost|p1a: Ogerpon|atk|2
|move|p2a: Zamazenta|Iron Defense|p2a: Zamazenta
|-boost|p2a: Zamazenta|def|2
|
|upkeep
|turn|16
|
|t:|1757916707
|move|p1a: Ogerpon|Swords Dance|p1a: Ogerpon
|-boost|p1a: Ogerpon|atk|2
|move|p2a: Zamazenta|Body Press|p1a: Ogerpon
|-damage|p1a: Ogerpon|9/100
|
|upkeep
|turn|17
|
|t:|1757916710
|move|p1a: Ogerpon|Ivy Cudgel|p2a: Zamazenta|[anim] Ivy Cudgel Water
|-damage|p2a: Zamazenta|53/100
|move|p2a: Zamazenta|Trailblaze|p1a: Ogerpon
|-crit|p1a: Ogerpon
|-damage|p1a: Ogerpon|0 fnt
|-boost|p2a: Zamazenta|spe|1
|faint|p1a: Ogerpon
|
|-heal|p2a: Zamazenta|59/100|[from] item: Leftovers
|upkeep
|
|t:|1757916716
|switch|p1a: Moltres|Moltres|100/100
|turn|18
|
|t:|1757916721
|move|p2a: Zamazenta|Crunch|p1a: Moltres
|-damage|p1a: Moltres|81/100
|move|p1a: Moltres|Will-O-Wisp|p2a: Zamazenta
|-status|p2a: Zamazenta|brn
|
|-heal|p2a: Zamazenta|65/100 brn|[from] item: Leftovers
|-damage|p2a: Zamazenta|59/100 brn|[from] brn
|upkeep
|turn|19
|
|t:|1757916730
|switch|p2a: Iron Hands|Iron Hands|100/100
|move|p1a: Moltres|Roar|p2a: Iron Hands
|-end|p2a: Iron Hands|Quark Drive|[silent]
|drag|p2a: Zamazenta|Zamazenta|59/100 brn
|
|-heal|p2a: Zamazenta|65/100 brn|[from] item: Leftovers
|-damage|p2a: Zamazenta|59/100 brn|[from] brn
|upkeep
|turn|20
|
|t:|1757916738
|move|p2a: Zamazenta|Body Press|p1a: Moltres
|-resisted|p1a: Moltres
|-damage|p1a: Moltres|74/100
|move|p1a: Moltres|Flamethrower|p2a: Zamazenta
|-crit|p2a: Zamazenta
|-damage|p2a: Zamazenta|15/100 brn
|
|-heal|p2a: Zamazenta|21/100 brn|[from] item: Leftovers
|-damage|p2a: Zamazenta|15/100 brn|[from] brn
|upkeep
|turn|21
|
|t:|1757916747
|move|p2a: Zamazenta|Crunch|p1a: Moltres
|-damage|p1a: Moltres|65/100
|move|p1a: Moltres|Flamethrower|p2a: Zamazenta
|-damage|p2a: Zamazenta|0 fnt
|faint|p2a: Zamazenta
|
|upkeep
|
|t:|1757916749
|switch|p2a: Iron Hands|Iron Hands|100/100
|turn|22
|
|t:|1757916755
|move|p1a: Moltres|Will-O-Wisp|p2a: Iron Hands
|-status|p2a: Iron Hands|brn
|move|p2a: Iron Hands|Supercell Slam|p1a: Moltres
|-supereffective|p1a: Moltres
|-damage|p1a: Moltres|20/100
|
|-damage|p2a: Iron Hands|94/100 brn|[from] brn
|upkeep
|turn|23
|-message|XYnotfound forfeited.
|
|win|goon4
|raw|goon4's rating: 1184 &rarr; <strong>1209</strong><br />(+25 for winning)
|raw|XYnotfound's rating: 1179 &rarr; <strong>1154</strong><br />(-25 for losing)
|l|☆XYnotfound
|player|p2|
|l|☆goon4
|player|p1|
