|j|☆Nikator98
|j|☆3idk
|t:|1757949881
|gametype|singles
|player|p1|Nikator98|giovanni|1557
|player|p2|3idk|lusamine-masters|1592
|gen|9
|tier|[Gen 9] OU
|rated|
|rule|HP Percentage Mod: HP is shown in percentages
|rule|Endless Battle Clause: Forcing endless battles is banned
|rule|Species Clause: Limit one of each Pokémon
|rule|OHKO Clause: OHKO moves are banned
|rule|Evasion Items Clause: Evasion items are banned
|rule|Evasion Moves Clause: Evasion moves are banned
|rule|Evasion Abilities Clause: Evasion abilities are banned
|rule|Sleep Moves Clause: Sleep-inducing moves are banned
|clearpoke
|poke|p1|Metagross|
|poke|p1|Great Tusk|
|poke|p1|Haxorus, M|
|poke|p1|Iron Moth|
|poke|p1|Zoroark-Hisui, M|
|poke|p1|Ninetales-Alola, F|
|poke|p2|Tyranitar, M|
|poke|p2|Excadrill, M|
|poke|p2|Keldeo-Resolute|
|poke|p2|Tornadus-Therian, M|
|poke|p2|Heatran, M|
|poke|p2|Hydrapple, F|
|teampreview
|inactive|Battle timer is ON: inactive players will automatically lose when time's up. (requested by 3idk)
|
|t:|1757949893
|teamsize|p1|6
|teamsize|p2|6
|start
|switch|p1a: Lacelle|Haxorus, M|100/100
|switch|p2a: Tornadus|Tornadus-Therian, M|100/100
|-ability|p1a: Lacelle|Mold Breaker
|turn|1
|
|t:|1757949901
|move|p2a: Tornadus|Bleakwind Storm|p1a: Lacelle
|-damage|p1a: Lacelle|40/100
|move|p1a: Lacelle|Scale Shot|p2a: Tornadus
|-damage|p2a: Tornadus|84/100
|-damage|p2a: Tornadus|69/100
|-damage|p2a: Tornadus|53/100
|-damage|p2a: Tornadus|37/100
|-hitcount|p2a: Tornadus|4
|-unboost|p1a: Lacelle|def|1
|-boost|p1a: Lacelle|spe|1
|
|upkeep
|turn|2
|
|t:|1757949914
|switch|p2a: Heatran|Heatran, M|100/100
|move|p1a: Lacelle|Scale Shot|p2a: Heatran
|-resisted|p2a: Heatran
|-damage|p2a: Heatran|94/100
|-resisted|p2a: Heatran
|-damage|p2a: Heatran|88/100
|-resisted|p2a: Heatran
|-damage|p2a: Heatran|82/100
|-resisted|p2a: Heatran
|-damage|p2a: Heatran|77/100
|-hitcount|p2a: Heatran|4
|-unboost|p1a: Lacelle|def|1
|-boost|p1a: Lacelle|spe|1
|
|-heal|p2a: Heatran|83/100|[from] item: Leftovers
|upkeep
|turn|3
|
|t:|1757949928
|switch|p2a: Tornadus|Tornadus-Therian, M|70/100
|move|p1a: Lacelle|Close Combat|p2a: Tornadus
|-resisted|p2a: Tornadus
|-damage|p2a: Tornadus|47/100
|-unboost|p1a: Lacelle|def|1
|-unboost|p1a: Lacelle|spd|1
|
|upkeep
|turn|4
|
|t:|1757949937
|switch|p2a: Tyranitar|Tyranitar, M|100/100
|-weather|Sandstorm|[from] ability: Sand Stream|[of] p2a: Tyranitar
|move|p1a: Lacelle|Scale Shot|p2a: Tyranitar|[miss]
|-miss|p1a: Lacelle|p2a: Tyranitar
|
|-weather|Sandstorm|[upkeep]
|-damage|p1a: Lacelle|34/100|[from] Sandstorm
|upkeep
|turn|5
|
|t:|1757949950
|switch|p2a: Hydrapple|Hydrapple, F|100/100
|move|p1a: Lacelle|Close Combat|p2a: Hydrapple
|-damage|p2a: Hydrapple|73/100
|-unboost|p1a: Lacelle|def|1
|-unboost|p1a: Lacelle|spd|1
|-damage|p1a: Lacelle|17/100|[from] item: Rocky Helmet|[of] p2a: Hydrapple
|
|-weather|Sandstorm|[upkeep]
|-damage|p1a: Lacelle|11/100|[from] Sandstorm
|-damage|p2a: Hydrapple|67/100|[from] Sandstorm
|upkeep
|turn|6
|
|t:|1757949960
|switch|p2a: Heatran|Heatran, M|83/100
|move|p1a: Lacelle|Scale Shot|p2a: Heatran
|-resisted|p2a: Heatran
|-damage|p2a: Heatran|77/100
|-resisted|p2a: Heatran
|-damage|p2a: Heatran|71/100
|-resisted|p2a: Heatran
|-damage|p2a: Heatran|65/100
|-resisted|p2a: Heatran
|-damage|p2a: Heatran|59/100
|-hitcount|p2a: Heatran|4
|-unboost|p1a: Lacelle|def|1
|-boost|p1a: Lacelle|spe|1
|
|-weather|Sandstorm|[upkeep]
|-damage|p1a: Lacelle|5/100|[from] Sandstorm
|-heal|p2a: Heatran|66/100|[from] item: Leftovers
|upkeep
|turn|7
|
|t:|1757949975
|switch|p2a: Hydrapple|Hydrapple, F|100/100
|move|p1a: Lacelle|Scale Shot|p2a: Hydrapple
|-supereffective|p2a: Hydrapple
|-damage|p2a: Hydrapple|85/100
|-supereffective|p2a: Hydrapple
|-damage|p2a: Hydrapple|68/100
|-supereffective|p2a: Hydrapple
|-damage|p2a: Hydrapple|51/100
|-supereffective|p2a: Hydrapple
|-damage|p2a: Hydrapple|34/100
|-hitcount|p2a: Hydrapple|4
|-unboost|p1a: Lacelle|def|1
|-boost|p1a: Lacelle|spe|1
|
|-weather|Sandstorm|[upkeep]
|-damage|p1a: Lacelle|0 fnt|[from] Sandstorm
|-damage|p2a: Hydrapple|28/100|[from] Sandstorm
|faint|p1a: Lacelle
|upkeep
|inactive|Nikator98 has 120 seconds left.
|
|t:|1757949999
|switch|p1a: Kumaryia|Great Tusk, shiny|100/100
|turn|8
|
|t:|1757950004
|switch|p2a: Heatran|Heatran, M|66/100
|move|p1a: Kumaryia|Bitter Malice|p2a: Heatran
|-damage|p2a: Heatran|31/100
|-unboost|p2a: Heatran|atk|1
|
|-weather|none
|-heal|p2a: Heatran|37/100|[from] item: Leftovers
|upkeep
|turn|9
|
|t:|1757950014
|move|p1a: Kumaryia|Bitter Malice|p2a: Heatran
|-damage|p2a: Heatran|0 fnt
|faint|p2a: Heatran
|
|upkeep
|inactive|3idk has 120 seconds left.
|inactive|3idk has 90 seconds left.
|
|t:|1757950082
|switch|p2a: Tyranitar|Tyranitar, M|100/100
|-weather|Sandstorm|[from] ability: Sand Stream|[of] p2a: Tyranitar
|turn|10
|
|t:|1757950086
|switch|p1a: Asfaloth|Ninetales-Alola, F, shiny|100/100
|-weather|Snowscape|[from] ability: Snow Warning|[of] p1a: Asfaloth
|move|p2a: Tyranitar|Ice Punch|p1a: Asfaloth
|-resisted|p1a: Asfaloth
|-damage|p1a: Asfaloth|81/100
|
|-weather|Snowscape|[upkeep]
|upkeep
|turn|11
|
|t:|1757950094
|switch|p2a: Tornadus|Tornadus-Therian, M|81/100
|move|p1a: Asfaloth|Aurora Veil|p1a: Asfaloth
|-sidestart|p1: Nikator98|move: Aurora Veil
|
|-weather|Snowscape|[upkeep]
|upkeep
|turn|12
|
|t:|1757950104
|switch|p1a: Arquillian Sentry|Metagross|100/100
|move|p2a: Tornadus|U-turn|p1a: Arquillian Sentry
|-damage|p1a: Arquillian Sentry|95/100
|
|t:|1757950110
|switch|p2a: Tyranitar|Tyranitar, M|100/100|[from] U-turn
|-weather|Sandstorm|[from] ability: Sand Stream|[of] p2a: Tyranitar
|
|-weather|Sandstorm|[upkeep]
|upkeep
|turn|13
|
|t:|1757950117
|move|p2a: Tyranitar|Knock Off|p1a: Arquillian Sentry
|-supereffective|p1a: Arquillian Sentry
|-damage|p1a: Arquillian Sentry|30/100
|-enditem|p1a: Arquillian Sentry|Custap Berry|[from] move: Knock Off|[of] p2a: Tyranitar
|move|p1a: Arquillian Sentry|Meteor Mash|p2a: Tyranitar
|-supereffective|p2a: Tyranitar
|-crit|p2a: Tyranitar
|-damage|p2a: Tyranitar|0 fnt
|-boost|p1a: Arquillian Sentry|atk|1
|faint|p2a: Tyranitar
|
|-weather|Sandstorm|[upkeep]
|upkeep
|inactive|3idk has 120 seconds left.
|
|t:|1757950124
|switch|p2a: Excadrill|Excadrill, M|100/100
|-item|p2a: Excadrill|Air Balloon
|turn|14
|
|t:|1757950143
|move|p2a: Excadrill|Earthquake|p1a: Arquillian Sentry
|-supereffective|p1a: Arquillian Sentry
|-damage|p1a: Arquillian Sentry|0 fnt
|faint|p1a: Arquillian Sentry
|
|-weather|Sandstorm|[upkeep]
|upkeep
|
|t:|1757950149
|switch|p1a: Kumaryia|Great Tusk, shiny|100/100
|turn|15
|inactive|3idk has 120 seconds left.
|
|t:|1757950174
|switch|p2a: Hydrapple|Hydrapple, F|62/100
|move|p1a: Kumaryia|Rapid Spin|p2a: Hydrapple
|-damage|p2a: Hydrapple|51/100
|-boost|p1a: Kumaryia|spe|1
|-damage|p1a: Kumaryia|84/100|[from] item: Rocky Helmet|[of] p2a: Hydrapple
|
|-weather|Sandstorm|[upkeep]
|-damage|p2a: Hydrapple|45/100|[from] Sandstorm
|upkeep
|turn|16
|
|t:|1757950184
|-terastallize|p2a: Hydrapple|Fairy
|move|p1a: Kumaryia|Ice Spinner|p2a: Hydrapple
|-damage|p2a: Hydrapple|29/100
|-damage|p1a: Kumaryia|68/100|[from] item: Rocky Helmet|[of] p2a: Hydrapple
|move|p2a: Hydrapple|Giga Drain|p1a: Kumaryia
|-supereffective|p1a: Kumaryia
|-damage|p1a: Kumaryia|22/100
|-heal|p2a: Hydrapple|49/100|[from] drain|[of] p1a: Kumaryia
|
|-weather|none
|upkeep
|turn|17
|inactive|Nikator98 has 120 seconds left.
|
|t:|1757950215
|-end|p1a: Kumaryia|Protosynthesis|[silent]
|switch|p1a: Asfaloth|Ninetales-Alola, F, shiny|100/100
|switch|p2a: Tornadus|Tornadus-Therian, M|100/100
|
|upkeep
|turn|18
|
|t:|1757950222
|move|p2a: Tornadus|Taunt|p1a: Asfaloth
|-start|p1a: Asfaloth|move: Taunt
|move|p1a: Asfaloth|Bitter Malice|p2a: Tornadus
|-damage|p2a: Tornadus|41/100
|-unboost|p2a: Tornadus|atk|1
|
|-sideend|p1: Nikator98|move: Aurora Veil
|upkeep
|turn|19
|
|t:|1757950231
|move|p2a: Tornadus|U-turn|p1a: Asfaloth
|-resisted|p1a: Asfaloth
|-damage|p1a: Asfaloth|90/100
|replace|p1a: Van Helsing|Zoroark-Hisui, M, shiny
|-end|p1a: Van Helsing|Illusion
|
|t:|1757950236
|switch|p2a: Excadrill|Excadrill, M|100/100|[from] U-turn
|-item|p2a: Excadrill|Air Balloon
|move|p1a: Van Helsing|Bitter Malice|p2a: Excadrill
|-damage|p2a: Excadrill|26/100
|-unboost|p2a: Excadrill|atk|1
|-enditem|p2a: Excadrill|Air Balloon
|
|upkeep
|turn|20
|
|t:|1757950246
|move|p1a: Van Helsing|Bitter Malice|p2a: Excadrill
|-damage|p2a: Excadrill|0 fnt
|faint|p2a: Excadrill
|
|-end|p1a: Van Helsing|move: Taunt
|upkeep
|
|t:|1757950267
|switch|p2a: Tornadus|Tornadus-Therian, M|74/100
|turn|21
|inactive|3idk has 120 seconds left.
|
|t:|1757950299
|switch|p1a: Kumaryia|Great Tusk, shiny|22/100
|move|p2a: Tornadus|Bleakwind Storm|p1a: Kumaryia
|-supereffective|p1a: Kumaryia
|-damage|p1a: Kumaryia|0 fnt
|faint|p1a: Kumaryia
|-end|p1a: Kumaryia|Protosynthesis|[silent]
|
|upkeep
|
|t:|1757950310
|switch|p1a: Asfaloth|Ninetales-Alola, F, shiny|81/100
|-weather|Snowscape|[from] ability: Snow Warning|[of] p1a: Asfaloth
|turn|22
|
|t:|1757950317
|move|p2a: Tornadus|Taunt|p1a: Asfaloth
|-start|p1a: Asfaloth|move: Taunt
|move|p1a: Asfaloth|Freeze-Dry|p2a: Tornadus
|-supereffective|p2a: Tornadus
|-damage|p2a: Tornadus|26/100
|
|-weather|Snowscape|[upkeep]
|upkeep
|turn|23
|inactive|3idk has 120 seconds left.
|inactive|3idk has 90 seconds left.
|
|t:|1757950363
|move|p2a: Tornadus|U-turn|p1a: Asfaloth
|-resisted|p1a: Asfaloth
|-damage|p1a: Asfaloth|74/100
|
|t:|1757950367
|switch|p2a: Hydrapple|Hydrapple, F, tera:Fairy|82/100|[from] U-turn
|move|p1a: Asfaloth|Freeze-Dry|p2a: Hydrapple
|-damage|p2a: Hydrapple|61/100
|-status|p2a: Hydrapple|frz
|
|-weather|Snowscape|[upkeep]
|upkeep
|turn|24
|
|t:|1757950375
|move|p1a: Asfaloth|Moonblast|p2a: Hydrapple
|-damage|p2a: Hydrapple|28/100 frz
|-unboost|p2a: Hydrapple|spa|1
|-curestatus|p2a: Hydrapple|frz|[msg]
|move|p2a: Hydrapple|Earth Power|p1a: Asfaloth
|-damage|p1a: Asfaloth|57/100
|
|-weather|Snowscape|[upkeep]
|-end|p1a: Asfaloth|move: Taunt
|upkeep
|turn|25
|
|t:|1757950384
|switch|p2a: Tornadus|Tornadus-Therian, M|60/100
|move|p1a: Asfaloth|Aurora Veil|p1a: Asfaloth
|-sidestart|p1: Nikator98|move: Aurora Veil
|
|-weather|Snowscape|[upkeep]
|upkeep
|turn|26
|
|t:|1757950391
|move|p2a: Tornadus|U-turn|p1a: Asfaloth
|-resisted|p1a: Asfaloth
|-damage|p1a: Asfaloth|54/100
|
|t:|1757950394
|switch|p2a: Hydrapple|Hydrapple, F, tera:Fairy|61/100|[from] U-turn
|move|p1a: Asfaloth|Freeze-Dry|p2a: Hydrapple
|-damage|p2a: Hydrapple|38/100
|
|-weather|none
|upkeep
|turn|27
|
|t:|1757950401
|switch|p2a: Tornadus|Tornadus-Therian, M|93/100
|move|p1a: Asfaloth|Moonblast|p2a: Tornadus
|-damage|p2a: Tornadus|61/100
|
|upkeep
|turn|28
|
|t:|1757950408
|move|p2a: Tornadus|U-turn|p1a: Asfaloth
|-resisted|p1a: Asfaloth
|-crit|p1a: Asfaloth
|-damage|p1a: Asfaloth|41/100
|
|t:|1757950411
|switch|p2a: Hydrapple|Hydrapple, F, tera:Fairy|72/100|[from] U-turn
|move|p1a: Asfaloth|Freeze-Dry|p2a: Hydrapple
|-damage|p2a: Hydrapple|49/100
|
|upkeep
|turn|29
|
|t:|1757950423
|switch|p1a: Gothmog|Iron Moth|90/100
|move|p2a: Hydrapple|Earth Power|p1a: Gothmog
|-damage|p1a: Gothmog|64/100
|replace|p1a: Van Helsing|Zoroark-Hisui, M, shiny
|-end|p1a: Van Helsing|Illusion
|
|upkeep
|turn|30
|
|t:|1757950433
|switch|p2a: Tornadus|Tornadus-Therian, M|94/100
|move|p1a: Van Helsing|Bitter Malice|p2a: Tornadus
|-damage|p2a: Tornadus|34/100
|-unboost|p2a: Tornadus|atk|1
|
|upkeep
|turn|31
|
|t:|1757950441
|move|p2a: Tornadus|U-turn|p1a: Van Helsing
|-resisted|p1a: Van Helsing
|-damage|p1a: Van Helsing|59/100
|
|t:|1757950444
|switch|p2a: Hydrapple|Hydrapple, F, tera:Fairy|83/100|[from] U-turn
|move|p1a: Van Helsing|Bitter Malice|p2a: Hydrapple
|-damage|p2a: Hydrapple|25/100
|-unboost|p2a: Hydrapple|atk|1
|
|upkeep
|turn|32
|
|t:|1757950453
|move|p1a: Van Helsing|Bitter Malice|p2a: Hydrapple
|-damage|p2a: Hydrapple|0 fnt
|faint|p2a: Hydrapple
|
|-sideend|p1: Nikator98|move: Aurora Veil
|upkeep
|
|t:|1757950456
|switch|p2a: Tornadus|Tornadus-Therian, M|67/100
|turn|33
|
|t:|1757950468
|move|p2a: Tornadus|Bleakwind Storm|p1a: Van Helsing
|-damage|p1a: Van Helsing|0 fnt
|faint|p1a: Van Helsing
|
|upkeep
|
|t:|1757950476
|switch|p1a: Asfaloth|Ninetales-Alola, F, shiny|41/100
|-weather|Snowscape|[from] ability: Snow Warning|[of] p1a: Asfaloth
|turn|34
|
|t:|1757950481
|move|p2a: Tornadus|Heat Wave|p1a: Asfaloth
|-supereffective|p1a: Asfaloth
|-damage|p1a: Asfaloth|0 fnt
|faint|p1a: Asfaloth
|
|-weather|Snowscape|[upkeep]
|upkeep
|
|t:|1757950487
|switch|p1a: Gothmog|Iron Moth|100/100
|-enditem|p1a: Gothmog|Booster Energy
|-activate|p1a: Gothmog|ability: Quark Drive|[fromitem]
|-start|p1a: Gothmog|quarkdrivespe
|turn|35
|
|t:|1757950492
|move|p1a: Gothmog|Fiery Dance|p2a: Tornadus
|-damage|p2a: Tornadus|25/100
|-boost|p1a: Gothmog|spa|1
|move|p2a: Tornadus|Bleakwind Storm|p1a: Gothmog
|-damage|p1a: Gothmog|63/100
|
|-weather|Snowscape|[upkeep]
|upkeep
|turn|36
|
|t:|1757950500
|move|p1a: Gothmog|Fiery Dance|p2a: Tornadus
|-damage|p2a: Tornadus|0 fnt
|-boost|p1a: Gothmog|spa|1
|faint|p2a: Tornadus
|
|-weather|Snowscape|[upkeep]
|upkeep
|
|t:|1757950503
|switch|p2a: Keldeo|Keldeo-Resolute|100/100
|turn|37
|
|t:|1757950514
|-terastallize|p1a: Gothmog|Grass
|move|p1a: Gothmog|Energy Ball|p2a: Keldeo
|-supereffective|p2a: Keldeo
|-damage|p2a: Keldeo|0 fnt
|faint|p2a: Keldeo
|
|win|Nikator98
|raw|Nikator98's rating: 1557 &rarr; <strong>1579</strong><br />(+22 for winning)
|raw|3idk's rating: 1592 &rarr; <strong>1570</strong><br />(-22 for losing)
|l|☆3idk
|player|p2|
|l|☆Nikator98
|player|p1|
|j|☆Nikator98
|player|p1|Nikator98|giovanni|
