|j|☆Hyjack
|j|☆Holy Miasma
|t:|1757919077
|gametype|singles
|player|p1|Hyjack|cynthia-gen4|1324
|player|p2|Holy Miasma|policeman-gen4|1246
|gen|9
|tier|[Gen 9] OU
|rated|
|rule|HP Percentage Mod: HP is shown in percentages
|rule|Endless Battle Clause: Forcing endless battles is banned
|rule|Species Clause: Limit one of each Pokémon
|rule|OHKO Clause: OHKO moves are banned
|rule|Evasion Items Clause: Evasion items are banned
|rule|Evasion Moves Clause: Evasion moves are banned
|rule|Evasion Abilities Clause: Evasion abilities are banned
|rule|Sleep Moves Clause: Sleep-inducing moves are banned
|clearpoke
|poke|p1|Hydrapple, F|
|poke|p1|Primarina, M|
|poke|p1|Heatran, M|
|poke|p1|Thundurus, M|
|poke|p1|Great Tusk|
|poke|p1|Scizor, F|
|poke|p2|Bellibolt, F|
|poke|p2|Hatterene, F|
|poke|p2|Latias, F|
|poke|p2|Meowscarada, F|
|poke|p2|Grimmsnarl, M|
|poke|p2|Kingambit, F|
|teampreview
|inactive|Battle timer is ON: inactive players will automatically lose when time's up. (requested by Holy Miasma)
|
|t:|1757919086
|teamsize|p1|6
|teamsize|p2|6
|start
|switch|p1a: Heatran|Heatran, M|100/100
|switch|p2a: Grimmsnarl|Grimmsnarl, M|100/100
|turn|1
|
|t:|1757919091
|move|p2a: Grimmsnarl|Light Screen|p2a: Grimmsnarl
|-sidestart|p2: Holy Miasma|move: Light Screen
|move|p1a: Heatran|Taunt|p2a: Grimmsnarl
|-start|p2a: Grimmsnarl|move: Taunt
|
|upkeep
|turn|2
|
|t:|1757919098
|move|p1a: Heatran|Magma Storm|p2a: Grimmsnarl|[miss]
|-miss|p1a: Heatran|p2a: Grimmsnarl
|move|p2a: Grimmsnarl|Spirit Break|p1a: Heatran
|-resisted|p1a: Heatran
|-damage|p1a: Heatran|93/100
|-unboost|p1a: Heatran|spa|1
|
|-heal|p1a: Heatran|99/100|[from] item: Leftovers
|upkeep
|turn|3
|
|t:|1757919110
|switch|p2a: Bellibolt|Bellibolt, F|100/100
|move|p1a: Heatran|Magma Storm|p2a: Bellibolt|[miss]
|-miss|p1a: Heatran|p2a: Bellibolt
|
|-heal|p1a: Heatran|100/100|[from] item: Leftovers
|upkeep
|turn|4
|
|t:|1757919119
|move|p1a: Heatran|Stealth Rock|p2a: Bellibolt
|-sidestart|p2: Holy Miasma|move: Stealth Rock
|move|p2a: Bellibolt|Soak|p1a: Heatran
|-start|p1a: Heatran|typechange|Water
|
|upkeep
|turn|5
|
|t:|1757919127
|switch|p1a: Great Tusk|Great Tusk|100/100
|move|p2a: Bellibolt|Toxic|p1a: Great Tusk
|-status|p1a: Great Tusk|tox
|
|-damage|p1a: Great Tusk|94/100 tox|[from] psn
|upkeep
|turn|6
|
|t:|1757919141
|switch|p2a: Grimmsnarl|Grimmsnarl, M|100/100
|-damage|p2a: Grimmsnarl|88/100|[from] Stealth Rock
|move|p1a: Great Tusk|Headlong Rush|p2a: Grimmsnarl
|-damage|p2a: Grimmsnarl|24/100
|-unboost|p1a: Great Tusk|def|1
|-unboost|p1a: Great Tusk|spd|1
|
|-damage|p1a: Great Tusk|82/100 tox|[from] psn
|upkeep
|turn|7
|
|t:|1757919154
|-end|p1a: Great Tusk|Protosynthesis|[silent]
|switch|p1a: Scizor|Scizor, F|100/100
|move|p2a: Grimmsnarl|Reflect|p2a: Grimmsnarl
|-sidestart|p2: Holy Miasma|Reflect
|
|upkeep
|turn|8
|
|t:|1757919159
|move|p2a: Grimmsnarl|Parting Shot|p1a: Scizor
|-unboost|p1a: Scizor|atk|1
|-unboost|p1a: Scizor|spa|1
|
|t:|1757919165
|switch|p2a: Bellibolt|Bellibolt, F|100/100|[from] Parting Shot
|-damage|p2a: Bellibolt|88/100|[from] Stealth Rock
|move|p1a: Scizor|U-turn|p2a: Bellibolt
|-crit|p2a: Bellibolt
|-damage|p2a: Bellibolt|16/100
|-start|p2a: Bellibolt|Charge|U-turn|[from] ability: Electromorphosis
|
|t:|1757919174
|switch|p1a: Heatran|Heatran, M|100/100|[from] U-turn
|
|-sideend|p2: Holy Miasma|move: Light Screen
|upkeep
|turn|9
|
|t:|1757919184
|move|p1a: Heatran|Earth Power|p2a: Bellibolt
|-supereffective|p2a: Bellibolt
|-damage|p2a: Bellibolt|0 fnt
|faint|p2a: Bellibolt
|
|upkeep
|
|t:|1757919190
|switch|p2a: Latias|Latias, F|100/100
|-damage|p2a: Latias|88/100|[from] Stealth Rock
|turn|10
|
|t:|1757919196
|move|p2a: Latias|Agility|p2a: Latias
|-boost|p2a: Latias|spe|2
|move|p1a: Heatran|Taunt|p2a: Latias
|-start|p2a: Latias|move: Taunt
|
|upkeep
|turn|11
|
|t:|1757919217
|switch|p2a: Hatterene|Hatterene, F|100/100
|-damage|p2a: Hatterene|88/100|[from] Stealth Rock
|switch|p1a: Primarina|Primarina, M|100/100
|
|upkeep
|turn|12
|
|t:|1757919228
|move|p1a: Primarina|Whirlpool|p2a: Hatterene
|-damage|p2a: Hatterene|69/100
|-activate|p2a: Hatterene|move: Whirlpool|[of] p1a: Primarina
|move|p2a: Hatterene|Trick Room|p2a: Hatterene
|-fieldstart|move: Trick Room|[of] p2a: Hatterene
|
|-damage|p2a: Hatterene|57/100|[from] move: Whirlpool|[partiallytrapped]
|upkeep
|turn|13
|
|t:|1757919240
|move|p2a: Hatterene|Psychic|p1a: Primarina
|-damage|p1a: Primarina|70/100
|move|p1a: Primarina|Psychic Noise|p2a: Hatterene
|-damage|p2a: Hatterene|11/100
|-start|p2a: Hatterene|move: Heal Block
|
|-damage|p2a: Hatterene|0 fnt|[from] move: Whirlpool|[partiallytrapped]
|faint|p2a: Hatterene
|upkeep
|
|t:|1757919249
|switch|p2a: Kingambit|Kingambit, F|100/100
|-damage|p2a: Kingambit|94/100|[from] Stealth Rock
|turn|14
|-activate|p2a: Kingambit|item: Quick Claw
|
|t:|1757919253
|switch|p1a: Great Tusk|Great Tusk|82/100 tox
|move|p2a: Kingambit|Iron Head|p1a: Great Tusk
|-damage|p1a: Great Tusk|50/100 tox
|
|-damage|p1a: Great Tusk|43/100 tox|[from] psn
|-sideend|p2: Holy Miasma|Reflect
|upkeep
|turn|15
|
|t:|1757919263
|-terastallize|p2a: Kingambit|Ghost
|move|p2a: Kingambit|Swords Dance|p2a: Kingambit
|-boost|p2a: Kingambit|atk|2
|move|p1a: Great Tusk|Headlong Rush|p2a: Kingambit
|-damage|p2a: Kingambit|50/100
|-unboost|p1a: Great Tusk|def|1
|-unboost|p1a: Great Tusk|spd|1
|
|-damage|p1a: Great Tusk|31/100 tox|[from] psn
|upkeep
|turn|16
|
|t:|1757919286
|move|p2a: Kingambit|Low Kick|p1a: Great Tusk
|-damage|p1a: Great Tusk|0 fnt
|faint|p1a: Great Tusk
|-end|p1a: Great Tusk|Protosynthesis|[silent]
|
|-fieldend|move: Trick Room
|upkeep
|
|t:|1757919293
|switch|p1a: Scizor|Scizor, F|100/100
|turn|17
|-activate|p2a: Kingambit|item: Quick Claw
|
|t:|1757919302
|move|p2a: Kingambit|Iron Head|p1a: Scizor
|-resisted|p1a: Scizor
|-damage|p1a: Scizor|47/100
|cant|p1a: Scizor|flinch
|
|upkeep
|turn|18
|
|t:|1757919311
|move|p1a: Scizor|Bullet Punch|p2a: Kingambit
|-damage|p2a: Kingambit|10/100
|move|p2a: Kingambit|Iron Head|p1a: Scizor
|-resisted|p1a: Scizor
|-damage|p1a: Scizor|0 fnt
|faint|p1a: Scizor
|
|upkeep
|
|t:|1757919317
|switch|p1a: Thundurus|Thundurus, M|100/100
|turn|19
|
|t:|1757919322
|move|p1a: Thundurus|Thunder Wave|p2a: Kingambit
|-status|p2a: Kingambit|par
|cant|p2a: Kingambit|par
|
|upkeep
|turn|20
|
|t:|1757919330
|move|p1a: Thundurus|Knock Off|p2a: Kingambit
|-supereffective|p2a: Kingambit
|-damage|p2a: Kingambit|0 fnt
|-enditem|p2a: Kingambit|Quick Claw|[from] move: Knock Off|[of] p1a: Thundurus
|faint|p2a: Kingambit
|
|upkeep
|
|t:|1757919338
|switch|p2a: Latias|Latias, F|88/100
|-damage|p2a: Latias|76/100|[from] Stealth Rock
|turn|21
|
|t:|1757919348
|move|p1a: Thundurus|Knock Off|p2a: Latias
|-supereffective|p2a: Latias
|-damage|p2a: Latias|0 fnt
|-enditem|p2a: Latias|Weakness Policy|[from] move: Knock Off|[of] p1a: Thundurus
|faint|p2a: Latias
|
|upkeep
|
|t:|1757919356
|switch|p2a: Meowscarada|Meowscarada, F|100/100
|-damage|p2a: Meowscarada|88/100|[from] Stealth Rock
|turn|22
|
|t:|1757919369
|switch|p1a: Heatran|Heatran, M|100/100
|move|p2a: Meowscarada|Knock Off|p1a: Heatran
|-start|p2a: Meowscarada|typechange|Dark|[from] ability: Protean
|-damage|p1a: Heatran|27/100
|-enditem|p1a: Heatran|Leftovers|[from] move: Knock Off|[of] p2a: Meowscarada
|
|upkeep
|turn|23
|
|t:|1757919380
|move|p2a: Meowscarada|Knock Off|p1a: Heatran
|-damage|p1a: Heatran|0 fnt
|faint|p1a: Heatran
|
|upkeep
|
|t:|1757919383
|switch|p1a: Primarina|Primarina, M|70/100
|turn|24
|
|t:|1757919387
|switch|p2a: Grimmsnarl|Grimmsnarl, M|24/100
|-damage|p2a: Grimmsnarl|12/100|[from] Stealth Rock
|move|p1a: Primarina|Moonblast|p2a: Grimmsnarl
|-supereffective|p2a: Grimmsnarl
|-damage|p2a: Grimmsnarl|0 fnt
|faint|p2a: Grimmsnarl
|
|upkeep
|
|t:|1757919394
|switch|p2a: Meowscarada|Meowscarada, F|88/100
|-damage|p2a: Meowscarada|76/100|[from] Stealth Rock
|turn|25
|inactive|Holy Miasma has 120 seconds left.
|
|t:|1757919426
|move|p2a: Meowscarada|Play Rough|p1a: Primarina
|-start|p2a: Meowscarada|typechange|Fairy|[from] ability: Protean
|-damage|p1a: Primarina|0 fnt
|faint|p1a: Primarina
|
|upkeep
|
|t:|1757919431
|switch|p1a: Hydrapple|Hydrapple, F|100/100
|turn|26
|
|t:|1757919433
|-terastallize|p1a: Hydrapple|Steel
|move|p2a: Meowscarada|Play Rough|p1a: Hydrapple
|-resisted|p1a: Hydrapple
|-damage|p1a: Hydrapple|80/100
|move|p1a: Hydrapple|Gyro Ball|p2a: Meowscarada
|-supereffective|p2a: Meowscarada
|-damage|p2a: Meowscarada|0 fnt
|faint|p2a: Meowscarada
|
|win|Hyjack
|raw|Hyjack's rating: 1324 &rarr; <strong>1340</strong><br />(+16 for winning)
|raw|Holy Miasma's rating: 1246 &rarr; <strong>1227</strong><br />(-19 for losing)
|l|☆Hyjack
|player|p1|
|l|☆Holy Miasma
|player|p2|
