|j|☆yeyibu
|j|☆gigatripathy
|t:|1757855869
|gametype|singles
|player|p1|yeyibu|miku-ghost|1347
|player|p2|gigatripathy|170|1390
|gen|9
|tier|[Gen 9] OU
|rated|
|rule|HP Percentage Mod: HP is shown in percentages
|rule|Endless Battle Clause: Forcing endless battles is banned
|rule|Species Clause: Limit one of each Pokémon
|rule|OHKO Clause: OHKO moves are banned
|rule|Evasion Items Clause: Evasion items are banned
|rule|Evasion Moves Clause: Evasion moves are banned
|rule|Evasion Abilities Clause: Evasion abilities are banned
|rule|Sleep Moves Clause: Sleep-inducing moves are banned
|clearpoke
|poke|p1|Landorus-Therian, M|
|poke|p1|Cinderace, F|
|poke|p1|Alomomola, M|
|poke|p1|Zapdos|
|poke|p1|Slowking-Galar, F|
|poke|p1|Iron Valiant|
|poke|p2|Great Tusk|
|poke|p2|Galvantula, M|
|poke|p2|Kingambit, M|
|poke|p2|Serperior, M|
|poke|p2|Dragapult, M|
|poke|p2|Pelipper, M|
|teampreview
|inactive|Battle timer is ON: inactive players will automatically lose when time's up. (requested by gigatripathy)
|
|t:|1757855896
|teamsize|p1|6
|teamsize|p2|6
|start
|switch|p1a: Landorus|Landorus-Therian, M|100/100
|switch|p2a: Miles Morales|Galvantula, M, shiny|100/100
|-ability|p1a: Landorus|Intimidate|boost
|-unboost|p2a: Miles Morales|atk|1
|turn|1
|
|t:|1757855902
|move|p1a: Landorus|U-turn|p2a: Miles Morales
|-damage|p2a: Miles Morales|64/100
|
|t:|1757855918
|switch|p1a: Cinderace|Cinderace, F|100/100|[from] U-turn
|move|p2a: Miles Morales|Sticky Web|p1a: Cinderace
|-sidestart|p1: yeyibu|move: Sticky Web
|
|upkeep
|turn|2
|
|t:|1757855922
|move|p1a: Cinderace|Court Change|p1a: Cinderace
|-swapsideconditions
|-activate|p1a: Cinderace|move: Court Change
|move|p2a: Miles Morales|Thunder Wave|p1a: Cinderace
|-status|p1a: Cinderace|par
|
|upkeep
|turn|3
|
|t:|1757855940
|move|p2a: Miles Morales|Sticky Web|p1a: Cinderace
|-sidestart|p1: yeyibu|move: Sticky Web
|move|p1a: Cinderace|Pyro Ball|p2a: Miles Morales
|-supereffective|p2a: Miles Morales
|-damage|p2a: Miles Morales|0 fnt
|faint|p2a: Miles Morales
|
|upkeep
|
|t:|1757855969
|switch|p2a: Nagini|Serperior, M, shiny|100/100
|-activate|p2a: Nagini|move: Sticky Web
|-boost|p2a: Nagini|spe|1
|turn|4
|
|t:|1757855980
|move|p2a: Nagini|Substitute|p2a: Nagini
|-start|p2a: Nagini|Substitute
|-damage|p2a: Nagini|76/100
|move|p1a: Cinderace|Pyro Ball|p2a: Nagini
|-supereffective|p2a: Nagini
|-end|p2a: Nagini|Substitute
|
|-heal|p2a: Nagini|82/100|[from] item: Leftovers
|upkeep
|turn|5
|
|t:|1757855987
|move|p2a: Nagini|Substitute|p2a: Nagini
|-start|p2a: Nagini|Substitute
|-damage|p2a: Nagini|57/100
|move|p1a: Cinderace|Pyro Ball|p2a: Nagini
|-supereffective|p2a: Nagini
|-end|p2a: Nagini|Substitute
|
|-heal|p2a: Nagini|63/100|[from] item: Leftovers
|upkeep
|turn|6
|
|t:|1757855995
|move|p2a: Nagini|Substitute|p2a: Nagini
|-start|p2a: Nagini|Substitute
|-damage|p2a: Nagini|39/100
|cant|p1a: Cinderace|par
|
|-heal|p2a: Nagini|45/100|[from] item: Leftovers
|upkeep
|turn|7
|
|t:|1757856002
|move|p2a: Nagini|Leaf Storm|p1a: Cinderace
|-resisted|p1a: Cinderace
|-damage|p1a: Cinderace|77/100 par
|-boost|p2a: Nagini|spa|2
|move|p1a: Cinderace|U-turn|p2a: Nagini
|-supereffective|p2a: Nagini
|-end|p2a: Nagini|Substitute
|
|t:|1757856012
|switch|p1a: Zapdos|Zapdos|100/100|[from] U-turn
|
|-heal|p2a: Nagini|51/100|[from] item: Leftovers
|upkeep
|turn|8
|
|t:|1757856025
|-terastallize|p2a: Nagini|Dragon
|move|p2a: Nagini|Leaf Storm|p1a: Zapdos
|-resisted|p1a: Zapdos
|-crit|p1a: Zapdos
|-damage|p1a: Zapdos|42/100
|-boost|p2a: Nagini|spa|2
|move|p1a: Zapdos|Hurricane|p2a: Nagini
|-damage|p2a: Nagini|4/100
|-start|p2a: Nagini|confusion
|
|-heal|p2a: Nagini|10/100|[from] item: Leftovers
|upkeep
|turn|9
|
|t:|1757856035
|-activate|p2a: Nagini|confusion
|move|p2a: Nagini|Leaf Storm|p1a: Zapdos
|-resisted|p1a: Zapdos
|-damage|p1a: Zapdos|0 fnt
|-boost|p2a: Nagini|spa|2
|faint|p1a: Zapdos
|
|-heal|p2a: Nagini|17/100|[from] item: Leftovers
|upkeep
|
|t:|1757856040
|switch|p1a: Landorus|Landorus-Therian, M|100/100
|-ability|p1a: Landorus|Intimidate|boost
|-boost|p2a: Nagini|atk|1
|turn|10
|
|t:|1757856047
|-terastallize|p1a: Landorus|Flying
|-end|p2a: Nagini|confusion
|move|p2a: Nagini|Leaf Storm|p1a: Landorus
|-resisted|p1a: Landorus
|-damage|p1a: Landorus|0 fnt
|faint|p1a: Landorus
|
|-heal|p2a: Nagini|23/100|[from] item: Leftovers
|upkeep
|-message|yeyibu forfeited.
|
|win|gigatripathy
|raw|yeyibu's rating: 1370 &rarr; <strong>1351</strong><br />(-19 for losing)
|raw|gigatripathy's rating: 1390 &rarr; <strong>1409</strong><br />(+19 for winning)
|l|☆yeyibu
|player|p1|
|l|☆gigatripathy
|player|p2|
