|j|☆mathismathin
|j|☆hina210
|t:|1757906761
|gametype|singles
|player|p1|mathismathin|hilbert|1460
|player|p2|hina210|lady-gen4|1465
|gen|9
|tier|[Gen 9] OU
|rated|
|rule|HP Percentage Mod: HP is shown in percentages
|rule|Endless Battle Clause: Forcing endless battles is banned
|rule|Species Clause: Limit one of each Pokémon
|rule|OHKO Clause: OHKO moves are banned
|rule|Evasion Items Clause: Evasion items are banned
|rule|Evasion Moves Clause: Evasion moves are banned
|rule|Evasion Abilities Clause: Evasion abilities are banned
|rule|Sleep Moves Clause: Sleep-inducing moves are banned
|clearpoke
|poke|p1|Dusknoir, F|
|poke|p1|Blissey, F|
|poke|p1|Infernape, F|
|poke|p1|Tornadus-Therian, M|
|poke|p1|Slowbro, M|
|poke|p1|Lilligant-Hisui, F|
|poke|p2|Glimmora, M|
|poke|p2|Iron Treads|
|poke|p2|Polteageist-Antique|
|poke|p2|Raging Bolt|
|poke|p2|Dragonite, F|
|poke|p2|Zamazenta-*|
|teampreview
|inactive|Battle timer is ON: inactive players will automatically lose when time's up. (requested by hina210)
|
|t:|1757906781
|teamsize|p1|6
|teamsize|p2|6
|start
|switch|p1a: Slowbro|Slowbro, M|100/100
|switch|p2a: Iron Treads|Iron Treads|100/100
|-enditem|p2a: Iron Treads|Booster Energy
|-activate|p2a: Iron Treads|ability: Quark Drive|[fromitem]
|-start|p2a: Iron Treads|quarkdrivespe
|turn|1
|
|t:|1757906786
|move|p2a: Iron Treads|Stealth Rock|p1a: Slowbro
|-sidestart|p1: mathismathin|move: Stealth Rock
|move|p1a: Slowbro|Scald|p2a: Iron Treads
|-supereffective|p2a: Iron Treads
|-damage|p2a: Iron Treads|39/100
|
|upkeep
|turn|2
|
|t:|1757906804
|-end|p2a: Iron Treads|Quark Drive|[silent]
|switch|p2a: Raging Bolt|Raging Bolt|100/100
|-enditem|p2a: Raging Bolt|Booster Energy
|-activate|p2a: Raging Bolt|ability: Protosynthesis|[fromitem]
|-start|p2a: Raging Bolt|protosynthesisspa
|move|p1a: Slowbro|Scald|p2a: Raging Bolt
|-resisted|p2a: Raging Bolt
|-crit|p2a: Raging Bolt
|-damage|p2a: Raging Bolt|80/100
|-status|p2a: Raging Bolt|brn
|
|-damage|p2a: Raging Bolt|74/100 brn|[from] brn
|upkeep
|turn|3
|inactive|hina210 has 120 seconds left.
|
|t:|1757906831
|switch|p1a: Blissey|Blissey, F|100/100
|move|p2a: Raging Bolt|Calm Mind|p2a: Raging Bolt
|-boost|p2a: Raging Bolt|spa|1
|-boost|p2a: Raging Bolt|spd|1
|
|-damage|p2a: Raging Bolt|68/100 brn|[from] brn
|upkeep
|turn|4
|
|t:|1757906833
|move|p2a: Raging Bolt|Calm Mind|p2a: Raging Bolt
|-boost|p2a: Raging Bolt|spa|1
|-boost|p2a: Raging Bolt|spd|1
|move|p1a: Blissey|Calm Mind|p1a: Blissey
|-boost|p1a: Blissey|spa|1
|-boost|p1a: Blissey|spd|1
|
|-damage|p2a: Raging Bolt|62/100 brn|[from] brn
|upkeep
|turn|5
|
|t:|1757906836
|move|p2a: Raging Bolt|Thunderbolt|p1a: Blissey
|-damage|p1a: Blissey|73/100
|-status|p1a: Blissey|par
|move|p1a: Blissey|Calm Mind|p1a: Blissey
|-boost|p1a: Blissey|spa|1
|-boost|p1a: Blissey|spd|1
|
|-damage|p2a: Raging Bolt|56/100 brn|[from] brn
|upkeep
|turn|6
|
|t:|1757906845
|-end|p2a: Raging Bolt|Protosynthesis|[silent]
|switch|p2a: 快龙一定要快|Dragonite, F|100/100
|cant|p1a: Blissey|par
|
|upkeep
|turn|7
|
|t:|1757906851
|-curestatus|p1a: Blissey|par|[from] ability: Natural Cure
|switch|p1a: Slowbro|Slowbro, M|100/100
|-damage|p1a: Slowbro|88/100|[from] Stealth Rock
|-terastallize|p2a: 快龙一定要快|Normal
|move|p2a: 快龙一定要快|Extreme Speed|p1a: Slowbro
|-damage|p1a: Slowbro|47/100
|-damage|p2a: 快龙一定要快|84/100|[from] item: Rocky Helmet|[of] p1a: Slowbro
|
|upkeep
|turn|8
|
|t:|1757906861
|switch|p2a: Iron Treads|Iron Treads|39/100
|move|p1a: Slowbro|Slack Off|p1a: Slowbro
|-heal|p1a: Slowbro|97/100
|
|upkeep
|turn|9
|
|t:|1757906871
|move|p2a: Iron Treads|Knock Off|p1a: Slowbro
|-supereffective|p1a: Slowbro
|-damage|p1a: Slowbro|70/100
|-damage|p2a: Iron Treads|22/100|[from] item: Rocky Helmet|[of] p1a: Slowbro
|-enditem|p1a: Slowbro|Rocky Helmet|[from] move: Knock Off|[of] p2a: Iron Treads
|move|p1a: Slowbro|Scald|p2a: Iron Treads
|-supereffective|p2a: Iron Treads
|-damage|p2a: Iron Treads|0 fnt
|faint|p2a: Iron Treads
|-end|p2a: Iron Treads|Quark Drive|[silent]
|
|upkeep
|
|t:|1757906880
|switch|p2a: Polteageist|Polteageist-Antique|100/100
|turn|10
|
|t:|1757906904
|move|p2a: Polteageist|Shadow Ball|p1a: Slowbro
|-supereffective|p1a: Slowbro
|-damage|p1a: Slowbro|0 fnt
|faint|p1a: Slowbro
|
|upkeep
|
|t:|1757906907
|switch|p1a: Tornadus|Tornadus-Therian, M|100/100
|turn|11
|
|t:|1757906912
|move|p1a: Tornadus|Knock Off|p2a: Polteageist
|-supereffective|p2a: Polteageist
|-damage|p2a: Polteageist|25/100
|-ability|p2a: Polteageist|Weak Armor|boost
|-unboost|p2a: Polteageist|def|1
|-boost|p2a: Polteageist|spe|2
|-enditem|p2a: Polteageist|Focus Sash|[from] move: Knock Off|[of] p1a: Tornadus
|move|p2a: Polteageist|Shell Smash|p2a: Polteageist
|-unboost|p2a: Polteageist|def|1
|-unboost|p2a: Polteageist|spd|1
|-boost|p2a: Polteageist|atk|2
|-boost|p2a: Polteageist|spa|2
|-boost|p2a: Polteageist|spe|2
|
|upkeep
|turn|12
|
|t:|1757906918
|-terastallize|p1a: Tornadus|Dark
|move|p2a: Polteageist|Stored Power|p1a: Tornadus
|-immune|p1a: Tornadus
|move|p1a: Tornadus|Knock Off|p2a: Polteageist
|-supereffective|p2a: Polteageist
|-damage|p2a: Polteageist|0 fnt
|faint|p2a: Polteageist
|
|upkeep
|
|t:|1757906929
|switch|p2a: Raging Bolt|Raging Bolt|56/100 brn
|turn|13
|
|t:|1757906946
|move|p1a: Tornadus|U-turn|p2a: Raging Bolt
|-damage|p2a: Raging Bolt|43/100 brn
|
|t:|1757906948
|switch|p1a: Blissey|Blissey, F|73/100|[from] U-turn
|move|p2a: Raging Bolt|Thunderbolt|p1a: Blissey
|-damage|p1a: Blissey|56/100
|
|-damage|p2a: Raging Bolt|37/100 brn|[from] brn
|upkeep
|turn|14
|
|t:|1757906960
|-end|p2a: Raging Bolt|Protosynthesis|[silent]
|switch|p2a: 快龙一定要快|Dragonite, F, tera:Normal|84/100
|move|p1a: Blissey|Metronome|p1a: Blissey
|move|p1a: Blissey|Air Slash|p2a: 快龙一定要快|[from] move: Metronome
|-damage|p2a: 快龙一定要快|73/100
|
|upkeep
|turn|15
|inactive|mathismathin has 120 seconds left.
|
|t:|1757907011
|switch|p1a: Tornadus|Tornadus-Therian, M, tera:Dark|100/100
|move|p2a: 快龙一定要快|Earthquake|p1a: Tornadus
|-damage|p1a: Tornadus|39/100
|
|upkeep
|turn|16
|
|t:|1757907020
|switch|p2a: Zamazenta|Zamazenta|100/100
|-ability|p2a: Zamazenta|Dauntless Shield|boost
|-boost|p2a: Zamazenta|def|1
|move|p1a: Tornadus|U-turn|p2a: Zamazenta
|-resisted|p2a: Zamazenta
|-damage|p2a: Zamazenta|97/100
|
|t:|1757907040
|switch|p1a: Infernape|Infernape, F|100/100|[from] U-turn
|-damage|p1a: Infernape|88/100|[from] Stealth Rock
|
|-heal|p2a: Zamazenta|100/100|[from] item: Leftovers
|upkeep
|turn|17
|
|t:|1757907044
|move|p2a: Zamazenta|Body Press|p1a: Infernape
|-damage|p1a: Infernape|36/100
|-damage|p2a: Zamazenta|84/100|[from] item: Rocky Helmet|[of] p1a: Infernape
|move|p1a: Infernape|Encore|p2a: Zamazenta
|-start|p2a: Zamazenta|Encore
|
|-heal|p2a: Zamazenta|90/100|[from] item: Leftovers
|upkeep
|turn|18
|
|t:|1757907051
|switch|p1a: Dusknoir|Dusknoir, F|100/100
|-damage|p1a: Dusknoir|88/100|[from] Stealth Rock
|-ability|p1a: Dusknoir|Pressure
|move|p2a: Zamazenta|Body Press|p1a: Dusknoir
|-immune|p1a: Dusknoir
|
|-heal|p2a: Zamazenta|97/100|[from] item: Leftovers
|-heal|p1a: Dusknoir|94/100|[from] item: Leftovers
|upkeep
|turn|19
|
|t:|1757907055
|switch|p2a: Raging Bolt|Raging Bolt|37/100 brn
|move|p1a: Dusknoir|Metronome|p1a: Dusknoir
|move|p1a: Dusknoir|Sucker Punch||[from] move: Metronome|[still]
|-fail|p1a: Dusknoir
|
|-heal|p1a: Dusknoir|100/100|[from] item: Leftovers
|-damage|p2a: Raging Bolt|30/100 brn|[from] brn
|upkeep
|turn|20
|
|t:|1757907064
|-end|p2a: Raging Bolt|Protosynthesis|[silent]
|switch|p2a: 快龙一定要快|Dragonite, F, tera:Normal|73/100
|switch|p1a: Blissey|Blissey, F|56/100
|
|upkeep
|turn|21
|inactive|mathismathin has 120 seconds left.
|
|t:|1757907110
|switch|p1a: Dusknoir|Dusknoir, F|100/100
|-damage|p1a: Dusknoir|88/100|[from] Stealth Rock
|-ability|p1a: Dusknoir|Pressure
|move|p2a: 快龙一定要快|Extreme Speed|p1a: Dusknoir
|-immune|p1a: Dusknoir
|
|-heal|p1a: Dusknoir|94/100|[from] item: Leftovers
|upkeep
|turn|22
|
|t:|1757907118
|switch|p2a: Glimmora|Glimmora, M|100/100
|-singleturn|p1a: Dusknoir|move: Focus Punch
|move|p1a: Dusknoir|Focus Punch|p2a: Glimmora
|-damage|p2a: Glimmora|44/100
|-activate|p2a: Glimmora|ability: Toxic Debris
|-sidestart|p1: mathismathin|move: Toxic Spikes
|
|-heal|p1a: Dusknoir|100/100|[from] item: Leftovers
|upkeep
|turn|23
|inactive|mathismathin has 90 seconds left.
|
|t:|1757907148
|move|p2a: Glimmora|Power Gem|p1a: Dusknoir
|-damage|p1a: Dusknoir|63/100
|move|p1a: Dusknoir|Metronome|p1a: Dusknoir
|move|p1a: Dusknoir|Heal Bell||[from] move: Metronome|[still]
|-activate|p1a: Dusknoir|move: Heal Bell
|-fail|p1a: Dusknoir
|
|-heal|p1a: Dusknoir|70/100|[from] item: Leftovers
|upkeep
|turn|24
|
|t:|1757907155
|move|p2a: Glimmora|Power Gem|p1a: Dusknoir
|-damage|p1a: Dusknoir|34/100
|move|p1a: Dusknoir|Poltergeist|p2a: Glimmora
|-activate|p2a: Glimmora|move: Poltergeist|Choice Scarf
|-damage|p2a: Glimmora|0 fnt
|-activate|p2a: Glimmora|ability: Toxic Debris
|-sidestart|p1: mathismathin|move: Toxic Spikes
|faint|p2a: Glimmora
|
|-heal|p1a: Dusknoir|40/100|[from] item: Leftovers
|upkeep
|
|t:|1757907165
|switch|p2a: 快龙一定要快|Dragonite, F, tera:Normal|73/100
|turn|25
|
|t:|1757907175
|move|p2a: 快龙一定要快|Earthquake|p1a: Dusknoir
|-damage|p1a: Dusknoir|0 fnt
|faint|p1a: Dusknoir
|
|upkeep
|
|t:|1757907178
|switch|p1a: Lilligant|Lilligant-Hisui, F|100/100
|turn|26
|
|t:|1757907183
|switch|p2a: Zamazenta|Zamazenta|97/100
|move|p1a: Lilligant|Defog|p2a: Zamazenta
|-unboost|p2a: Zamazenta|evasion|1
|-sideend|p1: mathismathin|Toxic Spikes|[from] move: Defog|[of] p1a: Lilligant
|-sideend|p1: mathismathin|Stealth Rock|[from] move: Defog|[of] p1a: Lilligant
|
|-heal|p2a: Zamazenta|100/100|[from] item: Leftovers
|upkeep
|turn|27
|
|t:|1757907188
|move|p2a: Zamazenta|Iron Defense|p2a: Zamazenta
|-boost|p2a: Zamazenta|def|2
|move|p1a: Lilligant|Metronome|p1a: Lilligant
|move|p1a: Lilligant|Play Nice|p2a: Zamazenta|[from] move: Metronome
|-unboost|p2a: Zamazenta|atk|1
|
|upkeep
|turn|28
|
|t:|1757907191
|move|p2a: Zamazenta|Iron Defense|p2a: Zamazenta
|-boost|p2a: Zamazenta|def|2
|move|p1a: Lilligant|Metronome|p1a: Lilligant
|move|p1a: Lilligant|Syrup Bomb|p2a: Zamazenta|[from] move: Metronome
|-damage|p2a: Zamazenta|91/100
|-start|p2a: Zamazenta|Syrup Bomb
|
|-heal|p2a: Zamazenta|97/100|[from] item: Leftovers
|-unboost|p2a: Zamazenta|spe|1
|upkeep
|turn|29
|
|t:|1757907198
|move|p1a: Lilligant|Metronome|p1a: Lilligant
|move|p1a: Lilligant|Water Gun|p2a: Zamazenta|[from] move: Metronome
|-damage|p2a: Zamazenta|93/100
|move|p2a: Zamazenta|Body Press|p1a: Lilligant
|-damage|p1a: Lilligant|0 fnt
|faint|p1a: Lilligant
|-end|p2a: Zamazenta|Syrup Bomb|[silent]
|
|-heal|p2a: Zamazenta|99/100|[from] item: Leftovers
|upkeep
|
|t:|1757907204
|switch|p1a: Tornadus|Tornadus-Therian, M, tera:Dark|73/100
|turn|30
|
|t:|1757907206
|move|p1a: Tornadus|Bleakwind Storm|p2a: Zamazenta
|-supereffective|p2a: Zamazenta
|-damage|p2a: Zamazenta|33/100
|move|p2a: Zamazenta|Body Press|p1a: Tornadus
|-supereffective|p1a: Tornadus
|-damage|p1a: Tornadus|0 fnt
|faint|p1a: Tornadus
|
|-heal|p2a: Zamazenta|39/100|[from] item: Leftovers
|upkeep
|inactive|mathismathin has 120 seconds left.
|
|t:|1757907236
|switch|p1a: Infernape|Infernape, F|36/100
|turn|31
|
|t:|1757907240
|move|p2a: Zamazenta|Body Press|p1a: Infernape
|-damage|p1a: Infernape|0 fnt
|-damage|p2a: Zamazenta|23/100|[from] item: Rocky Helmet|[of] p1a: Infernape
|faint|p1a: Infernape
|
|-heal|p2a: Zamazenta|29/100|[from] item: Leftovers
|upkeep
|-message|mathismathin forfeited.
|
|win|hina210
|raw|mathismathin's rating: 1439 &rarr; <strong>1420</strong><br />(-19 for losing)
|raw|hina210's rating: 1465 &rarr; <strong>1484</strong><br />(+19 for winning)
|l|☆mathismathin
|player|p1|
|l|☆hina210
|player|p2|
