|j|☆spreadcrosser
|j|☆hennyhardaway1
|t:|1757826377
|gametype|singles
|player|p1|spreadcrosser|101|1310
|player|p2|hennyhardaway1|lucian|1285
|gen|9
|tier|[Gen 9] OU
|rated|
|rule|HP Percentage Mod: HP is shown in percentages
|rule|Endless Battle Clause: Forcing endless battles is banned
|rule|Species Clause: Limit one of each Pokémon
|rule|OHKO Clause: OHKO moves are banned
|rule|Evasion Items Clause: Evasion items are banned
|rule|Evasion Moves Clause: Evasion moves are banned
|rule|Evasion Abilities Clause: Evasion abilities are banned
|rule|Sleep Moves Clause: Sleep-inducing moves are banned
|clearpoke
|poke|p1|Serperior, M|
|poke|p1|Kingambit, F|
|poke|p1|Excadrill, F|
|poke|p1|Iron Hands|
|poke|p1|Ceruledge, F|
|poke|p1|Raging Bolt|
|poke|p2|Darkrai|
|poke|p2|Garganacl, M|
|poke|p2|Corviknight, F|
|poke|p2|Zamazenta-*|
|poke|p2|Dragapult, F|
|poke|p2|Ting-Lu|
|teampreview
|inactive|Battle timer is ON: inactive players will automatically lose when time's up. (requested by spreadcrosser)
|
|t:|1757826381
|teamsize|p1|6
|teamsize|p2|6
|start
|switch|p1a: Iron Hands|Iron Hands|100/100
|switch|p2a: Darkrai|Darkrai|100/100
|-enditem|p1a: Iron Hands|Booster Energy
|-activate|p1a: Iron Hands|ability: Quark Drive|[fromitem]
|-start|p1a: Iron Hands|quarkdriveatk
|turn|1
|
|t:|1757826386
|move|p2a: Darkrai|Substitute|p2a: Darkrai
|-start|p2a: Darkrai|Substitute
|-damage|p2a: Darkrai|76/100
|move|p1a: Iron Hands|Supercell Slam|p2a: Darkrai
|-end|p2a: Darkrai|Substitute
|
|-heal|p2a: Darkrai|82/100|[from] item: Leftovers
|upkeep
|turn|2
|
|t:|1757826400
|switch|p2a: Ting-Lu|Ting-Lu|100/100
|-ability|p2a: Ting-Lu|Vessel of Ruin
|move|p1a: Iron Hands|Swords Dance|p1a: Iron Hands
|-boost|p1a: Iron Hands|atk|2
|
|upkeep
|turn|3
|
|t:|1757826419
|-terastallize|p1a: Iron Hands|Flying
|move|p1a: Iron Hands|Swords Dance|p1a: Iron Hands
|-boost|p1a: Iron Hands|atk|2
|move|p2a: Ting-Lu|Whirlwind|p1a: Iron Hands
|-end|p1a: Iron Hands|Quark Drive|[silent]
|drag|p1a: Ceruledge|Ceruledge, F|100/100
|
|upkeep
|turn|4
|
|t:|1757826428
|move|p1a: Ceruledge|Will-O-Wisp|p2a: Ting-Lu
|-status|p2a: Ting-Lu|brn
|move|p2a: Ting-Lu|Stealth Rock|p1a: Ceruledge
|-sidestart|p1: spreadcrosser|move: Stealth Rock
|
|-damage|p2a: Ting-Lu|94/100 brn|[from] brn
|upkeep
|turn|5
|
|t:|1757826431
|switch|p1a: Excadrill|Excadrill, F|100/100
|-damage|p1a: Excadrill|97/100|[from] Stealth Rock
|-ability|p1a: Excadrill|Mold Breaker
|move|p2a: Ting-Lu|Spikes|p1a: Excadrill
|-sidestart|p1: spreadcrosser|Spikes
|
|-heal|p2a: Ting-Lu|100/100 brn|[from] item: Leftovers
|-damage|p2a: Ting-Lu|94/100 brn|[from] brn
|upkeep
|turn|6
|
|t:|1757826436
|move|p1a: Excadrill|Rapid Spin|p2a: Ting-Lu
|-damage|p2a: Ting-Lu|87/100 brn
|-boost|p1a: Excadrill|spe|1
|-sideend|p1: spreadcrosser|Spikes|[from] move: Rapid Spin|[of] p1a: Excadrill
|-sideend|p1: spreadcrosser|Stealth Rock|[from] move: Rapid Spin|[of] p1a: Excadrill
|move|p2a: Ting-Lu|Earthquake|p1a: Excadrill
|-supereffective|p1a: Excadrill
|-damage|p1a: Excadrill|41/100
|
|-heal|p2a: Ting-Lu|93/100 brn|[from] item: Leftovers
|-damage|p2a: Ting-Lu|87/100 brn|[from] brn
|upkeep
|turn|7
|
|t:|1757826443
|move|p1a: Excadrill|Stealth Rock|p2a: Ting-Lu
|-sidestart|p2: hennyhardaway1|move: Stealth Rock
|move|p2a: Ting-Lu|Earthquake|p1a: Excadrill
|-supereffective|p1a: Excadrill
|-damage|p1a: Excadrill|0 fnt
|faint|p1a: Excadrill
|
|-heal|p2a: Ting-Lu|93/100 brn|[from] item: Leftovers
|-damage|p2a: Ting-Lu|87/100 brn|[from] brn
|upkeep
|
|t:|1757826446
|switch|p1a: Serperior|Serperior, M|100/100
|turn|8
|
|t:|1757826448
|move|p1a: Serperior|Leaf Storm|p2a: Ting-Lu
|-supereffective|p2a: Ting-Lu
|-damage|p2a: Ting-Lu|6/100 brn
|-boost|p1a: Serperior|spa|2
|-damage|p1a: Serperior|91/100|[from] item: Life Orb
|move|p2a: Ting-Lu|Whirlwind|p1a: Serperior
|drag|p1a: Raging Bolt|Raging Bolt|100/100
|
|-heal|p2a: Ting-Lu|13/100 brn|[from] item: Leftovers
|-damage|p2a: Ting-Lu|6/100 brn|[from] brn
|upkeep
|turn|9
|
|t:|1757826453
|move|p1a: Raging Bolt|Dragon Pulse|p2a: Ting-Lu
|-damage|p2a: Ting-Lu|0 fnt
|faint|p2a: Ting-Lu
|
|upkeep
|
|t:|1757826458
|switch|p2a: Dragapult|Dragapult, F, shiny|100/100
|-damage|p2a: Dragapult|88/100|[from] Stealth Rock
|turn|10
|
|t:|1757826466
|-end|p1a: Raging Bolt|Protosynthesis|[silent]
|switch|p1a: Kingambit|Kingambit, F|100/100
|-item|p1a: Kingambit|Air Balloon
|move|p2a: Dragapult|U-turn|p1a: Kingambit
|-damage|p1a: Kingambit|89/100
|-enditem|p1a: Kingambit|Air Balloon
|
|t:|1757826472
|switch|p2a: Darkrai|Darkrai|82/100|[from] U-turn
|-damage|p2a: Darkrai|69/100|[from] Stealth Rock
|
|-heal|p2a: Darkrai|75/100|[from] item: Leftovers
|upkeep
|turn|11
|
|t:|1757826476
|switch|p1a: Ceruledge|Ceruledge, F|100/100
|move|p2a: Darkrai|Substitute|p2a: Darkrai
|-start|p2a: Darkrai|Substitute
|-damage|p2a: Darkrai|50/100
|
|-heal|p2a: Darkrai|56/100|[from] item: Leftovers
|upkeep
|turn|12
|
|t:|1757826481
|move|p2a: Darkrai|Dark Pulse|p1a: Ceruledge
|-supereffective|p1a: Ceruledge
|-enditem|p1a: Ceruledge|Focus Sash
|-damage|p1a: Ceruledge|1/100
|move|p1a: Ceruledge|Bitter Blade|p2a: Darkrai
|-end|p2a: Darkrai|Substitute
|-heal|p1a: Ceruledge|13/100|[from] drain|[of] p2a: Darkrai
|
|-heal|p2a: Darkrai|62/100|[from] item: Leftovers
|upkeep
|turn|13
|
|t:|1757826489
|switch|p1a: Kingambit|Kingambit, F|89/100
|move|p2a: Darkrai|Dark Pulse|p1a: Kingambit
|-resisted|p1a: Kingambit
|-damage|p1a: Kingambit|70/100
|
|-heal|p2a: Darkrai|68/100|[from] item: Leftovers
|upkeep
|turn|14
|
|t:|1757826493
|move|p2a: Darkrai|Focus Blast|p1a: Kingambit
|-supereffective|p1a: Kingambit
|-damage|p1a: Kingambit|0 fnt
|faint|p1a: Kingambit
|
|-heal|p2a: Darkrai|75/100|[from] item: Leftovers
|upkeep
|
|t:|1757826496
|switch|p1a: Serperior|Serperior, M|91/100
|turn|15
|
|t:|1757826503
|move|p2a: Darkrai|Substitute|p2a: Darkrai
|-start|p2a: Darkrai|Substitute
|-damage|p2a: Darkrai|50/100
|move|p1a: Serperior|Leaf Storm|p2a: Darkrai
|-end|p2a: Darkrai|Substitute
|-boost|p1a: Serperior|spa|2
|-damage|p1a: Serperior|81/100|[from] item: Life Orb
|
|-heal|p2a: Darkrai|56/100|[from] item: Leftovers
|upkeep
|turn|16
|
|t:|1757826508
|move|p2a: Darkrai|Dark Pulse|p1a: Serperior
|-damage|p1a: Serperior|26/100
|move|p1a: Serperior|Glare|p2a: Darkrai
|-status|p2a: Darkrai|par
|
|-heal|p2a: Darkrai|62/100 par|[from] item: Leftovers
|upkeep
|turn|17
|
|t:|1757826513
|move|p1a: Serperior|Leaf Storm|p2a: Darkrai
|-damage|p2a: Darkrai|0 fnt
|-boost|p1a: Serperior|spa|2
|faint|p2a: Darkrai
|-damage|p1a: Serperior|16/100|[from] item: Life Orb
|
|upkeep
|
|t:|1757826518
|switch|p2a: Dragapult|Dragapult, F, shiny|88/100
|-damage|p2a: Dragapult|76/100|[from] Stealth Rock
|turn|18
|
|t:|1757826523
|switch|p1a: Ceruledge|Ceruledge, F|13/100
|move|p2a: Dragapult|U-turn|p1a: Ceruledge
|-resisted|p1a: Ceruledge
|-damage|p1a: Ceruledge|7/100
|-ability|p1a: Ceruledge|Weak Armor|boost
|-unboost|p1a: Ceruledge|def|1
|-boost|p1a: Ceruledge|spe|2
|
|t:|1757826535
|switch|p2a: Garganacl|Garganacl, M|100/100|[from] U-turn
|-damage|p2a: Garganacl|88/100|[from] Stealth Rock
|
|-heal|p2a: Garganacl|94/100|[from] item: Leftovers
|upkeep
|turn|19
|
|t:|1757826547
|switch|p1a: Iron Hands|Iron Hands, tera:Flying|100/100
|-terastallize|p2a: Garganacl|Poison
|move|p2a: Garganacl|Iron Defense|p2a: Garganacl
|-boost|p2a: Garganacl|def|2
|
|-heal|p2a: Garganacl|100/100|[from] item: Leftovers
|upkeep
|turn|20
|
|t:|1757826559
|move|p1a: Iron Hands|Swords Dance|p1a: Iron Hands
|-boost|p1a: Iron Hands|atk|2
|move|p2a: Garganacl|Salt Cure|p1a: Iron Hands
|-supereffective|p1a: Iron Hands
|-damage|p1a: Iron Hands|81/100
|-start|p1a: Iron Hands|Salt Cure
|
|-damage|p1a: Iron Hands|68/100|[from] Salt Cure
|upkeep
|turn|21
|
|t:|1757826566
|move|p1a: Iron Hands|Earthquake|p2a: Garganacl
|-supereffective|p2a: Garganacl
|-damage|p2a: Garganacl|48/100
|move|p2a: Garganacl|Iron Defense|p2a: Garganacl
|-boost|p2a: Garganacl|def|2
|
|-heal|p2a: Garganacl|54/100|[from] item: Leftovers
|-damage|p1a: Iron Hands|56/100|[from] Salt Cure
|upkeep
|turn|22
|
|t:|1757826569
|move|p1a: Iron Hands|Swords Dance|p1a: Iron Hands
|-boost|p1a: Iron Hands|atk|2
|move|p2a: Garganacl|Recover|p2a: Garganacl
|-heal|p2a: Garganacl|100/100
|
|-damage|p1a: Iron Hands|44/100|[from] Salt Cure
|upkeep
|turn|23
|
|t:|1757826571
|move|p1a: Iron Hands|Earthquake|p2a: Garganacl
|-supereffective|p2a: Garganacl
|-damage|p2a: Garganacl|42/100
|move|p2a: Garganacl|Iron Defense|p2a: Garganacl
|-boost|p2a: Garganacl|def|2
|
|-heal|p2a: Garganacl|48/100|[from] item: Leftovers
|-damage|p1a: Iron Hands|31/100|[from] Salt Cure
|upkeep
|turn|24
|
|t:|1757826574
|move|p1a: Iron Hands|Earthquake|p2a: Garganacl
|-supereffective|p2a: Garganacl
|-damage|p2a: Garganacl|4/100
|move|p2a: Garganacl|Recover|p2a: Garganacl
|-heal|p2a: Garganacl|54/100
|
|-heal|p2a: Garganacl|60/100|[from] item: Leftovers
|-damage|p1a: Iron Hands|19/100|[from] Salt Cure
|upkeep
|turn|25
|
|t:|1757826579
|move|p1a: Iron Hands|Earthquake|p2a: Garganacl
|-supereffective|p2a: Garganacl
|-damage|p2a: Garganacl|21/100
|move|p2a: Garganacl|Recover|p2a: Garganacl
|-heal|p2a: Garganacl|71/100
|
|-heal|p2a: Garganacl|77/100|[from] item: Leftovers
|-damage|p1a: Iron Hands|7/100|[from] Salt Cure
|upkeep
|turn|26
|
|t:|1757826586
|move|p1a: Iron Hands|Supercell Slam|p2a: Garganacl
|-damage|p2a: Garganacl|49/100
|move|p2a: Garganacl|Recover|p2a: Garganacl
|-heal|p2a: Garganacl|99/100
|
|-heal|p2a: Garganacl|100/100|[from] item: Leftovers
|-damage|p1a: Iron Hands|0 fnt|[from] Salt Cure
|faint|p1a: Iron Hands
|-end|p1a: Iron Hands|Quark Drive|[silent]
|upkeep
|
|t:|1757826591
|switch|p1a: Raging Bolt|Raging Bolt|100/100
|turn|27
|
|t:|1757826601
|move|p1a: Raging Bolt|Calm Mind|p1a: Raging Bolt
|-boost|p1a: Raging Bolt|spa|1
|-boost|p1a: Raging Bolt|spd|1
|move|p2a: Garganacl|Salt Cure|p1a: Raging Bolt
|-damage|p1a: Raging Bolt|89/100
|-start|p1a: Raging Bolt|Salt Cure
|
|-heal|p1a: Raging Bolt|95/100|[from] item: Leftovers
|-damage|p1a: Raging Bolt|82/100|[from] Salt Cure
|upkeep
|turn|28
|
|t:|1757826605
|move|p1a: Raging Bolt|Calm Mind|p1a: Raging Bolt
|-boost|p1a: Raging Bolt|spa|1
|-boost|p1a: Raging Bolt|spd|1
|move|p2a: Garganacl|Body Press|p1a: Raging Bolt
|-damage|p1a: Raging Bolt|6/100
|
|-heal|p1a: Raging Bolt|12/100|[from] item: Leftovers
|-damage|p1a: Raging Bolt|0 fnt|[from] Salt Cure
|faint|p1a: Raging Bolt
|-end|p1a: Raging Bolt|Protosynthesis|[silent]
|upkeep
|-message|spreadcrosser forfeited.
|
|win|hennyhardaway1
|raw|spreadcrosser's rating: 1310 &rarr; <strong>1289</strong><br />(-21 for losing)
|raw|hennyhardaway1's rating: 1285 &rarr; <strong>1312</strong><br />(+27 for winning)
|l|☆spreadcrosser
|player|p1|
