|j|☆edgingCeaselesslly
|j|☆fuhfyjddhh
|t:|1757811360
|gametype|singles
|player|p1|edgingCeaselesslly|roxie|1507
|player|p2|fuhfyjddhh|pryce|1523
|gen|9
|tier|[Gen 9] OU
|rated|
|rule|HP Percentage Mod: HP is shown in percentages
|rule|Endless Battle Clause: Forcing endless battles is banned
|rule|Species Clause: Limit one of each Pokémon
|rule|OHKO Clause: OHKO moves are banned
|rule|Evasion Items Clause: Evasion items are banned
|rule|Evasion Moves Clause: Evasion moves are banned
|rule|Evasion Abilities Clause: Evasion abilities are banned
|rule|Sleep Moves Clause: Sleep-inducing moves are banned
|clearpoke
|poke|p1|Landorus-Therian, M|
|poke|p1|Samurott-Hisui, M|
|poke|p1|Pecharunt|
|poke|p1|Scizor, M|
|poke|p1|Latios, M|
|poke|p1|Zamazenta-*|
|poke|p2|Kyurem|
|poke|p2|Enamorus, F|
|poke|p2|Ogerpon-Wellspring, F|
|poke|p2|Glimmora, M|
|poke|p2|Great Tusk|
|poke|p2|Kingambit, M|
|teampreview
|
|t:|1757811374
|teamsize|p1|6
|teamsize|p2|6
|start
|switch|p1a: Landorus|Landorus-Therian, M|100/100
|switch|p2a: Ogerpon|Ogerpon-Wellspring, F|100/100
|-ability|p1a: Landorus|Intimidate|boost
|-unboost|p2a: Ogerpon|atk|1
|turn|1
|inactive|Battle timer is ON: inactive players will automatically lose when time's up. (requested by edgingCeaselesslly)
|
|t:|1757811381
|switch|p1a: Pecharunt|Pecharunt|100/100
|move|p2a: Ogerpon|Ivy Cudgel|p1a: Pecharunt|[anim] Ivy Cudgel Water
|-crit|p1a: Pecharunt
|-damage|p1a: Pecharunt|46/100
|
|upkeep
|turn|2
|
|t:|1757811386
|move|p2a: Ogerpon|U-turn|p1a: Pecharunt
|-resisted|p1a: Pecharunt
|-damage|p1a: Pecharunt|44/100
|
|t:|1757811389
|switch|p2a: Glimmora|Glimmora, M|100/100|[from] U-turn
|move|p1a: Pecharunt|Malignant Chain|p2a: Glimmora
|-resisted|p2a: Glimmora
|-damage|p2a: Glimmora|92/100
|-enditem|p2a: Glimmora|Red Card|[of] p1a: Pecharunt
|drag|p1a: Scizor|Scizor, M|100/100
|
|upkeep
|turn|3
|
|t:|1757811398
|switch|p2a: Ogerpon|Ogerpon-Wellspring, F|100/100
|move|p1a: Scizor|Bullet Punch|p2a: Ogerpon
|-resisted|p2a: Ogerpon
|-damage|p2a: Ogerpon|79/100
|
|upkeep
|turn|4
|j| nesnot
|
|t:|1757811415
|switch|p1a: Landorus|Landorus-Therian, M|100/100
|-ability|p1a: Landorus|Intimidate|boost
|-unboost|p2a: Ogerpon|atk|1
|move|p2a: Ogerpon|Ivy Cudgel|p1a: Landorus|[anim] Ivy Cudgel Water
|-supereffective|p1a: Landorus
|-damage|p1a: Landorus|26/100
|
|upkeep
|turn|5
|
|t:|1757811439
|switch|p1a: Samurott|Samurott-Hisui, M|100/100
|move|p2a: Ogerpon|Knock Off|p1a: Samurott
|-resisted|p1a: Samurott
|-damage|p1a: Samurott|84/100
|-enditem|p1a: Samurott|Assault Vest|[from] move: Knock Off|[of] p2a: Ogerpon
|
|upkeep
|turn|6
|
|t:|1757811445
|move|p2a: Ogerpon|U-turn|p1a: Samurott
|-supereffective|p1a: Samurott
|-damage|p1a: Samurott|36/100
|
|t:|1757811447
|switch|p2a: Glimmora|Glimmora, M|92/100|[from] U-turn
|move|p1a: Samurott|Ceaseless Edge|p2a: Glimmora
|-damage|p2a: Glimmora|43/100
|-activate|p2a: Glimmora|ability: Toxic Debris
|-sidestart|p1: edgingCeaselesslly|move: Toxic Spikes
|-sidestart|p2: fuhfyjddhh|Spikes
|
|upkeep
|turn|7
|
|t:|1757811457
|move|p2a: Glimmora|Stealth Rock|p1a: Samurott
|-sidestart|p1: edgingCeaselesslly|move: Stealth Rock
|move|p1a: Samurott|Ceaseless Edge|p2a: Glimmora|[miss]
|-miss|p1a: Samurott|p2a: Glimmora
|
|upkeep
|turn|8
|
|t:|1757811461
|move|p2a: Glimmora|Power Gem|p1a: Samurott
|-crit|p1a: Samurott
|-damage|p1a: Samurott|0 fnt
|faint|p1a: Samurott
|
|upkeep
|
|t:|1757811466
|switch|p1a: Pecharunt|Pecharunt|44/100
|-sideend|p1: edgingCeaselesslly|move: Toxic Spikes|[of] p1a: Pecharunt
|turn|9
|
|t:|1757811470
|move|p1a: Pecharunt|Recover|p1a: Pecharunt
|-heal|p1a: Pecharunt|94/100
|move|p2a: Glimmora|Earth Power|p1a: Pecharunt
|-supereffective|p1a: Pecharunt
|-damage|p1a: Pecharunt|36/100
|
|upkeep
|turn|10
|
|t:|1757811474
|move|p1a: Pecharunt|Shadow Ball|p2a: Glimmora
|-damage|p2a: Glimmora|15/100
|move|p2a: Glimmora|Earth Power|p1a: Pecharunt
|-supereffective|p1a: Pecharunt
|-damage|p1a: Pecharunt|0 fnt
|faint|p1a: Pecharunt
|
|upkeep
|
|t:|1757811479
|switch|p1a: Scizor|Scizor, M|100/100
|turn|11
|
|t:|1757811483
|move|p2a: Glimmora|Power Gem|p1a: Scizor
|-damage|p1a: Scizor|49/100
|move|p1a: Scizor|Swords Dance|p1a: Scizor
|-boost|p1a: Scizor|atk|2
|
|upkeep
|turn|12
|
|t:|1757811486
|move|p1a: Scizor|Bullet Punch|p2a: Glimmora
|-supereffective|p2a: Glimmora
|-damage|p2a: Glimmora|0 fnt
|-activate|p2a: Glimmora|ability: Toxic Debris
|-sidestart|p1: edgingCeaselesslly|move: Toxic Spikes
|faint|p2a: Glimmora
|
|upkeep
|
|t:|1757811488
|switch|p2a: Great Tusk|Great Tusk|100/100
|-damage|p2a: Great Tusk|88/100|[from] Spikes
|-enditem|p2a: Great Tusk|Booster Energy
|-activate|p2a: Great Tusk|ability: Protosynthesis|[fromitem]
|-start|p2a: Great Tusk|protosynthesisspe
|turn|13
|
|t:|1757811491
|move|p1a: Scizor|Bullet Punch|p2a: Great Tusk
|-damage|p2a: Great Tusk|46/100
|move|p2a: Great Tusk|Headlong Rush|p1a: Scizor
|-damage|p1a: Scizor|0 fnt
|-unboost|p2a: Great Tusk|def|1
|-unboost|p2a: Great Tusk|spd|1
|faint|p1a: Scizor
|
|upkeep
|
|t:|1757811499
|switch|p1a: Zamazenta|Zamazenta|100/100
|-damage|p1a: Zamazenta|94/100|[from] Stealth Rock
|-status|p1a: Zamazenta|psn
|-ability|p1a: Zamazenta|Dauntless Shield|boost
|-boost|p1a: Zamazenta|def|1
|turn|14
|
|t:|1757811510
|-terastallize|p2a: Great Tusk|Ghost
|move|p2a: Great Tusk|Bulk Up|p2a: Great Tusk
|-boost|p2a: Great Tusk|atk|1
|-boost|p2a: Great Tusk|def|1
|move|p1a: Zamazenta|Iron Defense|p1a: Zamazenta
|-boost|p1a: Zamazenta|def|2
|
|-heal|p1a: Zamazenta|100/100 psn|[from] item: Leftovers
|-damage|p1a: Zamazenta|88/100 psn|[from] psn
|upkeep
|turn|15
|
|t:|1757811515
|move|p2a: Great Tusk|Bulk Up|p2a: Great Tusk
|-boost|p2a: Great Tusk|atk|1
|-boost|p2a: Great Tusk|def|1
|move|p1a: Zamazenta|Roar|p2a: Great Tusk
|-end|p2a: Great Tusk|Protosynthesis|[silent]
|drag|p2a: Ogerpon|Ogerpon-Wellspring, F|79/100
|-damage|p2a: Ogerpon|66/100|[from] Spikes
|
|-heal|p1a: Zamazenta|94/100 psn|[from] item: Leftovers
|-damage|p1a: Zamazenta|82/100 psn|[from] psn
|upkeep
|turn|16
|
|t:|1757811519
|move|p1a: Zamazenta|Body Press|p2a: Ogerpon
|-damage|p2a: Ogerpon|0 fnt
|faint|p2a: Ogerpon
|
|-heal|p1a: Zamazenta|88/100 psn|[from] item: Leftovers
|-damage|p1a: Zamazenta|75/100 psn|[from] psn
|upkeep
|
|t:|1757811522
|switch|p2a: Enamorus|Enamorus, F|100/100
|turn|17
|
|t:|1757811524
|-terastallize|p1a: Zamazenta|Fire
|move|p2a: Enamorus|Moonblast|p1a: Zamazenta
|-resisted|p1a: Zamazenta
|-damage|p1a: Zamazenta|52/100 psn
|move|p1a: Zamazenta|Body Press|p2a: Enamorus
|-resisted|p2a: Enamorus
|-damage|p2a: Enamorus|61/100
|
|-heal|p1a: Zamazenta|58/100 psn|[from] item: Leftovers
|-damage|p1a: Zamazenta|45/100 psn|[from] psn
|upkeep
|turn|18
|
|t:|1757811532
|switch|p2a: Great Tusk|Great Tusk, tera:Ghost|46/100
|-damage|p2a: Great Tusk|34/100|[from] Spikes
|move|p1a: Zamazenta|Body Press|p2a: Great Tusk
|-immune|p2a: Great Tusk
|
|-heal|p1a: Zamazenta|51/100 psn|[from] item: Leftovers
|-damage|p1a: Zamazenta|39/100 psn|[from] psn
|upkeep
|turn|19
|
|t:|1757811536
|move|p1a: Zamazenta|Crunch|p2a: Great Tusk
|-supereffective|p2a: Great Tusk
|-damage|p2a: Great Tusk|7/100
|move|p2a: Great Tusk|Headlong Rush|p1a: Zamazenta
|-supereffective|p1a: Zamazenta
|-damage|p1a: Zamazenta|7/100 psn
|-unboost|p2a: Great Tusk|def|1
|-unboost|p2a: Great Tusk|spd|1
|
|-heal|p1a: Zamazenta|14/100 psn|[from] item: Leftovers
|-damage|p1a: Zamazenta|1/100 psn|[from] psn
|upkeep
|turn|20
|
|t:|1757811544
|move|p1a: Zamazenta|Crunch|p2a: Great Tusk
|-supereffective|p2a: Great Tusk
|-damage|p2a: Great Tusk|0 fnt
|faint|p2a: Great Tusk
|-end|p2a: Great Tusk|Protosynthesis|[silent]
|
|-heal|p1a: Zamazenta|7/100 psn|[from] item: Leftovers
|-damage|p1a: Zamazenta|0 fnt|[from] psn
|faint|p1a: Zamazenta
|upkeep
|
|t:|1757811551
|switch|p1a: Latios|Latios, M|100/100
|switch|p2a: Kyurem|Kyurem, shiny|100/100
|-damage|p1a: Latios|88/100|[from] Stealth Rock
|-damage|p2a: Kyurem|88/100|[from] Spikes
|-ability|p2a: Kyurem|Pressure
|turn|21
|
|t:|1757811554
|move|p1a: Latios|Draco Meteor|p2a: Kyurem
|-supereffective|p2a: Kyurem
|-damage|p2a: Kyurem|0 fnt
|-unboost|p1a: Latios|spa|2
|faint|p2a: Kyurem
|
|upkeep
|
|t:|1757811558
|switch|p2a: Enamorus|Enamorus, F|61/100
|turn|22
|
|t:|1757811564
|switch|p1a: Landorus|Landorus-Therian, M|26/100
|-damage|p1a: Landorus|14/100|[from] Stealth Rock
|-ability|p1a: Landorus|Intimidate|boost
|-boost|p2a: Enamorus|atk|1
|move|p2a: Enamorus|Moonblast|p1a: Landorus
|-damage|p1a: Landorus|0 fnt
|faint|p1a: Landorus
|
|upkeep
|
|t:|1757811565
|switch|p1a: Latios|Latios, M|88/100
|-damage|p1a: Latios|76/100|[from] Stealth Rock
|turn|23
|
|t:|1757811567
|move|p2a: Enamorus|Moonblast|p1a: Latios
|-supereffective|p1a: Latios
|-damage|p1a: Latios|0 fnt
|faint|p1a: Latios
|
|win|fuhfyjddhh
|raw|edgingCeaselesslly's rating: 1507 &rarr; <strong>1488</strong><br />(-19 for losing)
|raw|fuhfyjddhh's rating: 1523 &rarr; <strong>1542</strong><br />(+19 for winning)
|l|☆edgingCeaselesslly
|player|p1|
|c|☆fuhfyjddhh|gg
