|j|☆Ancient Tito
|j|☆DeCompaniu
|t:|1757912317
|gametype|singles
|player|p1|Ancient Tito|rood|1206
|player|p2|DeCompaniu|richboy|1236
|gen|9
|tier|[Gen 9] OU
|rated|
|rule|HP Percentage Mod: HP is shown in percentages
|rule|Endless Battle Clause: Forcing endless battles is banned
|rule|Species Clause: Limit one of each Pokémon
|rule|OHKO Clause: OHKO moves are banned
|rule|Evasion Items Clause: Evasion items are banned
|rule|Evasion Moves Clause: Evasion moves are banned
|rule|Evasion Abilities Clause: Evasion abilities are banned
|rule|Sleep Moves Clause: Sleep-inducing moves are banned
|clearpoke
|poke|p1|Iron Crown|
|poke|p1|Ogerpon-Wellspring, F|
|poke|p1|Dondozo, M|
|poke|p1|Raging Bolt|
|poke|p1|Great Tusk|
|poke|p1|Cinderace, F|
|poke|p2|Greedent, F|
|poke|p2|Malamar, F|
|poke|p2|Hawlucha, F|
|poke|p2|Glimmora, M|
|poke|p2|Indeedee, M|
|poke|p2|Polteageist-Antique|
|teampreview
|inactive|Battle timer is ON: inactive players will automatically lose when time's up. (requested by DeCompaniu)
|
|t:|1757912329
|teamsize|p1|6
|teamsize|p2|6
|start
|switch|p1a: Ogerpon|Ogerpon-Wellspring, F|100/100
|switch|p2a: Glimmora|Glimmora, M|100/100
|turn|1
|
|t:|1757912336
|move|p1a: Ogerpon|Ivy Cudgel|p2a: Glimmora|[anim] Ivy Cudgel Water
|-supereffective|p2a: Glimmora
|-enditem|p2a: Glimmora|Focus Sash
|-damage|p2a: Glimmora|1/100
|-activate|p2a: Glimmora|ability: Toxic Debris
|-sidestart|p1: Ancient Tito|move: Toxic Spikes
|move|p2a: Glimmora|Stealth Rock|p1a: Ogerpon
|-sidestart|p1: Ancient Tito|move: Stealth Rock
|
|upkeep
|turn|2
|
|t:|1757912346
|move|p1a: Ogerpon|Ivy Cudgel|p2a: Glimmora|[anim] Ivy Cudgel Water
|-supereffective|p2a: Glimmora
|-damage|p2a: Glimmora|0 fnt
|-activate|p2a: Glimmora|ability: Toxic Debris
|-sidestart|p1: Ancient Tito|move: Toxic Spikes
|faint|p2a: Glimmora
|
|upkeep
|
|t:|1757912355
|switch|p2a: Greedent|Greedent, F|100/100
|turn|3
|
|t:|1757912361
|move|p1a: Ogerpon|U-turn|p2a: Greedent
|-damage|p2a: Greedent|83/100
|
|t:|1757912364
|switch|p1a: Cinderace|Cinderace, F|100/100|[from] U-turn
|move|p2a: Greedent|Stuff Cheeks|p2a: Greedent
|-boost|p2a: Greedent|def|2
|-enditem|p2a: Greedent|Ganlon Berry|[eat]
|-boost|p2a: Greedent|def|1|[from] item: Ganlon Berry
|-heal|p2a: Greedent|100/100|[from] ability: Cheek Pouch
|
|upkeep
|turn|4
|
|t:|1757912376
|move|p1a: Cinderace|Court Change|p1a: Cinderace
|-start|p1a: Cinderace|typechange|Normal|[from] ability: Libero
|-swapsideconditions
|-activate|p1a: Cinderace|move: Court Change
|move|p2a: Greedent|Body Press|p1a: Cinderace
|-supereffective|p1a: Cinderace
|-damage|p1a: Cinderace|0 fnt
|faint|p1a: Cinderace
|
|upkeep
|
|t:|1757912385
|switch|p1a: Dondozo|Dondozo, M|100/100
|turn|5
|
|t:|1757912388
|move|p1a: Dondozo|Body Press|p2a: Greedent
|-supereffective|p2a: Greedent
|-damage|p2a: Greedent|71/100
|move|p2a: Greedent|Knock Off|p1a: Dondozo
|-damage|p1a: Dondozo|89/100
|-enditem|p1a: Dondozo|Leftovers|[from] move: Knock Off|[of] p2a: Greedent
|
|upkeep
|turn|6
|
|t:|1757912398
|-terastallize|p2a: Greedent|Ghost
|move|p1a: Dondozo|Body Press|p2a: Greedent
|-immune|p2a: Greedent
|move|p2a: Greedent|Super Fang|p1a: Dondozo
|-damage|p1a: Dondozo|45/100
|
|upkeep
|turn|7
|
|t:|1757912407
|move|p1a: Dondozo|Liquidation|p2a: Greedent
|-damage|p2a: Greedent|55/100
|-unboost|p2a: Greedent|def|1
|move|p2a: Greedent|Super Fang|p1a: Dondozo
|-damage|p1a: Dondozo|23/100
|
|upkeep
|turn|8
|
|t:|1757912415
|move|p1a: Dondozo|Rest|p1a: Dondozo
|-status|p1a: Dondozo|slp|[from] move: Rest
|-heal|p1a: Dondozo|100/100 slp|[silent]
|move|p2a: Greedent|Body Press|p1a: Dondozo
|-damage|p1a: Dondozo|87/100 slp
|
|upkeep
|turn|9
|
|t:|1757912436
|cant|p1a: Dondozo|slp
|move|p1a: Dondozo|Sleep Talk|p1a: Dondozo
|move|p1a: Dondozo|Rest||[from] move: Sleep Talk|[still]
|-fail|p1a: Dondozo
|move|p2a: Greedent|Super Fang|p1a: Dondozo
|-damage|p1a: Dondozo|44/100 slp
|
|upkeep
|turn|10
|
|t:|1757912446
|cant|p1a: Dondozo|slp
|move|p1a: Dondozo|Sleep Talk|p1a: Dondozo
|move|p1a: Dondozo|Liquidation|p2a: Greedent|[from] move: Sleep Talk
|-damage|p2a: Greedent|39/100
|move|p2a: Greedent|Super Fang|p1a: Dondozo
|-damage|p1a: Dondozo|22/100 slp
|
|upkeep
|turn|11
|
|t:|1757912457
|-curestatus|p1a: Dondozo|slp|[msg]
|move|p1a: Dondozo|Rest|p1a: Dondozo
|-status|p1a: Dondozo|slp|[from] move: Rest
|-heal|p1a: Dondozo|100/100 slp|[silent]
|move|p2a: Greedent|Body Press|p1a: Dondozo
|-damage|p1a: Dondozo|86/100 slp
|
|upkeep
|turn|12
|c|☆DeCompaniu|Very fun
|
|t:|1757912476
|switch|p1a: Iron Crown|Iron Crown|100/100
|move|p2a: Greedent|Super Fang|p1a: Iron Crown
|-damage|p1a: Iron Crown|50/100
|
|upkeep
|turn|13
|
|t:|1757912483
|move|p1a: Iron Crown|Tachyon Cutter|p2a: Greedent
|-damage|p2a: Greedent|13/100
|-damage|p2a: Greedent|0 fnt
|faint|p2a: Greedent
|-hitcount|p2: Greedent|2
|
|upkeep
|
|t:|1757912493
|switch|p2a: Malamar|Malamar, F|100/100
|-status|p2a: Malamar|tox
|-damage|p2a: Malamar|88/100 tox|[from] Stealth Rock
|turn|14
|c|☆Ancient Tito|thank you
|
|t:|1757912508
|-end|p1a: Iron Crown|Quark Drive|[silent]
|switch|p1a: Dondozo|Dondozo, M|86/100 slp
|move|p2a: Malamar|Knock Off|p1a: Dondozo
|-damage|p1a: Dondozo|71/100 slp
|
|-damage|p2a: Malamar|82/100 tox|[from] psn
|upkeep
|turn|15
|inactive|DeCompaniu has 120 seconds left.
|l|☆DeCompaniu
|inactive|DeCompaniu disconnected and has a minute to reconnect!
|player|p2|
|inactive|DeCompaniu has 30 seconds to reconnect!
|c|☆Ancient Tito|:(
|inactive|DeCompaniu has 20 seconds to reconnect!
|inactive|DeCompaniu has 15 seconds to reconnect!
|inactive|DeCompaniu has 10 seconds to reconnect!
|inactive|DeCompaniu has 5 seconds to reconnect!
|-message|DeCompaniu lost due to inactivity.
|
|win|Ancient Tito
|raw|Ancient Tito's rating: 1206 &rarr; <strong>1233</strong><br />(+27 for winning)
|raw|DeCompaniu's rating: 1236 &rarr; <strong>1209</strong><br />(-27 for losing)
|l|☆Ancient Tito
|player|p1|
