|j|☆pepinoloko
|j|☆Skyluxneon
|t:|1757940179
|gametype|singles
|player|p1|pepinoloko|palmer|1378
|player|p2|Skyluxneon|169|1298
|gen|9
|tier|[Gen 9] OU
|rated|
|rule|HP Percentage Mod: HP is shown in percentages
|rule|Endless Battle Clause: Forcing endless battles is banned
|rule|Species Clause: Limit one of each Pokémon
|rule|OHKO Clause: OHKO moves are banned
|rule|Evasion Items Clause: Evasion items are banned
|rule|Evasion Moves Clause: Evasion moves are banned
|rule|Evasion Abilities Clause: Evasion abilities are banned
|rule|Sleep Moves Clause: Sleep-inducing moves are banned
|clearpoke
|poke|p1|Clefable, M|
|poke|p1|Salazzle, F|
|poke|p1|Kyurem|
|poke|p1|Cinderace, F|
|poke|p1|Landorus-Therian, M|
|poke|p1|Corviknight, M|
|poke|p2|Chesnaught, M|
|poke|p2|Tinkaton, F|
|poke|p2|Slowbro, F|
|poke|p2|Lycanroc-Dusk, M|
|poke|p2|Dragapult, F|
|poke|p2|Rotom-Heat|
|teampreview
|
|t:|1757940186
|teamsize|p1|6
|teamsize|p2|6
|start
|switch|p1a: God is always good|Landorus-Therian, M|100/100
|switch|p2a: Slowbro|Slowbro, F|100/100
|-ability|p1a: God is always good|Intimidate|boost
|-unboost|p2a: Slowbro|atk|1
|turn|1
|
|t:|1757940190
|move|p1a: God is always good|U-turn|p2a: Slowbro
|-supereffective|p2a: Slowbro
|-damage|p2a: Slowbro|57/100
|
|t:|1757940194
|switch|p1a: Kill'em|Kyurem, shiny|100/100|[from] U-turn
|-ability|p1a: Kill'em|Pressure
|move|p2a: Slowbro|Future Sight|p1a: Kill'em
|-start|p2a: Slowbro|move: Future Sight
|
|upkeep
|turn|2
|
|t:|1757940202
|switch|p2a: Tinkaton|Tinkaton, F|100/100
|-ability|p2a: Tinkaton|Mold Breaker
|move|p1a: Kill'em|Freeze-Dry|p2a: Tinkaton
|-resisted|p2a: Tinkaton
|-damage|p2a: Tinkaton|84/100
|
|upkeep
|turn|3
|
|t:|1757940212
|switch|p1a: I AM PRESSURE|Corviknight, M|100/100
|-ability|p1a: I AM PRESSURE|Pressure
|move|p2a: Tinkaton|Knock Off|p1a: I AM PRESSURE
|-damage|p1a: I AM PRESSURE|83/100
|-damage|p2a: Tinkaton|68/100|[from] item: Rocky Helmet|[of] p1a: I AM PRESSURE
|-enditem|p1a: I AM PRESSURE|Rocky Helmet|[from] move: Knock Off|[of] p2a: Tinkaton
|
|-end|p1a: I AM PRESSURE|move: Future Sight
|-resisted|p1a: I AM PRESSURE
|-damage|p1a: I AM PRESSURE|59/100
|upkeep
|turn|4
|
|t:|1757940231
|move|p2a: Tinkaton|Gigaton Hammer|p1a: I AM PRESSURE
|-resisted|p1a: I AM PRESSURE
|-damage|p1a: I AM PRESSURE|36/100
|move|p1a: I AM PRESSURE|U-turn|p2a: Tinkaton
|-resisted|p2a: Tinkaton
|-damage|p2a: Tinkaton|63/100
|
|t:|1757940241
|switch|p1a: I U-turn on U|Cinderace, F|100/100|[from] U-turn
|
|upkeep
|turn|5
|
|t:|1757940245
|switch|p2a: Chesnaught|Chesnaught, M, shiny|100/100
|move|p1a: I U-turn on U|Pyro Ball|p2a: Chesnaught
|-immune|p2a: Chesnaught|[from] ability: Bulletproof
|
|upkeep
|turn|6
|
|t:|1757940251
|move|p1a: I U-turn on U|U-turn|p2a: Chesnaught
|-start|p1a: I U-turn on U|typechange|Bug|[from] ability: Libero
|-damage|p2a: Chesnaught|83/100
|-damage|p1a: I U-turn on U|84/100|[from] item: Rocky Helmet|[of] p2a: Chesnaught
|
|t:|1757940255
|switch|p1a: I AM PRESSURE|Corviknight, M|36/100|[from] U-turn
|-ability|p1a: I AM PRESSURE|Pressure
|move|p2a: Chesnaught|Leech Seed|p1a: I AM PRESSURE|[miss]
|-miss|p2a: Chesnaught|p1a: I AM PRESSURE
|
|upkeep
|turn|7
|
|t:|1757940261
|switch|p2a: Rotom|Rotom-Heat|100/100
|move|p1a: I AM PRESSURE|Roost|p1a: I AM PRESSURE
|-heal|p1a: I AM PRESSURE|86/100
|-singleturn|p1a: I AM PRESSURE|move: Roost
|
|upkeep
|turn|8
|
|t:|1757940267
|switch|p1a: Len'oir|Salazzle, F, shiny|100/100
|move|p2a: Rotom|Overheat|p1a: Len'oir
|-resisted|p1a: Len'oir
|-damage|p1a: Len'oir|41/100
|-unboost|p2a: Rotom|spa|2
|
|upkeep
|turn|9
|
|t:|1757940273
|move|p1a: Len'oir|Toxic|p2a: Rotom
|-status|p2a: Rotom|tox
|move|p2a: Rotom|Volt Switch|p1a: Len'oir
|-damage|p1a: Len'oir|6/100
|
|t:|1757940276
|switch|p2a: Lycanroc|Lycanroc-Dusk, M|100/100|[from] Volt Switch
|
|upkeep
|turn|10
|
|t:|1757940284
|switch|p1a: God is always good|Landorus-Therian, M|100/100
|-ability|p1a: God is always good|Intimidate|boost
|-unboost|p2a: Lycanroc|atk|1
|move|p2a: Lycanroc|Accelerock|p1a: God is always good
|-damage|p1a: God is always good|74/100
|-damage|p2a: Lycanroc|91/100|[from] item: Life Orb
|
|upkeep
|turn|11
|inactive|Battle timer is ON: inactive players will automatically lose when time's up. (requested by pepinoloko)
|
|t:|1757940295
|switch|p2a: Slowbro|Slowbro, F|90/100
|move|p1a: God is always good|U-turn|p2a: Slowbro
|-supereffective|p2a: Slowbro
|-damage|p2a: Slowbro|47/100
|
|t:|1757940301
|switch|p1a: Kill'em|Kyurem, shiny|100/100|[from] U-turn
|-ability|p1a: Kill'em|Pressure
|
|upkeep
|turn|12
|
|t:|1757940312
|switch|p2a: Rotom|Rotom-Heat|100/100 tox
|move|p1a: Kill'em|Freeze-Dry|p2a: Rotom
|-resisted|p2a: Rotom
|-damage|p2a: Rotom|73/100 tox
|
|-damage|p2a: Rotom|67/100 tox|[from] psn
|upkeep
|turn|13
|
|t:|1757940321
|switch|p1a: God is always good|Landorus-Therian, M|74/100
|-ability|p1a: God is always good|Intimidate|boost
|-unboost|p2a: Rotom|atk|1
|move|p2a: Rotom|Light Screen|p2a: Rotom
|-sidestart|p2: Skyluxneon|move: Light Screen
|
|-damage|p2a: Rotom|55/100 tox|[from] psn
|upkeep
|turn|14
|
|t:|1757940327
|move|p1a: God is always good|Stone Edge|p2a: Rotom
|-supereffective|p2a: Rotom
|-damage|p2a: Rotom|0 fnt
|faint|p2a: Rotom
|
|upkeep
|
|t:|1757940334
|switch|p2a: Lycanroc|Lycanroc-Dusk, M|91/100
|turn|15
|
|t:|1757940340
|switch|p1a: I AM PRESSURE|Corviknight, M|86/100
|-ability|p1a: I AM PRESSURE|Pressure
|move|p2a: Lycanroc|Swords Dance|p2a: Lycanroc
|-boost|p2a: Lycanroc|atk|2
|
|upkeep
|turn|16
|
|t:|1757940345
|move|p2a: Lycanroc|Close Combat|p1a: I AM PRESSURE
|-damage|p1a: I AM PRESSURE|0 fnt
|-unboost|p2a: Lycanroc|def|1
|-unboost|p2a: Lycanroc|spd|1
|faint|p1a: I AM PRESSURE
|-damage|p2a: Lycanroc|81/100|[from] item: Life Orb
|
|upkeep
|
|t:|1757940353
|switch|p1a: God is always good|Landorus-Therian, M|74/100
|-ability|p1a: God is always good|Intimidate|boost
|-unboost|p2a: Lycanroc|atk|1
|turn|17
|
|t:|1757940361
|-terastallize|p2a: Lycanroc|Rock
|move|p2a: Lycanroc|Accelerock|p1a: God is always good
|-damage|p1a: God is always good|0 fnt
|faint|p1a: God is always good
|-damage|p2a: Lycanroc|71/100|[from] item: Life Orb
|
|upkeep
|
|t:|1757940377
|switch|p1a: NOPE|Clefable, M|100/100
|turn|18
|
|t:|1757940382
|switch|p2a: Tinkaton|Tinkaton, F|63/100
|-ability|p2a: Tinkaton|Mold Breaker
|move|p1a: NOPE|Moonblast|p2a: Tinkaton
|-resisted|p2a: Tinkaton
|-damage|p2a: Tinkaton|59/100
|
|upkeep
|turn|19
|
|t:|1757940385
|switch|p1a: I U-turn on U|Cinderace, F|84/100
|move|p2a: Tinkaton|Gigaton Hammer|p1a: I U-turn on U
|-resisted|p1a: I U-turn on U
|-damage|p1a: I U-turn on U|41/100
|
|upkeep
|turn|20
|
|t:|1757940391
|switch|p2a: Chesnaught|Chesnaught, M, shiny|83/100
|move|p1a: I U-turn on U|U-turn|p2a: Chesnaught
|-start|p1a: I U-turn on U|typechange|Bug|[from] ability: Libero
|-damage|p2a: Chesnaught|64/100
|-damage|p1a: I U-turn on U|24/100|[from] item: Rocky Helmet|[of] p2a: Chesnaught
|
|t:|1757940410
|switch|p1a: NOPE|Clefable, M|100/100|[from] U-turn
|
|-sideend|p2: Skyluxneon|move: Light Screen
|upkeep
|turn|21
|
|t:|1757940415
|switch|p2a: Tinkaton|Tinkaton, F|59/100
|-ability|p2a: Tinkaton|Mold Breaker
|switch|p1a: I U-turn on U|Cinderace, F|24/100
|
|upkeep
|turn|22
|
|t:|1757940422
|switch|p1a: Kill'em|Kyurem, shiny|100/100
|-ability|p1a: Kill'em|Pressure
|switch|p2a: Chesnaught|Chesnaught, M, shiny|64/100
|
|upkeep
|turn|23
|
|t:|1757940431
|switch|p2a: Slowbro|Slowbro, F|81/100
|move|p1a: Kill'em|Ice Beam|p2a: Slowbro
|-resisted|p2a: Slowbro
|-damage|p2a: Slowbro|37/100
|
|upkeep
|turn|24
|
|t:|1757940439
|move|p1a: Kill'em|Ice Beam|p2a: Slowbro
|-resisted|p2a: Slowbro
|-damage|p2a: Slowbro|0 fnt
|faint|p2a: Slowbro
|
|upkeep
|
|t:|1757940441
|switch|p2a: Lycanroc|Lycanroc-Dusk, M, tera:Rock|71/100
|turn|25
|
|t:|1757940444
|-terastallize|p1a: Kill'em|Fairy
|move|p2a: Lycanroc|Accelerock|p1a: Kill'em
|-damage|p1a: Kill'em|51/100
|-damage|p2a: Lycanroc|61/100|[from] item: Life Orb
|move|p1a: Kill'em|Ice Beam|p2a: Lycanroc
|-damage|p2a: Lycanroc|0 fnt
|faint|p2a: Lycanroc
|
|upkeep
|
|t:|1757940454
|switch|p2a: Tinkaton|Tinkaton, F|59/100
|-ability|p2a: Tinkaton|Mold Breaker
|turn|26
|
|t:|1757940477
|switch|p1a: NOPE|Clefable, M|100/100
|move|p2a: Tinkaton|Gigaton Hammer|p1a: NOPE
|-supereffective|p1a: NOPE
|-damage|p1a: NOPE|0 fnt
|faint|p1a: NOPE
|
|upkeep
|
|t:|1757940481
|switch|p1a: I U-turn on U|Cinderace, F|24/100
|turn|27
|
|t:|1757940484
|switch|p2a: Chesnaught|Chesnaught, M, shiny|64/100
|move|p1a: I U-turn on U|Pyro Ball|p2a: Chesnaught
|-immune|p2a: Chesnaught|[from] ability: Bulletproof
|
|upkeep
|turn|28
|
|t:|1757940490
|move|p1a: I U-turn on U|U-turn|p2a: Chesnaught
|-start|p1a: I U-turn on U|typechange|Bug|[from] ability: Libero
|-damage|p2a: Chesnaught|47/100
|-damage|p1a: I U-turn on U|8/100|[from] item: Rocky Helmet|[of] p2a: Chesnaught
|
|t:|1757940493
|switch|p1a: Kill'em|Kyurem, shiny, tera:Fairy|51/100|[from] U-turn
|-ability|p1a: Kill'em|Pressure
|move|p2a: Chesnaught|Leech Seed|p1a: Kill'em
|-start|p1a: Kill'em|move: Leech Seed
|
|-damage|p1a: Kill'em|38/100|[from] Leech Seed|[of] p2a: Chesnaught
|-heal|p2a: Chesnaught|59/100|[silent]
|upkeep
|turn|29
|
|t:|1757940498
|move|p2a: Chesnaught|Spiky Shield|p2a: Chesnaught
|-singleturn|p2a: Chesnaught|move: Protect
|move|p1a: Kill'em|Ice Beam|p2a: Chesnaught
|-activate|p2a: Chesnaught|move: Protect
|
|-damage|p1a: Kill'em|26/100|[from] Leech Seed|[of] p2a: Chesnaught
|-heal|p2a: Chesnaught|72/100|[silent]
|upkeep
|turn|30
|
|t:|1757940504
|switch|p2a: Tinkaton|Tinkaton, F|59/100
|-ability|p2a: Tinkaton|Mold Breaker
|move|p1a: Kill'em|Ice Beam|p2a: Tinkaton
|-resisted|p2a: Tinkaton
|-damage|p2a: Tinkaton|41/100
|
|-damage|p1a: Kill'em|14/100|[from] Leech Seed|[of] p2a: Tinkaton
|-heal|p2a: Tinkaton|56/100|[silent]
|upkeep
|turn|31
|-message|pepinoloko forfeited.
|
|win|Skyluxneon
|raw|pepinoloko's rating: 1378 &rarr; <strong>1353</strong><br />(-25 for losing)
|raw|Skyluxneon's rating: 1298 &rarr; <strong>1329</strong><br />(+31 for winning)
|l|☆pepinoloko
|player|p1|
|l|☆Skyluxneon
|player|p2|
