|j|☆emeraldspottie
|j|☆aeSpark
|t:|1757910921
|gametype|singles
|player|p1|emeraldspottie|cynthia|
|player|p2|aeSpark|102|
|gen|9
|tier|[Gen 9] OU
|rule|HP Percentage Mod: HP is shown in percentages
|rule|Endless Battle Clause: Forcing endless battles is banned
|rule|Species Clause: Limit one of each Pokémon
|rule|OHKO Clause: OHKO moves are banned
|rule|Evasion Items Clause: Evasion items are banned
|rule|Evasion Moves Clause: Evasion moves are banned
|rule|Evasion Abilities Clause: Evasion abilities are banned
|rule|Sleep Moves Clause: Sleep-inducing moves are banned
|clearpoke
|poke|p1|Keldeo-Resolute|
|poke|p1|Raging Bolt|
|poke|p1|Great Tusk|
|poke|p1|Kommo-o, M|
|poke|p1|Iron Valiant|
|poke|p1|Darkrai|
|poke|p2|Zamazenta-*|
|poke|p2|Araquanid, M|
|poke|p2|Gliscor, M|
|poke|p2|Pecharunt|
|poke|p2|Malamar, M|
|poke|p2|Kingambit, M|
|teampreview
|
|t:|1757910932
|teamsize|p1|6
|teamsize|p2|6
|start
|switch|p1a: Kommodo|Kommo-o, M|100/100
|switch|p2a: Araquanid|Araquanid, M|100/100
|turn|1
|c|☆emeraldspottie|man i want this stupid bug to die
|
|t:|1757910983
|switch|p2a: Malamar|Malamar, M|100/100
|move|p1a: Kommodo|Clangorous Soul|p1a: Kommodo
|-boost|p1a: Kommodo|atk|1
|-boost|p1a: Kommodo|def|1
|-boost|p1a: Kommodo|spa|1
|-boost|p1a: Kommodo|spd|1
|-boost|p1a: Kommodo|spe|1
|-damage|p1a: Kommodo|68/100
|-enditem|p1a: Kommodo|Throat Spray
|-boost|p1a: Kommodo|spa|1|[from] item: Throat Spray
|
|upkeep
|turn|2
|
|t:|1757911002
|-terastallize|p1a: Kommodo|Normal
|move|p1a: Kommodo|Boomburst|p2a: Malamar
|-damage|p2a: Malamar|0 fnt
|faint|p2a: Malamar
|
|upkeep
|
|t:|1757911009
|switch|p2a: Pecharunt|Pecharunt|100/100
|turn|3
|
|t:|1757911014
|move|p1a: Kommodo|Flamethrower|p2a: Pecharunt
|-damage|p2a: Pecharunt|51/100
|move|p2a: Pecharunt|Malignant Chain|p1a: Kommodo
|-damage|p1a: Kommodo|33/100
|-status|p1a: Kommodo|tox
|-start|p1a: Kommodo|confusion|[from] ability: Poison Puppeteer|[of] p2a: Pecharunt
|
|-damage|p1a: Kommodo|27/100 tox|[from] psn
|upkeep
|turn|4
|
|t:|1757911026
|-activate|p1a: Kommodo|confusion
|move|p1a: Kommodo|Flamethrower|p2a: Pecharunt
|-damage|p2a: Pecharunt|0 fnt
|faint|p2a: Pecharunt
|
|-damage|p1a: Kommodo|15/100 tox|[from] psn
|upkeep
|c|☆emeraldspottie|cmon
|c|☆emeraldspottie|lets goooooo
|
|t:|1757911034
|switch|p2a: Araquanid|Araquanid, M|100/100
|turn|5
|
|t:|1757911043
|-activate|p1a: Kommodo|confusion
|move|p1a: Kommodo|Boomburst|p2a: Araquanid
|-damage|p2a: Araquanid|0 fnt
|faint|p2a: Araquanid
|
|-damage|p1a: Kommodo|0 fnt|[from] psn
|faint|p1a: Kommodo
|upkeep
|c|☆emeraldspottie|1v3d
|c|☆aeSpark|damn
|c|☆emeraldspottie|holy kommo
|
|t:|1757911066
|switch|p1a: mammoth|Great Tusk|100/100
|switch|p2a: Gliscor|Gliscor, M|100/100
|turn|6
|
|t:|1757911129
|move|p2a: Gliscor|Protect|p2a: Gliscor
|-singleturn|p2a: Gliscor|Protect
|move|p1a: mammoth|Ice Spinner|p2a: Gliscor
|-activate|p2a: Gliscor|move: Protect
|
|-status|p2a: Gliscor|tox|[from] item: Toxic Orb
|upkeep
|turn|7
|
|t:|1757911137
|-terastallize|p2a: Gliscor|Dragon
|move|p2a: Gliscor|Swords Dance|p2a: Gliscor
|-boost|p2a: Gliscor|atk|2
|move|p1a: mammoth|Ice Spinner|p2a: Gliscor
|-supereffective|p2a: Gliscor
|-damage|p2a: Gliscor|49/100 tox
|
|-heal|p2a: Gliscor|61/100 tox|[from] ability: Poison Heal
|upkeep
|turn|8
|
|t:|1757911147
|move|p2a: Gliscor|Protect|p2a: Gliscor
|-singleturn|p2a: Gliscor|Protect
|move|p1a: mammoth|Stealth Rock|p2a: Gliscor
|-sidestart|p2: aeSpark|move: Stealth Rock
|
|-heal|p2a: Gliscor|74/100 tox|[from] ability: Poison Heal
|upkeep
|turn|9
|
|t:|1757911154
|move|p2a: Gliscor|Swords Dance|p2a: Gliscor
|-boost|p2a: Gliscor|atk|2
|move|p1a: mammoth|Ice Spinner|p2a: Gliscor
|-supereffective|p2a: Gliscor
|-damage|p2a: Gliscor|24/100 tox
|
|-heal|p2a: Gliscor|36/100 tox|[from] ability: Poison Heal
|upkeep
|turn|10
|
|t:|1757911163
|move|p2a: Gliscor|Protect|p2a: Gliscor
|-singleturn|p2a: Gliscor|Protect
|move|p1a: mammoth|Ice Spinner|p2a: Gliscor
|-activate|p2a: Gliscor|move: Protect
|
|-heal|p2a: Gliscor|48/100 tox|[from] ability: Poison Heal
|upkeep
|turn|11
|
|t:|1757911170
|move|p2a: Gliscor|Facade|p1a: mammoth
|-damage|p1a: mammoth|19/100
|move|p1a: mammoth|Ice Spinner|p2a: Gliscor
|-supereffective|p2a: Gliscor
|-damage|p2a: Gliscor|0 fnt
|faint|p2a: Gliscor
|
|upkeep
|c|☆aeSpark|tf
|
|t:|1757911183
|switch|p2a: Zamazenta|Zamazenta|100/100
|-damage|p2a: Zamazenta|94/100|[from] Stealth Rock
|-ability|p2a: Zamazenta|Dauntless Shield|boost
|-boost|p2a: Zamazenta|def|1
|turn|12
|c|☆emeraldspottie|LFG THE GLISCOR IS DOWN
|c|☆emeraldspottie|\
|
|t:|1757911194
|move|p2a: Zamazenta|Trailblaze|p1a: mammoth
|-supereffective|p1a: mammoth
|-damage|p1a: mammoth|0 fnt
|-boost|p2a: Zamazenta|spe|1
|faint|p1a: mammoth
|-end|p1a: mammoth|Protosynthesis|[silent]
|
|upkeep
|
|t:|1757911202
|switch|p1a: Rаikou|Raging Bolt|100/100
|-enditem|p1a: Rаikou|Booster Energy
|-activate|p1a: Rаikou|ability: Protosynthesis|[fromitem]
|-start|p1a: Rаikou|protosynthesisspa
|turn|13
|
|t:|1757911215
|move|p2a: Zamazenta|Psychic Fangs|p1a: Rаikou
|-damage|p1a: Rаikou|70/100
|move|p1a: Rаikou|Dragon Pulse|p2a: Zamazenta
|-damage|p2a: Zamazenta|60/100
|
|upkeep
|turn|14
|
|t:|1757911254
|move|p2a: Zamazenta|Psychic Fangs|p1a: Rаikou
|-damage|p1a: Rаikou|42/100
|move|p1a: Rаikou|Thunderbolt|p2a: Zamazenta
|-damage|p2a: Zamazenta|27/100
|
|upkeep
|turn|15
|
|t:|1757911279
|move|p1a: Rаikou|Thunderclap|p2a: Zamazenta
|-damage|p2a: Zamazenta|0 fnt
|faint|p2a: Zamazenta
|
|upkeep
|
|t:|1757911283
|switch|p2a: Kingambit|Kingambit, M|100/100
|-damage|p2a: Kingambit|94/100|[from] Stealth Rock
|-activate|p2a: Kingambit|ability: Supreme Overlord
|-start|p2a: Kingambit|fallen5|[silent]
|turn|16
|c|☆emeraldspottie|bye fricking bye
|
|t:|1757911290
|move|p1a: Rаikou|Thunderclap|p2a: Kingambit
|-damage|p2a: Kingambit|43/100
|move|p2a: Kingambit|Kowtow Cleave|p1a: Rаikou
|-damage|p1a: Rаikou|0 fnt
|faint|p1a: Rаikou
|-end|p1a: Rаikou|Protosynthesis|[silent]
|
|-heal|p2a: Kingambit|49/100|[from] item: Leftovers
|upkeep
|
|t:|1757911299
|switch|p1a: schrödinger's|Iron Valiant|100/100
|-enditem|p1a: schrödinger's|Booster Energy
|-activate|p1a: schrödinger's|ability: Quark Drive|[fromitem]
|-start|p1a: schrödinger's|quarkdrivespe
|turn|17
|c|☆aeSpark|ok im ded
|
|t:|1757911305
|move|p1a: schrödinger's|Close Combat|p2a: Kingambit
|-supereffective|p2a: Kingambit
|-crit|p2a: Kingambit
|-damage|p2a: Kingambit|0 fnt
|-unboost|p1a: schrödinger's|def|1
|-unboost|p1a: schrödinger's|spd|1
|faint|p2a: Kingambit
|-end|p2a: Kingambit|fallen5|[silent]
|
|win|emeraldspottie
|c|☆emeraldspottie|gg
|l|☆aeSpark
|player|p2|
