|j|‽socaselectah
|j|☆waha8
|t:|1757930449
|gametype|singles
|player|p1|socaselectah|169|1443
|player|p2|waha8|102|1387
|gen|9
|tier|[Gen 9] OU
|rated|
|rule|HP Percentage Mod: HP is shown in percentages
|rule|Endless Battle Clause: Forcing endless battles is banned
|rule|Species Clause: Limit one of each Pokémon
|rule|OHKO Clause: OHKO moves are banned
|rule|Evasion Items Clause: Evasion items are banned
|rule|Evasion Moves Clause: Evasion moves are banned
|rule|Evasion Abilities Clause: Evasion abilities are banned
|rule|Sleep Moves Clause: Sleep-inducing moves are banned
|clearpoke
|poke|p1|Torkoal, F|
|poke|p1|Clefable, M|
|poke|p1|Mandibuzz, F|
|poke|p1|Walking Wake|
|poke|p1|Iron Moth|
|poke|p1|Mew|
|poke|p2|Blaziken, F|
|poke|p2|Ninetales, F|
|poke|p2|Indeedee, M|
|poke|p2|Hatterene, F|
|poke|p2|Slowbro-Galar, M|
|poke|p2|Cinderace, F|
|teampreview
|inactive|Battle timer is ON: inactive players will automatically lose when time's up. (requested by socaselectah)
|
|t:|1757930461
|teamsize|p1|6
|teamsize|p2|6
|start
|switch|p1a: Clefable|Clefable, M|100/100
|switch|p2a: DeeDee|Indeedee, M|100/100
|-fieldstart|move: Psychic Terrain|[from] ability: Psychic Surge|[of] p2a: DeeDee
|turn|1
|
|t:|1757930474
|switch|p1a: Mandibuzz|Mandibuzz, F|100/100
|move|p2a: DeeDee|Expanding Force|p1a: Mandibuzz
|-immune|p1a: Mandibuzz
|
|upkeep
|turn|2
|
|t:|1757930488
|move|p2a: DeeDee|Dazzling Gleam|p1a: Mandibuzz
|-supereffective|p1a: Mandibuzz
|-damage|p1a: Mandibuzz|63/100
|move|p1a: Mandibuzz|Knock Off|p2a: DeeDee
|-supereffective|p2a: DeeDee
|-damage|p2a: DeeDee|1/100
|-enditem|p2a: DeeDee|Terrain Extender|[from] move: Knock Off|[of] p1a: Mandibuzz
|
|-heal|p1a: Mandibuzz|69/100|[from] item: Leftovers
|upkeep
|turn|3
|
|t:|1757930497
|move|p2a: DeeDee|Encore|p1a: Mandibuzz
|-start|p1a: Mandibuzz|Encore
|move|p1a: Mandibuzz|Knock Off|p2a: DeeDee
|-supereffective|p2a: DeeDee
|-damage|p2a: DeeDee|0 fnt
|faint|p2a: DeeDee
|
|-heal|p1a: Mandibuzz|75/100|[from] item: Leftovers
|upkeep
|
|t:|1757930505
|switch|p2a: Mavis|Hatterene, F|100/100
|turn|4
|
|t:|1757930508
|switch|p1a: Clefable|Clefable, M|100/100
|move|p2a: Mavis|Trick Room|p2a: Mavis
|-fieldstart|move: Trick Room|[of] p2a: Mavis
|
|upkeep
|turn|5
|
|t:|1757930512
|move|p2a: Mavis|Expanding Force|p1a: Clefable
|-damage|p1a: Clefable|15/100
|-damage|p2a: Mavis|91/100|[from] item: Life Orb
|move|p1a: Clefable|Trick|p2a: Mavis
|-activate|p1a: Clefable|move: Trick|[of] p2a: Mavis
|-item|p2a: Mavis|Choice Scarf|[from] move: Trick
|-item|p1a: Clefable|Life Orb|[from] move: Trick
|
|upkeep
|turn|6
|
|t:|1757930522
|switch|p2a: WildWest|Slowbro-Galar, M|100/100
|switch|p1a: Mandibuzz|Mandibuzz, F|75/100
|
|-heal|p1a: Mandibuzz|82/100|[from] item: Leftovers
|upkeep
|turn|7
|
|t:|1757930531
|move|p2a: WildWest|Nasty Plot|p2a: WildWest
|-boost|p2a: WildWest|spa|2
|move|p1a: Mandibuzz|Roost|p1a: Mandibuzz
|-heal|p1a: Mandibuzz|100/100
|-singleturn|p1a: Mandibuzz|move: Roost
|
|upkeep
|turn|8
|
|t:|1757930539
|-terastallize|p2a: WildWest|Poison
|move|p2a: WildWest|Nasty Plot|p2a: WildWest
|-boost|p2a: WildWest|spa|2
|move|p1a: Mandibuzz|Whirlwind|p2a: WildWest
|drag|p2a: Kurama|Ninetales, F|100/100
|-weather|SunnyDay|[from] ability: Drought|[of] p2a: Kurama
|
|-weather|SunnyDay|[upkeep]
|-fieldend|move: Trick Room
|-fieldend|move: Psychic Terrain
|upkeep
|turn|9
|
|t:|1757930554
|switch|p2a: WildWest|Slowbro-Galar, M, tera:Poison|100/100
|switch|p1a: Walking Wake|Walking Wake|100/100
|-activate|p1a: Walking Wake|ability: Protosynthesis
|-start|p1a: Walking Wake|protosynthesisspa
|
|-weather|SunnyDay|[upkeep]
|upkeep
|turn|10
|
|t:|1757930562
|move|p1a: Walking Wake|Agility|p1a: Walking Wake
|-boost|p1a: Walking Wake|spe|2
|move|p2a: WildWest|Shell Side Arm|p1a: Walking Wake|[anim] Shell Side Arm Special
|-damage|p1a: Walking Wake|39/100
|-hint|Special Shell Side Arm
|
|-weather|SunnyDay|[upkeep]
|upkeep
|turn|11
|
|t:|1757930569
|move|p1a: Walking Wake|Hydro Steam|p2a: WildWest
|-damage|p2a: WildWest|0 fnt
|faint|p2a: WildWest
|
|-weather|SunnyDay|[upkeep]
|upkeep
|-message|waha8 forfeited.
|
|win|socaselectah
|raw|socaselectah's rating: 1443 &rarr; <strong>1460</strong><br />(+17 for winning)
|raw|waha8's rating: 1387 &rarr; <strong>1370</strong><br />(-17 for losing)
|l|☆waha8
|player|p2|
|l|‽socaselectah
|player|p1|
