|j|☆mio3777
|j|☆overheat xyz
|t:|1757855801
|gametype|singles
|player|p1|mio3777|265|1503
|player|p2|overheat xyz|266|1633
|gen|9
|tier|[Gen 9] OU
|rated|
|rule|HP Percentage Mod: HP is shown in percentages
|rule|Endless Battle Clause: Forcing endless battles is banned
|rule|Species Clause: Limit one of each Pokémon
|rule|OHKO Clause: OHKO moves are banned
|rule|Evasion Items Clause: Evasion items are banned
|rule|Evasion Moves Clause: Evasion moves are banned
|rule|Evasion Abilities Clause: Evasion abilities are banned
|rule|Sleep Moves Clause: Sleep-inducing moves are banned
|clearpoke
|poke|p1|Indeedee, M|
|poke|p1|Polteageist-Antique|
|poke|p1|Cinderace, F|
|poke|p1|Armarouge, M|
|poke|p1|Hawlucha, F|
|poke|p1|Hatterene, F|
|poke|p2|Kingambit, F|
|poke|p2|Garganacl, M|
|poke|p2|Rillaboom, F|
|poke|p2|Hatterene, F|
|poke|p2|Dragapult, M|
|poke|p2|Corviknight, F|
|teampreview
|
|t:|1757855813
|teamsize|p1|6
|teamsize|p2|6
|start
|switch|p1a: Indeedee|Indeedee, M|100/100
|switch|p2a: Dragapult|Dragapult, M|100/100
|-fieldstart|move: Psychic Terrain|[from] ability: Psychic Surge|[of] p1a: Indeedee
|turn|1
|inactive|Battle timer is ON: inactive players will automatically lose when time's up. (requested by mio3777)
|
|t:|1757855820
|switch|p1a: Armarouge|Armarouge, M|100/100
|move|p2a: Dragapult|U-turn|p1a: Armarouge
|-damage|p1a: Armarouge|81/100
|-ability|p1a: Armarouge|Weak Armor|boost
|-unboost|p1a: Armarouge|def|1
|-boost|p1a: Armarouge|spe|2
|
|t:|1757855831
|switch|p2a: Garganacl|Garganacl, M|100/100|[from] U-turn
|
|upkeep
|turn|2
|
|t:|1757855835
|-terastallize|p2a: Garganacl|Water
|move|p1a: Armarouge|Expanding Force|p2a: Garganacl
|-damage|p2a: Garganacl|42/100
|move|p2a: Garganacl|Salt Cure|p1a: Armarouge
|-supereffective|p1a: Armarouge
|-damage|p1a: Armarouge|37/100
|-start|p1a: Armarouge|Salt Cure
|-ability|p1a: Armarouge|Weak Armor|boost
|-unboost|p1a: Armarouge|def|1
|-boost|p1a: Armarouge|spe|2
|
|-heal|p2a: Garganacl|48/100|[from] item: Leftovers
|-damage|p1a: Armarouge|24/100|[from] Salt Cure
|upkeep
|turn|3
|
|t:|1757855851
|move|p2a: Garganacl|Protect|p2a: Garganacl
|-singleturn|p2a: Garganacl|Protect
|move|p1a: Armarouge|Expanding Force|p2a: Garganacl
|-activate|p2a: Garganacl|move: Protect
|
|-heal|p2a: Garganacl|54/100|[from] item: Leftovers
|-damage|p1a: Armarouge|12/100|[from] Salt Cure
|upkeep
|turn|4
|
|t:|1757855858
|move|p1a: Armarouge|Armor Cannon|p2a: Garganacl
|-resisted|p2a: Garganacl
|-damage|p2a: Garganacl|31/100
|-unboost|p1a: Armarouge|def|1
|-unboost|p1a: Armarouge|spd|1
|move|p2a: Garganacl|Recover|p2a: Garganacl
|-heal|p2a: Garganacl|81/100
|
|-heal|p2a: Garganacl|87/100|[from] item: Leftovers
|-damage|p1a: Armarouge|0 fnt|[from] Salt Cure
|faint|p1a: Armarouge
|upkeep
|
|t:|1757855871
|switch|p1a: Hatterene|Hatterene, F|100/100
|turn|5
|
|t:|1757855879
|switch|p2a: Kingambit|Kingambit, F|100/100
|move|p1a: Hatterene|Calm Mind|p1a: Hatterene
|-boost|p1a: Hatterene|spa|1
|-boost|p1a: Hatterene|spd|1
|
|upkeep
|turn|6
|
|t:|1757855891
|-terastallize|p1a: Hatterene|Fire
|move|p2a: Kingambit|Iron Head|p1a: Hatterene
|-resisted|p1a: Hatterene
|-damage|p1a: Hatterene|76/100
|cant|p1a: Hatterene|flinch
|
|-heal|p1a: Hatterene|82/100|[from] item: Leftovers
|upkeep
|turn|7
|
|t:|1757855899
|move|p2a: Kingambit|Kowtow Cleave|p1a: Hatterene
|-damage|p1a: Hatterene|29/100
|move|p1a: Hatterene|Mystical Fire|p2a: Kingambit
|-supereffective|p2a: Kingambit
|-damage|p2a: Kingambit|0 fnt
|faint|p2a: Kingambit
|-end|p2a: Kingambit|fallenundefined|[silent]
|
|-heal|p1a: Hatterene|35/100|[from] item: Leftovers
|upkeep
|
|t:|1757855904
|switch|p2a: Rillaboom|Rillaboom, F|100/100
|-fieldstart|move: Grassy Terrain|[from] ability: Grassy Surge|[of] p2a: Rillaboom
|turn|8
|
|t:|1757855914
|switch|p1a: Indeedee|Indeedee, M|100/100
|-fieldstart|move: Psychic Terrain|[from] ability: Psychic Surge|[of] p1a: Indeedee
|move|p2a: Rillaboom|Knock Off|p1a: Indeedee
|-supereffective|p1a: Indeedee
|-damage|p1a: Indeedee|0 fnt
|-enditem|p1a: Indeedee|Terrain Extender|[from] move: Knock Off|[of] p2a: Rillaboom
|faint|p1a: Indeedee
|
|upkeep
|
|t:|1757855925
|switch|p1a: Hawlucha|Hawlucha, F|100/100
|-enditem|p1a: Hawlucha|Psychic Seed
|-boost|p1a: Hawlucha|spd|1|[from] item: Psychic Seed
|turn|9
|
|t:|1757855935
|switch|p2a: Corviknight|Corviknight, F|100/100
|-ability|p2a: Corviknight|Pressure
|move|p1a: Hawlucha|Swords Dance|p1a: Hawlucha
|-boost|p1a: Hawlucha|atk|2
|
|upkeep
|turn|10
|
|t:|1757855941
|move|p1a: Hawlucha|Swords Dance|p1a: Hawlucha
|-boost|p1a: Hawlucha|atk|2
|move|p2a: Corviknight|Iron Defense|p2a: Corviknight
|-boost|p2a: Corviknight|def|2
|
|upkeep
|turn|11
|
|t:|1757855953
|switch|p1a: Polteageist|Polteageist-Antique|100/100
|move|p2a: Corviknight|Iron Defense|p2a: Corviknight
|-boost|p2a: Corviknight|def|2
|
|upkeep
|turn|12
|
|t:|1757855960
|switch|p2a: Garganacl|Garganacl, M, tera:Water|87/100
|move|p1a: Polteageist|Shell Smash|p1a: Polteageist
|-unboost|p1a: Polteageist|def|1
|-unboost|p1a: Polteageist|spd|1
|-boost|p1a: Polteageist|atk|2
|-boost|p1a: Polteageist|spa|2
|-boost|p1a: Polteageist|spe|2
|
|-heal|p2a: Garganacl|93/100|[from] item: Leftovers
|upkeep
|turn|13
|j| Nikator98
|
|t:|1757855972
|move|p1a: Polteageist|Stored Power|p2a: Garganacl
|-damage|p2a: Garganacl|5/100
|move|p2a: Garganacl|Salt Cure|p1a: Polteageist
|-damage|p1a: Polteageist|65/100
|-start|p1a: Polteageist|Salt Cure
|-ability|p1a: Polteageist|Weak Armor|boost
|-unboost|p1a: Polteageist|def|1
|-boost|p1a: Polteageist|spe|2
|
|-heal|p2a: Garganacl|11/100|[from] item: Leftovers
|-damage|p1a: Polteageist|53/100|[from] Salt Cure
|upkeep
|turn|14
|
|t:|1757855983
|move|p1a: Polteageist|Stored Power|p2a: Garganacl
|-damage|p2a: Garganacl|0 fnt
|faint|p2a: Garganacl
|
|-damage|p1a: Polteageist|41/100|[from] Salt Cure
|upkeep
|
|t:|1757855985
|switch|p2a: Rillaboom|Rillaboom, F|100/100
|-fieldstart|move: Grassy Terrain|[from] ability: Grassy Surge|[of] p2a: Rillaboom
|turn|15
|
|t:|1757855992
|move|p2a: Rillaboom|Grassy Glide|p1a: Polteageist
|-damage|p1a: Polteageist|0 fnt
|faint|p1a: Polteageist
|
|upkeep
|l|☆mio3777
|inactive|mio3777 disconnected and has a minute to reconnect!
|player|p1|
|inactive|mio3777 has 30 seconds to reconnect!
|inactive|mio3777 has 20 seconds to reconnect!
|inactive|mio3777 has 15 seconds to reconnect!
|inactive|mio3777 has 10 seconds to reconnect!
|inactive|mio3777 has 5 seconds to reconnect!
|-message|mio3777 lost due to inactivity.
|
|win|overheat xyz
|raw|mio3777's rating: 1503 &rarr; <strong>1490</strong><br />(-13 for losing)
|raw|overheat xyz's rating: 1633 &rarr; <strong>1646</strong><br />(+13 for winning)
|j| wgw2333
|l| wgw2333
|l| Nikator98
