|j|☆Themusiqking
|j|☆Salocin99
|t:|1757793586
|gametype|singles
|player|p1|Themusiqking|1|1148
|player|p2|Salocin99|102|1121
|gen|9
|tier|[Gen 9] OU
|rated|
|rule|HP Percentage Mod: HP is shown in percentages
|rule|Endless Battle Clause: Forcing endless battles is banned
|rule|Species Clause: Limit one of each Pokémon
|rule|OHKO Clause: OHKO moves are banned
|rule|Evasion Items Clause: Evasion items are banned
|rule|Evasion Moves Clause: Evasion moves are banned
|rule|Evasion Abilities Clause: Evasion abilities are banned
|rule|Sleep Moves Clause: Sleep-inducing moves are banned
|clearpoke
|poke|p1|Salamence, F|
|poke|p1|Eelektross, M|
|poke|p1|Spidops, M|
|poke|p1|Gholdengo|
|poke|p1|Garganacl, F|
|poke|p1|Zoroark-Hisui, M|
|poke|p2|Dusknoir, F|
|poke|p2|Hariyama, M|
|poke|p2|Haxorus, F|
|poke|p2|Bronzong|
|poke|p2|Glalie, F|
|poke|p2|Noctowl, M|
|teampreview
|
|t:|1757793610
|teamsize|p1|6
|teamsize|p2|6
|start
|switch|p1a: Spidops|Spidops, M|100/100
|switch|p2a: Hariyama|Hariyama, M|100/100
|turn|1
|
|t:|1757793623
|move|p2a: Hariyama|Knock Off|p1a: Spidops
|-crit|p1a: Spidops
|-damage|p1a: Spidops|36/100
|-enditem|p1a: Spidops|Sitrus Berry|[from] move: Knock Off|[of] p2a: Hariyama
|-damage|p2a: Hariyama|91/100|[from] item: Life Orb
|move|p1a: Spidops|Sticky Web|p2a: Hariyama
|-sidestart|p2: Salocin99|move: Sticky Web
|
|upkeep
|turn|2
|
|t:|1757793632
|move|p2a: Hariyama|Thunder Punch|p1a: Spidops
|-damage|p1a: Spidops|0 fnt
|faint|p1a: Spidops
|
|upkeep
|
|t:|1757793645
|switch|p1a: Gholdengo|Gholdengo|100/100
|turn|3
|
|t:|1757793649
|move|p1a: Gholdengo|Extrasensory|p2a: Hariyama
|-supereffective|p2a: Hariyama
|-damage|p2a: Hariyama|30/100
|move|p2a: Hariyama|Knock Off|p1a: Gholdengo
|-supereffective|p1a: Gholdengo
|-damage|p1a: Gholdengo|0 fnt
|replace|p1a: Zoroark|Zoroark-Hisui, M
|-end|p1a: Zoroark|Illusion
|-enditem|p1a: Zoroark|Choice Scarf|[from] move: Knock Off|[of] p2a: Hariyama
|faint|p1a: Zoroark
|-damage|p2a: Hariyama|20/100|[from] item: Life Orb
|
|upkeep
|
|t:|1757793688
|switch|p1a: Gholdengo|Gholdengo|100/100
|turn|4
|
|t:|1757793747
|move|p1a: Gholdengo|Dazzling Gleam|p2a: Hariyama
|-supereffective|p2a: Hariyama
|-damage|p2a: Hariyama|0 fnt
|faint|p2a: Hariyama
|
|upkeep
|
|t:|1757793751
|switch|p2a: Dusknoir|Dusknoir, F, shiny|100/100
|-activate|p2a: Dusknoir|move: Sticky Web
|-unboost|p2a: Dusknoir|spe|1
|-item|p1a: Gholdengo|Choice Scarf|[from] ability: Frisk|[of] p2a: Dusknoir
|turn|5
|inactive|Battle timer is ON: inactive players will automatically lose when time's up. (requested by Salocin99)
|inactive|Themusiqking has 120 seconds left.
|
|t:|1757793829
|switch|p1a: Garganacl|Garganacl, F|100/100
|move|p2a: Dusknoir|Poltergeist|p1a: Garganacl
|-activate|p1a: Garganacl|move: Poltergeist|Leftovers
|-damage|p1a: Garganacl|83/100
|
|-heal|p1a: Garganacl|90/100|[from] item: Leftovers
|upkeep
|turn|6
|
|t:|1757793839
|switch|p2a: Noctowl|Noctowl, M, shiny|100/100
|move|p1a: Garganacl|Salt Cure|p2a: Noctowl
|-supereffective|p2a: Noctowl
|-damage|p2a: Noctowl|57/100
|-start|p2a: Noctowl|Salt Cure
|
|-heal|p1a: Garganacl|96/100|[from] item: Leftovers
|-damage|p2a: Noctowl|45/100|[from] Salt Cure
|upkeep
|turn|7
|l|☆Themusiqking
|inactive|Themusiqking disconnected and has a minute to reconnect!
|player|p1|
|inactive|Themusiqking has 30 seconds to reconnect!
|inactive|Themusiqking has 20 seconds to reconnect!
|inactive|Themusiqking has 15 seconds to reconnect!
|inactive|Themusiqking has 10 seconds to reconnect!
|inactive|Themusiqking has 5 seconds to reconnect!
|-message|Themusiqking lost due to inactivity.
|
|win|Salocin99
|raw|Themusiqking's rating: 1148 &rarr; <strong>1121</strong><br />(-27 for losing)
|raw|Salocin99's rating: 1121 &rarr; <strong>1148</strong><br />(+27 for winning)
|l|☆Salocin99
|player|p2|
