|j|☆LikeEmerald
|j|☆la3yat 45
|t:|1757853930
|gametype|singles
|player|p1|LikeEmerald|102|1113
|player|p2|la3yat 45|lucas|1084
|gen|9
|tier|[Gen 9] OU
|rated|
|rule|HP Percentage Mod: HP is shown in percentages
|rule|Endless Battle Clause: Forcing endless battles is banned
|rule|Species Clause: Limit one of each Pokémon
|rule|OHKO Clause: OHKO moves are banned
|rule|Evasion Items Clause: Evasion items are banned
|rule|Evasion Moves Clause: Evasion moves are banned
|rule|Evasion Abilities Clause: Evasion abilities are banned
|rule|Sleep Moves Clause: Sleep-inducing moves are banned
|clearpoke
|poke|p1|Spidops, F|
|poke|p1|Ting-Lu|
|poke|p1|Samurott-Hisui, M|
|poke|p1|Sinistcha|
|poke|p1|Iron Crown|
|poke|p1|Enamorus, F|
|poke|p2|Greninja-*, M|
|poke|p2|Infernape, F|
|poke|p2|Munkidori, M|
|poke|p2|Rotom-Mow|
|poke|p2|Iron Boulder|
|poke|p2|Zarude|
|teampreview
|
|t:|1757853936
|teamsize|p1|6
|teamsize|p2|6
|start
|switch|p1a: Spidops|Spidops, F|100/100
|switch|p2a: Zarude|Zarude|100/100
|turn|1
|
|t:|1757853954
|switch|p2a: Infernape|Infernape, F|100/100
|move|p1a: Spidops|First Impression|p2a: Infernape
|-resisted|p2a: Infernape
|-damage|p2a: Infernape|71/100
|
|upkeep
|turn|2
|
|t:|1757853964
|switch|p1a: Samurott|Samurott-Hisui, M|100/100
|move|p2a: Infernape|Flare Blitz|p1a: Samurott
|-resisted|p1a: Samurott
|-damage|p1a: Samurott|62/100
|-status|p1a: Samurott|brn
|-damage|p2a: Infernape|57/100|[from] Recoil
|
|-damage|p1a: Samurott|56/100 brn|[from] brn
|upkeep
|turn|3
|
|t:|1757853975
|switch|p2a: Zarude|Zarude|100/100
|move|p1a: Samurott|Aqua Cutter|p2a: Zarude
|-resisted|p2a: Zarude
|-damage|p2a: Zarude|92/100
|
|-damage|p1a: Samurott|49/100 brn|[from] brn
|upkeep
|turn|4
|
|t:|1757853988
|switch|p1a: Enamorus|Enamorus, F|100/100
|move|p2a: Zarude|Power Whip|p1a: Enamorus
|-resisted|p1a: Enamorus
|-damage|p1a: Enamorus|47/100
|
|upkeep
|turn|5
|
|t:|1757854008
|move|p1a: Enamorus|Superpower|p2a: Zarude
|-supereffective|p2a: Zarude
|-damage|p2a: Zarude|48/100
|-boost|p1a: Enamorus|atk|1
|-boost|p1a: Enamorus|def|1
|-damage|p1a: Enamorus|30/100|[from] item: Rocky Helmet|[of] p2a: Zarude
|move|p2a: Zarude|U-turn|p1a: Enamorus
|-resisted|p1a: Enamorus
|-damage|p1a: Enamorus|24/100
|
|t:|1757854017
|switch|p2a: Rotom|Rotom-Mow|100/100|[from] U-turn
|
|upkeep
|turn|6
|
|t:|1757854023
|move|p1a: Enamorus|Sludge Bomb|p2a: Rotom
|-supereffective|p2a: Rotom
|-damage|p2a: Rotom|39/100
|move|p2a: Rotom|Discharge|p1a: Enamorus
|-supereffective|p1a: Enamorus
|-damage|p1a: Enamorus|0 fnt
|faint|p1a: Enamorus
|
|upkeep
|
|t:|1757854030
|switch|p1a: Samurott|Samurott-Hisui, M|49/100 brn
|turn|7
|
|t:|1757854036
|switch|p2a: Zarude|Zarude|48/100
|move|p1a: Samurott|Ceaseless Edge|p2a: Zarude
|-resisted|p2a: Zarude
|-damage|p2a: Zarude|40/100
|-damage|p1a: Samurott|33/100 brn|[from] item: Rocky Helmet|[of] p2a: Zarude
|-sidestart|p2: la3yat 45|Spikes
|
|-damage|p1a: Samurott|27/100 brn|[from] brn
|upkeep
|turn|8
|
|t:|1757854046
|move|p1a: Samurott|Ceaseless Edge|p2a: Zarude
|-resisted|p2a: Zarude
|-damage|p2a: Zarude|33/100
|-damage|p1a: Samurott|10/100 brn|[from] item: Rocky Helmet|[of] p2a: Zarude
|-sidestart|p2: la3yat 45|Spikes
|move|p2a: Zarude|Jungle Healing|p2a: Zarude
|-heal|p2a: Zarude|58/100
|
|-damage|p1a: Samurott|4/100 brn|[from] brn
|upkeep
|turn|9
|
|t:|1757854058
|move|p1a: Samurott|Ceaseless Edge|p2a: Zarude
|-resisted|p2a: Zarude
|-damage|p2a: Zarude|50/100
|-damage|p1a: Samurott|0 fnt|[from] item: Rocky Helmet|[of] p2a: Zarude
|faint|p1a: Samurott
|move|p2a: Zarude|Jungle Healing|p2a: Zarude
|-heal|p2a: Zarude|75/100
|
|upkeep
|
|t:|1757854062
|switch|p1a: Spidops|Spidops, F|100/100
|turn|10
|
|t:|1757854092
|switch|p2a: Infernape|Infernape, F|57/100
|-damage|p2a: Infernape|41/100|[from] Spikes
|move|p1a: Spidops|Sticky Web|p2a: Infernape
|-sidestart|p2: la3yat 45|move: Sticky Web
|
|upkeep
|turn|11
|
|t:|1757854100
|switch|p1a: Ting-Lu|Ting-Lu|100/100
|-ability|p1a: Ting-Lu|Vessel of Ruin
|move|p2a: Infernape|Flare Blitz|p1a: Ting-Lu
|-damage|p1a: Ting-Lu|78/100
|-status|p1a: Ting-Lu|brn
|-damage|p2a: Infernape|27/100|[from] Recoil
|
|-damage|p1a: Ting-Lu|71/100 brn|[from] brn
|upkeep
|turn|12
|
|t:|1757854105
|move|p2a: Infernape|Close Combat|p1a: Ting-Lu
|-supereffective|p1a: Ting-Lu
|-damage|p1a: Ting-Lu|21/100 brn
|-unboost|p2a: Infernape|def|1
|-unboost|p2a: Infernape|spd|1
|move|p1a: Ting-Lu|Stealth Rock|p2a: Infernape
|-sidestart|p2: la3yat 45|move: Stealth Rock
|
|-damage|p1a: Ting-Lu|15/100 brn|[from] brn
|upkeep
|turn|13
|
|t:|1757854115
|move|p2a: Infernape|Mach Punch|p1a: Ting-Lu
|-supereffective|p1a: Ting-Lu
|-damage|p1a: Ting-Lu|0 fnt
|faint|p1a: Ting-Lu
|
|upkeep
|
|t:|1757854130
|switch|p1a: Spidops|Spidops, F|100/100
|turn|14
|
|t:|1757854133
|move|p1a: Spidops|First Impression|p2a: Infernape
|-resisted|p2a: Infernape
|-damage|p2a: Infernape|6/100
|move|p2a: Infernape|Flare Blitz|p1a: Spidops
|-supereffective|p1a: Spidops
|-damage|p1a: Spidops|0 fnt
|faint|p1a: Spidops
|-damage|p2a: Infernape|0 fnt|[from] Recoil
|faint|p2a: Infernape
|
|upkeep
|
|t:|1757854146
|switch|p2a: Zarude|Zarude|75/100
|switch|p1a: Sinistcha|Sinistcha|100/100
|-damage|p2a: Zarude|59/100|[from] Spikes
|-activate|p2a: Zarude|move: Sticky Web
|-unboost|p2a: Zarude|spe|1
|-damage|p2a: Zarude|47/100|[from] Stealth Rock
|turn|15
|
|t:|1757854155
|move|p1a: Sinistcha|Scald|p2a: Zarude
|-resisted|p2a: Zarude
|-damage|p2a: Zarude|33/100
|move|p2a: Zarude|Knock Off|p1a: Sinistcha
|-supereffective|p1a: Sinistcha
|-damage|p1a: Sinistcha|13/100
|-enditem|p1a: Sinistcha|Covert Cloak|[from] move: Knock Off|[of] p2a: Zarude
|
|upkeep
|turn|16
|
|t:|1757854165
|move|p1a: Sinistcha|Matcha Gotcha|p2a: Zarude
|-resisted|p2a: Zarude
|-damage|p2a: Zarude|10/100
|-heal|p1a: Sinistcha|25/100|[from] drain|[of] p2a: Zarude
|move|p2a: Zarude|Knock Off|p1a: Sinistcha
|-supereffective|p1a: Sinistcha
|-damage|p1a: Sinistcha|0 fnt
|faint|p1a: Sinistcha
|
|upkeep
|
|t:|1757854169
|switch|p1a: Iron Crown|Iron Crown|100/100
|turn|17
|
|t:|1757854180
|move|p1a: Iron Crown|Air Slash|p2a: Zarude
|-supereffective|p2a: Zarude
|-damage|p2a: Zarude|0 fnt
|faint|p2a: Zarude
|
|upkeep
|
|t:|1757854186
|switch|p2a: Rotom|Rotom-Mow|39/100
|-damage|p2a: Rotom|26/100|[from] Stealth Rock
|turn|18
|
|t:|1757854193
|move|p1a: Iron Crown|Psychic|p2a: Rotom
|-damage|p2a: Rotom|0 fnt
|faint|p2a: Rotom
|
|upkeep
|
|t:|1757854202
|switch|p2a: Greninja|Greninja, M|100/100
|-damage|p2a: Greninja|84/100|[from] Spikes
|-activate|p2a: Greninja|move: Sticky Web
|-unboost|p2a: Greninja|spe|1
|-damage|p2a: Greninja|72/100|[from] Stealth Rock
|turn|19
|
|t:|1757854216
|-terastallize|p1a: Iron Crown|Water
|move|p1a: Iron Crown|Calm Mind|p1a: Iron Crown
|-boost|p1a: Iron Crown|spa|1
|-boost|p1a: Iron Crown|spd|1
|move|p2a: Greninja|Dark Pulse|p1a: Iron Crown
|-damage|p1a: Iron Crown|70/100
|-damage|p2a: Greninja|62/100|[from] item: Life Orb
|
|upkeep
|turn|20
|
|t:|1757854229
|move|p1a: Iron Crown|Air Slash|p2a: Greninja
|-damage|p2a: Greninja|2/100
|cant|p2a: Greninja|flinch
|
|upkeep
|turn|21
|
|t:|1757854235
|move|p1a: Iron Crown|Air Slash|p2a: Greninja
|-damage|p2a: Greninja|0 fnt
|faint|p2a: Greninja
|
|upkeep
|
|t:|1757854241
|switch|p2a: Iron Boulder|Iron Boulder|100/100
|-damage|p2a: Iron Boulder|84/100|[from] Spikes
|-activate|p2a: Iron Boulder|move: Sticky Web
|-unboost|p2a: Iron Boulder|spe|1
|-damage|p2a: Iron Boulder|72/100|[from] Stealth Rock
|-enditem|p2a: Iron Boulder|Booster Energy
|-activate|p2a: Iron Boulder|ability: Quark Drive|[fromitem]
|-start|p2a: Iron Boulder|quarkdriveatk
|turn|22
|
|t:|1757854249
|move|p1a: Iron Crown|Steel Beam|p2a: Iron Boulder
|-supereffective|p2a: Iron Boulder
|-damage|p2a: Iron Boulder|0 fnt
|-damage|p1a: Iron Crown|20/100|[from] steelbeam
|-enditem|p1a: Iron Crown|Sitrus Berry|[eat]
|-heal|p1a: Iron Crown|44/100|[from] item: Sitrus Berry
|faint|p2a: Iron Boulder
|-end|p2a: Iron Boulder|Quark Drive|[silent]
|
|upkeep
|
|t:|1757854253
|switch|p2a: Munkidori|Munkidori, M|100/100
|turn|23
|
|t:|1757854259
|-terastallize|p2a: Munkidori|Steel
|move|p1a: Iron Crown|Air Slash|p2a: Munkidori
|-resisted|p2a: Munkidori
|-damage|p2a: Munkidori|80/100
|move|p2a: Munkidori|Sludge Bomb|p1a: Iron Crown
|-damage|p1a: Iron Crown|10/100
|
|upkeep
|turn|24
|
|t:|1757854269
|move|p1a: Iron Crown|Steel Beam|p2a: Munkidori
|-resisted|p2a: Munkidori
|-damage|p2a: Munkidori|20/100
|-damage|p1a: Iron Crown|0 fnt|[from] steelbeam
|faint|p1a: Iron Crown
|-end|p1a: Iron Crown|Quark Drive|[silent]
|
|win|la3yat 45
|raw|LikeEmerald's rating: 1113 &rarr; <strong>1086</strong><br />(-27 for losing)
|raw|la3yat 45's rating: 1084 &rarr; <strong>1114</strong><br />(+30 for winning)
|l|☆LikeEmerald
|player|p1|
