|badge|p1|silver|gen9uu|30-6
|uhtml|medal-msg|<div class="broadcast-blue">Curious what those medals under the avatar are? PS now has Ladder Seasons! For more information, check out the <a href="https://www.smogon.com/forums/threads/3740067/">thread on Smogon.</a></div>
|j|☆FP.//06
|j|☆smoldracovish
|t:|1757917551
|gametype|singles
|player|p1|FP.//06|swimmerf2-gen6|1558
|player|p2|smoldracovish|miku-ground|1564
|gen|9
|tier|[Gen 9] OU
|rated|
|rule|HP Percentage Mod: HP is shown in percentages
|rule|Endless Battle Clause: Forcing endless battles is banned
|rule|Species Clause: Limit one of each Pokémon
|rule|OHKO Clause: OHKO moves are banned
|rule|Evasion Items Clause: Evasion items are banned
|rule|Evasion Moves Clause: Evasion moves are banned
|rule|Evasion Abilities Clause: Evasion abilities are banned
|rule|Sleep Moves Clause: Sleep-inducing moves are banned
|clearpoke
|poke|p1|Ting-Lu|
|poke|p1|Weezing-Galar, F|
|poke|p1|Alomomola, F|
|poke|p1|Tornadus-Therian, M|
|poke|p1|Gholdengo|
|poke|p1|Zamazenta-*|
|poke|p2|Landorus-Therian, M|
|poke|p2|Samurott-Hisui, M|
|poke|p2|Pecharunt|
|poke|p2|Scizor, M|
|poke|p2|Latios, M|
|poke|p2|Zamazenta-*|
|teampreview
|
|t:|1757917581
|teamsize|p1|6
|teamsize|p2|6
|start
|switch|p1a: HP Hoe|Alomomola, F, shiny|100/100
|switch|p2a: Samurott|Samurott-Hisui, M|100/100
|turn|1
|
|t:|1757917587
|move|p2a: Samurott|Knock Off|p1a: HP Hoe
|-damage|p1a: HP Hoe|69/100
|-damage|p2a: Samurott|84/100|[from] item: Rocky Helmet|[of] p1a: HP Hoe
|-enditem|p1a: HP Hoe|Rocky Helmet|[from] move: Knock Off|[of] p2a: Samurott
|move|p1a: HP Hoe|Flip Turn|p2a: Samurott
|-resisted|p2a: Samurott
|-damage|p2a: Samurott|75/100
|
|t:|1757917590
|switch|p1a: G-Wheezy|Weezing-Galar, F, shiny|100/100|[from] Flip Turn
|-ability|p1a: G-Wheezy|Neutralizing Gas
|
|upkeep
|turn|2
|
|t:|1757917604
|switch|p2a: Pecharunt|Pecharunt|100/100
|move|p1a: G-Wheezy|Will-O-Wisp|p2a: Pecharunt
|-status|p2a: Pecharunt|brn
|
|-damage|p2a: Pecharunt|94/100 brn|[from] brn
|upkeep
|turn|3
|
|t:|1757917628
|-end|p1a: G-Wheezy|ability: Neutralizing Gas
|switch|p1a: Djengo Unrained|Gholdengo|100/100
|move|p2a: Pecharunt|Shadow Ball|p1a: Djengo Unrained
|-supereffective|p1a: Djengo Unrained
|-damage|p1a: Djengo Unrained|41/100
|
|-damage|p2a: Pecharunt|88/100 brn|[from] brn
|upkeep
|turn|4
|
|t:|1757917633
|move|p1a: Djengo Unrained|Recover|p1a: Djengo Unrained
|-heal|p1a: Djengo Unrained|91/100
|move|p2a: Pecharunt|Shadow Ball|p1a: Djengo Unrained
|-supereffective|p1a: Djengo Unrained
|-damage|p1a: Djengo Unrained|38/100
|
|-damage|p2a: Pecharunt|82/100 brn|[from] brn
|upkeep
|turn|5
|
|t:|1757917637
|switch|p1a: Lus-Lus Situation|Ting-Lu, shiny|100/100
|-ability|p1a: Lus-Lus Situation|Vessel of Ruin
|move|p2a: Pecharunt|Shadow Ball|p1a: Lus-Lus Situation
|-resisted|p1a: Lus-Lus Situation
|-damage|p1a: Lus-Lus Situation|96/100
|-unboost|p1a: Lus-Lus Situation|spd|1
|
|-heal|p1a: Lus-Lus Situation|100/100|[from] item: Leftovers
|-damage|p2a: Pecharunt|76/100 brn|[from] brn
|upkeep
|turn|6
|
|t:|1757917655
|switch|p2a: Samurott|Samurott-Hisui, M|75/100
|move|p1a: Lus-Lus Situation|Stealth Rock|p2a: Samurott
|-sidestart|p2: smoldracovish|move: Stealth Rock
|
|upkeep
|turn|7
|
|t:|1757917658
|switch|p1a: HP Hoe|Alomomola, F, shiny|100/100
|move|p2a: Samurott|Razor Shell|p1a: HP Hoe
|-resisted|p1a: HP Hoe
|-damage|p1a: HP Hoe|83/100
|-unboost|p1a: HP Hoe|def|1
|
|upkeep
|turn|8
|
|t:|1757917662
|move|p2a: Samurott|Ceaseless Edge|p1a: HP Hoe
|-damage|p1a: HP Hoe|38/100
|-sidestart|p1: FP.//06|Spikes
|move|p1a: HP Hoe|Flip Turn|p2a: Samurott
|-resisted|p2a: Samurott
|-damage|p2a: Samurott|65/100
|
|t:|1757917664
|switch|p1a: G-Wheezy|Weezing-Galar, F, shiny|100/100|[from] Flip Turn
|-ability|p1a: G-Wheezy|Neutralizing Gas
|
|upkeep
|turn|9
|
|t:|1757917673
|switch|p2a: Pecharunt|Pecharunt|76/100 brn
|-end|p1a: G-Wheezy|ability: Neutralizing Gas
|switch|p1a: HP Hoe|Alomomola, F, shiny|72/100
|-damage|p1a: HP Hoe|59/100|[from] Spikes
|
|-damage|p2a: Pecharunt|70/100 brn|[from] brn
|upkeep
|turn|10
|
|t:|1757917682
|move|p1a: HP Hoe|Protect|p1a: HP Hoe
|-singleturn|p1a: HP Hoe|Protect
|move|p2a: Pecharunt|Malignant Chain|p1a: HP Hoe
|-activate|p1a: HP Hoe|move: Protect
|
|-damage|p2a: Pecharunt|64/100 brn|[from] brn
|upkeep
|turn|11
|
|t:|1757917684
|move|p2a: Pecharunt|Shadow Ball|p1a: HP Hoe
|-damage|p1a: HP Hoe|37/100
|move|p1a: HP Hoe|Flip Turn|p2a: Pecharunt
|-damage|p2a: Pecharunt|54/100 brn
|
|t:|1757917687
|switch|p1a: Djengo Unrained|Gholdengo|38/100|[from] Flip Turn
|-damage|p1a: Djengo Unrained|25/100|[from] Spikes
|
|-damage|p2a: Pecharunt|48/100 brn|[from] brn
|upkeep
|turn|12
|
|t:|1757917696
|switch|p2a: Samurott|Samurott-Hisui, M|65/100
|-damage|p2a: Samurott|52/100|[from] Stealth Rock
|move|p1a: Djengo Unrained|Trick|p2a: Samurott
|-activate|p1a: Djengo Unrained|move: Trick|[of] p2a: Samurott
|-item|p2a: Samurott|Choice Scarf|[from] move: Trick
|-item|p1a: Djengo Unrained|Assault Vest|[from] move: Trick
|
|upkeep
|turn|13
|
|t:|1757917703
|switch|p1a: HP Hoe|Alomomola, F, shiny|70/100
|-damage|p1a: HP Hoe|57/100|[from] Spikes
|move|p2a: Samurott|Ceaseless Edge|p1a: HP Hoe
|-damage|p1a: HP Hoe|29/100
|-sidestart|p1: FP.//06|Spikes
|
|upkeep
|turn|14
|
|t:|1757917709
|switch|p1a: G-Wheezy|Weezing-Galar, F, shiny|100/100
|-ability|p1a: G-Wheezy|Neutralizing Gas
|move|p2a: Samurott|Ceaseless Edge|p1a: G-Wheezy
|-resisted|p1a: G-Wheezy
|-damage|p1a: G-Wheezy|91/100
|-sidestart|p1: FP.//06|Spikes
|
|upkeep
|turn|15
|
|t:|1757917723
|switch|p2a: Latios|Latios, M|100/100
|-damage|p2a: Latios|88/100|[from] Stealth Rock
|move|p1a: G-Wheezy|Defog|p2a: Latios
|-unboost|p2a: Latios|evasion|1
|-sideend|p2: smoldracovish|Stealth Rock|[from] move: Defog|[of] p1a: G-Wheezy
|-sideend|p1: FP.//06|Spikes|[from] move: Defog|[of] p1a: G-Wheezy
|
|upkeep
|turn|16
|
|t:|1757917736
|-end|p1a: G-Wheezy|ability: Neutralizing Gas
|switch|p1a: Lus-Lus Situation|Ting-Lu, shiny|100/100
|-ability|p1a: Lus-Lus Situation|Vessel of Ruin
|move|p2a: Latios|Psychic Noise|p1a: Lus-Lus Situation
|-immune|p1a: Lus-Lus Situation
|
|upkeep
|turn|17
|
|t:|1757917742
|switch|p2a: Pecharunt|Pecharunt|48/100 brn
|move|p1a: Lus-Lus Situation|Stealth Rock|p2a: Pecharunt
|-sidestart|p2: smoldracovish|move: Stealth Rock
|
|-damage|p2a: Pecharunt|42/100 brn|[from] brn
|upkeep
|turn|18
|
|t:|1757917746
|move|p2a: Pecharunt|Recover|p2a: Pecharunt
|-heal|p2a: Pecharunt|92/100 brn
|move|p1a: Lus-Lus Situation|Earthquake|p2a: Pecharunt
|-supereffective|p2a: Pecharunt
|-damage|p2a: Pecharunt|47/100 brn
|
|-damage|p2a: Pecharunt|41/100 brn|[from] brn
|upkeep
|turn|19
|
|t:|1757917765
|-terastallize|p2a: Pecharunt|Ghost
|move|p2a: Pecharunt|Recover|p2a: Pecharunt
|-heal|p2a: Pecharunt|91/100 brn
|move|p1a: Lus-Lus Situation|Ruination|p2a: Pecharunt|[miss]
|-miss|p1a: Lus-Lus Situation|p2a: Pecharunt
|
|-damage|p2a: Pecharunt|85/100 brn|[from] brn
|upkeep
|turn|20
|
|t:|1757917771
|move|p2a: Pecharunt|Malignant Chain|p1a: Lus-Lus Situation
|-resisted|p1a: Lus-Lus Situation
|-damage|p1a: Lus-Lus Situation|95/100
|-status|p1a: Lus-Lus Situation|tox
|-start|p1a: Lus-Lus Situation|confusion|[from] ability: Poison Puppeteer|[of] p2a: Pecharunt
|-activate|p1a: Lus-Lus Situation|confusion
|move|p1a: Lus-Lus Situation|Ruination|p2a: Pecharunt
|-damage|p2a: Pecharunt|43/100 brn
|
|-heal|p1a: Lus-Lus Situation|100/100 tox|[from] item: Leftovers
|-damage|p1a: Lus-Lus Situation|94/100 tox|[from] psn
|-damage|p2a: Pecharunt|37/100 brn|[from] brn
|upkeep
|turn|21
|
|t:|1757917780
|switch|p1a: Therry Christmas|Tornadus-Therian, M, shiny|100/100
|move|p2a: Pecharunt|Recover|p2a: Pecharunt
|-heal|p2a: Pecharunt|87/100 brn
|
|-damage|p2a: Pecharunt|81/100 brn|[from] brn
|upkeep
|turn|22
|
|t:|1757917785
|move|p1a: Therry Christmas|Nasty Plot|p1a: Therry Christmas
|-boost|p1a: Therry Christmas|spa|2
|move|p2a: Pecharunt|Malignant Chain|p1a: Therry Christmas
|-damage|p1a: Therry Christmas|66/100
|-status|p1a: Therry Christmas|tox
|-start|p1a: Therry Christmas|confusion|[from] ability: Poison Puppeteer|[of] p2a: Pecharunt
|
|-damage|p1a: Therry Christmas|60/100 tox|[from] psn
|-damage|p2a: Pecharunt|75/100 brn|[from] brn
|upkeep
|turn|23
|
|t:|1757917789
|switch|p2a: Samurott|Samurott-Hisui, M|52/100
|-damage|p2a: Samurott|40/100|[from] Stealth Rock
|-activate|p1a: Therry Christmas|confusion
|move|p1a: Therry Christmas|Bleakwind Storm|p2a: Samurott
|-damage|p2a: Samurott|0 fnt
|faint|p2a: Samurott
|
|-damage|p1a: Therry Christmas|47/100 tox|[from] psn
|upkeep
|
|t:|1757917794
|switch|p2a: Scizor|Scizor, M|100/100
|turn|24
|
|t:|1757917802
|switch|p1a: HP Hoe|Alomomola, F, shiny|62/100
|move|p2a: Scizor|Bullet Punch|p1a: HP Hoe
|-resisted|p1a: HP Hoe
|-damage|p1a: HP Hoe|51/100
|
|upkeep
|turn|25
|
|t:|1757917817
|move|p2a: Scizor|Swords Dance|p2a: Scizor
|-boost|p2a: Scizor|atk|2
|move|p1a: HP Hoe|Wish|p1a: HP Hoe
|
|upkeep
|turn|26
|
|t:|1757917826
|move|p2a: Scizor|Knock Off|p1a: HP Hoe
|-damage|p1a: HP Hoe|19/100
|move|p1a: HP Hoe|Flip Turn|p2a: Scizor
|-damage|p2a: Scizor|80/100
|
|t:|1757917830
|switch|p1a: Djengo Unrained|Gholdengo|25/100|[from] Flip Turn
|
|-heal|p1a: Djengo Unrained|100/100|[from] move: Wish|[wisher] HP Hoe
|upkeep
|turn|27
|
|t:|1757917840
|switch|p1a: G-Wheezy|Weezing-Galar, F, shiny|91/100
|-ability|p1a: G-Wheezy|Neutralizing Gas
|move|p2a: Scizor|Knock Off|p1a: G-Wheezy
|-resisted|p1a: G-Wheezy
|-damage|p1a: G-Wheezy|67/100
|-enditem|p1a: G-Wheezy|Heavy-Duty Boots|[from] move: Knock Off|[of] p2a: Scizor
|
|upkeep
|turn|28
|
|t:|1757917857
|move|p2a: Scizor|Bullet Punch|p1a: G-Wheezy
|-supereffective|p1a: G-Wheezy
|-damage|p1a: G-Wheezy|4/100
|move|p1a: G-Wheezy|Will-O-Wisp|p2a: Scizor
|-status|p2a: Scizor|brn
|
|-damage|p2a: Scizor|74/100 brn|[from] brn
|upkeep
|turn|29
|
|t:|1757917863
|-end|p1a: G-Wheezy|ability: Neutralizing Gas
|switch|p1a: HP Hoe|Alomomola, F, shiny|53/100
|move|p2a: Scizor|Knock Off|p1a: HP Hoe
|-damage|p1a: HP Hoe|37/100
|
|-damage|p2a: Scizor|68/100 brn|[from] brn
|upkeep
|turn|30
|
|t:|1757917866
|move|p2a: Scizor|Swords Dance|p2a: Scizor
|-boost|p2a: Scizor|atk|2
|move|p1a: HP Hoe|Wish|p1a: HP Hoe
|
|-damage|p2a: Scizor|62/100 brn|[from] brn
|upkeep
|turn|31
|
|t:|1757917870
|move|p2a: Scizor|Swords Dance|p2a: Scizor
|-boost|p2a: Scizor|atk|2
|move|p1a: HP Hoe|Tickle|p2a: Scizor
|-unboost|p2a: Scizor|atk|1
|-unboost|p2a: Scizor|def|1
|
|-heal|p1a: HP Hoe|87/100|[from] move: Wish|[wisher] HP Hoe
|-damage|p2a: Scizor|56/100 brn|[from] brn
|upkeep
|turn|32
|
|t:|1757917876
|switch|p2a: Pecharunt|Pecharunt, tera:Ghost|75/100 brn
|move|p1a: HP Hoe|Wish|p1a: HP Hoe
|
|-damage|p2a: Pecharunt|69/100 brn|[from] brn
|upkeep
|turn|33
|
|t:|1757917881
|move|p2a: Pecharunt|Shadow Ball|p1a: HP Hoe
|-damage|p1a: HP Hoe|55/100
|move|p1a: HP Hoe|Flip Turn|p2a: Pecharunt
|-crit|p2a: Pecharunt
|-damage|p2a: Pecharunt|54/100 brn
|
|t:|1757917884
|switch|p1a: G-Wheezy|Weezing-Galar, F, shiny|4/100|[from] Flip Turn
|-ability|p1a: G-Wheezy|Neutralizing Gas
|
|-heal|p1a: G-Wheezy|75/100|[from] move: Wish|[wisher] HP Hoe
|-damage|p2a: Pecharunt|47/100 brn|[from] brn
|upkeep
|turn|34
|
|t:|1757917889
|-end|p1a: G-Wheezy|ability: Neutralizing Gas
|switch|p1a: Lus-Lus Situation|Ting-Lu, shiny|94/100 tox
|-ability|p1a: Lus-Lus Situation|Vessel of Ruin
|move|p2a: Pecharunt|Shadow Ball|p1a: Lus-Lus Situation
|-resisted|p1a: Lus-Lus Situation
|-damage|p1a: Lus-Lus Situation|88/100 tox
|
|-heal|p1a: Lus-Lus Situation|94/100 tox|[from] item: Leftovers
|-damage|p1a: Lus-Lus Situation|88/100 tox|[from] psn
|-damage|p2a: Pecharunt|41/100 brn|[from] brn
|upkeep
|turn|35
|
|t:|1757917892
|switch|p1a: HP Hoe|Alomomola, F, shiny|88/100
|move|p2a: Pecharunt|Recover|p2a: Pecharunt
|-heal|p2a: Pecharunt|92/100 brn
|
|-damage|p2a: Pecharunt|85/100 brn|[from] brn
|upkeep
|turn|36
|
|t:|1757917896
|switch|p1a: Djengo Unrained|Gholdengo|100/100
|move|p2a: Pecharunt|Shadow Ball|p1a: Djengo Unrained
|-supereffective|p1a: Djengo Unrained
|-damage|p1a: Djengo Unrained|50/100
|
|-damage|p2a: Pecharunt|79/100 brn|[from] brn
|upkeep
|turn|37
|
|t:|1757917904
|switch|p1a: Therry Christmas|Tornadus-Therian, M, shiny|81/100 tox
|move|p2a: Pecharunt|Shadow Ball|p1a: Therry Christmas
|-damage|p1a: Therry Christmas|47/100 tox
|
|-damage|p1a: Therry Christmas|41/100 tox|[from] psn
|-damage|p2a: Pecharunt|73/100 brn|[from] brn
|upkeep
|turn|38
|
|t:|1757917908
|move|p1a: Therry Christmas|Bleakwind Storm|p2a: Pecharunt
|-damage|p2a: Pecharunt|33/100 brn
|-unboost|p2a: Pecharunt|spe|1
|move|p2a: Pecharunt|Shadow Ball|p1a: Therry Christmas
|-damage|p1a: Therry Christmas|6/100 tox
|-unboost|p1a: Therry Christmas|spd|1
|
|-damage|p1a: Therry Christmas|0 fnt|[from] psn
|faint|p1a: Therry Christmas
|-damage|p2a: Pecharunt|27/100 brn|[from] brn
|upkeep
|
|t:|1757917911
|switch|p1a: Dog in this Biatch|Zamazenta|100/100
|-ability|p1a: Dog in this Biatch|Dauntless Shield|boost
|-boost|p1a: Dog in this Biatch|def|1
|turn|39
|
|t:|1757917924
|move|p1a: Dog in this Biatch|Ice Fang|p2a: Pecharunt
|-damage|p2a: Pecharunt|14/100 brn
|move|p2a: Pecharunt|Recover|p2a: Pecharunt
|-heal|p2a: Pecharunt|65/100 brn
|
|-damage|p2a: Pecharunt|59/100 brn|[from] brn
|upkeep
|turn|40
|
|t:|1757917927
|move|p1a: Dog in this Biatch|Crunch|p2a: Pecharunt
|-supereffective|p2a: Pecharunt
|-damage|p2a: Pecharunt|24/100 brn
|move|p2a: Pecharunt|Parting Shot|p1a: Dog in this Biatch
|-unboost|p1a: Dog in this Biatch|atk|1
|-unboost|p1a: Dog in this Biatch|spa|1
|
|t:|1757917932
|switch|p2a: Latios|Latios, M|88/100|[from] Parting Shot
|-damage|p2a: Latios|76/100|[from] Stealth Rock
|
|upkeep
|turn|41
|
|t:|1757917936
|switch|p1a: Djengo Unrained|Gholdengo|50/100
|move|p2a: Latios|Calm Mind|p2a: Latios
|-boost|p2a: Latios|spa|1
|-boost|p2a: Latios|spd|1
|
|upkeep
|turn|42
|
|t:|1757917949
|move|p2a: Latios|Draco Meteor|p1a: Djengo Unrained
|-resisted|p1a: Djengo Unrained
|-damage|p1a: Djengo Unrained|1/100
|-unboost|p2a: Latios|spa|2
|move|p1a: Djengo Unrained|Shadow Ball|p2a: Latios
|-supereffective|p2a: Latios
|-damage|p2a: Latios|21/100
|
|upkeep
|turn|43
|
|t:|1757917997
|move|p2a: Latios|Psychic Noise|p1a: Djengo Unrained
|-resisted|p1a: Djengo Unrained
|-damage|p1a: Djengo Unrained|0 fnt
|faint|p1a: Djengo Unrained
|
|upkeep
|
|t:|1757918001
|switch|p1a: Dog in this Biatch|Zamazenta|100/100
|turn|44
|
|t:|1757918010
|switch|p2a: Landorus|Landorus-Therian, M|100/100
|-damage|p2a: Landorus|88/100|[from] Stealth Rock
|-ability|p2a: Landorus|Intimidate|boost
|-unboost|p1a: Dog in this Biatch|atk|1
|move|p1a: Dog in this Biatch|Ice Fang|p2a: Landorus
|-supereffective|p2a: Landorus
|-damage|p2a: Landorus|33/100
|-damage|p1a: Dog in this Biatch|84/100|[from] item: Rocky Helmet|[of] p2a: Landorus
|
|upkeep
|turn|45
|
|t:|1757918045
|move|p1a: Dog in this Biatch|Ice Fang|p2a: Landorus
|-supereffective|p2a: Landorus
|-damage|p2a: Landorus|0 fnt
|-damage|p1a: Dog in this Biatch|67/100|[from] item: Rocky Helmet|[of] p2a: Landorus
|faint|p2a: Landorus
|
|upkeep
|
|t:|1757918079
|switch|p2a: Scizor|Scizor, M|56/100 brn
|turn|46
|
|t:|1757918092
|move|p1a: Dog in this Biatch|Close Combat|p2a: Scizor
|-damage|p2a: Scizor|10/100 brn
|-unboost|p1a: Dog in this Biatch|def|1
|-unboost|p1a: Dog in this Biatch|spd|1
|move|p2a: Scizor|Swords Dance|p2a: Scizor
|-boost|p2a: Scizor|atk|2
|
|-damage|p2a: Scizor|4/100 brn|[from] brn
|upkeep
|turn|47
|
|t:|1757918100
|switch|p1a: HP Hoe|Alomomola, F, shiny|100/100
|move|p2a: Scizor|Bullet Punch|p1a: HP Hoe
|-resisted|p1a: HP Hoe
|-damage|p1a: HP Hoe|90/100
|
|-damage|p2a: Scizor|0 fnt|[from] brn
|faint|p2a: Scizor
|upkeep
|
|t:|1757918102
|switch|p2a: Pecharunt|Pecharunt, tera:Ghost|24/100 brn
|turn|48
|
|t:|1757918108
|move|p2a: Pecharunt|Recover|p2a: Pecharunt
|-heal|p2a: Pecharunt|74/100 brn
|move|p1a: HP Hoe|Flip Turn|p2a: Pecharunt
|-damage|p2a: Pecharunt|65/100 brn
|
|t:|1757918111
|switch|p1a: Dog in this Biatch|Zamazenta|67/100|[from] Flip Turn
|
|-damage|p2a: Pecharunt|59/100 brn|[from] brn
|upkeep
|turn|49
|
|t:|1757918120
|move|p1a: Dog in this Biatch|Crunch|p2a: Pecharunt
|-supereffective|p2a: Pecharunt
|-damage|p2a: Pecharunt|30/100 brn
|-unboost|p2a: Pecharunt|def|1
|move|p2a: Pecharunt|Recover|p2a: Pecharunt
|-heal|p2a: Pecharunt|80/100 brn
|
|-damage|p2a: Pecharunt|74/100 brn|[from] brn
|upkeep
|turn|50
|
|t:|1757918136
|switch|p2a: Zamazenta|Zamazenta|100/100
|-damage|p2a: Zamazenta|94/100|[from] Stealth Rock
|-ability|p2a: Zamazenta|Dauntless Shield|boost
|-boost|p2a: Zamazenta|def|1
|move|p1a: Dog in this Biatch|Crunch|p2a: Zamazenta
|-resisted|p2a: Zamazenta
|-damage|p2a: Zamazenta|88/100
|
|-heal|p2a: Zamazenta|94/100|[from] item: Leftovers
|upkeep
|turn|51
|
|t:|1757918144
|switch|p1a: G-Wheezy|Weezing-Galar, F, shiny|75/100
|-ability|p1a: G-Wheezy|Neutralizing Gas
|move|p2a: Zamazenta|Body Press|p1a: G-Wheezy
|-resisted|p1a: G-Wheezy
|-damage|p1a: G-Wheezy|66/100
|
|-heal|p2a: Zamazenta|100/100|[from] item: Leftovers
|upkeep
|turn|52
|
|t:|1757918165
|switch|p2a: Pecharunt|Pecharunt, tera:Ghost|74/100 brn
|move|p1a: G-Wheezy|Will-O-Wisp|p2a: Pecharunt
|-fail|p2a: Pecharunt|brn
|
|-damage|p2a: Pecharunt|68/100 brn|[from] brn
|upkeep
|turn|53
|
|t:|1757918174
|-end|p1a: G-Wheezy|ability: Neutralizing Gas
|switch|p1a: Lus-Lus Situation|Ting-Lu, shiny|88/100 tox
|-ability|p1a: Lus-Lus Situation|Vessel of Ruin
|move|p2a: Pecharunt|Shadow Ball|p1a: Lus-Lus Situation
|-resisted|p1a: Lus-Lus Situation
|-damage|p1a: Lus-Lus Situation|81/100 tox
|
|-heal|p1a: Lus-Lus Situation|88/100 tox|[from] item: Leftovers
|-damage|p1a: Lus-Lus Situation|81/100 tox|[from] psn
|-damage|p2a: Pecharunt|61/100 brn|[from] brn
|upkeep
|turn|54
|
|t:|1757918180
|move|p2a: Pecharunt|Parting Shot|p1a: Lus-Lus Situation
|-unboost|p1a: Lus-Lus Situation|atk|1
|-unboost|p1a: Lus-Lus Situation|spa|1
|
|t:|1757918181
|switch|p2a: Latios|Latios, M|21/100|[from] Parting Shot
|-damage|p2a: Latios|9/100|[from] Stealth Rock
|move|p1a: Lus-Lus Situation|Ruination|p2a: Latios
|-damage|p2a: Latios|5/100
|
|-heal|p1a: Lus-Lus Situation|88/100 tox|[from] item: Leftovers
|-damage|p1a: Lus-Lus Situation|75/100 tox|[from] psn
|upkeep
|turn|55
|
|t:|1757918190
|switch|p1a: Dog in this Biatch|Zamazenta|67/100
|move|p2a: Latios|Recover|p2a: Latios
|-heal|p2a: Latios|55/100
|
|upkeep
|turn|56
|
|t:|1757918198
|switch|p2a: Zamazenta|Zamazenta|100/100
|-damage|p2a: Zamazenta|94/100|[from] Stealth Rock
|-terastallize|p1a: Dog in this Biatch|Fire
|move|p1a: Dog in this Biatch|Crunch|p2a: Zamazenta
|-resisted|p2a: Zamazenta
|-damage|p2a: Zamazenta|85/100
|
|-heal|p2a: Zamazenta|91/100|[from] item: Leftovers
|upkeep
|turn|57
|
|t:|1757918211
|switch|p1a: HP Hoe|Alomomola, F, shiny|100/100
|move|p2a: Zamazenta|Body Press|p1a: HP Hoe
|-damage|p1a: HP Hoe|78/100
|
|-heal|p2a: Zamazenta|97/100|[from] item: Leftovers
|upkeep
|turn|58
|
|t:|1757918215
|move|p2a: Zamazenta|Iron Defense|p2a: Zamazenta
|-boost|p2a: Zamazenta|def|2
|move|p1a: HP Hoe|Flip Turn|p2a: Zamazenta
|-damage|p2a: Zamazenta|91/100
|
|t:|1757918218
|switch|p1a: G-Wheezy|Weezing-Galar, F, shiny|66/100|[from] Flip Turn
|-ability|p1a: G-Wheezy|Neutralizing Gas
|
|-heal|p2a: Zamazenta|97/100|[from] item: Leftovers
|upkeep
|turn|59
|
|t:|1757918225
|switch|p2a: Pecharunt|Pecharunt, tera:Ghost|61/100 brn
|move|p1a: G-Wheezy|Sludge Bomb|p2a: Pecharunt
|-resisted|p2a: Pecharunt
|-damage|p2a: Pecharunt|48/100 brn
|
|-damage|p2a: Pecharunt|42/100 brn|[from] brn
|upkeep
|turn|60
|
|t:|1757918227
|move|p2a: Pecharunt|Recover|p2a: Pecharunt
|-heal|p2a: Pecharunt|92/100 brn
|move|p1a: G-Wheezy|Sludge Bomb|p2a: Pecharunt
|-resisted|p2a: Pecharunt
|-crit|p2a: Pecharunt
|-damage|p2a: Pecharunt|71/100 brn
|
|-damage|p2a: Pecharunt|65/100 brn|[from] brn
|upkeep
|turn|61
|
|t:|1757918233
|-end|p1a: G-Wheezy|ability: Neutralizing Gas
|switch|p1a: Lus-Lus Situation|Ting-Lu, shiny|75/100 tox
|-ability|p1a: Lus-Lus Situation|Vessel of Ruin
|move|p2a: Pecharunt|Shadow Ball|p1a: Lus-Lus Situation
|-resisted|p1a: Lus-Lus Situation
|-crit|p1a: Lus-Lus Situation
|-damage|p1a: Lus-Lus Situation|66/100 tox
|-unboost|p1a: Lus-Lus Situation|spd|1
|
|-heal|p1a: Lus-Lus Situation|72/100 tox|[from] item: Leftovers
|-damage|p1a: Lus-Lus Situation|66/100 tox|[from] psn
|-damage|p2a: Pecharunt|59/100 brn|[from] brn
|upkeep
|turn|62
|
|t:|1757918238
|move|p2a: Pecharunt|Parting Shot|p1a: Lus-Lus Situation
|-unboost|p1a: Lus-Lus Situation|atk|1
|-unboost|p1a: Lus-Lus Situation|spa|1
|
|t:|1757918239
|switch|p2a: Zamazenta|Zamazenta|97/100|[from] Parting Shot
|-damage|p2a: Zamazenta|91/100|[from] Stealth Rock
|move|p1a: Lus-Lus Situation|Ruination|p2a: Zamazenta
|-damage|p2a: Zamazenta|46/100
|
|-heal|p2a: Zamazenta|52/100|[from] item: Leftovers
|-heal|p1a: Lus-Lus Situation|72/100 tox|[from] item: Leftovers
|-damage|p1a: Lus-Lus Situation|59/100 tox|[from] psn
|upkeep
|turn|63
|
|t:|1757918244
|switch|p1a: G-Wheezy|Weezing-Galar, F, shiny|66/100
|-ability|p1a: G-Wheezy|Neutralizing Gas
|move|p2a: Zamazenta|Roar|p1a: G-Wheezy
|-end|p1a: G-Wheezy|ability: Neutralizing Gas
|drag|p1a: Lus-Lus Situation|Ting-Lu, shiny|59/100 tox
|-ability|p1a: Lus-Lus Situation|Vessel of Ruin
|
|-heal|p2a: Zamazenta|58/100|[from] item: Leftovers
|-heal|p1a: Lus-Lus Situation|66/100 tox|[from] item: Leftovers
|-damage|p1a: Lus-Lus Situation|59/100 tox|[from] psn
|upkeep
|turn|64
|
|t:|1757918248
|switch|p1a: G-Wheezy|Weezing-Galar, F, shiny|66/100
|-ability|p1a: G-Wheezy|Neutralizing Gas
|move|p2a: Zamazenta|Roar|p1a: G-Wheezy
|-end|p1a: G-Wheezy|ability: Neutralizing Gas
|drag|p1a: Lus-Lus Situation|Ting-Lu, shiny|59/100 tox
|-ability|p1a: Lus-Lus Situation|Vessel of Ruin
|
|-heal|p2a: Zamazenta|64/100|[from] item: Leftovers
|-heal|p1a: Lus-Lus Situation|66/100 tox|[from] item: Leftovers
|-damage|p1a: Lus-Lus Situation|59/100 tox|[from] psn
|upkeep
|turn|65
|
|t:|1757918250
|switch|p1a: G-Wheezy|Weezing-Galar, F, shiny|66/100
|-ability|p1a: G-Wheezy|Neutralizing Gas
|move|p2a: Zamazenta|Body Press|p1a: G-Wheezy
|-resisted|p1a: G-Wheezy
|-damage|p1a: G-Wheezy|59/100
|
|-heal|p2a: Zamazenta|70/100|[from] item: Leftovers
|upkeep
|turn|66
|
|t:|1757918257
|switch|p2a: Latios|Latios, M|55/100
|-damage|p2a: Latios|43/100|[from] Stealth Rock
|-end|p1a: G-Wheezy|ability: Neutralizing Gas
|switch|p1a: HP Hoe|Alomomola, F, shiny|100/100
|
|upkeep
|turn|67
|
|t:|1757918262
|move|p2a: Latios|Recover|p2a: Latios
|-heal|p2a: Latios|93/100
|move|p1a: HP Hoe|Wish|p1a: HP Hoe
|
|upkeep
|turn|68
|
|t:|1757918267
|switch|p1a: Lus-Lus Situation|Ting-Lu, shiny|59/100 tox
|-ability|p1a: Lus-Lus Situation|Vessel of Ruin
|move|p2a: Latios|Calm Mind|p2a: Latios
|-boost|p2a: Latios|spa|1
|-boost|p2a: Latios|spd|1
|
|-heal|p1a: Lus-Lus Situation|100/100 tox|[from] move: Wish|[wisher] HP Hoe
|-damage|p1a: Lus-Lus Situation|94/100 tox|[from] psn
|upkeep
|turn|69
|
|t:|1757918278
|move|p2a: Latios|Calm Mind|p2a: Latios
|-boost|p2a: Latios|spa|1
|-boost|p2a: Latios|spd|1
|move|p1a: Lus-Lus Situation|Ruination|p2a: Latios
|-damage|p2a: Latios|47/100
|
|-heal|p1a: Lus-Lus Situation|100/100 tox|[from] item: Leftovers
|-damage|p1a: Lus-Lus Situation|88/100 tox|[from] psn
|upkeep
|turn|70
|
|t:|1757918286
|move|p2a: Latios|Draco Meteor|p1a: Lus-Lus Situation
|-damage|p1a: Lus-Lus Situation|16/100 tox
|-unboost|p2a: Latios|spa|2
|move|p1a: Lus-Lus Situation|Whirlwind|p2a: Latios
|drag|p2a: Pecharunt|Pecharunt, tera:Ghost|59/100 brn
|
|-heal|p1a: Lus-Lus Situation|22/100 tox|[from] item: Leftovers
|-damage|p1a: Lus-Lus Situation|3/100 tox|[from] psn
|-damage|p2a: Pecharunt|53/100 brn|[from] brn
|upkeep
|turn|71
|
|t:|1757918293
|move|p2a: Pecharunt|Shadow Ball|p1a: Lus-Lus Situation
|-resisted|p1a: Lus-Lus Situation
|-damage|p1a: Lus-Lus Situation|0 fnt
|faint|p1a: Lus-Lus Situation
|
|-damage|p2a: Pecharunt|47/100 brn|[from] brn
|upkeep
|
|t:|1757918296
|switch|p1a: Dog in this Biatch|Zamazenta, tera:Fire|67/100
|turn|72
|
|t:|1757918310
|move|p1a: Dog in this Biatch|Crunch|p2a: Pecharunt
|-supereffective|p2a: Pecharunt
|-damage|p2a: Pecharunt|17/100 brn
|move|p2a: Pecharunt|Malignant Chain|p1a: Dog in this Biatch
|-damage|p1a: Dog in this Biatch|39/100
|-status|p1a: Dog in this Biatch|tox
|-start|p1a: Dog in this Biatch|confusion|[from] ability: Poison Puppeteer|[of] p2a: Pecharunt
|
|-damage|p1a: Dog in this Biatch|33/100 tox|[from] psn
|-damage|p2a: Pecharunt|11/100 brn|[from] brn
|upkeep
|turn|73
|
|t:|1757918348
|-activate|p1a: Dog in this Biatch|confusion
|move|p1a: Dog in this Biatch|Crunch|p2a: Pecharunt
|-supereffective|p2a: Pecharunt
|-crit|p2a: Pecharunt
|-damage|p2a: Pecharunt|0 fnt
|faint|p2a: Pecharunt
|
|-damage|p1a: Dog in this Biatch|21/100 tox|[from] psn
|upkeep
|
|t:|1757918353
|switch|p2a: Zamazenta|Zamazenta|70/100
|-damage|p2a: Zamazenta|64/100|[from] Stealth Rock
|turn|74
|
|t:|1757918366
|switch|p1a: HP Hoe|Alomomola, F, shiny|100/100
|move|p2a: Zamazenta|Iron Defense|p2a: Zamazenta
|-boost|p2a: Zamazenta|def|2
|
|-heal|p2a: Zamazenta|70/100|[from] item: Leftovers
|upkeep
|turn|75
|
|t:|1757918393
|move|p2a: Zamazenta|Iron Defense|p2a: Zamazenta
|-boost|p2a: Zamazenta|def|2
|move|p1a: HP Hoe|Tickle|p2a: Zamazenta
|-unboost|p2a: Zamazenta|atk|1
|-unboost|p2a: Zamazenta|def|1
|
|-heal|p2a: Zamazenta|76/100|[from] item: Leftovers
|upkeep
|turn|76
|
|t:|1757918398
|move|p2a: Zamazenta|Body Press|p1a: HP Hoe
|-damage|p1a: HP Hoe|44/100
|move|p1a: HP Hoe|Flip Turn|p2a: Zamazenta
|-damage|p2a: Zamazenta|71/100
|
|t:|1757918401
|switch|p1a: G-Wheezy|Weezing-Galar, F, shiny|59/100|[from] Flip Turn
|-ability|p1a: G-Wheezy|Neutralizing Gas
|
|-heal|p2a: Zamazenta|77/100|[from] item: Leftovers
|upkeep
|turn|77
|
|t:|1757918414
|switch|p2a: Latios|Latios, M|47/100
|-damage|p2a: Latios|34/100|[from] Stealth Rock
|-end|p1a: G-Wheezy|ability: Neutralizing Gas
|switch|p1a: Dog in this Biatch|Zamazenta, tera:Fire|21/100 tox
|
|-damage|p1a: Dog in this Biatch|15/100 tox|[from] psn
|upkeep
|turn|78
|
|t:|1757918419
|switch|p1a: HP Hoe|Alomomola, F, shiny|77/100
|switch|p2a: Zamazenta|Zamazenta|77/100
|-damage|p2a: Zamazenta|71/100|[from] Stealth Rock
|
|-heal|p2a: Zamazenta|77/100|[from] item: Leftovers
|upkeep
|turn|79
|
|t:|1757918422
|move|p1a: HP Hoe|Wish|p1a: HP Hoe
|move|p2a: Zamazenta|Roar|p1a: HP Hoe
|drag|p1a: G-Wheezy|Weezing-Galar, F, shiny|59/100
|-ability|p1a: G-Wheezy|Neutralizing Gas
|
|-heal|p2a: Zamazenta|83/100|[from] item: Leftovers
|upkeep
|turn|80
|
|t:|1757918429
|move|p1a: G-Wheezy|Sludge Bomb|p2a: Zamazenta
|-damage|p2a: Zamazenta|57/100
|move|p2a: Zamazenta|Roar|p1a: G-Wheezy
|-end|p1a: G-Wheezy|ability: Neutralizing Gas
|drag|p1a: HP Hoe|Alomomola, F, shiny|100/100
|
|-heal|p2a: Zamazenta|63/100|[from] item: Leftovers
|upkeep
|turn|81
|
|t:|1757918432
|move|p2a: Zamazenta|Iron Defense|p2a: Zamazenta
|-boost|p2a: Zamazenta|def|2
|move|p1a: HP Hoe|Flip Turn|p2a: Zamazenta
|-damage|p2a: Zamazenta|57/100
|
|t:|1757918434
|switch|p1a: G-Wheezy|Weezing-Galar, F, shiny|59/100|[from] Flip Turn
|-ability|p1a: G-Wheezy|Neutralizing Gas
|
|-heal|p2a: Zamazenta|63/100|[from] item: Leftovers
|upkeep
|turn|82
|
|t:|1757918439
|move|p2a: Zamazenta|Body Press|p1a: G-Wheezy
|-resisted|p1a: G-Wheezy
|-damage|p1a: G-Wheezy|48/100
|move|p1a: G-Wheezy|Will-O-Wisp|p2a: Zamazenta
|-status|p2a: Zamazenta|brn
|
|-heal|p2a: Zamazenta|69/100 brn|[from] item: Leftovers
|-damage|p2a: Zamazenta|63/100 brn|[from] brn
|upkeep
|turn|83
|
|t:|1757918443
|move|p1a: G-Wheezy|Pain Split|p2a: Zamazenta
|-sethp|p2a: Zamazenta|54/100 brn|[from] move: Pain Split|[silent]
|-sethp|p1a: G-Wheezy|56/100|[from] move: Pain Split
|move|p2a: Zamazenta|Roar|p1a: G-Wheezy
|-end|p1a: G-Wheezy|ability: Neutralizing Gas
|drag|p1a: HP Hoe|Alomomola, F, shiny|100/100
|
|-heal|p2a: Zamazenta|60/100 brn|[from] item: Leftovers
|-damage|p2a: Zamazenta|54/100 brn|[from] brn
|upkeep
|turn|84
|
|t:|1757918446
|move|p1a: HP Hoe|Flip Turn|p2a: Zamazenta
|-damage|p2a: Zamazenta|47/100 brn
|
|t:|1757918448
|switch|p1a: G-Wheezy|Weezing-Galar, F, shiny|56/100|[from] Flip Turn
|-ability|p1a: G-Wheezy|Neutralizing Gas
|move|p2a: Zamazenta|Roar|p1a: G-Wheezy
|-end|p1a: G-Wheezy|ability: Neutralizing Gas
|drag|p1a: HP Hoe|Alomomola, F, shiny|100/100
|
|-heal|p2a: Zamazenta|53/100 brn|[from] item: Leftovers
|-damage|p2a: Zamazenta|47/100 brn|[from] brn
|upkeep
|turn|85
|
|t:|1757918452
|move|p1a: HP Hoe|Flip Turn|p2a: Zamazenta
|-damage|p2a: Zamazenta|41/100 brn
|
|t:|1757918454
|switch|p1a: G-Wheezy|Weezing-Galar, F, shiny|56/100|[from] Flip Turn
|-ability|p1a: G-Wheezy|Neutralizing Gas
|move|p2a: Zamazenta|Roar|p1a: G-Wheezy
|-end|p1a: G-Wheezy|ability: Neutralizing Gas
|drag|p1a: Dog in this Biatch|Zamazenta, tera:Fire|15/100 tox
|
|-heal|p2a: Zamazenta|47/100 brn|[from] item: Leftovers
|-damage|p1a: Dog in this Biatch|9/100 tox|[from] psn
|-damage|p2a: Zamazenta|41/100 brn|[from] brn
|upkeep
|turn|86
|
|t:|1757918458
|switch|p1a: HP Hoe|Alomomola, F, shiny|100/100
|move|p2a: Zamazenta|Roar|p1a: HP Hoe
|drag|p1a: G-Wheezy|Weezing-Galar, F, shiny|56/100
|-ability|p1a: G-Wheezy|Neutralizing Gas
|
|-heal|p2a: Zamazenta|47/100 brn|[from] item: Leftovers
|-damage|p2a: Zamazenta|41/100 brn|[from] brn
|upkeep
|turn|87
|
|t:|1757918461
|move|p1a: G-Wheezy|Sludge Bomb|p2a: Zamazenta
|-damage|p2a: Zamazenta|18/100 brn
|move|p2a: Zamazenta|Roar|p1a: G-Wheezy
|-end|p1a: G-Wheezy|ability: Neutralizing Gas
|drag|p1a: Dog in this Biatch|Zamazenta, tera:Fire|9/100 tox
|
|-heal|p2a: Zamazenta|24/100 brn|[from] item: Leftovers
|-damage|p1a: Dog in this Biatch|3/100 tox|[from] psn
|-damage|p2a: Zamazenta|18/100 brn|[from] brn
|upkeep
|turn|88
|
|t:|1757918467
|switch|p1a: HP Hoe|Alomomola, F, shiny|100/100
|move|p2a: Zamazenta|Roar|p1a: HP Hoe
|drag|p1a: Dog in this Biatch|Zamazenta, tera:Fire|3/100 tox
|
|-heal|p2a: Zamazenta|24/100 brn|[from] item: Leftovers
|-damage|p1a: Dog in this Biatch|0 fnt|[from] psn
|faint|p1a: Dog in this Biatch
|-damage|p2a: Zamazenta|18/100 brn|[from] brn
|upkeep
|
|t:|1757918471
|switch|p1a: HP Hoe|Alomomola, F, shiny|100/100
|turn|89
|
|t:|1757918483
|move|p2a: Zamazenta|Body Press|p1a: HP Hoe
|-damage|p1a: HP Hoe|78/100
|move|p1a: HP Hoe|Wish|p1a: HP Hoe
|
|-heal|p2a: Zamazenta|24/100 brn|[from] item: Leftovers
|-damage|p2a: Zamazenta|18/100 brn|[from] brn
|upkeep
|turn|90
|
|t:|1757918485
|move|p2a: Zamazenta|Iron Defense|p2a: Zamazenta
|-boost|p2a: Zamazenta|def|2
|move|p1a: HP Hoe|Flip Turn|p2a: Zamazenta
|-damage|p2a: Zamazenta|14/100 brn
|
|t:|1757918487
|switch|p1a: G-Wheezy|Weezing-Galar, F, shiny|56/100|[from] Flip Turn
|-ability|p1a: G-Wheezy|Neutralizing Gas
|
|-heal|p1a: G-Wheezy|100/100|[from] move: Wish|[wisher] HP Hoe
|-heal|p2a: Zamazenta|20/100 brn|[from] item: Leftovers
|-damage|p2a: Zamazenta|14/100 brn|[from] brn
|upkeep
|turn|91
|
|t:|1757918491
|move|p2a: Zamazenta|Body Press|p1a: G-Wheezy
|-resisted|p1a: G-Wheezy
|-damage|p1a: G-Wheezy|91/100
|move|p1a: G-Wheezy|Sludge Bomb|p2a: Zamazenta
|-damage|p2a: Zamazenta|0 fnt
|faint|p2a: Zamazenta
|
|upkeep
|
|t:|1757918493
|switch|p2a: Latios|Latios, M|34/100
|-damage|p2a: Latios|22/100|[from] Stealth Rock
|turn|92
|
|t:|1757918496
|move|p2a: Latios|Recover|p2a: Latios
|-heal|p2a: Latios|72/100
|move|p1a: G-Wheezy|Sludge Bomb|p2a: Latios
|-damage|p2a: Latios|42/100
|
|upkeep
|turn|93
|
|t:|1757918501
|move|p2a: Latios|Calm Mind|p2a: Latios
|-boost|p2a: Latios|spa|1
|-boost|p2a: Latios|spd|1
|move|p1a: G-Wheezy|Sludge Bomb|p2a: Latios
|-damage|p2a: Latios|23/100
|
|upkeep
|turn|94
|
|t:|1757918504
|move|p2a: Latios|Psychic Noise|p1a: G-Wheezy
|-supereffective|p1a: G-Wheezy
|-damage|p1a: G-Wheezy|0 fnt
|faint|p1a: G-Wheezy
|-end|p1a: G-Wheezy|ability: Neutralizing Gas
|
|upkeep
|-message|FP.//06 forfeited.
|
|win|smoldracovish
|raw|FP.&#x2f;&#x2f;06's rating: 1558 &rarr; <strong>1538</strong><br />(-20 for losing)
|raw|smoldracovish's rating: 1564 &rarr; <strong>1584</strong><br />(+20 for winning)
|l|☆FP.//06
|player|p1|
|c|☆smoldracovish|Gg
|l|☆smoldracovish
|player|p2|
