|j|☆yuiopera2
|j|☆LLC2210
|t:|1757892338
|gametype|singles
|player|p1|yuiopera2|2|1081
|player|p2|LLC2210|riley|1041
|gen|9
|tier|[Gen 9] OU
|rated|
|rule|HP Percentage Mod: HP is shown in percentages
|rule|Endless Battle Clause: Forcing endless battles is banned
|rule|Species Clause: Limit one of each Pokémon
|rule|OHKO Clause: OHKO moves are banned
|rule|Evasion Items Clause: Evasion items are banned
|rule|Evasion Moves Clause: Evasion moves are banned
|rule|Evasion Abilities Clause: Evasion abilities are banned
|rule|Sleep Moves Clause: Sleep-inducing moves are banned
|clearpoke
|poke|p1|Dragonite, F|
|poke|p1|Zamazenta-*|
|poke|p1|Landorus-Therian, M|
|poke|p1|Gholdengo|
|poke|p1|Darkrai|
|poke|p1|Hatterene, F|
|poke|p2|Lucario, M|
|poke|p2|Deoxys-Speed|
|poke|p2|Noivern, M|
|poke|p2|Garganacl, F|
|poke|p2|Darkrai|
|poke|p2|Regigigas|
|teampreview
|
|t:|1757892359
|teamsize|p1|6
|teamsize|p2|6
|start
|switch|p1a: Darkrai|Darkrai|100/100
|switch|p2a: Garganacl|Garganacl, F|100/100
|turn|1
|
|t:|1757892396
|switch|p1a: Gholdengo|Gholdengo|100/100
|move|p2a: Garganacl|Salt Cure|p1a: Gholdengo
|-resisted|p1a: Gholdengo
|-damage|p1a: Gholdengo|94/100
|-start|p1a: Gholdengo|Salt Cure
|
|-damage|p1a: Gholdengo|69/100|[from] Salt Cure
|upkeep
|turn|2
|
|t:|1757892418
|move|p1a: Gholdengo|Make It Rain|p2a: Garganacl
|-supereffective|p2a: Garganacl
|-damage|p2a: Garganacl|0 fnt
|-unboost|p1a: Gholdengo|spa|1
|faint|p2a: Garganacl
|
|-damage|p1a: Gholdengo|44/100|[from] Salt Cure
|upkeep
|
|t:|1757892432
|switch|p2a: Deoxys|Deoxys-Speed|100/100
|-ability|p2a: Deoxys|Pressure
|turn|3
|
|t:|1757892465
|move|p2a: Deoxys|Stealth Rock|p1a: Gholdengo
|-sidestart|p1: yuiopera2|move: Stealth Rock
|move|p1a: Gholdengo|Recover|p1a: Gholdengo
|-heal|p1a: Gholdengo|94/100
|
|-damage|p1a: Gholdengo|69/100|[from] Salt Cure
|upkeep
|turn|4
|
|t:|1757892477
|switch|p1a: Landorus|Landorus-Therian, M|100/100
|-damage|p1a: Landorus|88/100|[from] Stealth Rock
|-ability|p1a: Landorus|Intimidate|boost
|-unboost|p2a: Deoxys|atk|1
|move|p2a: Deoxys|Fire Punch|p1a: Landorus
|-damage|p1a: Landorus|74/100
|-damage|p2a: Deoxys|84/100|[from] item: Rocky Helmet|[of] p1a: Landorus
|
|upkeep
|turn|5
|inactive|Battle timer is ON: inactive players will automatically lose when time's up. (requested by yuiopera2)
|
|t:|1757892512
|switch|p2a: Lucario|Lucario, M|100/100
|move|p1a: Landorus|Stealth Rock|p2a: Lucario
|-sidestart|p2: LLC2210|move: Stealth Rock
|
|upkeep
|turn|6
|
|t:|1757892522
|move|p2a: Lucario|Ice Punch|p1a: Landorus
|-supereffective|p1a: Landorus
|-damage|p1a: Landorus|0 fnt
|-damage|p2a: Lucario|84/100|[from] item: Rocky Helmet|[of] p1a: Landorus
|faint|p1a: Landorus
|
|upkeep
|
|t:|1757892532
|switch|p1a: Zamazenta|Zamazenta|100/100
|-damage|p1a: Zamazenta|94/100|[from] Stealth Rock
|-ability|p1a: Zamazenta|Dauntless Shield|boost
|-boost|p1a: Zamazenta|def|1
|turn|7
|
|t:|1757892544
|move|p2a: Lucario|Close Combat|p1a: Zamazenta
|-damage|p1a: Zamazenta|65/100
|-unboost|p2a: Lucario|def|1
|-unboost|p2a: Lucario|spd|1
|move|p1a: Zamazenta|Roar|p2a: Lucario
|drag|p2a: Regigigas|Regigigas|100/100
|-damage|p2a: Regigigas|88/100|[from] Stealth Rock
|-start|p2a: Regigigas|ability: Slow Start
|
|-heal|p1a: Zamazenta|71/100|[from] item: Leftovers
|-heal|p2a: Regigigas|94/100|[from] item: Leftovers
|upkeep
|turn|8
|
|t:|1757892557
|move|p2a: Regigigas|Protect|p2a: Regigigas
|-singleturn|p2a: Regigigas|Protect
|move|p1a: Zamazenta|Body Press|p2a: Regigigas
|-activate|p2a: Regigigas|move: Protect
|
|-heal|p1a: Zamazenta|77/100|[from] item: Leftovers
|-heal|p2a: Regigigas|99/100|[from] item: Leftovers
|upkeep
|turn|9
|
|t:|1757892569
|move|p1a: Zamazenta|Body Press|p2a: Regigigas
|-supereffective|p2a: Regigigas
|-damage|p2a: Regigigas|16/100
|move|p2a: Regigigas|Body Press|p1a: Zamazenta
|-damage|p1a: Zamazenta|72/100
|
|-heal|p1a: Zamazenta|78/100|[from] item: Leftovers
|-heal|p2a: Regigigas|22/100|[from] item: Leftovers
|upkeep
|turn|10
|
|t:|1757892589
|move|p2a: Regigigas|Protect|p2a: Regigigas
|-singleturn|p2a: Regigigas|Protect
|move|p1a: Zamazenta|Body Press|p2a: Regigigas
|-activate|p2a: Regigigas|move: Protect
|
|-heal|p1a: Zamazenta|84/100|[from] item: Leftovers
|-heal|p2a: Regigigas|29/100|[from] item: Leftovers
|upkeep
|turn|11
|
|t:|1757892606
|move|p1a: Zamazenta|Body Press|p2a: Regigigas
|-supereffective|p2a: Regigigas
|-damage|p2a: Regigigas|0 fnt
|faint|p2a: Regigigas
|
|-heal|p1a: Zamazenta|90/100|[from] item: Leftovers
|upkeep
|
|t:|1757892616
|switch|p2a: Noivern|Noivern, M|100/100
|-damage|p2a: Noivern|76/100|[from] Stealth Rock
|turn|12
|
|t:|1757892628
|switch|p1a: Hatterene|Hatterene, F|100/100
|-damage|p1a: Hatterene|88/100|[from] Stealth Rock
|move|p2a: Noivern|Hurricane|p1a: Hatterene|[miss]
|-miss|p2a: Noivern|p1a: Hatterene
|
|upkeep
|turn|13
|
|t:|1757892644
|switch|p2a: Darkrai|Darkrai|100/100
|-damage|p2a: Darkrai|88/100|[from] Stealth Rock
|move|p1a: Hatterene|Draining Kiss|p2a: Darkrai
|-supereffective|p2a: Darkrai
|-damage|p2a: Darkrai|23/100
|-heal|p1a: Hatterene|100/100|[from] drain|[of] p2a: Darkrai
|
|upkeep
|turn|14
|
|t:|1757892661
|move|p2a: Darkrai|Sludge Bomb|p1a: Hatterene
|-supereffective|p1a: Hatterene
|-damage|p1a: Hatterene|59/100
|move|p1a: Hatterene|Draining Kiss|p2a: Darkrai
|-supereffective|p2a: Darkrai
|-damage|p2a: Darkrai|0 fnt
|-heal|p1a: Hatterene|75/100|[from] drain|[of] p2a: Darkrai
|faint|p2a: Darkrai
|
|upkeep
|inactive|LLC2210 has 120 seconds left.
|
|t:|1757892681
|switch|p2a: Lucario|Lucario, M|84/100
|-damage|p2a: Lucario|81/100|[from] Stealth Rock
|turn|15
|
|t:|1757892693
|move|p2a: Lucario|Meteor Mash|p1a: Hatterene
|-supereffective|p1a: Hatterene
|-damage|p1a: Hatterene|0 fnt
|faint|p1a: Hatterene
|
|upkeep
|
|t:|1757892701
|switch|p1a: Zamazenta|Zamazenta|90/100
|-damage|p1a: Zamazenta|84/100|[from] Stealth Rock
|turn|16
|
|t:|1757892718
|switch|p2a: Noivern|Noivern, M|76/100
|-damage|p2a: Noivern|51/100|[from] Stealth Rock
|move|p1a: Zamazenta|Iron Defense|p1a: Zamazenta
|-boost|p1a: Zamazenta|def|2
|
|-heal|p1a: Zamazenta|90/100|[from] item: Leftovers
|upkeep
|turn|17
|
|t:|1757892743
|switch|p1a: Gholdengo|Gholdengo|69/100
|-damage|p1a: Gholdengo|63/100|[from] Stealth Rock
|move|p2a: Noivern|Hurricane|p1a: Gholdengo
|-resisted|p1a: Gholdengo
|-damage|p1a: Gholdengo|25/100
|
|upkeep
|turn|18
|
|t:|1757892753
|move|p2a: Noivern|Hurricane|p1a: Gholdengo
|-resisted|p1a: Gholdengo
|-damage|p1a: Gholdengo|0 fnt
|faint|p1a: Gholdengo
|
|upkeep
|inactive|yuiopera2 has 120 seconds left.
|inactive|yuiopera2 has 90 seconds left.
|
|t:|1757892803
|switch|p1a: Darkrai|Darkrai|100/100
|turn|19
|
|t:|1757892815
|switch|p2a: Lucario|Lucario, M|81/100
|-damage|p2a: Lucario|78/100|[from] Stealth Rock
|move|p1a: Darkrai|Ice Beam|p2a: Lucario
|-resisted|p2a: Lucario
|-damage|p2a: Lucario|55/100
|
|upkeep
|turn|20
|
|t:|1757892826
|switch|p1a: Zamazenta|Zamazenta|90/100
|-damage|p1a: Zamazenta|84/100|[from] Stealth Rock
|move|p2a: Lucario|Close Combat|p1a: Zamazenta
|-damage|p1a: Zamazenta|43/100
|-unboost|p2a: Lucario|def|1
|-unboost|p2a: Lucario|spd|1
|
|-heal|p1a: Zamazenta|49/100|[from] item: Leftovers
|upkeep
|turn|21
|
|t:|1757892836
|switch|p2a: Noivern|Noivern, M|51/100
|-damage|p2a: Noivern|26/100|[from] Stealth Rock
|move|p1a: Zamazenta|Body Press|p2a: Noivern
|-resisted|p2a: Noivern
|-damage|p2a: Noivern|1/100
|
|-heal|p1a: Zamazenta|55/100|[from] item: Leftovers
|upkeep
|turn|22
|
|t:|1757892854
|move|p1a: Zamazenta|Body Press|p2a: Noivern
|-resisted|p2a: Noivern
|-damage|p2a: Noivern|0 fnt
|faint|p2a: Noivern
|
|-heal|p1a: Zamazenta|62/100|[from] item: Leftovers
|upkeep
|
|t:|1757892872
|switch|p2a: Deoxys|Deoxys-Speed|84/100
|-damage|p2a: Deoxys|72/100|[from] Stealth Rock
|-ability|p2a: Deoxys|Pressure
|turn|23
|inactive|yuiopera2 has 90 seconds left.
|
|t:|1757892898
|-terastallize|p2a: Deoxys|Psychic
|-terastallize|p1a: Zamazenta|Fire
|move|p2a: Deoxys|Zen Headbutt|p1a: Zamazenta
|-damage|p1a: Zamazenta|25/100
|move|p1a: Zamazenta|Crunch|p2a: Deoxys
|-supereffective|p2a: Deoxys
|-damage|p2a: Deoxys|3/100
|
|-heal|p1a: Zamazenta|31/100|[from] item: Leftovers
|upkeep
|turn|24
|inactive|yuiopera2 has 90 seconds left.
|
|t:|1757892914
|move|p2a: Deoxys|Rock Slide|p1a: Zamazenta
|-supereffective|p1a: Zamazenta
|-crit|p1a: Zamazenta
|-damage|p1a: Zamazenta|0 fnt
|faint|p1a: Zamazenta
|
|upkeep
|
|t:|1757892919
|switch|p1a: Dragonite|Dragonite, F|100/100
|-damage|p1a: Dragonite|76/100|[from] Stealth Rock
|turn|25
|
|t:|1757892924
|move|p1a: Dragonite|Extreme Speed|p2a: Deoxys
|-damage|p2a: Deoxys|0 fnt
|faint|p2a: Deoxys
|
|upkeep
|
|t:|1757892930
|switch|p2a: Lucario|Lucario, M|55/100
|-damage|p2a: Lucario|52/100|[from] Stealth Rock
|turn|26
|
|t:|1757892947
|move|p1a: Dragonite|Earthquake|p2a: Lucario
|-supereffective|p2a: Lucario
|-damage|p2a: Lucario|0 fnt
|faint|p2a: Lucario
|
|win|yuiopera2
|raw|yuiopera2's rating: 1081 &rarr; <strong>1106</strong><br />(+25 for winning)
|raw|LLC2210's rating: 1041 &rarr; <strong>1027</strong><br />(-14 for losing)
|l|☆LLC2210
|player|p2|
