|j|☆KingPikaPika
|j|‽1shy9
|t:|1757945718
|gametype|singles
|player|p1|KingPikaPika|pokekid|1736
|player|p2|1shy9|acetrainerf-gen4|1760
|gen|9
|tier|[Gen 9] OU
|rated|
|rule|HP Percentage Mod: HP is shown in percentages
|rule|Endless Battle Clause: Forcing endless battles is banned
|rule|Species Clause: Limit one of each Pokémon
|rule|OHKO Clause: OHKO moves are banned
|rule|Evasion Items Clause: Evasion items are banned
|rule|Evasion Moves Clause: Evasion moves are banned
|rule|Evasion Abilities Clause: Evasion abilities are banned
|rule|Sleep Moves Clause: Sleep-inducing moves are banned
|clearpoke
|poke|p1|Landorus-Therian, M|
|poke|p1|Clefable, M|
|poke|p1|Iron Treads|
|poke|p1|Dragapult, F|
|poke|p1|Corviknight, M|
|poke|p1|Darkrai|
|poke|p2|Iron Moth|
|poke|p2|Gholdengo|
|poke|p2|Great Tusk|
|poke|p2|Kyurem|
|poke|p2|Zamazenta-*|
|poke|p2|Dragonite, F|
|teampreview
|inactive|Battle timer is ON: inactive players will automatically lose when time's up. (requested by 1shy9)
|
|t:|1757945748
|teamsize|p1|6
|teamsize|p2|6
|start
|switch|p1a: Iron Treads|Iron Treads|100/100
|switch|p2a: Great Tusk|Great Tusk|100/100
|-enditem|p1a: Iron Treads|Booster Energy
|-activate|p1a: Iron Treads|ability: Quark Drive|[fromitem]
|-start|p1a: Iron Treads|quarkdrivespe
|turn|1
|
|t:|1757945753
|move|p1a: Iron Treads|Earth Power|p2a: Great Tusk
|-damage|p2a: Great Tusk|52/100
|move|p2a: Great Tusk|Headlong Rush|p1a: Iron Treads
|-supereffective|p1a: Iron Treads
|-damage|p1a: Iron Treads|0 fnt
|-unboost|p2a: Great Tusk|def|1
|-unboost|p2a: Great Tusk|spd|1
|faint|p1a: Iron Treads
|-end|p1a: Iron Treads|Quark Drive|[silent]
|
|upkeep
|j| Disscratch
|
|t:|1757945760
|switch|p1a: Dragapult|Dragapult, F|100/100
|turn|2
|
|t:|1757945763
|move|p1a: Dragapult|Reflect|p1a: Dragapult
|-sidestart|p1: KingPikaPika|Reflect
|move|p2a: Great Tusk|Ice Spinner|p1a: Dragapult
|-supereffective|p1a: Dragapult
|-damage|p1a: Dragapult|67/100
|
|upkeep
|turn|3
|
|t:|1757945769
|move|p1a: Dragapult|Light Screen|p1a: Dragapult
|-sidestart|p1: KingPikaPika|move: Light Screen
|move|p2a: Great Tusk|Stealth Rock|p1a: Dragapult
|-sidestart|p1: KingPikaPika|move: Stealth Rock
|
|upkeep
|turn|4
|
|t:|1757945772
|move|p1a: Dragapult|Curse|p2a: Great Tusk
|-start|p2a: Great Tusk|Curse|[of] p1a: Dragapult
|-damage|p1a: Dragapult|17/100
|move|p2a: Great Tusk|Ice Spinner|p1a: Dragapult
|-supereffective|p1a: Dragapult
|-damage|p1a: Dragapult|0 fnt
|faint|p1a: Dragapult
|
|-damage|p2a: Great Tusk|27/100|[from] Curse
|upkeep
|
|t:|1757945778
|switch|p1a: Corviknight|Corviknight, M|100/100
|-damage|p1a: Corviknight|88/100|[from] Stealth Rock
|turn|5
|
|t:|1757945784
|-end|p2a: Great Tusk|Protosynthesis|[silent]
|switch|p2a: Iron Moth|Iron Moth|100/100
|-enditem|p2a: Iron Moth|Booster Energy
|-activate|p2a: Iron Moth|ability: Quark Drive|[fromitem]
|-start|p2a: Iron Moth|quarkdrivespe
|move|p1a: Corviknight|Agility|p1a: Corviknight
|-boost|p1a: Corviknight|spe|2
|
|-heal|p1a: Corviknight|94/100|[from] item: Leftovers
|upkeep
|turn|6
|
|t:|1757945789
|-terastallize|p1a: Corviknight|Water
|move|p2a: Iron Moth|Fiery Dance|p1a: Corviknight
|-resisted|p1a: Corviknight
|-crit|p1a: Corviknight
|-damage|p1a: Corviknight|74/100
|-boost|p2a: Iron Moth|spa|1
|move|p1a: Corviknight|Bulk Up|p1a: Corviknight
|-boost|p1a: Corviknight|atk|1
|-boost|p1a: Corviknight|def|1
|
|-heal|p1a: Corviknight|80/100|[from] item: Leftovers
|upkeep
|turn|7
|
|t:|1757945796
|move|p2a: Iron Moth|Sludge Wave|p1a: Corviknight
|-damage|p1a: Corviknight|54/100
|move|p1a: Corviknight|Agility|p1a: Corviknight
|-boost|p1a: Corviknight|spe|2
|
|-heal|p1a: Corviknight|60/100|[from] item: Leftovers
|upkeep
|turn|8
|
|t:|1757945801
|move|p2a: Iron Moth|Sludge Wave|p1a: Corviknight
|-damage|p1a: Corviknight|35/100
|-status|p1a: Corviknight|psn
|move|p1a: Corviknight|Bulk Up|p1a: Corviknight
|-boost|p1a: Corviknight|atk|1
|-boost|p1a: Corviknight|def|1
|
|-heal|p1a: Corviknight|41/100 psn|[from] item: Leftovers
|-damage|p1a: Corviknight|29/100 psn|[from] psn
|upkeep
|turn|9
|
|t:|1757945805
|move|p2a: Iron Moth|Sludge Wave|p1a: Corviknight
|-damage|p1a: Corviknight|4/100 psn
|move|p1a: Corviknight|Roost|p1a: Corviknight
|-heal|p1a: Corviknight|54/100 psn
|
|-heal|p1a: Corviknight|61/100 psn|[from] item: Leftovers
|-damage|p1a: Corviknight|48/100 psn|[from] psn
|-sideend|p1: KingPikaPika|Reflect
|upkeep
|turn|10
|
|t:|1757945814
|move|p2a: Iron Moth|Sludge Wave|p1a: Corviknight
|-damage|p1a: Corviknight|24/100 psn
|move|p1a: Corviknight|Agility|p1a: Corviknight
|-boost|p1a: Corviknight|spe|2
|
|-heal|p1a: Corviknight|30/100 psn|[from] item: Leftovers
|-damage|p1a: Corviknight|17/100 psn|[from] psn
|-sideend|p1: KingPikaPika|move: Light Screen
|upkeep
|turn|11
|
|t:|1757945821
|move|p1a: Corviknight|Power Trip|p2a: Iron Moth
|-damage|p2a: Iron Moth|0 fnt
|faint|p2a: Iron Moth
|-end|p2a: Iron Moth|Quark Drive|[silent]
|
|-heal|p1a: Corviknight|24/100 psn|[from] item: Leftovers
|-damage|p1a: Corviknight|11/100 psn|[from] psn
|upkeep
|
|t:|1757945832
|switch|p2a: Gholdengo|Gholdengo|100/100
|-item|p2a: Gholdengo|Air Balloon
|turn|12
|
|t:|1757945835
|-terastallize|p2a: Gholdengo|Fairy
|move|p1a: Corviknight|Roost|p1a: Corviknight
|-heal|p1a: Corviknight|61/100 psn
|move|p2a: Gholdengo|Shadow Ball|p1a: Corviknight
|-crit|p1a: Corviknight
|-damage|p1a: Corviknight|10/100 psn
|
|-heal|p1a: Corviknight|16/100 psn|[from] item: Leftovers
|-damage|p1a: Corviknight|4/100 psn|[from] psn
|upkeep
|turn|13
|
|t:|1757945839
|move|p1a: Corviknight|Roost|p1a: Corviknight
|-heal|p1a: Corviknight|54/100 psn
|move|p2a: Gholdengo|Shadow Ball|p1a: Corviknight
|-damage|p1a: Corviknight|19/100 psn
|
|-heal|p1a: Corviknight|25/100 psn|[from] item: Leftovers
|-damage|p1a: Corviknight|13/100 psn|[from] psn
|upkeep
|turn|14
|
|t:|1757945842
|move|p1a: Corviknight|Roost|p1a: Corviknight
|-heal|p1a: Corviknight|63/100 psn
|move|p2a: Gholdengo|Nasty Plot|p2a: Gholdengo
|-boost|p2a: Gholdengo|spa|2
|
|-heal|p1a: Corviknight|69/100 psn|[from] item: Leftovers
|-damage|p1a: Corviknight|57/100 psn|[from] psn
|upkeep
|turn|15
|
|t:|1757945847
|move|p1a: Corviknight|Power Trip|p2a: Gholdengo
|-resisted|p2a: Gholdengo
|-damage|p2a: Gholdengo|46/100
|-enditem|p2a: Gholdengo|Air Balloon
|move|p2a: Gholdengo|Shadow Ball|p1a: Corviknight
|-crit|p1a: Corviknight
|-damage|p1a: Corviknight|0 fnt
|faint|p1a: Corviknight
|
|upkeep
|
|t:|1757945853
|switch|p1a: Landorus|Landorus-Therian, M|100/100
|-damage|p1a: Landorus|88/100|[from] Stealth Rock
|-ability|p1a: Landorus|Intimidate|boost
|-unboost|p2a: Gholdengo|atk|1
|turn|16
|
|t:|1757945856
|move|p1a: Landorus|Earthquake|p2a: Gholdengo
|-damage|p2a: Gholdengo|0 fnt
|faint|p2a: Gholdengo
|
|-heal|p1a: Landorus|94/100|[from] item: Leftovers
|upkeep
|
|t:|1757945860
|switch|p2a: Kyurem|Kyurem|100/100
|-ability|p2a: Kyurem|Pressure
|turn|17
|
|t:|1757945863
|switch|p1a: Darkrai|Darkrai|100/100
|-damage|p1a: Darkrai|88/100|[from] Stealth Rock
|move|p2a: Kyurem|Icicle Spear|p1a: Darkrai
|-damage|p1a: Darkrai|72/100
|-damage|p1a: Darkrai|54/100
|-damage|p1a: Darkrai|37/100
|-damage|p1a: Darkrai|20/100
|-hitcount|p1a: Darkrai|4
|
|upkeep
|turn|18
|
|t:|1757945869
|move|p1a: Darkrai|Trick|p2a: Kyurem
|-activate|p1a: Darkrai|move: Trick|[of] p2a: Kyurem
|-item|p2a: Kyurem|Choice Scarf|[from] move: Trick
|-item|p1a: Darkrai|Loaded Dice|[from] move: Trick
|move|p2a: Kyurem|Dragon Dance|p2a: Kyurem
|-boost|p2a: Kyurem|atk|1
|-boost|p2a: Kyurem|spe|1
|
|upkeep
|turn|19
|
|t:|1757945873
|switch|p2a: Great Tusk|Great Tusk|27/100
|move|p1a: Darkrai|Ice Beam|p2a: Great Tusk
|-supereffective|p2a: Great Tusk
|-damage|p2a: Great Tusk|0 fnt
|faint|p2a: Great Tusk
|-end|p2a: Great Tusk|Protosynthesis|[silent]
|
|upkeep
|
|t:|1757945875
|switch|p2a: Kyurem|Kyurem|100/100
|-ability|p2a: Kyurem|Pressure
|turn|20
|
|t:|1757945878
|move|p2a: Kyurem|Icicle Spear|p1a: Darkrai
|-damage|p1a: Darkrai|3/100
|-damage|p1a: Darkrai|0 fnt
|faint|p1a: Darkrai
|-hitcount|p1: Darkrai|2
|
|upkeep
|
|t:|1757945880
|switch|p1a: Clefable|Clefable, M|100/100
|-damage|p1a: Clefable|88/100|[from] Stealth Rock
|turn|21
|
|t:|1757945884
|move|p2a: Kyurem|Icicle Spear|p1a: Clefable
|-damage|p1a: Clefable|78/100
|-damage|p1a: Clefable|68/100
|-hitcount|p1a: Clefable|2
|move|p1a: Clefable|Cosmic Power|p1a: Clefable
|-boost|p1a: Clefable|def|1
|-boost|p1a: Clefable|spd|1
|
|-heal|p1a: Clefable|74/100|[from] item: Leftovers
|upkeep
|turn|22
|
|t:|1757945891
|move|p2a: Kyurem|Icicle Spear|p1a: Clefable
|-damage|p1a: Clefable|67/100
|-damage|p1a: Clefable|60/100
|-hitcount|p1a: Clefable|2
|move|p1a: Clefable|Cosmic Power|p1a: Clefable
|-boost|p1a: Clefable|def|1
|-boost|p1a: Clefable|spd|1
|
|-heal|p1a: Clefable|66/100|[from] item: Leftovers
|upkeep
|turn|23
|
|t:|1757945894
|move|p2a: Kyurem|Icicle Spear|p1a: Clefable
|-damage|p1a: Clefable|61/100
|-damage|p1a: Clefable|56/100
|-damage|p1a: Clefable|51/100
|-hitcount|p1a: Clefable|3
|move|p1a: Clefable|Cosmic Power|p1a: Clefable
|-boost|p1a: Clefable|def|1
|-boost|p1a: Clefable|spd|1
|
|-heal|p1a: Clefable|57/100|[from] item: Leftovers
|upkeep
|turn|24
|
|t:|1757945896
|move|p2a: Kyurem|Icicle Spear|p1a: Clefable
|-damage|p1a: Clefable|53/100
|-damage|p1a: Clefable|48/100
|-damage|p1a: Clefable|44/100
|-crit|p1a: Clefable
|-damage|p1a: Clefable|27/100
|-damage|p1a: Clefable|22/100
|-hitcount|p1a: Clefable|5
|move|p1a: Clefable|Moonlight|p1a: Clefable
|-heal|p1a: Clefable|72/100
|
|-heal|p1a: Clefable|78/100|[from] item: Leftovers
|upkeep
|turn|25
|
|t:|1757945898
|move|p2a: Kyurem|Icicle Spear|p1a: Clefable
|-damage|p1a: Clefable|74/100
|-damage|p1a: Clefable|70/100
|-damage|p1a: Clefable|65/100
|-damage|p1a: Clefable|61/100
|-hitcount|p1a: Clefable|4
|move|p1a: Clefable|Cosmic Power|p1a: Clefable
|-boost|p1a: Clefable|def|1
|-boost|p1a: Clefable|spd|1
|
|-heal|p1a: Clefable|67/100|[from] item: Leftovers
|upkeep
|turn|26
|
|t:|1757945901
|switch|p2a: Dragonite|Dragonite, F|100/100
|move|p1a: Clefable|Cosmic Power|p1a: Clefable
|-boost|p1a: Clefable|def|1
|-boost|p1a: Clefable|spd|1
|
|-heal|p1a: Clefable|73/100|[from] item: Leftovers
|upkeep
|turn|27
|
|t:|1757945909
|move|p2a: Dragonite|Dragon Dance|p2a: Dragonite
|-boost|p2a: Dragonite|atk|1
|-boost|p2a: Dragonite|spe|1
|move|p1a: Clefable|Moonblast|p2a: Dragonite
|-supereffective|p2a: Dragonite
|-crit|p2a: Dragonite
|-damage|p2a: Dragonite|50/100
|
|-heal|p1a: Clefable|79/100|[from] item: Leftovers
|upkeep
|turn|28
|
|t:|1757945912
|move|p2a: Dragonite|Roost|p2a: Dragonite
|-heal|p2a: Dragonite|99/100
|-singleturn|p2a: Dragonite|move: Roost
|move|p1a: Clefable|Moonblast|p2a: Dragonite
|-supereffective|p2a: Dragonite
|-damage|p2a: Dragonite|35/100
|-unboost|p2a: Dragonite|spa|1
|
|-heal|p1a: Clefable|85/100|[from] item: Leftovers
|upkeep
|turn|29
|
|t:|1757945916
|move|p2a: Dragonite|Earthquake|p1a: Clefable
|-damage|p1a: Clefable|76/100
|move|p1a: Clefable|Moonblast|p2a: Dragonite
|-supereffective|p2a: Dragonite
|-crit|p2a: Dragonite
|-damage|p2a: Dragonite|0 fnt
|faint|p2a: Dragonite
|
|-heal|p1a: Clefable|82/100|[from] item: Leftovers
|upkeep
|
|t:|1757945921
|switch|p2a: Kyurem|Kyurem|100/100
|-ability|p2a: Kyurem|Pressure
|turn|30
|
|t:|1757945923
|move|p2a: Kyurem|Freeze-Dry|p1a: Clefable
|-damage|p1a: Clefable|73/100
|move|p1a: Clefable|Calm Mind|p1a: Clefable
|-boost|p1a: Clefable|spa|1
|-boost|p1a: Clefable|spd|1
|
|-heal|p1a: Clefable|79/100|[from] item: Leftovers
|upkeep
|turn|31
|
|t:|1757945926
|move|p2a: Kyurem|Freeze-Dry|p1a: Clefable
|-damage|p1a: Clefable|72/100
|move|p1a: Clefable|Moonblast|p2a: Kyurem
|-supereffective|p2a: Kyurem
|-damage|p2a: Kyurem|5/100
|
|-heal|p1a: Clefable|78/100|[from] item: Leftovers
|upkeep
|turn|32
|
|t:|1757945928
|move|p2a: Kyurem|Freeze-Dry|p1a: Clefable
|-damage|p1a: Clefable|70/100
|move|p1a: Clefable|Moonblast|p2a: Kyurem
|-supereffective|p2a: Kyurem
|-damage|p2a: Kyurem|0 fnt
|faint|p2a: Kyurem
|
|-heal|p1a: Clefable|76/100|[from] item: Leftovers
|upkeep
|-message|1shy9 forfeited.
|
|win|KingPikaPika
|raw|KingPikaPika's rating: 1736 &rarr; <strong>1757</strong><br />(+21 for winning)
|raw|1shy9's rating: 1760 &rarr; <strong>1739</strong><br />(-21 for losing)
|l|‽1shy9
|player|p2|
|l|☆KingPikaPika
|player|p1|
