|j|☆hoons
|j|☆BeachLeak
|t:|1757872000
|gametype|singles
|player|p1|hoons|1|1646
|player|p2|BeachLeak|archer|1601
|gen|9
|tier|[Gen 9] OU
|rated|
|rule|HP Percentage Mod: HP is shown in percentages
|rule|Endless Battle Clause: Forcing endless battles is banned
|rule|Species Clause: Limit one of each Pokémon
|rule|OHKO Clause: OHKO moves are banned
|rule|Evasion Items Clause: Evasion items are banned
|rule|Evasion Moves Clause: Evasion moves are banned
|rule|Evasion Abilities Clause: Evasion abilities are banned
|rule|Sleep Moves Clause: Sleep-inducing moves are banned
|clearpoke
|poke|p1|Raging Bolt|
|poke|p1|Great Tusk|
|poke|p1|Slowking-Galar, M|
|poke|p1|Ogerpon-Wellspring, F|
|poke|p1|Kingambit, F|
|poke|p1|Zamazenta-*|
|poke|p2|Salamence, M|
|poke|p2|Tyranitar, M|
|poke|p2|Excadrill, F|
|poke|p2|Iron Crown|
|poke|p2|Azumarill, F|
|poke|p2|Zamazenta-*|
|teampreview
|inactive|Battle timer is ON: inactive players will automatically lose when time's up. (requested by BeachLeak)
|
|t:|1757872022
|teamsize|p1|6
|teamsize|p2|6
|start
|switch|p1a: Ogerpon|Ogerpon-Wellspring, F|100/100
|switch|p2a: Sherbet|Salamence, M, shiny|100/100
|-ability|p2a: Sherbet|Intimidate|boost
|-unboost|p1a: Ogerpon|atk|1
|turn|1
|
|t:|1757872032
|switch|p1a: Slowking|Slowking-Galar, M, shiny|100/100
|move|p2a: Sherbet|Draco Meteor|p1a: Slowking
|-damage|p1a: Slowking|25/100
|-unboost|p2a: Sherbet|spa|2
|
|-heal|p1a: Slowking|31/100|[from] item: Black Sludge
|upkeep
|turn|2
|
|t:|1757872049
|switch|p2a: Tyranitar|Tyranitar, M, shiny|100/100
|-weather|Sandstorm|[from] ability: Sand Stream|[of] p2a: Tyranitar
|switch|p1a: Kingambit|Kingambit, F|100/100
|-item|p1a: Kingambit|Air Balloon
|
|-weather|Sandstorm|[upkeep]
|upkeep
|turn|3
|
|t:|1757872066
|switch|p2a: Sherbet|Salamence, M, shiny|100/100
|-ability|p2a: Sherbet|Intimidate|boost
|-unboost|p1a: Kingambit|atk|1
|move|p1a: Kingambit|Low Kick|p2a: Sherbet
|-resisted|p2a: Sherbet
|-damage|p2a: Sherbet|83/100
|
|-weather|Sandstorm|[upkeep]
|-damage|p2a: Sherbet|77/100|[from] Sandstorm
|upkeep
|turn|4
|
|t:|1757872076
|-end|p1a: Kingambit|fallenundefined|[silent]
|switch|p1a: Raging Bolt|Raging Bolt|100/100
|move|p2a: Sherbet|Fire Blast|p1a: Raging Bolt
|-resisted|p1a: Raging Bolt
|-damage|p1a: Raging Bolt|80/100
|
|-weather|Sandstorm|[upkeep]
|-damage|p2a: Sherbet|71/100|[from] Sandstorm
|-damage|p1a: Raging Bolt|74/100|[from] Sandstorm
|-heal|p1a: Raging Bolt|80/100|[from] item: Leftovers
|upkeep
|turn|5
|
|t:|1757872085
|switch|p2a: Azumarill|Azumarill, F, shiny|100/100
|-end|p1a: Raging Bolt|Protosynthesis|[silent]
|switch|p1a: Kingambit|Kingambit, F|100/100
|-item|p1a: Kingambit|Air Balloon
|
|-weather|Sandstorm|[upkeep]
|-damage|p2a: Azumarill|94/100|[from] Sandstorm
|upkeep
|turn|6
|
|t:|1757872090
|move|p1a: Kingambit|Iron Head|p2a: Azumarill
|-damage|p2a: Azumarill|38/100
|-enditem|p2a: Azumarill|Sitrus Berry|[eat]
|-heal|p2a: Azumarill|63/100|[from] item: Sitrus Berry
|move|p2a: Azumarill|Liquidation|p1a: Kingambit
|-damage|p1a: Kingambit|56/100
|-enditem|p1a: Kingambit|Air Balloon
|
|-weather|none
|upkeep
|turn|7
|
|t:|1757872102
|move|p1a: Kingambit|Iron Head|p2a: Azumarill
|-damage|p2a: Azumarill|5/100
|move|p2a: Azumarill|Liquidation|p1a: Kingambit
|-damage|p1a: Kingambit|12/100
|-unboost|p1a: Kingambit|def|1
|
|upkeep
|turn|8
|
|t:|1757872108
|move|p1a: Kingambit|Sucker Punch|p2a: Azumarill
|-resisted|p2a: Azumarill
|-damage|p2a: Azumarill|0 fnt
|faint|p2a: Azumarill
|
|upkeep
|
|t:|1757872113
|switch|p2a: Sherbet|Salamence, M, shiny|71/100
|-ability|p2a: Sherbet|Intimidate|boost
|-unboost|p1a: Kingambit|atk|1
|turn|9
|
|t:|1757872119
|move|p1a: Kingambit|Sucker Punch|p2a: Sherbet
|-damage|p2a: Sherbet|36/100
|move|p2a: Sherbet|Draco Meteor|p1a: Kingambit
|-resisted|p1a: Kingambit
|-damage|p1a: Kingambit|0 fnt
|-unboost|p2a: Sherbet|spa|2
|faint|p1a: Kingambit
|-end|p1a: Kingambit|fallenundefined|[silent]
|
|upkeep
|
|t:|1757872136
|switch|p1a: Great Tusk|Great Tusk|100/100
|turn|10
|
|t:|1757872144
|switch|p2a: Zamazenta|Zamazenta|100/100
|-ability|p2a: Zamazenta|Dauntless Shield|boost
|-boost|p2a: Zamazenta|def|1
|move|p1a: Great Tusk|Stealth Rock|p2a: Zamazenta
|-sidestart|p2: BeachLeak|move: Stealth Rock
|
|upkeep
|turn|11
|
|t:|1757872150
|-end|p1a: Great Tusk|Protosynthesis|[silent]
|switch|p1a: Zamazenta|Zamazenta|100/100
|-ability|p1a: Zamazenta|Dauntless Shield|boost
|-boost|p1a: Zamazenta|def|1
|move|p2a: Zamazenta|Close Combat|p1a: Zamazenta
|-damage|p1a: Zamazenta|55/100
|-unboost|p2a: Zamazenta|def|1
|-unboost|p2a: Zamazenta|spd|1
|-damage|p2a: Zamazenta|91/100|[from] item: Life Orb
|
|upkeep
|turn|12
|
|t:|1757872156
|move|p2a: Zamazenta|Close Combat|p1a: Zamazenta
|-damage|p1a: Zamazenta|11/100
|-unboost|p2a: Zamazenta|def|1
|-unboost|p2a: Zamazenta|spd|1
|-damage|p2a: Zamazenta|81/100|[from] item: Life Orb
|move|p1a: Zamazenta|Close Combat|p2a: Zamazenta
|-damage|p2a: Zamazenta|2/100
|-unboost|p1a: Zamazenta|def|1
|-unboost|p1a: Zamazenta|spd|1
|
|upkeep
|turn|13
|
|t:|1757872166
|switch|p1a: Slowking|Slowking-Galar, M, shiny|64/100
|move|p2a: Zamazenta|Crunch|p1a: Slowking
|-supereffective|p1a: Slowking
|-damage|p1a: Slowking|12/100
|-damage|p2a: Zamazenta|0 fnt|[from] item: Life Orb
|faint|p2a: Zamazenta
|
|-heal|p1a: Slowking|18/100|[from] item: Black Sludge
|upkeep
|
|t:|1757872171
|switch|p2a: Tyranitar|Tyranitar, M, shiny|100/100
|-damage|p2a: Tyranitar|88/100|[from] Stealth Rock
|-weather|Sandstorm|[from] ability: Sand Stream|[of] p2a: Tyranitar
|turn|14
|
|t:|1757872182
|switch|p1a: Ogerpon|Ogerpon-Wellspring, F|100/100
|move|p2a: Tyranitar|Ice Punch|p1a: Ogerpon
|-damage|p1a: Ogerpon|40/100
|
|-weather|Sandstorm|[upkeep]
|-damage|p1a: Ogerpon|34/100|[from] Sandstorm
|upkeep
|turn|15
|
|t:|1757872191
|move|p1a: Ogerpon|Horn Leech|p2a: Tyranitar
|-supereffective|p2a: Tyranitar
|-damage|p2a: Tyranitar|10/100
|-heal|p1a: Ogerpon|78/100|[from] drain|[of] p2a: Tyranitar
|move|p2a: Tyranitar|Ice Punch|p1a: Ogerpon
|-damage|p1a: Ogerpon|20/100
|
|-weather|Sandstorm|[upkeep]
|-damage|p1a: Ogerpon|14/100|[from] Sandstorm
|upkeep
|turn|16
|
|t:|1757872201
|move|p1a: Ogerpon|Ivy Cudgel|p2a: Tyranitar|[anim] Ivy Cudgel Water
|-supereffective|p2a: Tyranitar
|-damage|p2a: Tyranitar|0 fnt
|faint|p2a: Tyranitar
|
|-weather|Sandstorm|[upkeep]
|-damage|p1a: Ogerpon|8/100|[from] Sandstorm
|upkeep
|
|t:|1757872204
|switch|p2a: Excadrill|Excadrill, F|100/100
|-damage|p2a: Excadrill|97/100|[from] Stealth Rock
|-item|p2a: Excadrill|Air Balloon
|turn|17
|
|t:|1757872211
|move|p2a: Excadrill|Rapid Spin|p1a: Ogerpon
|-damage|p1a: Ogerpon|0 fnt
|-boost|p2a: Excadrill|spe|1
|-sideend|p2: BeachLeak|Stealth Rock|[from] move: Rapid Spin|[of] p2a: Excadrill
|faint|p1a: Ogerpon
|
|-weather|Sandstorm|[upkeep]
|upkeep
|
|t:|1757872215
|switch|p1a: Great Tusk|Great Tusk|100/100
|turn|18
|
|t:|1757872224
|move|p2a: Excadrill|Swords Dance|p2a: Excadrill
|-boost|p2a: Excadrill|atk|2
|move|p1a: Great Tusk|Rapid Spin|p2a: Excadrill
|-resisted|p2a: Excadrill
|-damage|p2a: Excadrill|87/100
|-boost|p1a: Great Tusk|spe|1
|-enditem|p2a: Excadrill|Air Balloon
|
|-weather|none
|upkeep
|turn|19
|
|t:|1757872235
|-terastallize|p2a: Excadrill|Dragon
|move|p2a: Excadrill|Earthquake|p1a: Great Tusk
|-damage|p1a: Great Tusk|43/100
|move|p1a: Great Tusk|Headlong Rush|p2a: Excadrill
|-damage|p2a: Excadrill|17/100
|-unboost|p1a: Great Tusk|def|1
|-unboost|p1a: Great Tusk|spd|1
|
|upkeep
|turn|20
|
|t:|1757872248
|move|p2a: Excadrill|Earthquake|p1a: Great Tusk
|-damage|p1a: Great Tusk|0 fnt
|faint|p1a: Great Tusk
|-end|p1a: Great Tusk|Protosynthesis|[silent]
|
|upkeep
|
|t:|1757872250
|switch|p1a: Raging Bolt|Raging Bolt|80/100
|turn|21
|
|t:|1757872254
|move|p1a: Raging Bolt|Thunderclap||[still]
|-fail|p1a: Raging Bolt
|move|p2a: Excadrill|Swords Dance|p2a: Excadrill
|-boost|p2a: Excadrill|atk|2
|
|-heal|p1a: Raging Bolt|86/100|[from] item: Leftovers
|upkeep
|turn|22
|
|t:|1757872260
|move|p1a: Raging Bolt|Thunderclap||[still]
|-fail|p1a: Raging Bolt
|move|p2a: Excadrill|Swords Dance|p2a: Excadrill
|-boost|p2a: Excadrill|atk|2
|
|-heal|p1a: Raging Bolt|92/100|[from] item: Leftovers
|upkeep
|turn|23
|
|t:|1757872266
|move|p1a: Raging Bolt|Thunderclap||[still]
|-fail|p1a: Raging Bolt
|move|p2a: Excadrill|Swords Dance|p2a: Excadrill
|-boost|p2a: Excadrill|atk|0
|
|-heal|p1a: Raging Bolt|98/100|[from] item: Leftovers
|upkeep
|turn|24
|
|t:|1757872273
|move|p2a: Excadrill|Swords Dance|p2a: Excadrill
|-boost|p2a: Excadrill|atk|0
|move|p1a: Raging Bolt|Calm Mind|p1a: Raging Bolt
|-boost|p1a: Raging Bolt|spa|1
|-boost|p1a: Raging Bolt|spd|1
|
|-heal|p1a: Raging Bolt|100/100|[from] item: Leftovers
|upkeep
|turn|25
|
|t:|1757872279
|move|p1a: Raging Bolt|Thunderclap||[still]
|-fail|p1a: Raging Bolt
|move|p2a: Excadrill|Swords Dance|p2a: Excadrill
|-boost|p2a: Excadrill|atk|0
|
|upkeep
|turn|26
|
|t:|1757872284
|-terastallize|p1a: Raging Bolt|Bug
|move|p2a: Excadrill|Earthquake|p1a: Raging Bolt
|-resisted|p1a: Raging Bolt
|-damage|p1a: Raging Bolt|19/100
|move|p1a: Raging Bolt|Thunderbolt|p2a: Excadrill
|-resisted|p2a: Excadrill
|-damage|p2a: Excadrill|0 fnt
|faint|p2a: Excadrill
|
|-heal|p1a: Raging Bolt|25/100|[from] item: Leftovers
|upkeep
|
|t:|1757872290
|switch|p2a: Iron Crown|Iron Crown|100/100
|turn|27
|
|t:|1757872296
|move|p1a: Raging Bolt|Thunderclap|p2a: Iron Crown
|-damage|p2a: Iron Crown|46/100
|move|p2a: Iron Crown|Tachyon Cutter|p1a: Raging Bolt
|-crit|p1a: Raging Bolt
|-damage|p1a: Raging Bolt|0 fnt
|faint|p1a: Raging Bolt
|-end|p1a: Raging Bolt|Protosynthesis|[silent]
|-hitcount|p1: Raging Bolt|1
|
|upkeep
|
|t:|1757872304
|switch|p1a: Zamazenta|Zamazenta|11/100
|turn|28
|
|t:|1757872307
|move|p2a: Iron Crown|Tachyon Cutter|p1a: Zamazenta
|-damage|p1a: Zamazenta|0 fnt
|faint|p1a: Zamazenta
|-hitcount|p1: Zamazenta|1
|
|upkeep
|
|t:|1757872309
|switch|p1a: Slowking|Slowking-Galar, M, shiny|51/100
|turn|29
|
|t:|1757872311
|move|p2a: Iron Crown|Tachyon Cutter|p1a: Slowking
|-damage|p1a: Slowking|30/100
|-damage|p1a: Slowking|9/100
|-hitcount|p1a: Slowking|2
|move|p1a: Slowking|Ice Beam|p2a: Iron Crown
|-resisted|p2a: Iron Crown
|-damage|p2a: Iron Crown|35/100
|
|-heal|p1a: Slowking|15/100|[from] item: Black Sludge
|upkeep
|turn|30
|-message|hoons forfeited.
|
|win|BeachLeak
|raw|hoons's rating: 1646 &rarr; <strong>1623</strong><br />(-23 for losing)
|raw|BeachLeak's rating: 1601 &rarr; <strong>1624</strong><br />(+23 for winning)
|l|☆hoons
|player|p1|
|l|☆BeachLeak
|player|p2|
