|j|☆fuhfyjddhh
|j|☆emeraldcity28
|t:|1757890578
|gametype|singles
|player|p1|fuhfyjddhh|pryce|1540
|player|p2|emeraldcity28|102|1506
|gen|9
|tier|[Gen 9] OU
|rated|
|rule|HP Percentage Mod: HP is shown in percentages
|rule|Endless Battle Clause: Forcing endless battles is banned
|rule|Species Clause: Limit one of each Pokémon
|rule|OHKO Clause: OHKO moves are banned
|rule|Evasion Items Clause: Evasion items are banned
|rule|Evasion Moves Clause: Evasion moves are banned
|rule|Evasion Abilities Clause: Evasion abilities are banned
|rule|Sleep Moves Clause: Sleep-inducing moves are banned
|clearpoke
|poke|p1|Ribombee, F|
|poke|p1|Gholdengo|
|poke|p1|Greninja-*, M|
|poke|p1|Tornadus-Therian, M|
|poke|p1|Weavile, F|
|poke|p1|Darkrai|
|poke|p2|Iron Crown|
|poke|p2|Meowscarada, F|
|poke|p2|Great Tusk|
|poke|p2|Pecharunt|
|poke|p2|Ting-Lu|
|poke|p2|Iron Valiant|
|teampreview
|
|t:|1757890586
|teamsize|p1|6
|teamsize|p2|6
|start
|switch|p1a: Ribombee|Ribombee, F|100/100
|switch|p2a: Meowscarada|Meowscarada, F|100/100
|turn|1
|
|t:|1757890603
|move|p1a: Ribombee|Moonblast|p2a: Meowscarada
|-supereffective|p2a: Meowscarada
|-damage|p2a: Meowscarada|0 fnt
|faint|p2a: Meowscarada
|
|upkeep
|
|t:|1757890607
|switch|p2a: Iron Crown|Iron Crown|100/100
|turn|2
|
|t:|1757890612
|move|p1a: Ribombee|Sticky Web|p2a: Iron Crown
|-sidestart|p2: emeraldcity28|move: Sticky Web
|move|p2a: Iron Crown|Tachyon Cutter|p1a: Ribombee
|-supereffective|p1a: Ribombee
|-enditem|p1a: Ribombee|Focus Sash
|-damage|p1a: Ribombee|1/100
|-supereffective|p1a: Ribombee
|-damage|p1a: Ribombee|0 fnt
|faint|p1a: Ribombee
|-hitcount|p1: Ribombee|2
|
|upkeep
|
|t:|1757890636
|switch|p1a: Gholdengo|Gholdengo|100/100
|-item|p1a: Gholdengo|Air Balloon
|turn|3
|inactive|Battle timer is ON: inactive players will automatically lose when time's up. (requested by emeraldcity28)
|
|t:|1757890641
|-end|p2a: Iron Crown|Quark Drive|[silent]
|switch|p2a: Ting-Lu|Ting-Lu|100/100
|-activate|p2a: Ting-Lu|move: Sticky Web
|-unboost|p2a: Ting-Lu|spe|1
|-ability|p2a: Ting-Lu|Vessel of Ruin
|move|p1a: Gholdengo|Nasty Plot|p1a: Gholdengo
|-boost|p1a: Gholdengo|spa|2
|
|upkeep
|turn|4
|
|t:|1757890648
|move|p1a: Gholdengo|Make It Rain|p2a: Ting-Lu
|-damage|p2a: Ting-Lu|49/100
|-unboost|p1a: Gholdengo|spa|1
|move|p2a: Ting-Lu|Ruination|p1a: Gholdengo
|-damage|p1a: Gholdengo|51/100
|-enditem|p1a: Gholdengo|Air Balloon
|
|-heal|p2a: Ting-Lu|55/100|[from] item: Leftovers
|upkeep
|turn|5
|
|t:|1757890660
|switch|p1a: Tornadus|Tornadus-Therian, M|100/100
|move|p2a: Ting-Lu|Stealth Rock|p1a: Tornadus
|-sidestart|p1: fuhfyjddhh|move: Stealth Rock
|
|-heal|p2a: Ting-Lu|62/100|[from] item: Leftovers
|upkeep
|turn|6
|
|t:|1757890665
|move|p1a: Tornadus|Nasty Plot|p1a: Tornadus
|-boost|p1a: Tornadus|spa|2
|move|p2a: Ting-Lu|Ruination|p1a: Tornadus
|-damage|p1a: Tornadus|50/100
|
|-heal|p2a: Ting-Lu|68/100|[from] item: Leftovers
|upkeep
|turn|7
|
|t:|1757890671
|move|p1a: Tornadus|Bleakwind Storm|p2a: Ting-Lu
|-damage|p2a: Ting-Lu|30/100
|move|p2a: Ting-Lu|Whirlwind|p1a: Tornadus
|drag|p1a: Weavile|Weavile, F|100/100
|-damage|p1a: Weavile|76/100|[from] Stealth Rock
|-ability|p1a: Weavile|Pressure
|
|-heal|p2a: Ting-Lu|37/100|[from] item: Leftovers
|upkeep
|turn|8
|
|t:|1757890679
|move|p1a: Weavile|Triple Axel|p2a: Ting-Lu
|-supereffective|p2a: Ting-Lu
|-damage|p2a: Ting-Lu|26/100
|-supereffective|p2a: Ting-Lu
|-crit|p2a: Ting-Lu
|-damage|p2a: Ting-Lu|0 fnt
|faint|p2a: Ting-Lu
|-hitcount|p2: Ting-Lu|2
|
|upkeep
|
|t:|1757890700
|switch|p2a: Pecharunt|Pecharunt|100/100
|turn|9
|
|t:|1757890708
|move|p1a: Weavile|Knock Off|p2a: Pecharunt
|-supereffective|p2a: Pecharunt
|-damage|p2a: Pecharunt|59/100
|-enditem|p2a: Pecharunt|Heavy-Duty Boots|[from] move: Knock Off|[of] p1a: Weavile
|move|p2a: Pecharunt|Parting Shot|p1a: Weavile
|-unboost|p1a: Weavile|atk|1
|-unboost|p1a: Weavile|spa|1
|
|t:|1757890716
|switch|p2a: Great Tusk|Great Tusk|100/100|[from] Parting Shot
|-activate|p2a: Great Tusk|move: Sticky Web
|-unboost|p2a: Great Tusk|spe|1
|
|upkeep
|turn|10
|
|t:|1757890722
|switch|p1a: Gholdengo|Gholdengo|51/100
|-damage|p1a: Gholdengo|45/100|[from] Stealth Rock
|move|p2a: Great Tusk|Headlong Rush|p1a: Gholdengo
|-supereffective|p1a: Gholdengo
|-damage|p1a: Gholdengo|0 fnt
|-unboost|p2a: Great Tusk|def|1
|-unboost|p2a: Great Tusk|spd|1
|faint|p1a: Gholdengo
|
|upkeep
|
|t:|1757890728
|switch|p1a: Tornadus|Tornadus-Therian, M|84/100
|turn|11
|
|t:|1757890739
|-end|p2a: Great Tusk|Protosynthesis|[silent]
|switch|p2a: Iron Crown|Iron Crown|100/100
|-activate|p2a: Iron Crown|move: Sticky Web
|-unboost|p2a: Iron Crown|spe|1
|move|p1a: Tornadus|Bleakwind Storm|p2a: Iron Crown
|-resisted|p2a: Iron Crown
|-damage|p2a: Iron Crown|77/100
|
|upkeep
|turn|12
|
|t:|1757890762
|move|p1a: Tornadus|Nasty Plot|p1a: Tornadus
|-boost|p1a: Tornadus|spa|2
|move|p2a: Iron Crown|Volt Switch|p1a: Tornadus
|-supereffective|p1a: Tornadus
|-damage|p1a: Tornadus|0 fnt
|faint|p1a: Tornadus
|
|t:|1757890779
|-end|p2a: Iron Crown|Quark Drive|[silent]
|switch|p2a: Great Tusk|Great Tusk|100/100|[from] Volt Switch
|-activate|p2a: Great Tusk|move: Sticky Web
|-unboost|p2a: Great Tusk|spe|1
|
|upkeep
|
|t:|1757890785
|switch|p1a: Greninja|Greninja, M|100/100
|-damage|p1a: Greninja|88/100|[from] Stealth Rock
|turn|13
|
|t:|1757890788
|move|p1a: Greninja|Ice Beam|p2a: Great Tusk
|-supereffective|p2a: Great Tusk
|-damage|p2a: Great Tusk|5/100
|-damage|p1a: Greninja|78/100|[from] item: Life Orb
|move|p2a: Great Tusk|Rapid Spin|p1a: Greninja
|-damage|p1a: Greninja|53/100
|-boost|p2a: Great Tusk|spe|1
|-sideend|p2: emeraldcity28|Sticky Web|[from] move: Rapid Spin|[of] p2a: Great Tusk
|
|-heal|p2a: Great Tusk|11/100|[from] item: Leftovers
|upkeep
|turn|14
|
|t:|1757890793
|move|p1a: Greninja|Water Shuriken|p2a: Great Tusk
|-supereffective|p2a: Great Tusk
|-damage|p2a: Great Tusk|0 fnt
|faint|p2a: Great Tusk
|-end|p2a: Great Tusk|Protosynthesis|[silent]
|-ability|p1a: Greninja|Battle Bond|boost
|-boost|p1a: Greninja|atk|1
|-boost|p1a: Greninja|spa|1
|-boost|p1a: Greninja|spe|1
|-activate|p1a: Greninja|ability: Battle Bond
|-hitcount|p2: Great Tusk|1
|-damage|p1a: Greninja|44/100|[from] item: Life Orb
|
|upkeep
|
|t:|1757890805
|switch|p2a: Iron Crown|Iron Crown|77/100
|turn|15
|
|t:|1757890809
|-terastallize|p2a: Iron Crown|Steel
|move|p1a: Greninja|Dark Pulse|p2a: Iron Crown
|-damage|p2a: Iron Crown|14/100
|-damage|p1a: Greninja|34/100|[from] item: Life Orb
|move|p2a: Iron Crown|Tachyon Cutter|p1a: Greninja
|-resisted|p1a: Greninja
|-damage|p1a: Greninja|0 fnt
|faint|p1a: Greninja
|-hitcount|p1: Greninja|1
|
|upkeep
|
|t:|1757890820
|switch|p1a: Weavile|Weavile, F|76/100
|-damage|p1a: Weavile|51/100|[from] Stealth Rock
|-ability|p1a: Weavile|Pressure
|turn|16
|
|t:|1757890824
|move|p1a: Weavile|Knock Off|p2a: Iron Crown
|-damage|p2a: Iron Crown|0 fnt
|-enditem|p2a: Iron Crown|Choice Specs|[from] move: Knock Off|[of] p1a: Weavile
|faint|p2a: Iron Crown
|-end|p2a: Iron Crown|Quark Drive|[silent]
|
|upkeep
|
|t:|1757890827
|switch|p2a: Iron Valiant|Iron Valiant|100/100
|-enditem|p2a: Iron Valiant|Booster Energy
|-activate|p2a: Iron Valiant|ability: Quark Drive|[fromitem]
|-start|p2a: Iron Valiant|quarkdrivespe
|turn|17
|
|t:|1757890838
|move|p1a: Weavile|Ice Shard|p2a: Iron Valiant
|-damage|p2a: Iron Valiant|78/100
|move|p2a: Iron Valiant|Moonblast|p1a: Weavile
|-supereffective|p1a: Weavile
|-damage|p1a: Weavile|0 fnt
|faint|p1a: Weavile
|
|upkeep
|
|t:|1757890841
|switch|p1a: Darkrai|Darkrai|100/100
|turn|18
|
|t:|1757890844
|-terastallize|p1a: Darkrai|Poison
|move|p2a: Iron Valiant|Moonblast|p1a: Darkrai
|-resisted|p1a: Darkrai
|-damage|p1a: Darkrai|72/100
|-unboost|p1a: Darkrai|spa|1
|move|p1a: Darkrai|Sludge Bomb|p2a: Iron Valiant
|-supereffective|p2a: Iron Valiant
|-damage|p2a: Iron Valiant|0 fnt
|faint|p2a: Iron Valiant
|-end|p2a: Iron Valiant|Quark Drive|[silent]
|
|upkeep
|
|t:|1757890852
|switch|p2a: Pecharunt|Pecharunt|59/100
|turn|19
|
|t:|1757890856
|move|p1a: Darkrai|Dark Pulse|p2a: Pecharunt
|-supereffective|p2a: Pecharunt
|-damage|p2a: Pecharunt|3/100
|move|p2a: Pecharunt|Hex|p1a: Darkrai
|-damage|p1a: Darkrai|46/100
|
|upkeep
|turn|20
|c|☆fuhfyjddhh|gg
|-message|emeraldcity28 forfeited.
|
|win|fuhfyjddhh
|raw|fuhfyjddhh's rating: 1540 &rarr; <strong>1558</strong><br />(+18 for winning)
|raw|emeraldcity28's rating: 1506 &rarr; <strong>1488</strong><br />(-18 for losing)
|l|☆emeraldcity28
|player|p2|
