|j|☆Crocodile E
|j|☆Avi 2007
|t:|1757857005
|gametype|singles
|player|p1|Crocodile E|pokemaniac|1340
|player|p2|Avi 2007|palmer|1270
|gen|9
|tier|[Gen 9] OU
|rated|
|rule|HP Percentage Mod: HP is shown in percentages
|rule|Endless Battle Clause: Forcing endless battles is banned
|rule|Species Clause: Limit one of each Pokémon
|rule|OHKO Clause: OHKO moves are banned
|rule|Evasion Items Clause: Evasion items are banned
|rule|Evasion Moves Clause: Evasion moves are banned
|rule|Evasion Abilities Clause: Evasion abilities are banned
|rule|Sleep Moves Clause: Sleep-inducing moves are banned
|clearpoke
|poke|p1|Dragonite, M|
|poke|p1|Hatterene, F|
|poke|p1|Great Tusk|
|poke|p1|Ceruledge, M|
|poke|p1|Ting-Lu|
|poke|p1|Kyurem|
|poke|p2|Meowscarada, F|
|poke|p2|Darkrai|
|poke|p2|Zamazenta-*|
|poke|p2|Gliscor, F|
|poke|p2|Iron Treads|
|poke|p2|Gholdengo|
|teampreview
|
|t:|1757857016
|teamsize|p1|6
|teamsize|p2|6
|start
|switch|p1a: Dragonite|Dragonite, M|100/100
|switch|p2a: Iron Treads|Iron Treads|100/100
|turn|1
|inactive|Battle timer is ON: inactive players will automatically lose when time's up. (requested by Avi 2007)
|
|t:|1757857021
|move|p2a: Iron Treads|Ice Spinner|p1a: Dragonite
|-supereffective|p1a: Dragonite
|-damage|p1a: Dragonite|44/100
|move|p1a: Dragonite|Earthquake|p2a: Iron Treads
|-supereffective|p2a: Iron Treads
|-damage|p2a: Iron Treads|0 fnt
|faint|p2a: Iron Treads
|-end|p2a: Iron Treads|Quark Drive|[silent]
|
|upkeep
|
|t:|1757857028
|switch|p2a: Darkrai|Darkrai|100/100
|turn|2
|
|t:|1757857031
|switch|p1a: Ting-Lu|Ting-Lu|100/100
|-ability|p1a: Ting-Lu|Vessel of Ruin
|move|p2a: Darkrai|Ice Beam|p1a: Ting-Lu
|-supereffective|p1a: Ting-Lu
|-damage|p1a: Ting-Lu|73/100
|
|-heal|p1a: Ting-Lu|79/100|[from] item: Leftovers
|upkeep
|turn|3
|
|t:|1757857038
|switch|p2a: Zamazenta|Zamazenta|100/100
|-ability|p2a: Zamazenta|Dauntless Shield|boost
|-boost|p2a: Zamazenta|def|1
|move|p1a: Ting-Lu|Stealth Rock|p2a: Zamazenta
|-sidestart|p2: Avi 2007|move: Stealth Rock
|
|-heal|p1a: Ting-Lu|86/100|[from] item: Leftovers
|upkeep
|turn|4
|
|t:|1757857044
|switch|p1a: Hatterene|Hatterene, F|100/100
|move|p2a: Zamazenta|Body Press|p1a: Hatterene
|-resisted|p1a: Hatterene
|-crit|p1a: Hatterene
|-damage|p1a: Hatterene|76/100
|
|upkeep
|turn|5
|
|t:|1757857053
|switch|p2a: Meowscarada|Meowscarada, F|100/100
|-damage|p2a: Meowscarada|88/100|[from] Stealth Rock
|move|p1a: Hatterene|Nuzzle|p2a: Meowscarada
|-resisted|p2a: Meowscarada
|-damage|p2a: Meowscarada|86/100
|-status|p2a: Meowscarada|par
|
|upkeep
|turn|6
|
|t:|1757857061
|move|p2a: Meowscarada|Flower Trick|p1a: Hatterene
|-start|p2a: Meowscarada|typechange|Grass|[from] ability: Protean
|-crit|p1a: Hatterene
|-damage|p1a: Hatterene|24/100
|move|p1a: Hatterene|Draining Kiss|p2a: Meowscarada
|-damage|p2a: Meowscarada|45/100 par
|-heal|p1a: Hatterene|52/100|[from] drain|[of] p2a: Meowscarada
|
|upkeep
|turn|7
|
|t:|1757857070
|cant|p2a: Meowscarada|par
|move|p1a: Hatterene|Mystical Fire|p2a: Meowscarada
|-supereffective|p2a: Meowscarada
|-crit|p2a: Meowscarada
|-damage|p2a: Meowscarada|0 fnt
|faint|p2a: Meowscarada
|
|upkeep
|
|t:|1757857079
|switch|p2a: Gholdengo|Gholdengo|100/100
|-damage|p2a: Gholdengo|94/100|[from] Stealth Rock
|turn|8
|
|t:|1757857082
|move|p2a: Gholdengo|Shadow Ball|p1a: Hatterene
|-supereffective|p1a: Hatterene
|-damage|p1a: Hatterene|0 fnt
|faint|p1a: Hatterene
|-damage|p2a: Gholdengo|85/100|[from] item: Life Orb
|
|upkeep
|
|t:|1757857085
|switch|p1a: Kyurem|Kyurem|100/100
|-ability|p1a: Kyurem|Pressure
|turn|9
|
|t:|1757857091
|-terastallize|p1a: Kyurem|Fire
|move|p1a: Kyurem|Dragon Dance|p1a: Kyurem
|-boost|p1a: Kyurem|atk|1
|-boost|p1a: Kyurem|spe|1
|move|p2a: Gholdengo|Make It Rain|p1a: Kyurem
|-resisted|p1a: Kyurem
|-damage|p1a: Kyurem|63/100
|-unboost|p2a: Gholdengo|spa|1
|-damage|p2a: Gholdengo|75/100|[from] item: Life Orb
|
|upkeep
|turn|10
|
|t:|1757857099
|move|p1a: Kyurem|Dragon Dance|p1a: Kyurem
|-boost|p1a: Kyurem|atk|1
|-boost|p1a: Kyurem|spe|1
|move|p2a: Gholdengo|Nasty Plot|p2a: Gholdengo
|-boost|p2a: Gholdengo|spa|2
|
|upkeep
|turn|11
|
|t:|1757857101
|move|p1a: Kyurem|Tera Blast|p2a: Gholdengo|[anim] Tera Blast Fire
|-supereffective|p2a: Gholdengo
|-damage|p2a: Gholdengo|0 fnt
|faint|p2a: Gholdengo
|
|upkeep
|
|t:|1757857109
|switch|p2a: Darkrai|Darkrai|100/100
|-damage|p2a: Darkrai|88/100|[from] Stealth Rock
|turn|12
|
|t:|1757857113
|move|p1a: Kyurem|Scale Shot|p2a: Darkrai
|-crit|p2a: Darkrai
|-damage|p2a: Darkrai|36/100
|-damage|p2a: Darkrai|3/100
|-damage|p2a: Darkrai|0 fnt
|faint|p2a: Darkrai
|-hitcount|p2: Darkrai|3
|-unboost|p1a: Kyurem|def|1
|-boost|p1a: Kyurem|spe|1
|
|upkeep
|
|t:|1757857117
|switch|p2a: Gliscor|Gliscor, F, shiny|100/100
|-damage|p2a: Gliscor|88/100|[from] Stealth Rock
|turn|13
|
|t:|1757857122
|-terastallize|p2a: Gliscor|Water
|move|p1a: Kyurem|Icicle Spear|p2a: Gliscor
|-resisted|p2a: Gliscor
|-damage|p2a: Gliscor|80/100
|-resisted|p2a: Gliscor
|-damage|p2a: Gliscor|72/100
|-resisted|p2a: Gliscor
|-damage|p2a: Gliscor|63/100
|-resisted|p2a: Gliscor
|-damage|p2a: Gliscor|55/100
|-hitcount|p2a: Gliscor|4
|move|p2a: Gliscor|Sand Tomb|p1a: Kyurem
|-supereffective|p1a: Kyurem
|-damage|p1a: Kyurem|26/100
|-activate|p1a: Kyurem|move: Sand Tomb|[of] p2a: Gliscor
|
|-damage|p1a: Kyurem|14/100|[from] move: Sand Tomb|[partiallytrapped]
|-status|p2a: Gliscor|tox|[from] item: Toxic Orb
|upkeep
|turn|14
|
|t:|1757857137
|move|p2a: Gliscor|Protect|p2a: Gliscor
|-singleturn|p2a: Gliscor|Protect
|move|p1a: Kyurem|Scale Shot|p2a: Gliscor
|-activate|p2a: Gliscor|move: Protect
|
|-heal|p2a: Gliscor|68/100 tox|[from] ability: Poison Heal
|-damage|p1a: Kyurem|2/100|[from] move: Sand Tomb|[partiallytrapped]
|upkeep
|turn|15
|
|t:|1757857145
|move|p2a: Gliscor|Protect||[still]
|-fail|p2a: Gliscor
|move|p1a: Kyurem|Scale Shot|p2a: Gliscor
|-damage|p2a: Gliscor|50/100 tox
|-damage|p2a: Gliscor|34/100 tox
|-damage|p2a: Gliscor|17/100 tox
|-damage|p2a: Gliscor|0 fnt
|faint|p2a: Gliscor
|-hitcount|p2: Gliscor|4
|-unboost|p1a: Kyurem|def|1
|-boost|p1a: Kyurem|spe|1
|
|-end|p1a: Kyurem|Sand Tomb|[partiallytrapped]|[silent]
|upkeep
|
|t:|1757857151
|switch|p2a: Zamazenta|Zamazenta|100/100
|-damage|p2a: Zamazenta|94/100|[from] Stealth Rock
|turn|16
|
|t:|1757857156
|move|p1a: Kyurem|Icicle Spear|p2a: Zamazenta
|-damage|p2a: Zamazenta|79/100
|-damage|p2a: Zamazenta|64/100
|-damage|p2a: Zamazenta|48/100
|-damage|p2a: Zamazenta|33/100
|-hitcount|p2a: Zamazenta|4
|move|p2a: Zamazenta|Body Press|p1a: Kyurem
|-damage|p1a: Kyurem|0 fnt
|faint|p1a: Kyurem
|
|-heal|p2a: Zamazenta|40/100|[from] item: Leftovers
|upkeep
|
|t:|1757857165
|switch|p1a: Ceruledge|Ceruledge, M|100/100
|turn|17
|
|t:|1757857169
|move|p2a: Zamazenta|Iron Defense|p2a: Zamazenta
|-boost|p2a: Zamazenta|def|2
|move|p1a: Ceruledge|Bitter Blade|p2a: Zamazenta
|-damage|p2a: Zamazenta|25/100
|
|-heal|p2a: Zamazenta|31/100|[from] item: Leftovers
|upkeep
|turn|18
|
|t:|1757857174
|move|p2a: Zamazenta|Iron Defense|p2a: Zamazenta
|-boost|p2a: Zamazenta|def|2
|move|p1a: Ceruledge|Swords Dance|p1a: Ceruledge
|-boost|p1a: Ceruledge|atk|2
|
|-heal|p2a: Zamazenta|38/100|[from] item: Leftovers
|upkeep
|turn|19
|
|t:|1757857178
|move|p2a: Zamazenta|Crunch|p1a: Ceruledge
|-supereffective|p1a: Ceruledge
|-damage|p1a: Ceruledge|35/100
|-unboost|p1a: Ceruledge|def|1
|-ability|p1a: Ceruledge|Weak Armor|boost
|-unboost|p1a: Ceruledge|def|1
|-boost|p1a: Ceruledge|spe|2
|move|p1a: Ceruledge|Swords Dance|p1a: Ceruledge
|-boost|p1a: Ceruledge|atk|2
|
|-heal|p2a: Zamazenta|44/100|[from] item: Leftovers
|upkeep
|turn|20
|
|t:|1757857182
|move|p1a: Ceruledge|Bitter Blade|p2a: Zamazenta
|-damage|p2a: Zamazenta|18/100
|-heal|p1a: Ceruledge|51/100|[from] drain|[of] p2a: Zamazenta
|move|p2a: Zamazenta|Crunch|p1a: Ceruledge
|-supereffective|p1a: Ceruledge
|-damage|p1a: Ceruledge|0 fnt
|faint|p1a: Ceruledge
|
|-heal|p2a: Zamazenta|24/100|[from] item: Leftovers
|upkeep
|
|t:|1757857190
|switch|p1a: Dragonite|Dragonite, M|44/100
|turn|21
|
|t:|1757857194
|move|p1a: Dragonite|Extreme Speed|p2a: Zamazenta
|-damage|p2a: Zamazenta|15/100
|move|p2a: Zamazenta|Body Press|p1a: Dragonite
|-resisted|p1a: Dragonite
|-damage|p1a: Dragonite|0 fnt
|faint|p1a: Dragonite
|
|-heal|p2a: Zamazenta|21/100|[from] item: Leftovers
|upkeep
|
|t:|1757857198
|switch|p1a: Great Tusk|Great Tusk|100/100
|turn|22
|
|t:|1757857205
|move|p2a: Zamazenta|Body Press|p1a: Great Tusk
|-damage|p1a: Great Tusk|10/100
|move|p1a: Great Tusk|Headlong Rush|p2a: Zamazenta
|-damage|p2a: Zamazenta|8/100
|-unboost|p1a: Great Tusk|def|1
|-unboost|p1a: Great Tusk|spd|1
|
|-heal|p2a: Zamazenta|14/100|[from] item: Leftovers
|upkeep
|turn|23
|
|t:|1757857211
|move|p2a: Zamazenta|Body Press|p1a: Great Tusk
|-damage|p1a: Great Tusk|0 fnt
|faint|p1a: Great Tusk
|-end|p1a: Great Tusk|Protosynthesis|[silent]
|
|-heal|p2a: Zamazenta|20/100|[from] item: Leftovers
|upkeep
|
|t:|1757857213
|switch|p1a: Ting-Lu|Ting-Lu|86/100
|-ability|p1a: Ting-Lu|Vessel of Ruin
|turn|24
|
|t:|1757857221
|move|p2a: Zamazenta|Body Press|p1a: Ting-Lu
|-supereffective|p1a: Ting-Lu
|-damage|p1a: Ting-Lu|0 fnt
|faint|p1a: Ting-Lu
|
|win|Avi 2007
|raw|Crocodile E's rating: 1340 &rarr; <strong>1316</strong><br />(-24 for losing)
|raw|Avi 2007's rating: 1270 &rarr; <strong>1300</strong><br />(+30 for winning)
|l|☆Crocodile E
|player|p1|
