|j|☆Wasted_Uniti
|j|☆dfrouq
|t:|1757848433
|gametype|singles
|player|p1|Wasted_Uniti|101|1060
|player|p2|dfrouq|1|1038
|gen|9
|tier|[Gen 9] OU
|rated|
|rule|HP Percentage Mod: HP is shown in percentages
|rule|Endless Battle Clause: Forcing endless battles is banned
|rule|Species Clause: Limit one of each Pokémon
|rule|OHKO Clause: OHKO moves are banned
|rule|Evasion Items Clause: Evasion items are banned
|rule|Evasion Moves Clause: Evasion moves are banned
|rule|Evasion Abilities Clause: Evasion abilities are banned
|rule|Sleep Moves Clause: Sleep-inducing moves are banned
|clearpoke
|poke|p1|Dragonite, M|
|poke|p1|Dragapult, M|
|poke|p1|Garganacl, F|
|poke|p1|Scizor, F|
|poke|p1|Dondozo, F|
|poke|p1|Gholdengo|
|poke|p2|Pelipper, F|
|poke|p2|Barraskewda, M|
|poke|p2|Kingdra, M|
|poke|p2|Ludicolo, M|
|poke|p2|Scizor, M|
|poke|p2|Great Tusk|
|teampreview
|inactive|Battle timer is ON: inactive players will automatically lose when time's up. (requested by Wasted_Uniti)
|
|t:|1757848452
|teamsize|p1|6
|teamsize|p2|6
|start
|switch|p1a: Dragonite|Dragonite, M|100/100
|switch|p2a: Pelipper|Pelipper, F, shiny|100/100
|-weather|RainDance|[from] ability: Drizzle|[of] p2a: Pelipper
|turn|1
|
|t:|1757848455
|move|p1a: Dragonite|Dragon Dance|p1a: Dragonite
|-boost|p1a: Dragonite|atk|1
|-boost|p1a: Dragonite|spe|1
|move|p2a: Pelipper|U-turn|p1a: Dragonite
|-resisted|p1a: Dragonite
|-damage|p1a: Dragonite|98/100
|
|t:|1757848469
|switch|p2a: Ludicolo|Ludicolo, M|100/100|[from] U-turn
|
|-weather|RainDance|[upkeep]
|upkeep
|turn|2
|
|t:|1757848472
|move|p2a: Ludicolo|Ice Beam|p1a: Dragonite
|-supereffective|p1a: Dragonite
|-damage|p1a: Dragonite|0 fnt
|faint|p1a: Dragonite
|-damage|p2a: Ludicolo|91/100|[from] item: Life Orb
|
|-weather|RainDance|[upkeep]
|upkeep
|
|t:|1757848483
|switch|p1a: Garganacl|Garganacl, F|100/100
|turn|3
|
|t:|1757848487
|move|p2a: Ludicolo|Weather Ball|p1a: Garganacl
|-supereffective|p1a: Garganacl
|-damage|p1a: Garganacl|0 fnt
|faint|p1a: Garganacl
|-damage|p2a: Ludicolo|81/100|[from] item: Life Orb
|
|-weather|RainDance|[upkeep]
|upkeep
|
|t:|1757848493
|switch|p1a: Scizor|Scizor, F|100/100
|turn|4
|
|t:|1757848497
|move|p2a: Ludicolo|Weather Ball|p1a: Scizor
|-damage|p1a: Scizor|0 fnt
|faint|p1a: Scizor
|-damage|p2a: Ludicolo|71/100|[from] item: Life Orb
|
|-weather|RainDance|[upkeep]
|upkeep
|c|☆Wasted_Uniti|Uhhhh
|c|☆Wasted_Uniti|One Question
|c|☆Wasted_Uniti|HOW TF
|c|☆Wasted_Uniti|YOUR
|c|☆Wasted_Uniti|LUDICOLO
|inactive|Wasted_Uniti has 120 seconds left.
|c|☆Wasted_Uniti|HAVE CHOICE SPECS
|
|t:|1757848536
|switch|p1a: Dragapult|Dragapult, M|100/100
|turn|5
|
|t:|1757848539
|move|p2a: Ludicolo|Ice Beam|p1a: Dragapult
|-supereffective|p1a: Dragapult
|-damage|p1a: Dragapult|3/100
|-damage|p2a: Ludicolo|61/100|[from] item: Life Orb
|move|p1a: Dragapult|Dragon Darts|p2a: Ludicolo
|-damage|p2a: Ludicolo|7/100
|-anim|p1a: Dragapult|Dragon Darts|p2a: Ludicolo
|-damage|p2a: Ludicolo|0 fnt
|faint|p2a: Ludicolo
|
|-weather|RainDance|[upkeep]
|upkeep
|
|t:|1757848547
|switch|p2a: Kingdra|Kingdra, M|100/100
|turn|6
|
|t:|1757848551
|move|p2a: Kingdra|Weather Ball|p1a: Dragapult
|-resisted|p1a: Dragapult
|-damage|p1a: Dragapult|0 fnt
|faint|p1a: Dragapult
|
|-weather|RainDance|[upkeep]
|upkeep
|
|t:|1757848556
|switch|p1a: Gholdengo|Gholdengo|100/100
|-item|p1a: Gholdengo|Air Balloon
|turn|7
|
|t:|1757848560
|move|p2a: Kingdra|Weather Ball|p1a: Gholdengo
|-damage|p1a: Gholdengo|0 fnt
|-enditem|p1a: Gholdengo|Air Balloon
|faint|p1a: Gholdengo
|
|-weather|RainDance|[upkeep]
|upkeep
|
|t:|1757848565
|switch|p1a: Dondozo|Dondozo, F|100/100
|turn|8
|
|t:|1757848570
|move|p2a: Kingdra|Weather Ball|p1a: Dondozo
|-resisted|p1a: Dondozo
|-damage|p1a: Dondozo|55/100
|move|p1a: Dondozo|Curse|p1a: Dondozo
|-unboost|p1a: Dondozo|spe|1
|-boost|p1a: Dondozo|atk|1
|-boost|p1a: Dondozo|def|1
|
|-weather|none
|-heal|p1a: Dondozo|61/100|[from] item: Leftovers
|upkeep
|turn|9
|
|t:|1757848576
|switch|p2a: Pelipper|Pelipper, F, shiny|100/100
|-weather|RainDance|[from] ability: Drizzle|[of] p2a: Pelipper
|move|p1a: Dondozo|Curse|p1a: Dondozo
|-unboost|p1a: Dondozo|spe|1
|-boost|p1a: Dondozo|atk|1
|-boost|p1a: Dondozo|def|1
|
|-weather|RainDance|[upkeep]
|-heal|p1a: Dondozo|67/100|[from] item: Leftovers
|upkeep
|turn|10
|
|t:|1757848584
|move|p2a: Pelipper|U-turn|p1a: Dondozo
|-damage|p1a: Dondozo|66/100
|
|t:|1757848589
|switch|p2a: Barraskewda|Barraskewda, M, shiny|100/100|[from] U-turn
|move|p1a: Dondozo|Curse|p1a: Dondozo
|-unboost|p1a: Dondozo|spe|1
|-boost|p1a: Dondozo|atk|1
|-boost|p1a: Dondozo|def|1
|
|-weather|RainDance|[upkeep]
|-heal|p1a: Dondozo|72/100|[from] item: Leftovers
|upkeep
|turn|11
|
|t:|1757848598
|-terastallize|p1a: Dondozo|Fighting
|move|p2a: Barraskewda|Close Combat|p1a: Dondozo
|-damage|p1a: Dondozo|61/100
|-unboost|p2a: Barraskewda|def|1
|-unboost|p2a: Barraskewda|spd|1
|-damage|p2a: Barraskewda|91/100|[from] item: Life Orb
|move|p1a: Dondozo|Waterfall|p2a: Barraskewda
|-resisted|p2a: Barraskewda
|-damage|p2a: Barraskewda|0 fnt
|faint|p2a: Barraskewda
|
|-weather|RainDance|[upkeep]
|-heal|p1a: Dondozo|67/100|[from] item: Leftovers
|upkeep
|
|t:|1757848603
|switch|p2a: Kingdra|Kingdra, M|100/100
|turn|12
|
|t:|1757848607
|move|p2a: Kingdra|Dragon Pulse|p1a: Dondozo
|-damage|p1a: Dondozo|11/100
|move|p1a: Dondozo|Waterfall|p2a: Kingdra
|-resisted|p2a: Kingdra
|-damage|p2a: Kingdra|68/100
|
|-weather|RainDance|[upkeep]
|-heal|p1a: Dondozo|18/100|[from] item: Leftovers
|upkeep
|turn|13
|
|t:|1757848612
|move|p2a: Kingdra|Dragon Pulse|p1a: Dondozo
|-damage|p1a: Dondozo|0 fnt
|faint|p1a: Dondozo
|
|win|dfrouq
|raw|Wasted_Uniti's rating: 1060 &rarr; <strong>1040</strong><br />(-20 for losing)
|raw|dfrouq's rating: 1038 &rarr; <strong>1074</strong><br />(+36 for winning)
