|j|☆vitor3561
|j|☆gyutarodecrocs
|t:|1757801769
|gametype|singles
|player|p1|vitor3561|hilbert|
|player|p2|gyutarodecrocs|cynthia-gen4|
|gen|9
|tier|[Gen 9] OU
|rule|HP Percentage Mod: HP is shown in percentages
|rule|Endless Battle Clause: Forcing endless battles is banned
|rule|Species Clause: Limit one of each Pokémon
|rule|OHKO Clause: OHKO moves are banned
|rule|Evasion Items Clause: Evasion items are banned
|rule|Evasion Moves Clause: Evasion moves are banned
|rule|Evasion Abilities Clause: Evasion abilities are banned
|rule|Sleep Moves Clause: Sleep-inducing moves are banned
|clearpoke
|poke|p1|Meowscarada, F|
|poke|p1|Skarmory, F|
|poke|p1|Primarina, F|
|poke|p1|Latias, F|
|poke|p1|Incineroar, M|
|poke|p1|Glimmora, F|
|poke|p2|Ceruledge, M|
|poke|p2|Sableye, M|
|poke|p2|Torkoal, F|
|poke|p2|Leafeon, M|
|poke|p2|Sandy Shocks|
|poke|p2|Slither Wing|
|teampreview
|inactive|Battle timer is ON: inactive players will automatically lose when time's up. (requested by gyutarodecrocs)
|
|t:|1757801793
|teamsize|p1|6
|teamsize|p2|6
|start
|switch|p1a: Glimmora|Glimmora, F, shiny|100/100
|switch|p2a: Torkoal|Torkoal, F|100/100
|-weather|SunnyDay|[from] ability: Drought|[of] p2a: Torkoal
|turn|1
|
|t:|1757801812
|move|p1a: Glimmora|Earth Power|p2a: Torkoal
|-supereffective|p2a: Torkoal
|-damage|p2a: Torkoal|35/100
|move|p2a: Torkoal|Overheat|p1a: Glimmora
|-resisted|p1a: Glimmora
|-damage|p1a: Glimmora|69/100
|-unboost|p2a: Torkoal|spa|2
|-enditem|p1a: Glimmora|Red Card|[of] p2a: Torkoal
|drag|p2a: Slither Wing|Slither Wing|100/100
|-activate|p2a: Slither Wing|ability: Protosynthesis
|-start|p2a: Slither Wing|protosynthesisatk
|
|-weather|SunnyDay|[upkeep]
|upkeep
|turn|2
|
|t:|1757801836
|move|p2a: Slither Wing|First Impression|p1a: Glimmora
|-resisted|p1a: Glimmora
|-damage|p1a: Glimmora|45/100
|-activate|p1a: Glimmora|ability: Toxic Debris
|-sidestart|p2: gyutarodecrocs|move: Toxic Spikes
|move|p1a: Glimmora|Stealth Rock|p2a: Slither Wing
|-sidestart|p2: gyutarodecrocs|move: Stealth Rock
|
|-weather|SunnyDay|[upkeep]
|upkeep
|turn|3
|
|t:|1757801849
|switch|p1a: Skarmory|Skarmory, F|100/100
|move|p2a: Slither Wing|Close Combat|p1a: Skarmory
|-damage|p1a: Skarmory|51/100
|-unboost|p2a: Slither Wing|def|1
|-unboost|p2a: Slither Wing|spd|1
|-damage|p2a: Slither Wing|84/100|[from] item: Rocky Helmet|[of] p1a: Skarmory
|
|-weather|SunnyDay|[upkeep]
|upkeep
|turn|4
|inactive|gyutarodecrocs has 270 seconds left.
|
|t:|1757801872
|move|p2a: Slither Wing|U-turn|p1a: Skarmory
|-resisted|p1a: Skarmory
|-damage|p1a: Skarmory|45/100
|-damage|p2a: Slither Wing|68/100|[from] item: Rocky Helmet|[of] p1a: Skarmory
|
|t:|1757801876
|-end|p2a: Slither Wing|Protosynthesis|[silent]
|switch|p2a: Ceruledge|Ceruledge, M|100/100|[from] U-turn
|-status|p2a: Ceruledge|psn
|-damage|p2a: Ceruledge|76/100 psn|[from] Stealth Rock
|move|p1a: Skarmory|Roost|p1a: Skarmory
|-heal|p1a: Skarmory|95/100
|-singleturn|p1a: Skarmory|move: Roost
|
|-weather|SunnyDay|[upkeep]
|-heal|p2a: Ceruledge|82/100 psn|[from] item: Leftovers
|-damage|p2a: Ceruledge|69/100 psn|[from] psn
|upkeep
|turn|5
|inactive|gyutarodecrocs has 270 seconds left.
|
|t:|1757801907
|switch|p1a: Incineroar|Incineroar, M, shiny|100/100
|-ability|p1a: Incineroar|Intimidate|boost
|-unboost|p2a: Ceruledge|atk|1
|move|p2a: Ceruledge|Bulk Up|p2a: Ceruledge
|-boost|p2a: Ceruledge|atk|1
|-boost|p2a: Ceruledge|def|1
|
|-weather|SunnyDay|[upkeep]
|-heal|p2a: Ceruledge|76/100 psn|[from] item: Leftovers
|-damage|p2a: Ceruledge|63/100 psn|[from] psn
|upkeep
|turn|6
|inactive|gyutarodecrocs has 240 seconds left.
|
|t:|1757801937
|move|p2a: Ceruledge|Bitter Blade|p1a: Incineroar
|-resisted|p1a: Incineroar
|-damage|p1a: Incineroar|81/100
|-heal|p2a: Ceruledge|74/100 psn|[from] drain|[of] p1a: Incineroar
|-damage|p2a: Ceruledge|57/100 psn|[from] item: Rocky Helmet|[of] p1a: Incineroar
|move|p1a: Incineroar|Knock Off|p2a: Ceruledge
|-supereffective|p2a: Ceruledge
|-damage|p2a: Ceruledge|16/100 psn
|-enditem|p2a: Ceruledge|Leftovers|[from] move: Knock Off|[of] p1a: Incineroar
|
|-weather|SunnyDay|[upkeep]
|-damage|p2a: Ceruledge|4/100 psn|[from] psn
|upkeep
|turn|7
|
|t:|1757801945
|move|p2a: Ceruledge|Solar Blade||[still]
|-prepare|p2a: Ceruledge|Solar Blade
|-anim|p2a: Ceruledge|Solar Blade|p1a: Incineroar
|-resisted|p1a: Incineroar
|-damage|p1a: Incineroar|70/100
|-damage|p2a: Ceruledge|0 fnt|[from] item: Rocky Helmet|[of] p1a: Incineroar
|faint|p2a: Ceruledge
|move|p1a: Incineroar|Parting Shot|p2: Ceruledge|[notarget]
|-fail|p1a: Incineroar
|
|-weather|SunnyDay|[upkeep]
|upkeep
|
|t:|1757801951
|switch|p2a: Torkoal|Torkoal, F|35/100
|-status|p2a: Torkoal|psn
|-damage|p2a: Torkoal|10/100 psn|[from] Stealth Rock
|turn|8
|inactive|gyutarodecrocs has 240 seconds left.
|
|t:|1757801964
|move|p1a: Incineroar|Knock Off|p2a: Torkoal
|-damage|p2a: Torkoal|0 fnt
|-enditem|p2a: Torkoal|Heat Rock|[from] move: Knock Off|[of] p1a: Incineroar
|faint|p2a: Torkoal
|
|-weather|none
|upkeep
|
|t:|1757801969
|switch|p2a: Sableye|Sableye, M, shiny|100/100
|turn|9
|
|t:|1757801974
|move|p2a: Sableye|Sunny Day|p2a: Sableye
|-weather|SunnyDay
|move|p1a: Incineroar|Knock Off|p2a: Sableye
|-damage|p2a: Sableye|45/100
|-enditem|p2a: Sableye|Heavy-Duty Boots|[from] move: Knock Off|[of] p1a: Incineroar
|
|-weather|SunnyDay|[upkeep]
|upkeep
|turn|10
|inactive|gyutarodecrocs has 240 seconds left.
|
|t:|1757801997
|move|p2a: Sableye|Encore|p1a: Incineroar
|-hint|Since gen 7, Dark is immune to Prankster moves.
|-immune|p1a: Incineroar
|move|p1a: Incineroar|Flare Blitz|p2a: Sableye
|-damage|p2a: Sableye|0 fnt
|faint|p2a: Sableye
|-damage|p1a: Incineroar|59/100|[from] Recoil
|
|-weather|SunnyDay|[upkeep]
|upkeep
|
|t:|1757802002
|switch|p2a: Slither Wing|Slither Wing|68/100
|-status|p2a: Slither Wing|psn
|-damage|p2a: Slither Wing|55/100 psn|[from] Stealth Rock
|-activate|p2a: Slither Wing|ability: Protosynthesis
|-start|p2a: Slither Wing|protosynthesisatk
|turn|11
|
|t:|1757802007
|move|p2a: Slither Wing|First Impression|p1a: Incineroar
|-damage|p1a: Incineroar|18/100
|-damage|p2a: Slither Wing|39/100 psn|[from] item: Rocky Helmet|[of] p1a: Incineroar
|move|p1a: Incineroar|Flare Blitz|p2a: Slither Wing
|-supereffective|p2a: Slither Wing
|-damage|p2a: Slither Wing|0 fnt
|faint|p2a: Slither Wing
|-end|p2a: Slither Wing|Protosynthesis|[silent]
|-damage|p1a: Incineroar|8/100|[from] Recoil
|
|-weather|SunnyDay|[upkeep]
|upkeep
|
|t:|1757802015
|switch|p2a: Sandy Shocks|Sandy Shocks|100/100
|-activate|p2a: Sandy Shocks|ability: Protosynthesis
|-start|p2a: Sandy Shocks|protosynthesisspa
|turn|12
|
|t:|1757802024
|move|p2a: Sandy Shocks|Power Gem|p1a: Incineroar
|-supereffective|p1a: Incineroar
|-damage|p1a: Incineroar|0 fnt
|faint|p1a: Incineroar
|
|-weather|SunnyDay|[upkeep]
|upkeep
|
|t:|1757802028
|switch|p1a: Primarina|Primarina, F, shiny|100/100
|turn|13
|
|t:|1757802035
|move|p2a: Sandy Shocks|Volt Switch|p1a: Primarina
|-supereffective|p1a: Primarina
|-damage|p1a: Primarina|53/100
|
|t:|1757802040
|-end|p2a: Sandy Shocks|Protosynthesis|[silent]
|switch|p2a: Leafeon|Leafeon, M|100/100|[from] Volt Switch
|-status|p2a: Leafeon|psn
|-damage|p2a: Leafeon|88/100 psn|[from] Stealth Rock
|move|p1a: Primarina|Psychic Noise|p2a: Leafeon
|-resisted|p2a: Leafeon
|-damage|p2a: Leafeon|74/100 psn
|-start|p2a: Leafeon|move: Heal Block
|
|-weather|none
|-damage|p2a: Leafeon|62/100 psn|[from] psn
|upkeep
|turn|14
|
|t:|1757802056
|move|p2a: Leafeon|Solar Blade||[still]
|-prepare|p2a: Leafeon|Solar Blade
|move|p1a: Primarina|Flip Turn|p2a: Leafeon
|-resisted|p2a: Leafeon
|-damage|p2a: Leafeon|54/100 psn
|
|t:|1757802060
|switch|p1a: Skarmory|Skarmory, F|95/100|[from] Flip Turn
|
|-damage|p2a: Leafeon|42/100 psn|[from] psn
|-end|p2a: Leafeon|move: Heal Block
|upkeep
|turn|15
|
|t:|1757802067
|move|p2a: Leafeon|Solar Blade|p1a: Skarmory|[from] lockedmove
|-resisted|p1a: Skarmory
|-damage|p1a: Skarmory|83/100
|-damage|p2a: Leafeon|25/100 psn|[from] item: Rocky Helmet|[of] p1a: Skarmory
|-damage|p2a: Leafeon|15/100 psn|[from] item: Life Orb
|move|p1a: Skarmory|Spikes|p2a: Leafeon
|-sidestart|p2: gyutarodecrocs|Spikes
|
|-damage|p2a: Leafeon|3/100 psn|[from] psn
|upkeep
|turn|16
|inactive|gyutarodecrocs has 270 seconds left.
|
|t:|1757802075
|-terastallize|p2a: Leafeon|Fire
|move|p2a: Leafeon|Tera Blast|p1a: Skarmory|[anim] Tera Blast Fire
|-supereffective|p1a: Skarmory
|-damage|p1a: Skarmory|17/100
|-damage|p2a: Leafeon|0 fnt|[from] item: Life Orb
|faint|p2a: Leafeon
|move|p1a: Skarmory|Spikes|p2: Leafeon
|-sidestart|p2: gyutarodecrocs|Spikes
|
|upkeep
|inactive|gyutarodecrocs has 270 seconds left.
|
|t:|1757802082
|switch|p2a: Sandy Shocks|Sandy Shocks|100/100
|turn|17
|
|t:|1757802090
|move|p2a: Sandy Shocks|Volt Switch|p1a: Skarmory
|-supereffective|p1a: Skarmory
|-damage|p1a: Skarmory|0 fnt
|faint|p1a: Skarmory
|
|upkeep
|
|t:|1757802095
|switch|p1a: Meowscarada|Meowscarada, F, shiny|100/100
|turn|18
|
|t:|1757802106
|move|p1a: Meowscarada|Triple Axel|p2a: Sandy Shocks
|-start|p1a: Meowscarada|typechange|Ice|[from] ability: Protean
|-supereffective|p2a: Sandy Shocks
|-damage|p2a: Sandy Shocks|68/100
|-supereffective|p2a: Sandy Shocks
|-crit|p2a: Sandy Shocks
|-damage|p2a: Sandy Shocks|0 fnt
|faint|p2a: Sandy Shocks
|-end|p2a: Sandy Shocks|Protosynthesis|[silent]
|-hitcount|p2: Sandy Shocks|2
|
|win|vitor3561
