|j|☆BlueDash
|j|☆SunstarAPLN
|t:|1757839449
|gametype|singles
|player|p1|BlueDash|shadowtriad|1365
|player|p2|SunstarAPLN|aaron|1315
|gen|9
|tier|[Gen 9] OU
|rated|
|rule|HP Percentage Mod: HP is shown in percentages
|rule|Endless Battle Clause: Forcing endless battles is banned
|rule|Species Clause: Limit one of each Pokémon
|rule|OHKO Clause: OHKO moves are banned
|rule|Evasion Items Clause: Evasion items are banned
|rule|Evasion Moves Clause: Evasion moves are banned
|rule|Evasion Abilities Clause: Evasion abilities are banned
|rule|Sleep Moves Clause: Sleep-inducing moves are banned
|clearpoke
|poke|p1|Iron Valiant|
|poke|p1|Grafaiai, M|
|poke|p1|Greninja-*, M|
|poke|p1|Corviknight, M|
|poke|p1|Garchomp, M|
|poke|p1|Gholdengo|
|poke|p2|Great Tusk|
|poke|p2|Dragapult, M|
|poke|p2|Slowking-Galar, F|
|poke|p2|Alomomola, F|
|poke|p2|Kingambit, M|
|poke|p2|Enamorus, F|
|teampreview
|inactive|Battle timer is ON: inactive players will automatically lose when time's up. (requested by SunstarAPLN)
|
|t:|1757839465
|teamsize|p1|6
|teamsize|p2|6
|start
|switch|p1a: Grafaiai|Grafaiai, M|100/100
|switch|p2a: Dragapult|Dragapult, M|100/100
|turn|1
|
|t:|1757839473
|switch|p2a: Kingambit|Kingambit, M|100/100
|move|p1a: Grafaiai|Knock Off|p2a: Kingambit
|-resisted|p2a: Kingambit
|-damage|p2a: Kingambit|90/100
|-enditem|p2a: Kingambit|Leftovers|[from] move: Knock Off|[of] p1a: Grafaiai
|
|upkeep
|turn|2
|
|t:|1757839480
|move|p1a: Grafaiai|U-turn|p2a: Kingambit
|-damage|p2a: Kingambit|75/100
|
|t:|1757839482
|switch|p1a: Corviknight|Corviknight, M, shiny|100/100|[from] U-turn
|move|p2a: Kingambit|Swords Dance|p2a: Kingambit
|-boost|p2a: Kingambit|atk|2
|
|upkeep
|turn|3
|
|t:|1757839491
|-end|p2a: Kingambit|fallenundefined|[silent]
|switch|p2a: Slowking|Slowking-Galar, F|100/100
|move|p1a: Corviknight|U-turn|p2a: Slowking
|-damage|p2a: Slowking|88/100
|
|t:|1757839495
|switch|p1a: Greninja|Greninja, M|100/100|[from] U-turn
|
|upkeep
|turn|4
|
|t:|1757839500
|move|p1a: Greninja|Surf|p2a: Slowking
|-damage|p2a: Slowking|58/100
|-damage|p1a: Greninja|91/100|[from] item: Life Orb
|move|p2a: Slowking|Thunder Wave|p1a: Greninja
|-status|p1a: Greninja|par
|
|upkeep
|turn|5
|
|t:|1757839506
|move|p1a: Greninja|Dark Pulse|p2a: Slowking
|-supereffective|p2a: Slowking
|-damage|p2a: Slowking|6/100
|-damage|p1a: Greninja|81/100 par|[from] item: Life Orb
|-prepare|p2a: Slowking|Chilly Reception|[premajor]
|move|p2a: Slowking|Chilly Reception|p2a: Slowking
|-weather|Snowscape
|
|t:|1757839510
|switch|p2a: Kingambit|Kingambit, M|75/100|[from] Chilly Reception
|
|-weather|Snowscape|[upkeep]
|upkeep
|turn|6
|
|t:|1757839517
|move|p1a: Greninja|Surf|p2a: Kingambit
|-damage|p2a: Kingambit|26/100
|-damage|p1a: Greninja|71/100 par|[from] item: Life Orb
|move|p2a: Kingambit|Low Kick|p1a: Greninja
|-supereffective|p1a: Greninja
|-damage|p1a: Greninja|0 fnt
|faint|p1a: Greninja
|
|-weather|Snowscape|[upkeep]
|upkeep
|
|t:|1757839529
|switch|p1a: Garchomp|Garchomp, M, shiny|100/100
|turn|7
|
|t:|1757839533
|move|p2a: Kingambit|Sucker Punch|p1a: Garchomp
|-damage|p1a: Garchomp|59/100
|-damage|p2a: Kingambit|14/100|[from] ability: Rough Skin|[of] p1a: Garchomp
|move|p1a: Garchomp|Scale Shot|p2a: Kingambit|[miss]
|-miss|p1a: Garchomp|p2a: Kingambit
|
|-weather|Snowscape|[upkeep]
|upkeep
|turn|8
|
|t:|1757839542
|move|p1a: Garchomp|Earthquake|p2a: Kingambit
|-supereffective|p2a: Kingambit
|-crit|p2a: Kingambit
|-damage|p2a: Kingambit|0 fnt
|faint|p2a: Kingambit
|-end|p2a: Kingambit|fallenundefined|[silent]
|
|-weather|Snowscape|[upkeep]
|upkeep
|
|t:|1757839565
|switch|p2a: Dragapult|Dragapult, M|100/100
|turn|9
|
|t:|1757839570
|move|p2a: Dragapult|Dragon Darts|p1a: Garchomp
|-supereffective|p1a: Garchomp
|-crit|p1a: Garchomp
|-damage|p1a: Garchomp|0 fnt
|faint|p1a: Garchomp
|
|-weather|none
|upkeep
|
|t:|1757839576
|switch|p1a: Grafaiai|Grafaiai, M|100/100
|turn|10
|
|t:|1757839584
|switch|p2a: Alomomola|Alomomola, F|100/100
|move|p1a: Grafaiai|Knock Off|p2a: Alomomola
|-damage|p2a: Alomomola|85/100
|-enditem|p2a: Alomomola|Heavy-Duty Boots|[from] move: Knock Off|[of] p1a: Grafaiai
|
|upkeep
|turn|11
|
|t:|1757839589
|move|p1a: Grafaiai|Gunk Shot|p2a: Alomomola
|-damage|p2a: Alomomola|55/100
|move|p2a: Alomomola|Wish|p2a: Alomomola
|
|upkeep
|turn|12
|
|t:|1757839597
|move|p1a: Grafaiai|U-turn|p2a: Alomomola
|-damage|p2a: Alomomola|43/100
|
|t:|1757839599
|switch|p1a: Gholdengo|Gholdengo, shiny|100/100|[from] U-turn
|move|p2a: Alomomola|Flip Turn|p1a: Gholdengo
|-damage|p1a: Gholdengo|84/100
|
|t:|1757839602
|switch|p2a: Slowking|Slowking-Galar, F|39/100|[from] Flip Turn
|
|-heal|p2a: Slowking|100/100|[from] move: Wish|[wisher] Alomomola
|upkeep
|turn|13
|
|t:|1757839605
|move|p1a: Gholdengo|Trick|p2a: Slowking
|-activate|p1a: Gholdengo|move: Trick|[of] p2a: Slowking
|-item|p2a: Slowking|Choice Scarf|[from] move: Trick
|-item|p1a: Gholdengo|Heavy-Duty Boots|[from] move: Trick
|-prepare|p2a: Slowking|Chilly Reception|[premajor]
|move|p2a: Slowking|Chilly Reception|p2a: Slowking
|-weather|Snowscape
|
|t:|1757839617
|switch|p2a: Great Tusk|Great Tusk|100/100|[from] Chilly Reception
|
|-weather|Snowscape|[upkeep]
|upkeep
|turn|14
|
|t:|1757839622
|switch|p1a: Corviknight|Corviknight, M, shiny|100/100
|move|p2a: Great Tusk|Headlong Rush|p1a: Corviknight
|-immune|p1a: Corviknight
|
|-weather|Snowscape|[upkeep]
|upkeep
|turn|15
|
|t:|1757839625
|move|p2a: Great Tusk|Stealth Rock|p1a: Corviknight
|-sidestart|p1: BlueDash|move: Stealth Rock
|move|p1a: Corviknight|U-turn|p2a: Great Tusk
|-resisted|p2a: Great Tusk
|-damage|p2a: Great Tusk|97/100
|
|t:|1757839628
|switch|p1a: Iron Valiant|Iron Valiant, shiny|100/100|[from] U-turn
|-damage|p1a: Iron Valiant|94/100|[from] Stealth Rock
|-enditem|p1a: Iron Valiant|Booster Energy
|-activate|p1a: Iron Valiant|ability: Quark Drive|[fromitem]
|-start|p1a: Iron Valiant|quarkdrivespe
|
|-weather|Snowscape|[upkeep]
|-heal|p2a: Great Tusk|100/100|[from] item: Leftovers
|upkeep
|turn|16
|
|t:|1757839634
|-end|p2a: Great Tusk|Protosynthesis|[silent]
|switch|p2a: Slowking|Slowking-Galar, F|100/100
|move|p1a: Iron Valiant|Swords Dance|p1a: Iron Valiant
|-boost|p1a: Iron Valiant|atk|2
|
|-weather|Snowscape|[upkeep]
|upkeep
|turn|17
|
|t:|1757839639
|move|p1a: Iron Valiant|Knock Off|p2a: Slowking
|-supereffective|p2a: Slowking
|-damage|p2a: Slowking|0 fnt
|-enditem|p2a: Slowking|Choice Scarf|[from] move: Knock Off|[of] p1a: Iron Valiant
|faint|p2a: Slowking
|
|-weather|none
|upkeep
|
|t:|1757839647
|switch|p2a: Alomomola|Alomomola, F|76/100
|turn|18
|
|t:|1757839651
|move|p1a: Iron Valiant|Spirit Break|p2a: Alomomola
|-damage|p2a: Alomomola|34/100
|-unboost|p2a: Alomomola|spa|1
|move|p2a: Alomomola|Scald|p1a: Iron Valiant
|-damage|p1a: Iron Valiant|78/100
|
|upkeep
|turn|19
|
|t:|1757839662
|switch|p2a: Great Tusk|Great Tusk|100/100
|move|p1a: Iron Valiant|Drain Punch|p2a: Great Tusk
|-damage|p2a: Great Tusk|49/100
|-heal|p1a: Iron Valiant|100/100|[from] drain|[of] p2a: Great Tusk
|
|-heal|p2a: Great Tusk|55/100|[from] item: Leftovers
|upkeep
|turn|20
|
|t:|1757839670
|-terastallize|p2a: Great Tusk|Steel
|move|p1a: Iron Valiant|Spirit Break|p2a: Great Tusk
|-resisted|p2a: Great Tusk
|-damage|p2a: Great Tusk|32/100
|-unboost|p2a: Great Tusk|spa|1
|move|p2a: Great Tusk|Headlong Rush|p1a: Iron Valiant
|-damage|p1a: Iron Valiant|27/100
|-unboost|p2a: Great Tusk|def|1
|-unboost|p2a: Great Tusk|spd|1
|
|-heal|p2a: Great Tusk|38/100|[from] item: Leftovers
|upkeep
|turn|21
|
|t:|1757839679
|move|p1a: Iron Valiant|Drain Punch|p2a: Great Tusk
|-supereffective|p2a: Great Tusk
|-damage|p2a: Great Tusk|0 fnt
|-heal|p1a: Iron Valiant|56/100|[from] drain|[of] p2a: Great Tusk
|faint|p2a: Great Tusk
|-end|p2a: Great Tusk|Protosynthesis|[silent]
|
|upkeep
|l|☆SunstarAPLN
|inactive|SunstarAPLN disconnected and has a minute to reconnect!
|player|p2|
|inactive|SunstarAPLN has 30 seconds to reconnect!
|inactive|SunstarAPLN has 20 seconds to reconnect!
|inactive|SunstarAPLN has 15 seconds to reconnect!
|inactive|SunstarAPLN has 10 seconds to reconnect!
|inactive|SunstarAPLN has 5 seconds to reconnect!
|-message|SunstarAPLN lost due to inactivity.
|
|win|BlueDash
|raw|BlueDash's rating: 1365 &rarr; <strong>1382</strong><br />(+17 for winning)
|raw|SunstarAPLN's rating: 1315 &rarr; <strong>1298</strong><br />(-17 for losing)
|l|☆BlueDash
|player|p1|
