|j|☆maractus' no1 fan
|j|☆Edozeg
|t:|1757944404
|gametype|singles
|player|p1|maractus' no1 fan|266|1505
|player|p2|Edozeg|1|1452
|gen|9
|tier|[Gen 9] OU
|rated|
|rule|HP Percentage Mod: HP is shown in percentages
|rule|Endless Battle Clause: Forcing endless battles is banned
|rule|Species Clause: Limit one of each Pokémon
|rule|OHKO Clause: OHKO moves are banned
|rule|Evasion Items Clause: Evasion items are banned
|rule|Evasion Moves Clause: Evasion moves are banned
|rule|Evasion Abilities Clause: Evasion abilities are banned
|rule|Sleep Moves Clause: Sleep-inducing moves are banned
|clearpoke
|poke|p1|Ceruledge, F|
|poke|p1|Alomomola, M|
|poke|p1|Zamazenta-*|
|poke|p1|Great Tusk|
|poke|p1|Latios, M|
|poke|p1|Kingambit, M|
|poke|p2|Ursaluna, M|
|poke|p2|Alomomola, M|
|poke|p2|Hydrapple, M|
|poke|p2|Talonflame, F|
|poke|p2|Darkrai|
|poke|p2|Cobalion|
|teampreview
|inactive|Battle timer is ON: inactive players will automatically lose when time's up. (requested by Edozeg)
|
|t:|1757944415
|teamsize|p1|6
|teamsize|p2|6
|start
|switch|p1a: Great Tusk|Great Tusk|100/100
|switch|p2a: Cobalion|Cobalion|100/100
|turn|1
|
|t:|1757944423
|switch|p2a: Alomomola|Alomomola, M|100/100
|move|p1a: Great Tusk|Rapid Spin|p2a: Alomomola
|-damage|p2a: Alomomola|83/100
|-boost|p1a: Great Tusk|spe|1
|-damage|p1a: Great Tusk|91/100|[from] item: Life Orb
|
|upkeep
|turn|2
|
|t:|1757944435
|move|p1a: Great Tusk|Headlong Rush|p2a: Alomomola
|-damage|p2a: Alomomola|24/100
|-unboost|p1a: Great Tusk|def|1
|-unboost|p1a: Great Tusk|spd|1
|-damage|p1a: Great Tusk|81/100|[from] item: Life Orb
|move|p2a: Alomomola|Flip Turn|p1a: Great Tusk
|-supereffective|p1a: Great Tusk
|-damage|p1a: Great Tusk|43/100
|
|t:|1757944461
|switch|p2a: Talonflame|Talonflame, F|100/100|[from] Flip Turn
|
|upkeep
|turn|3
|
|t:|1757944470
|move|p1a: Great Tusk|Knock Off|p2a: Talonflame
|-damage|p2a: Talonflame|49/100
|-status|p1a: Great Tusk|brn|[from] ability: Flame Body|[of] p2a: Talonflame
|-enditem|p2a: Talonflame|Heavy-Duty Boots|[from] move: Knock Off|[of] p1a: Great Tusk
|-damage|p1a: Great Tusk|33/100 brn|[from] item: Life Orb
|move|p2a: Talonflame|Flamethrower|p1a: Great Tusk
|-damage|p1a: Great Tusk|0 fnt
|faint|p1a: Great Tusk
|-end|p1a: Great Tusk|Protosynthesis|[silent]
|
|upkeep
|
|t:|1757944487
|switch|p1a: Alomomola|Alomomola, M|100/100
|turn|4
|
|t:|1757944495
|move|p2a: Talonflame|Will-O-Wisp|p1a: Alomomola
|-status|p1a: Alomomola|brn
|move|p1a: Alomomola|Flip Turn|p2a: Talonflame
|-supereffective|p2a: Talonflame
|-damage|p2a: Talonflame|28/100
|
|t:|1757944506
|switch|p1a: Zamazenta|Zamazenta|100/100|[from] Flip Turn
|-ability|p1a: Zamazenta|Dauntless Shield|boost
|-boost|p1a: Zamazenta|def|1
|
|upkeep
|turn|5
|
|t:|1757944513
|switch|p1a: Ceruledge|Ceruledge, F|100/100
|move|p2a: Talonflame|Will-O-Wisp|p1a: Ceruledge
|-start|p1a: Ceruledge|ability: Flash Fire
|
|upkeep
|turn|6
|
|t:|1757944529
|switch|p2a: Alomomola|Alomomola, M|58/100
|move|p1a: Ceruledge|Bulk Up|p1a: Ceruledge
|-boost|p1a: Ceruledge|atk|1
|-boost|p1a: Ceruledge|def|1
|
|upkeep
|turn|7
|
|t:|1757944553
|switch|p2a: Ursaluna|Ursaluna, M|100/100
|move|p1a: Ceruledge|Bulk Up|p1a: Ceruledge
|-boost|p1a: Ceruledge|atk|1
|-boost|p1a: Ceruledge|def|1
|
|-status|p2a: Ursaluna|brn|[from] item: Flame Orb
|upkeep
|turn|8
|
|t:|1757944559
|switch|p2a: Talonflame|Talonflame, F|28/100
|-terastallize|p1a: Ceruledge|Bug
|move|p1a: Ceruledge|Bitter Blade|p2a: Talonflame
|-resisted|p2a: Talonflame
|-damage|p2a: Talonflame|0 fnt
|faint|p2a: Talonflame
|
|upkeep
|
|t:|1757944587
|switch|p2a: Cobalion|Cobalion|100/100
|turn|9
|
|t:|1757944593
|move|p2a: Cobalion|Thunder Wave|p1a: Ceruledge
|-status|p1a: Ceruledge|par
|move|p1a: Ceruledge|Bitter Blade|p2a: Cobalion
|-supereffective|p2a: Cobalion
|-damage|p2a: Cobalion|0 fnt
|faint|p2a: Cobalion
|
|upkeep
|
|t:|1757944596
|switch|p2a: Ursaluna|Ursaluna, M|100/100 brn
|turn|10
|
|t:|1757944598
|move|p2a: Ursaluna|Facade|p1a: Ceruledge
|-crit|p1a: Ceruledge
|-damage|p1a: Ceruledge|0 fnt
|faint|p1a: Ceruledge
|
|-damage|p2a: Ursaluna|94/100 brn|[from] brn
|upkeep
|c|☆maractus' no1 fan|bruh
|
|t:|1757944607
|switch|p1a: Zamazenta|Zamazenta|100/100
|turn|11
|
|t:|1757944611
|switch|p2a: Alomomola|Alomomola, M|91/100
|move|p1a: Zamazenta|Iron Defense|p1a: Zamazenta
|-boost|p1a: Zamazenta|def|2
|
|upkeep
|turn|12
|
|t:|1757944620
|move|p1a: Zamazenta|Iron Defense|p1a: Zamazenta
|-boost|p1a: Zamazenta|def|2
|move|p2a: Alomomola|Scald|p1a: Zamazenta
|-damage|p1a: Zamazenta|90/100
|
|-heal|p1a: Zamazenta|97/100|[from] item: Leftovers
|upkeep
|turn|13
|
|t:|1757944624
|move|p1a: Zamazenta|Iron Defense|p1a: Zamazenta
|-boost|p1a: Zamazenta|def|2
|move|p2a: Alomomola|Flip Turn|p1a: Zamazenta
|-damage|p1a: Zamazenta|93/100
|
|t:|1757944629
|switch|p2a: Ursaluna|Ursaluna, M|94/100 brn|[from] Flip Turn
|
|-heal|p1a: Zamazenta|99/100|[from] item: Leftovers
|-damage|p2a: Ursaluna|88/100 brn|[from] brn
|upkeep
|turn|14
|-message|Edozeg forfeited.
|
|win|maractus' no1 fan
|raw|maractus&apos; no1 fan's rating: 1505 &rarr; <strong>1522</strong><br />(+17 for winning)
|raw|Edozeg's rating: 1452 &rarr; <strong>1435</strong><br />(-17 for losing)
|l|☆Edozeg
|player|p2|
|l|☆maractus' no1 fan
|player|p1|
