|inactive|Battle timer is ON: inactive players will automatically lose when time's up.
|t:|1757859998
|gametype|singles
|player|p1|stareal|#scl5foxes|
|player|p2|TDNT|#ptplvjirachis|
|gen|9
|tier|[Gen 9] OU
|rule|HP Percentage Mod: HP is shown in percentages
|rule|Endless Battle Clause: Forcing endless battles is banned
|rule|Species Clause: Limit one of each Pokémon
|rule|OHKO Clause: OHKO moves are banned
|rule|Evasion Items Clause: Evasion items are banned
|rule|Evasion Moves Clause: Evasion moves are banned
|rule|Evasion Abilities Clause: Evasion abilities are banned
|rule|Sleep Moves Clause: Sleep-inducing moves are banned
|clearpoke
|poke|p1|Great Tusk|
|poke|p1|Gliscor, F|
|poke|p1|Moltres|
|poke|p1|Garganacl, M|
|poke|p1|Dragapult, M|
|poke|p1|Kingambit, F|
|poke|p2|Ogerpon-Wellspring, F|
|poke|p2|Great Tusk|
|poke|p2|Kyurem|
|poke|p2|Kingambit, M|
|poke|p2|Enamorus, F|
|poke|p2|Glimmora, M|
|teampreview
|c|☆TDNT|hf
|c|☆stareal|hf
|inactive|stareal has 270 seconds left.
|inactive|TDNT has 270 seconds left.
|c|+inertialinitiative|who won game 1?
|inactive|stareal has 240 seconds left.
|inactive|TDNT has 240 seconds left.
|
|t:|1757860076
|teamsize|p1|6
|teamsize|p2|6
|start
|switch|p1a: Garganacl|Garganacl, M|100/100
|switch|p2a: Ogerpon|Ogerpon-Wellspring, F|100/100
|turn|1
|c|+toinha♫♪|VAI TDNT
|c|+toinha♫♪|stareal won game 1
|inactive|stareal has 270 seconds left.
|
|t:|1757860112
|move|p2a: Ogerpon|Knock Off|p1a: Garganacl
|-damage|p1a: Garganacl|80/100
|-enditem|p1a: Garganacl|Leftovers|[from] move: Knock Off|[of] p2a: Ogerpon
|move|p1a: Garganacl|Salt Cure|p2a: Ogerpon
|-damage|p2a: Ogerpon|82/100
|-start|p2a: Ogerpon|Salt Cure
|
|-damage|p2a: Ogerpon|57/100|[from] Salt Cure
|upkeep
|turn|2
|inactive|stareal has 270 seconds left.
|
|t:|1757860134
|move|p2a: Ogerpon|U-turn|p1a: Garganacl
|-damage|p1a: Garganacl|63/100
|
|t:|1757860139
|switch|p2a: Glimmora|Glimmora, M|100/100|[from] U-turn
|move|p1a: Garganacl|Stealth Rock|p2a: Glimmora
|-sidestart|p2: TDNT|move: Stealth Rock
|
|upkeep
|turn|3
|
|t:|1757860144
|move|p2a: Glimmora|Stealth Rock|p1a: Garganacl
|-sidestart|p1: stareal|move: Stealth Rock
|move|p1a: Garganacl|Recover|p1a: Garganacl
|-heal|p1a: Garganacl|100/100
|
|upkeep
|turn|4
|
|t:|1757860150
|move|p1a: Garganacl|Protect|p1a: Garganacl
|-singleturn|p1a: Garganacl|Protect
|move|p2a: Glimmora|Mortal Spin|p1a: Garganacl
|-activate|p1a: Garganacl|move: Protect
|
|upkeep
|turn|5
|inactive|stareal has 270 seconds left.
|
|t:|1757860169
|move|p2a: Glimmora|Mortal Spin|p1a: Garganacl
|-resisted|p1a: Garganacl
|-damage|p1a: Garganacl|99/100
|-sideend|p2: TDNT|Stealth Rock|[from] move: Mortal Spin|[of] p2a: Glimmora
|move|p1a: Garganacl|Salt Cure|p2a: Glimmora
|-damage|p2a: Glimmora|89/100
|-start|p2a: Glimmora|Salt Cure
|-activate|p2a: Glimmora|ability: Toxic Debris
|-sidestart|p1: stareal|move: Toxic Spikes
|-enditem|p2a: Glimmora|Red Card|[of] p1a: Garganacl
|drag|p1a: Great Tusk|Great Tusk|100/100
|
|-damage|p2a: Glimmora|77/100|[from] Salt Cure
|upkeep
|turn|6
|inactive|stareal has 270 seconds left.
|inactive|TDNT has 270 seconds left.
|
|t:|1757860230
|move|p1a: Great Tusk|Rapid Spin|p2a: Glimmora
|-resisted|p2a: Glimmora
|-damage|p2a: Glimmora|70/100
|-boost|p1a: Great Tusk|spe|1
|-activate|p2a: Glimmora|ability: Toxic Debris
|-sidestart|p1: stareal|move: Toxic Spikes
|-sideend|p1: stareal|Toxic Spikes|[from] move: Rapid Spin|[of] p1a: Great Tusk
|-sideend|p1: stareal|Stealth Rock|[from] move: Rapid Spin|[of] p1a: Great Tusk
|move|p2a: Glimmora|Mortal Spin|p1a: Great Tusk
|-resisted|p1a: Great Tusk
|-damage|p1a: Great Tusk|98/100
|-status|p1a: Great Tusk|psn
|
|-damage|p1a: Great Tusk|86/100 psn|[from] psn
|-damage|p2a: Glimmora|58/100|[from] Salt Cure
|upkeep
|turn|7
|
|t:|1757860243
|-end|p1a: Great Tusk|Protosynthesis|[silent]
|switch|p1a: Garganacl|Garganacl, M|99/100
|switch|p2a: Enamorus|Enamorus, F|100/100
|
|upkeep
|turn|8
|
|t:|1757860261
|move|p2a: Enamorus|Earth Power|p1a: Garganacl
|-supereffective|p1a: Garganacl
|-damage|p1a: Garganacl|41/100
|move|p1a: Garganacl|Stealth Rock|p2a: Enamorus
|-sidestart|p2: TDNT|move: Stealth Rock
|
|upkeep
|turn|9
|
|t:|1757860267
|switch|p1a: Gliscor|Gliscor, F|100/100
|move|p2a: Enamorus|Earth Power|p1a: Gliscor
|-immune|p1a: Gliscor
|
|-status|p1a: Gliscor|tox|[from] item: Toxic Orb
|upkeep
|turn|10
|inactive|stareal has 240 seconds left.
|
|t:|1757860294
|switch|p2a: Glimmora|Glimmora, M|58/100
|-damage|p2a: Glimmora|45/100|[from] Stealth Rock
|move|p1a: Gliscor|Swords Dance|p1a: Gliscor
|-boost|p1a: Gliscor|atk|2
|
|upkeep
|turn|11
|
|t:|1757860298
|move|p1a: Gliscor|Earthquake|p2a: Glimmora
|-supereffective|p2a: Glimmora
|-damage|p2a: Glimmora|0 fnt
|-activate|p2a: Glimmora|ability: Toxic Debris
|-sidestart|p1: stareal|move: Toxic Spikes
|faint|p2a: Glimmora
|
|upkeep
|c|+Fernanch|+toinha♫♪
|c|+Fernanch|G1 foi scl
|c|+Fernanch|Eu acho
|c|+toinha♫♪|me falaram aqui
|
|t:|1757860312
|switch|p2a: Ogerpon|Ogerpon-Wellspring, F|57/100
|-damage|p2a: Ogerpon|45/100|[from] Stealth Rock
|turn|12
|
|t:|1757860316
|switch|p1a: Dragapult|Dragapult, M|100/100
|move|p2a: Ogerpon|Ivy Cudgel|p1a: Dragapult|[anim] Ivy Cudgel Water
|-resisted|p1a: Dragapult
|-damage|p1a: Dragapult|63/100
|
|upkeep
|turn|13
|inactive|stareal has 270 seconds left.
|inactive|TDNT has 270 seconds left.
|inactive|stareal has 240 seconds left.
|
|t:|1757860354
|switch|p2a: Enamorus|Enamorus, F|100/100
|-damage|p2a: Enamorus|76/100|[from] Stealth Rock
|move|p1a: Dragapult|Draco Meteor|p2a: Enamorus
|-immune|p2a: Enamorus
|
|upkeep
|turn|14
|
|t:|1757860360
|switch|p2a: Ogerpon|Ogerpon-Wellspring, F|45/100
|-damage|p2a: Ogerpon|33/100|[from] Stealth Rock
|switch|p1a: Moltres|Moltres|100/100
|
|upkeep
|turn|15
|
|t:|1757860372
|switch|p1a: Garganacl|Garganacl, M|41/100
|move|p2a: Ogerpon|Ivy Cudgel|p1a: Garganacl|[anim] Ivy Cudgel Water
|-supereffective|p1a: Garganacl
|-damage|p1a: Garganacl|0 fnt
|faint|p1a: Garganacl
|
|upkeep
|
|t:|1757860373
|switch|p1a: Dragapult|Dragapult, M|63/100
|turn|16
|
|t:|1757860380
|switch|p2a: Kingambit|Kingambit, M|100/100
|-damage|p2a: Kingambit|94/100|[from] Stealth Rock
|-activate|p2a: Kingambit|ability: Supreme Overlord
|-start|p2a: Kingambit|fallen1|[silent]
|move|p1a: Dragapult|Draco Meteor|p2a: Kingambit
|-resisted|p2a: Kingambit
|-damage|p2a: Kingambit|64/100
|-unboost|p1a: Dragapult|spa|2
|
|-heal|p2a: Kingambit|70/100|[from] item: Leftovers
|upkeep
|turn|17
|inactive|TDNT has 270 seconds left.
|
|t:|1757860394
|switch|p1a: Moltres|Moltres|100/100
|move|p2a: Kingambit|Kowtow Cleave|p1a: Moltres
|-damage|p1a: Moltres|54/100
|
|-heal|p2a: Kingambit|76/100|[from] item: Leftovers
|upkeep
|turn|18
|inactive|TDNT has 270 seconds left.
|
|t:|1757860408
|-end|p2a: Kingambit|fallen1|[silent]
|switch|p2a: Ogerpon|Ogerpon-Wellspring, F|33/100
|-damage|p2a: Ogerpon|20/100|[from] Stealth Rock
|move|p1a: Moltres|Flamethrower|p2a: Ogerpon
|-damage|p2a: Ogerpon|0 fnt
|faint|p2a: Ogerpon
|
|upkeep
|inactive|TDNT has 240 seconds left.
|inactive|stareal disconnected and has 300 seconds to reconnect!
|player|p1|
|
|t:|1757860449
|switch|p2a: Great Tusk|Great Tusk|100/100
|-damage|p2a: Great Tusk|98/100|[from] Stealth Rock
|-enditem|p2a: Great Tusk|Booster Energy
|-activate|p2a: Great Tusk|ability: Protosynthesis|[fromitem]
|-start|p2a: Great Tusk|protosynthesisspe
|turn|19
|inactive|stareal has 270 seconds to reconnect!
|inactive|stareal reconnected and has 270 seconds left.
|player|p1|stareal|#scl5foxes|
|inactive|stareal has 240 seconds left.
|
|t:|1757860526
|-terastallize|p1a: Moltres|Ice
|move|p2a: Great Tusk|Stone Edge|p1a: Moltres
|-supereffective|p1a: Moltres
|-damage|p1a: Moltres|7/100
|move|p1a: Moltres|Roar|p2a: Great Tusk
|-end|p2a: Great Tusk|Protosynthesis|[silent]
|drag|p2a: Kyurem|Kyurem|100/100
|-damage|p2a: Kyurem|76/100|[from] Stealth Rock
|-ability|p2a: Kyurem|Pressure
|
|upkeep
|turn|20
|
|t:|1757860538
|move|p2a: Kyurem|Earth Power|p1a: Moltres
|-damage|p1a: Moltres|0 fnt
|faint|p1a: Moltres
|
|upkeep
|
|t:|1757860545
|switch|p1a: Dragapult|Dragapult, M|63/100
|turn|21
|inactive|TDNT has 210 seconds left.
|
|t:|1757860576
|move|p1a: Dragapult|U-turn|p2a: Kyurem
|-damage|p2a: Kyurem|59/100
|
|t:|1757860578
|switch|p1a: Kingambit|Kingambit, F|100/100|[from] U-turn
|-activate|p1a: Kingambit|ability: Supreme Overlord
|-start|p1a: Kingambit|fallen2|[silent]
|move|p2a: Kyurem|Earth Power|p1a: Kingambit
|-supereffective|p1a: Kingambit
|-damage|p1a: Kingambit|40/100
|
|-heal|p1a: Kingambit|47/100|[from] item: Leftovers
|upkeep
|turn|22
|inactive|TDNT has 210 seconds left.
|inactive|stareal has 210 seconds left.
|
|t:|1757860607
|move|p1a: Kingambit|Sucker Punch|p2a: Kyurem
|-damage|p2a: Kyurem|11/100
|move|p2a: Kyurem|Earth Power|p1a: Kingambit
|-supereffective|p1a: Kingambit
|-crit|p1a: Kingambit
|-damage|p1a: Kingambit|0 fnt
|faint|p1a: Kingambit
|-end|p1a: Kingambit|fallen2|[silent]
|
|upkeep
|
|t:|1757860618
|switch|p1a: Gliscor|Gliscor, F|100/100 tox
|turn|23
|
|t:|1757860627
|move|p1a: Gliscor|Facade|p2a: Kyurem
|-damage|p2a: Kyurem|0 fnt
|faint|p2a: Kyurem
|
|upkeep
|
|t:|1757860637
|switch|p2a: Great Tusk|Great Tusk|98/100
|-damage|p2a: Great Tusk|95/100|[from] Stealth Rock
|turn|24
|
|t:|1757860649
|move|p1a: Gliscor|Swords Dance|p1a: Gliscor
|-boost|p1a: Gliscor|atk|2
|move|p2a: Great Tusk|Bulk Up|p2a: Great Tusk
|-boost|p2a: Great Tusk|atk|1
|-boost|p2a: Great Tusk|def|1
|
|upkeep
|turn|25
|
|t:|1757860656
|move|p1a: Gliscor|Earthquake|p2a: Great Tusk
|-damage|p2a: Great Tusk|66/100
|move|p2a: Great Tusk|Bulk Up|p2a: Great Tusk
|-boost|p2a: Great Tusk|atk|1
|-boost|p2a: Great Tusk|def|1
|
|upkeep
|turn|26
|
|t:|1757860674
|move|p1a: Gliscor|Protect|p1a: Gliscor
|-singleturn|p1a: Gliscor|Protect
|move|p2a: Great Tusk|Rapid Spin|p1a: Gliscor
|-activate|p1a: Gliscor|move: Protect
|
|upkeep
|turn|27
|
|t:|1757860685
|move|p1a: Gliscor|Earthquake|p2a: Great Tusk
|-damage|p2a: Great Tusk|46/100
|move|p2a: Great Tusk|Rapid Spin|p1a: Gliscor
|-damage|p1a: Gliscor|75/100 tox
|-boost|p2a: Great Tusk|spe|1
|-sideend|p2: TDNT|Stealth Rock|[from] move: Rapid Spin|[of] p2a: Great Tusk
|
|-heal|p1a: Gliscor|88/100 tox|[from] ability: Poison Heal
|upkeep
|turn|28
|
|t:|1757860692
|move|p2a: Great Tusk|Bulk Up|p2a: Great Tusk
|-boost|p2a: Great Tusk|atk|1
|-boost|p2a: Great Tusk|def|1
|move|p1a: Gliscor|Earthquake|p2a: Great Tusk
|-damage|p2a: Great Tusk|30/100
|
|-heal|p1a: Gliscor|100/100 tox|[from] ability: Poison Heal
|upkeep
|turn|29
|inactive|TDNT has 240 seconds left.
|
|t:|1757860705
|move|p1a: Gliscor|Protect|p1a: Gliscor
|-singleturn|p1a: Gliscor|Protect
|move|p2a: Great Tusk|Stone Edge|p1a: Gliscor
|-activate|p1a: Gliscor|move: Protect
|
|upkeep
|turn|30
|
|t:|1757860711
|move|p2a: Great Tusk|Stone Edge|p1a: Gliscor
|-damage|p1a: Gliscor|44/100 tox
|move|p1a: Gliscor|Earthquake|p2a: Great Tusk
|-damage|p2a: Great Tusk|14/100
|
|-heal|p1a: Gliscor|57/100 tox|[from] ability: Poison Heal
|upkeep
|turn|31
|inactive|TDNT has 240 seconds left.
|
|t:|1757860732
|move|p1a: Gliscor|Protect|p1a: Gliscor
|-singleturn|p1a: Gliscor|Protect
|move|p2a: Great Tusk|Stone Edge|p1a: Gliscor
|-activate|p1a: Gliscor|move: Protect
|
|-heal|p1a: Gliscor|69/100 tox|[from] ability: Poison Heal
|upkeep
|turn|32
|
|t:|1757860741
|switch|p1a: Great Tusk|Great Tusk|86/100 psn
|move|p2a: Great Tusk|Stone Edge|p1a: Great Tusk|[miss]
|-miss|p2a: Great Tusk|p1a: Great Tusk
|
|-damage|p1a: Great Tusk|74/100 psn|[from] psn
|upkeep
|turn|33
|
|t:|1757860750
|-end|p1a: Great Tusk|Protosynthesis|[silent]
|switch|p1a: Gliscor|Gliscor, F|69/100 tox
|move|p2a: Great Tusk|Headlong Rush|p1a: Gliscor
|-immune|p1a: Gliscor
|
|-heal|p1a: Gliscor|82/100 tox|[from] ability: Poison Heal
|upkeep
|turn|34
|inactive|stareal has 240 seconds left.
|
|t:|1757860759
|move|p2a: Great Tusk|Bulk Up|p2a: Great Tusk
|-boost|p2a: Great Tusk|atk|1
|-boost|p2a: Great Tusk|def|1
|move|p1a: Gliscor|Swords Dance|p1a: Gliscor
|-boost|p1a: Gliscor|atk|2
|
|-heal|p1a: Gliscor|94/100 tox|[from] ability: Poison Heal
|upkeep
|turn|35
|
|t:|1757860764
|move|p1a: Gliscor|Protect|p1a: Gliscor
|-singleturn|p1a: Gliscor|Protect
|move|p2a: Great Tusk|Rapid Spin|p1a: Gliscor
|-activate|p1a: Gliscor|move: Protect
|
|-heal|p1a: Gliscor|100/100 tox|[from] ability: Poison Heal
|upkeep
|turn|36
|
|t:|1757860767
|switch|p1a: Great Tusk|Great Tusk|74/100 psn
|move|p2a: Great Tusk|Stone Edge|p1a: Great Tusk
|-resisted|p1a: Great Tusk
|-damage|p1a: Great Tusk|57/100 psn
|
|-damage|p1a: Great Tusk|44/100 psn|[from] psn
|upkeep
|turn|37
|
|t:|1757860786
|-end|p1a: Great Tusk|Protosynthesis|[silent]
|switch|p1a: Gliscor|Gliscor, F|100/100 tox
|move|p2a: Great Tusk|Headlong Rush|p1a: Gliscor
|-immune|p1a: Gliscor
|
|upkeep
|turn|38
|
|t:|1757860798
|move|p2a: Great Tusk|Bulk Up|p2a: Great Tusk
|-boost|p2a: Great Tusk|atk|1
|-boost|p2a: Great Tusk|def|1
|move|p1a: Gliscor|Swords Dance|p1a: Gliscor
|-boost|p1a: Gliscor|atk|2
|
|upkeep
|turn|39
|
|t:|1757860806
|move|p1a: Gliscor|Protect|p1a: Gliscor
|-singleturn|p1a: Gliscor|Protect
|move|p2a: Great Tusk|Rapid Spin|p1a: Gliscor
|-activate|p1a: Gliscor|move: Protect
|
|upkeep
|turn|40
|
|t:|1757860810
|switch|p1a: Great Tusk|Great Tusk|44/100 psn
|move|p2a: Great Tusk|Stone Edge|p1a: Great Tusk
|-resisted|p1a: Great Tusk
|-damage|p1a: Great Tusk|27/100 psn
|
|-damage|p1a: Great Tusk|15/100 psn|[from] psn
|upkeep
|turn|41
|
|t:|1757860814
|-end|p1a: Great Tusk|Protosynthesis|[silent]
|switch|p1a: Gliscor|Gliscor, F|100/100 tox
|move|p2a: Great Tusk|Rapid Spin|p1a: Gliscor
|-damage|p1a: Gliscor|63/100 tox
|-boost|p2a: Great Tusk|spe|1
|
|-heal|p1a: Gliscor|75/100 tox|[from] ability: Poison Heal
|upkeep
|turn|42
|
|t:|1757860820
|move|p1a: Gliscor|Protect|p1a: Gliscor
|-singleturn|p1a: Gliscor|Protect
|move|p2a: Great Tusk|Bulk Up|p2a: Great Tusk
|-boost|p2a: Great Tusk|atk|1
|-boost|p2a: Great Tusk|def|1
|
|-heal|p1a: Gliscor|88/100 tox|[from] ability: Poison Heal
|upkeep
|turn|43
|
|t:|1757860827
|switch|p1a: Dragapult|Dragapult, M|63/100
|move|p2a: Great Tusk|Rapid Spin|p1a: Dragapult
|-immune|p1a: Dragapult
|
|upkeep
|turn|44
|
|t:|1757860830
|switch|p1a: Gliscor|Gliscor, F|88/100 tox
|move|p2a: Great Tusk|Headlong Rush|p1a: Gliscor
|-immune|p1a: Gliscor
|
|-heal|p1a: Gliscor|99/100 tox|[from] ability: Poison Heal
|upkeep
|turn|45
|
|t:|1757860837
|move|p2a: Great Tusk|Rapid Spin|p1a: Gliscor
|-damage|p1a: Gliscor|57/100 tox
|-boost|p2a: Great Tusk|spe|1
|move|p1a: Gliscor|Swords Dance|p1a: Gliscor
|-boost|p1a: Gliscor|atk|2
|
|-heal|p1a: Gliscor|70/100 tox|[from] ability: Poison Heal
|upkeep
|turn|46
|
|t:|1757860843
|move|p2a: Great Tusk|Rapid Spin|p1a: Gliscor
|-damage|p1a: Gliscor|24/100 tox
|-boost|p2a: Great Tusk|spe|1
|move|p1a: Gliscor|Earthquake|p2a: Great Tusk
|-damage|p2a: Great Tusk|2/100
|
|-heal|p1a: Gliscor|36/100 tox|[from] ability: Poison Heal
|upkeep
|turn|47
|
|t:|1757860847
|move|p1a: Gliscor|Protect|p1a: Gliscor
|-singleturn|p1a: Gliscor|Protect
|move|p2a: Great Tusk|Rapid Spin|p1a: Gliscor
|-activate|p1a: Gliscor|move: Protect
|
|-heal|p1a: Gliscor|49/100 tox|[from] ability: Poison Heal
|upkeep
|turn|48
|
|t:|1757860855
|move|p2a: Great Tusk|Rapid Spin|p1a: Gliscor
|-damage|p1a: Gliscor|6/100 tox
|-boost|p2a: Great Tusk|spe|1
|move|p1a: Gliscor|Earthquake|p2a: Great Tusk
|-damage|p2a: Great Tusk|0 fnt
|faint|p2a: Great Tusk
|-end|p2a: Great Tusk|Protosynthesis|[silent]
|
|-heal|p1a: Gliscor|18/100 tox|[from] ability: Poison Heal
|upkeep
|
|t:|1757860858
|switch|p2a: Enamorus|Enamorus, F|76/100
|turn|49
|
|t:|1757860877
|move|p1a: Gliscor|Protect|p1a: Gliscor
|-singleturn|p1a: Gliscor|Protect
|move|p2a: Enamorus|Moonblast|p1a: Gliscor
|-activate|p1a: Gliscor|move: Protect
|
|-heal|p1a: Gliscor|31/100 tox|[from] ability: Poison Heal
|upkeep
|turn|50
|
|t:|1757860882
|move|p1a: Gliscor|Protect||[still]
|-fail|p1a: Gliscor
|move|p2a: Enamorus|Moonblast|p1a: Gliscor
|-damage|p1a: Gliscor|0 fnt
|faint|p1a: Gliscor
|
|upkeep
|c|☆stareal|gg
|c|☆TDNT|ggs
|-message|stareal forfeited.
|
|win|TDNT
|player|p1|
