|j|☆IDWTLA
|j|☆NotGhostP
|t:|1757903268
|gametype|singles
|player|p1|IDWTLA|scientist-gen4dp|1404
|player|p2|NotGhostP|miku-ghost|1414
|gen|9
|tier|[Gen 9] OU
|rated|
|rule|HP Percentage Mod: HP is shown in percentages
|rule|Endless Battle Clause: Forcing endless battles is banned
|rule|Species Clause: Limit one of each Pokémon
|rule|OHKO Clause: OHKO moves are banned
|rule|Evasion Items Clause: Evasion items are banned
|rule|Evasion Moves Clause: Evasion moves are banned
|rule|Evasion Abilities Clause: Evasion abilities are banned
|rule|Sleep Moves Clause: Sleep-inducing moves are banned
|clearpoke
|poke|p1|Zapdos-Galar|
|poke|p1|Landorus-Therian, M|
|poke|p1|Dragapult, M|
|poke|p1|Slowking-Galar, M|
|poke|p1|Great Tusk|
|poke|p1|Alomomola, F|
|poke|p2|Iron Valiant|
|poke|p2|Darkrai|
|poke|p2|Glimmora, M|
|poke|p2|Gholdengo|
|poke|p2|Ogerpon-Wellspring, F|
|poke|p2|Landorus-Therian, M|
|teampreview
|inactive|Battle timer is ON: inactive players will automatically lose when time's up. (requested by NotGhostP)
|
|t:|1757903282
|teamsize|p1|6
|teamsize|p2|6
|start
|switch|p1a: Slowking|Slowking-Galar, M|100/100
|switch|p2a: Ogerpon|Ogerpon-Wellspring, F|100/100
|turn|1
|
|t:|1757903293
|move|p2a: Ogerpon|Ivy Cudgel|p1a: Slowking|[anim] Ivy Cudgel Water
|-damage|p1a: Slowking|36/100
|move|p1a: Slowking|Sludge Bomb|p2a: Ogerpon
|-supereffective|p2a: Ogerpon
|-damage|p2a: Ogerpon|16/100
|
|upkeep
|turn|2
|
|t:|1757903301
|switch|p1a: Alomomola|Alomomola, F|100/100
|move|p2a: Ogerpon|Ivy Cudgel|p1a: Alomomola|[anim] Ivy Cudgel Water
|-resisted|p1a: Alomomola
|-crit|p1a: Alomomola
|-damage|p1a: Alomomola|76/100
|
|upkeep
|turn|3
|
|t:|1757903309
|switch|p1a: Landorus|Landorus-Therian, M|100/100
|-ability|p1a: Landorus|Intimidate|boost
|-unboost|p2a: Ogerpon|atk|1
|move|p2a: Ogerpon|Horn Leech|p1a: Landorus
|-damage|p1a: Landorus|76/100
|-heal|p2a: Ogerpon|32/100|[from] drain|[of] p1a: Landorus
|-damage|p2a: Ogerpon|15/100|[from] item: Rocky Helmet|[of] p1a: Landorus
|
|upkeep
|turn|4
|
|t:|1757903320
|move|p2a: Ogerpon|Ivy Cudgel|p1a: Landorus|[anim] Ivy Cudgel Water
|-supereffective|p1a: Landorus
|-damage|p1a: Landorus|19/100
|move|p1a: Landorus|U-turn|p2a: Ogerpon
|-supereffective|p2a: Ogerpon
|-damage|p2a: Ogerpon|0 fnt
|faint|p2a: Ogerpon
|
|t:|1757903329
|switch|p1a: Slowking|Slowking-Galar, M|70/100|[from] U-turn
|
|upkeep
|
|t:|1757903341
|switch|p2a: Darkrai|Darkrai|100/100
|turn|5
|
|t:|1757903363
|-terastallize|p1a: Slowking|Water
|move|p2a: Darkrai|Dark Pulse|p1a: Slowking
|-damage|p1a: Slowking|30/100
|cant|p1a: Slowking|flinch
|
|upkeep
|turn|6
|
|t:|1757903371
|switch|p1a: Landorus|Landorus-Therian, M|19/100
|-ability|p1a: Landorus|Intimidate|boost
|-unboost|p2a: Darkrai|atk|1
|move|p2a: Darkrai|Dark Pulse|p1a: Landorus
|-damage|p1a: Landorus|0 fnt
|faint|p1a: Landorus
|
|upkeep
|
|t:|1757903381
|switch|p1a: Dragapult|Dragapult, M|100/100
|turn|7
|
|t:|1757903386
|move|p1a: Dragapult|U-turn|p2a: Darkrai
|-supereffective|p2a: Darkrai
|-damage|p2a: Darkrai|54/100
|
|t:|1757903389
|switch|p1a: Zapdos|Zapdos-Galar|100/100|[from] U-turn
|move|p2a: Darkrai|Dark Pulse|p1a: Zapdos
|-resisted|p1a: Zapdos
|-crit|p1a: Zapdos
|-damage|p1a: Zapdos|44/100
|
|upkeep
|turn|8
|
|t:|1757903403
|switch|p2a: Glimmora|Glimmora, M|100/100
|move|p1a: Zapdos|Thunderous Kick|p2a: Glimmora
|-damage|p2a: Glimmora|27/100
|-unboost|p2a: Glimmora|def|1
|-activate|p2a: Glimmora|ability: Toxic Debris
|-sidestart|p1: IDWTLA|move: Toxic Spikes
|
|upkeep
|turn|9
|
|t:|1757903420
|switch|p1a: Great Tusk|Great Tusk|100/100
|switch|p2a: Landorus|Landorus-Therian, M|100/100
|-ability|p2a: Landorus|Intimidate|boost
|-unboost|p1a: Great Tusk|atk|1
|
|upkeep
|turn|10
|
|t:|1757903427
|move|p2a: Landorus|U-turn|p1a: Great Tusk
|-resisted|p1a: Great Tusk
|-damage|p1a: Great Tusk|91/100
|
|t:|1757903429
|switch|p2a: Gholdengo|Gholdengo|100/100|[from] U-turn
|-item|p2a: Gholdengo|Air Balloon
|move|p1a: Great Tusk|Rapid Spin|p2a: Gholdengo
|-immune|p2a: Gholdengo
|
|upkeep
|turn|11
|
|t:|1757903439
|-end|p1a: Great Tusk|Protosynthesis|[silent]
|switch|p1a: Slowking|Slowking-Galar, M, tera:Water|63/100
|move|p2a: Gholdengo|Make It Rain|p1a: Slowking
|-resisted|p1a: Slowking
|-damage|p1a: Slowking|45/100
|-unboost|p2a: Gholdengo|spa|1
|
|upkeep
|turn|12
|
|t:|1757903457
|switch|p2a: Landorus|Landorus-Therian, M|100/100
|-ability|p2a: Landorus|Intimidate|boost
|-unboost|p1a: Slowking|atk|1
|-prepare|p1a: Slowking|Chilly Reception|[premajor]
|move|p1a: Slowking|Chilly Reception|p1a: Slowking
|-weather|Snowscape
|
|t:|1757903466
|switch|p1a: Alomomola|Alomomola, F|100/100|[from] Chilly Reception
|
|-weather|Snowscape|[upkeep]
|upkeep
|turn|13
|
|t:|1757903478
|move|p2a: Landorus|Stealth Rock|p1a: Alomomola
|-sidestart|p1: IDWTLA|move: Stealth Rock
|move|p1a: Alomomola|Wish|p1a: Alomomola
|
|-weather|Snowscape|[upkeep]
|upkeep
|turn|14
|
|t:|1757903484
|move|p2a: Landorus|U-turn|p1a: Alomomola
|-damage|p1a: Alomomola|85/100
|
|t:|1757903492
|switch|p2a: Darkrai|Darkrai|54/100|[from] U-turn
|move|p1a: Alomomola|Flip Turn|p2a: Darkrai
|-damage|p2a: Darkrai|29/100
|
|t:|1757903498
|switch|p1a: Zapdos|Zapdos-Galar|44/100|[from] Flip Turn
|-damage|p1a: Zapdos|32/100|[from] Stealth Rock
|
|-weather|Snowscape|[upkeep]
|-heal|p1a: Zapdos|100/100|[from] move: Wish|[wisher] Alomomola
|upkeep
|turn|15
|
|t:|1757903518
|switch|p2a: Glimmora|Glimmora, M|27/100
|switch|p1a: Slowking|Slowking-Galar, M, tera:Water|78/100
|
|-weather|Snowscape|[upkeep]
|upkeep
|turn|16
|
|t:|1757903526
|move|p2a: Glimmora|Toxic|p1a: Slowking
|-status|p1a: Slowking|tox
|move|p1a: Slowking|Future Sight|p2a: Glimmora
|-start|p1a: Slowking|move: Future Sight
|
|-weather|none
|-damage|p1a: Slowking|72/100 tox|[from] psn
|upkeep
|turn|17
|
|t:|1757903534
|move|p2a: Glimmora|Toxic Spikes|p1a: Slowking
|-sidestart|p1: IDWTLA|move: Toxic Spikes
|-prepare|p1a: Slowking|Chilly Reception|[premajor]
|move|p1a: Slowking|Chilly Reception|p1a: Slowking
|-weather|Snowscape
|
|t:|1757903539
|switch|p1a: Great Tusk|Great Tusk|91/100|[from] Chilly Reception
|
|-weather|Snowscape|[upkeep]
|upkeep
|turn|18
|
|t:|1757903556
|move|p1a: Great Tusk|Rapid Spin|p2a: Glimmora
|-resisted|p2a: Glimmora
|-damage|p2a: Glimmora|19/100
|-boost|p1a: Great Tusk|spe|1
|-sideend|p1: IDWTLA|Toxic Spikes|[from] move: Rapid Spin|[of] p1a: Great Tusk
|-sideend|p1: IDWTLA|Stealth Rock|[from] move: Rapid Spin|[of] p1a: Great Tusk
|move|p2a: Glimmora|Toxic|p1a: Great Tusk
|-status|p1a: Great Tusk|tox
|
|-weather|Snowscape|[upkeep]
|-end|p2a: Glimmora|move: Future Sight
|-supereffective|p2a: Glimmora
|-damage|p2a: Glimmora|0 fnt
|faint|p2a: Glimmora
|-damage|p1a: Great Tusk|85/100 tox|[from] psn
|upkeep
|
|t:|1757903560
|switch|p2a: Gholdengo|Gholdengo|100/100
|-item|p2a: Gholdengo|Air Balloon
|turn|19
|
|t:|1757903577
|move|p1a: Great Tusk|Ice Spinner|p2a: Gholdengo
|-resisted|p2a: Gholdengo
|-damage|p2a: Gholdengo|86/100
|-enditem|p2a: Gholdengo|Air Balloon
|move|p2a: Gholdengo|Nasty Plot|p2a: Gholdengo
|-boost|p2a: Gholdengo|spa|2
|
|-weather|Snowscape|[upkeep]
|-damage|p1a: Great Tusk|73/100 tox|[from] psn
|upkeep
|turn|20
|
|t:|1757903587
|-terastallize|p2a: Gholdengo|Fairy
|move|p1a: Great Tusk|Headlong Rush|p2a: Gholdengo
|-damage|p2a: Gholdengo|16/100
|-unboost|p1a: Great Tusk|def|1
|-unboost|p1a: Great Tusk|spd|1
|move|p2a: Gholdengo|Dazzling Gleam|p1a: Great Tusk
|-supereffective|p1a: Great Tusk
|-damage|p1a: Great Tusk|0 fnt
|faint|p1a: Great Tusk
|-end|p1a: Great Tusk|Protosynthesis|[silent]
|
|-weather|Snowscape|[upkeep]
|upkeep
|
|t:|1757903604
|switch|p1a: Dragapult|Dragapult, M|100/100
|turn|21
|
|t:|1757903609
|move|p1a: Dragapult|Shadow Ball|p2a: Gholdengo
|-damage|p2a: Gholdengo|0 fnt
|faint|p2a: Gholdengo
|
|-weather|none
|upkeep
|
|t:|1757903634
|switch|p2a: Iron Valiant|Iron Valiant|100/100
|turn|22
|
|t:|1757903648
|switch|p1a: Slowking|Slowking-Galar, M, tera:Water|100/100 tox
|move|p2a: Iron Valiant|Agility|p2a: Iron Valiant
|-boost|p2a: Iron Valiant|spe|2
|
|-damage|p1a: Slowking|94/100 tox|[from] psn
|upkeep
|turn|23
|
|t:|1757903657
|move|p2a: Iron Valiant|Destiny Bond|p2a: Iron Valiant
|-singlemove|p2a: Iron Valiant|Destiny Bond
|move|p1a: Slowking|Sludge Bomb|p2a: Iron Valiant
|-supereffective|p2a: Iron Valiant
|-enditem|p2a: Iron Valiant|Focus Sash
|-damage|p2a: Iron Valiant|1/100
|-status|p2a: Iron Valiant|psn
|
|-damage|p2a: Iron Valiant|0 fnt|[from] psn
|faint|p2a: Iron Valiant
|-end|p2a: Iron Valiant|Quark Drive|[silent]
|-damage|p1a: Slowking|82/100 tox|[from] psn
|upkeep
|inactive|NotGhostP has 120 seconds left.
|c|☆IDWTLA|That was one of the worst plays ive ever seen
|c|☆NotGhostP|awesome
|inactive|NotGhostP has 90 seconds left.
|c|☆IDWTLA|Impressive honestly
|inactive|NotGhostP has 60 seconds left.
|
|t:|1757903756
|switch|p2a: Darkrai|Darkrai|29/100
|turn|24
|
|t:|1757903762
|move|p2a: Darkrai|Dark Pulse|p1a: Slowking
|-damage|p1a: Slowking|45/100 tox
|cant|p1a: Slowking|flinch
|
|-damage|p1a: Slowking|27/100 tox|[from] psn
|upkeep
|turn|25
|
|t:|1757903771
|move|p2a: Darkrai|Dark Pulse|p1a: Slowking
|-damage|p1a: Slowking|0 fnt
|faint|p1a: Slowking
|
|upkeep
|c|☆IDWTLA|Im just curious what were you thinking?
|inactive|IDWTLA has 120 seconds left.
|c|☆NotGhostP|i wasn't looking at hp and thought you had hit like a uturn
|c|☆IDWTLA|Fair enough
|c|☆IDWTLA|Gg
|inactive|IDWTLA has 90 seconds left.
|c|☆NotGhostP|gg
|
|t:|1757903834
|switch|p1a: Dragapult|Dragapult, M|100/100
|turn|26
|
|t:|1757903841
|move|p1a: Dragapult|U-turn|p2a: Darkrai
|-supereffective|p2a: Darkrai
|-damage|p2a: Darkrai|0 fnt
|faint|p2a: Darkrai
|
|t:|1757903846
|switch|p1a: Zapdos|Zapdos-Galar|100/100|[from] U-turn
|
|upkeep
|
|t:|1757903848
|switch|p2a: Landorus|Landorus-Therian, M|100/100
|-ability|p2a: Landorus|Intimidate|boost
|-unboost|p1a: Zapdos|atk|1
|-ability|p1a: Zapdos|Defiant|boost
|-boost|p1a: Zapdos|atk|2
|turn|27
|
|t:|1757903855
|move|p1a: Zapdos|Brave Bird|p2a: Landorus
|-damage|p2a: Landorus|0 fnt
|-damage|p1a: Zapdos|84/100|[from] item: Rocky Helmet|[of] p2a: Landorus
|faint|p2a: Landorus
|-damage|p1a: Zapdos|51/100|[from] Recoil
|
|win|IDWTLA
|raw|IDWTLA's rating: 1404 &rarr; <strong>1425</strong><br />(+21 for winning)
|raw|NotGhostP's rating: 1414 &rarr; <strong>1393</strong><br />(-21 for losing)
